{"host":"jggt5i9rbuoqvque","time":1610324279,"event":{"mods":["BaseMod","Minty Spire (QoL Compilation)","StSLib"],"gold_per_floor":[110,121,121,46,46,78,92,92,92,120,120,155,175,190,190,291,291,311,325,342,252,3,3,28,28,28,45,45,76,76,89,89,186,186,206,217,268,268,61,91,91,91,91],"floor_reached":42,"playtime":1650,"items_purged":["Regret","Strike_R","Strike_R"],"score":687,"play_id":"3afba660-4c43-43c0-bfd6-4f009b3a4511","local_time":"20210111091759","is_ascension_mode":true,"campfire_choices":[{"data":"Armaments","floor":8.0,"key":"SMITH"},{"data":"Double Tap","floor":11.0,"key":"SMITH"},{"data":"Pommel Strike","floor":15.0,"key":"SMITH"},{"data":"Bash","floor":23.0,"key":"SMITH"},{"data":"Thunderclap","floor":25.0,"key":"SMITH"},{"floor":30.0,"key":"REST"},{"floor":32.0,"key":"REST"}],"circlet_count":0,"master_deck":["Defend_R","Defend_R","Defend_R","Bash+1","Pommel Strike+1","Thunderclap+1","Armaments+1","Double Tap+1","Cleave+1","Uppercut+1","Seeing Red","Disarm","Feed"],"relics":["Burning Blood","NeowsBlessing","TungstenRod","Happy Flower","White Beast Statue","Bag of Preparation","Anchor","Astrolabe","Lantern","Darkstone Periapt","Question Card","Omamori","Calling Bell","Smiling Mask","InkBottle","Torii","Peace Pipe","ClockworkSouvenir","Molten Egg 2"],"acts_visited":["Exordium","TheCity","TheBeyond"],"potions_floor_usage":[42],"damage_taken":[{"damage":0.0,"enemies":"Small Slimes","floor":1.0,"turns":1.0},{"damage":0.0,"enemies":"2 Louse","floor":2.0,"turns":1.0},{"damage":0.0,"enemies":"3 Sentries","floor":6.0,"turns":1.0},{"damage":0.0,"enemies":"Cultist","floor":7.0,"turns":3.0},{"damage":15.0,"enemies":"Gremlin Nob","floor":10.0,"turns":4.0},{"damage":14.0,"enemies":"Lagavulin","floor":12.0,"turns":3.0},{"damage":0.0,"enemies":"3 Louse","floor":13.0,"turns":3.0},{"damage":0.0,"enemies":"Looter","floor":14.0,"turns":3.0},{"damage":34.0,"enemies":"The Guardian","floor":16.0,"turns":12.0},{"damage":0.0,"enemies":"3 Byrds","floor":18.0,"turns":3.0},{"damage":3.0,"enemies":"Shell Parasite","floor":19.0,"turns":3.0},{"damage":20.0,"enemies":"Snecko","floor":20.0,"turns":5.0},{"damage":11.0,"enemies":"Gremlin Leader","floor":24.0,"turns":5.0},{"damage":19.0,"enemies":"Centurion and Healer","floor":27.0,"turns":5.0},{"damage":52.0,"enemies":"Book of Stabbing","floor":29.0,"turns":7.0},{"damage":19.0,"enemies":"Cultist and Chosen","floor":31.0,"turns":5.0},{"damage":106.0,"enemies":"Champ","floor":33.0,"turns":13.0},{"damage":8.0,"enemies":"3 Darklings","floor":35.0,"turns":3.0},{"damage":0.0,"enemies":"3 Shapes","floor":36.0,"turns":3.0},{"damage":44.0,"enemies":"2 Orb Walkers","floor":37.0,"turns":5.0},{"damage":32.0,"enemies":"Nemesis","floor":40.0,"turns":8.0},{"damage":51,"enemies":"Reptomancer","floor":42,"turns":8}],"seed_played":"-7271300885440264872","potions_obtained":[{"floor":2.0,"key":"Block Potion"},{"floor":10.0,"key":"SneckoOil"},{"floor":12.0,"key":"Weak Potion"},{"floor":13.0,"key":"FairyPotion"},{"floor":14.0,"key":"GamblersBrew"},{"floor":16.0,"key":"Strength Potion"},{"floor":18.0,"key":"Energy Potion"},{"floor":19.0,"key":"FairyPotion"},{"floor":20.0,"key":"BloodPotion"},{"floor":24.0,"key":"Swift Potion"},{"floor":27.0,"key":"BloodPotion"},{"floor":29.0,"key":"Strength Potion"},{"floor":31.0,"key":"DistilledChaos"},{"floor":33.0,"key":"BloodPotion"},{"floor":35.0,"key":"SpeedPotion"},{"floor":36.0,"key":"DuplicationPotion"},{"floor":37.0,"key":"PowerPotion"},{"floor":40.0,"key":"HeartOfIron"}],"is_trial":false,"path_per_floor":["M","M","?","$","?","E","M","R","T","E","R","E","M","M","R","B",null,"M","M","M","?","$","R","E","R","T","M","$","E","R","M","R","B",null,"M","M","?","?","$","E","?","E"],"character_chosen":"IRONCLAD","items_purchased":["Lantern","ClockworkSouvenir"],"campfire_rested":2,"item_purchase_floors":[22,39],"current_hp_per_floor":[78,80,80,80,80,80,80,80,80,71,71,63,69,75,75,47,72,78,80,66,66,66,66,77,77,77,64,64,34,58,45,69,26,67,65,74,39,39,39,17,17,0,0],"gold":91,"neow_bonus":"THREE_ENEMY_KILL","is_daily":false,"chose_seed":false,"campfire_upgraded":5,"win_rate":0.0,"timestamp":1610324279,"path_taken":["M","M","?","$","?","E","M","R","T","E","R","E","M","M","R","BOSS","M","M","M","?","$","R","E","R","T","M","?","E","R","M","R","BOSS","M","M","?","?","$","E","?","E"],"items_purchased_type":["Relic","Relic"],"build_version":"2020-12-22","purchased_purges":3,"victory":false,"max_hp_per_floor":[80,80,80,80,80,80,80,80,80,80,80,80,80,80,80,80,80,80,80,80,80,80,80,80,80,80,80,80,80,80,80,80,80,80,80,83,86,86,86,90,90,90,90],"card_choices":[{"not_picked":["Combust","Reckless Charge"],"picked":"Pommel Strike","floor":1.0},{"not_picked":["Heavy Blade","Body Slam"],"picked":"Thunderclap","floor":2.0},{"not_picked":["Flex","Shrug It Off","Combust"],"picked":"SKIP","floor":6.0},{"not_picked":["Shrug It Off","Hemokinesis"],"picked":"Armaments","floor":7.0},{"not_picked":["Cleave","Havoc"],"picked":"Double Tap","floor":10.0},{"not_picked":["Carnage","Evolve","Reckless Charge"],"picked":"SKIP","floor":12.0},{"not_picked":["Flex","Sword Boomerang"],"picked":"Cleave","floor":13.0},{"not_picked":["Armaments","True Grit","Pommel Strike"],"picked":"SKIP","floor":14.0},{"not_picked":["Twin Strike","Flex+1","Headbutt"],"picked":"SKIP","floor":18.0},{"not_picked":["True Grit","Anger","Whirlwind"],"picked":"SKIP","floor":19.0},{"not_picked":["Thunderclap","Shockwave","Sword Boomerang"],"picked":"SKIP","floor":20.0},{"not_picked":["Carnage+1","Pommel Strike+1","True Grit"],"picked":"SKIP","floor":24.0},{"not_picked":["Thunderclap","Brutality","Pummel","Perfected Strike"],"picked":"SKIP","floor":27.0},{"not_picked":["Barricade","Carnage","Second Wind"],"picked":"Seeing Red","floor":29.0},{"not_picked":["Feel No Pain","Perfected Strike","Thunderclap"],"picked":"Disarm","floor":31.0},{"not_picked":["Exhume","Berserk","Limit Break"],"picked":"Feed","floor":33.0},{"not_picked":["Anger","Body Slam+1","Flex+1","Clash"],"picked":"SKIP","floor":35.0},{"not_picked":["Fire Breathing+1","Havoc","Headbutt+1","Sword Boomerang+1"],"picked":"SKIP","floor":36.0},{"not_picked":["Clothesline+1","Body Slam+1","Infernal Blade","Exhume"],"picked":"SKIP","floor":40.0}],"player_experience":315542,"relics_obtained":[{"floor":6.0,"key":"Happy Flower"},{"floor":9.0,"key":"White Beast Statue"},{"floor":10.0,"key":"Bag of Preparation"},{"floor":12.0,"key":"Anchor"},{"floor":24.0,"key":"Darkstone Periapt"},{"floor":26.0,"key":"Question Card"},{"floor":29.0,"key":"Omamori"},{"floor":34.0,"key":"Smiling Mask"},{"floor":34.0,"key":"InkBottle"},{"floor":34.0,"key":"Torii"},{"floor":37.0,"key":"Peace Pipe"},{"floor":40.0,"key":"Molten Egg 2"}],"event_choices":[{"damage_healed":0.0,"max_hp_gain":0.0,"max_hp_loss":0.0,"gold_gain":0.0,"event_name":"Big Fish","player_choice":"Box","floor":3.0,"gold_loss":0.0,"damage_taken":0.0,"relics_obtained":["TungstenRod"],"cards_obtained":["Regret"]},{"cards_removed":["Strike_R"],"damage_healed":0.0,"max_hp_gain":0.0,"max_hp_loss":0.0,"gold_gain":0.0,"event_name":"Living Wall","player_choice":"Forget","floor":5.0,"gold_loss":0.0,"damage_taken":0.0},{"cards_removed":["Anger"],"damage_healed":0.0,"max_hp_gain":0.0,"max_hp_loss":0.0,"gold_gain":0.0,"event_name":"Designer","player_choice":"Upgrade and Remove","floor":21.0,"gold_loss":90.0,"damage_taken":0.0,"cards_upgraded":["Cleave"]},{"damage_healed":0.0,"max_hp_gain":0.0,"max_hp_loss":0.0,"gold_gain":0.0,"event_name":"Mysterious Sphere","player_choice":"Fight","floor":37.0,"gold_loss":0.0,"damage_taken":0.0},{"damage_healed":0.0,"max_hp_gain":0.0,"max_hp_loss":0.0,"gold_gain":0.0,"event_name":"The Moai Head","player_choice":"Ignored","floor":38.0,"gold_loss":0.0,"damage_taken":0.0},{"cards_removed":["Juggernaut"],"damage_healed":0.0,"max_hp_gain":0.0,"max_hp_loss":0.0,"gold_gain":0.0,"event_name":"Falling","player_choice":"Removed Power","floor":41.0,"gold_loss":0.0,"damage_taken":0.0}],"is_beta":false,"boss_relics":[{"not_picked":["Ectoplasm","Sozu"],"picked":"Astrolabe"},{"not_picked":["Busted Crown","Mark of Pain"],"picked":"Calling Bell"}],"items_purged_floors":[4,22,39],"is_endless":false,"potions_floor_spawned":[2,10,12,13,14,16,18,19,20,24,27,29,31,33,35,36,37,40],"killed_by":"Reptomancer","ascension_level":7}}