{"host":"pgqkv8mh62pnrbci","time":1610366474,"event":{"mods":["2.2 Compatiblity","AchievementEnabler","BaseMod","Custom Start","DeckTracker","Minty Spire (QoL Compilation)","StSLib","SuperFastMode"],"gold_per_floor":[118,193,193,203,203,203,128,144,169,185,213,28,28,44,44,140,140,154,154,29,79,97,97,141,141,165,189,314,164,187,187,187,283,283,306,337,337,358,423,423,437,780,780,803,828,170,191,524,524,524,524,524,524,94,126,126],"floor_reached":57,"playtime":2252,"items_purged":["Defend_P","Strike_P","Strike_P+1","Defend_P","Writhe"],"score":2975,"play_id":"0f2ae682-8870-428d-811e-95bc3ae671a1","local_time":"20210111210114","is_ascension_mode":true,"campfire_choices":[{"data":"Eruption","floor":6.0,"key":"SMITH"},{"floor":15.0,"key":"REST"},{"data":"Adaptation","floor":23.0,"key":"SMITH"},{"floor":25.0,"key":"REST"},{"floor":32.0,"key":"REST"},{"floor":40.0,"key":"REST"},{"floor":49.0,"key":"RECALL"},{"data":"Adaptation","floor":53.0,"key":"SMITH"}],"circlet_count":0,"master_deck":["AscendersBane","Eruption+1","Vigilance","FlurryOfBlows+1","Adaptation+1","TalkToTheHand","Adaptation+1","EmptyFist","DeusExMachina","Tantrum+1","Adaptation+1","Scrawl","DeusExMachina","MentalFortress","FearNoEvil+1","Master of Strategy","MentalFortress+1","TalkToTheHand"],"relics":["Astrolabe","Akabeko","Dream Catcher","VioletLotus","Nunchaku","Juzu Bracelet","Prayer Wheel","White Beast Statue","MutagenicStrength","Empty Cage","Calipers","Gambling Chip","Old Coin","Pear","Bottled Lightning","Pen Nib","Whetstone"],"acts_visited":["Exordium","TheCity","TheBeyond","TheEnding"],"potions_floor_usage":[56,56],"damage_taken":[{"damage":1.0,"enemies":"Jaw Worm","floor":1.0,"turns":4.0},{"damage":0.0,"enemies":"2 Louse","floor":4.0,"turns":4.0},{"damage":0.0,"enemies":"Cultist","floor":8.0,"turns":2.0},{"damage":0.0,"enemies":"2 Fungi Beasts","floor":10.0,"turns":2.0},{"damage":0.0,"enemies":"Lagavulin","floor":11.0,"turns":5.0},{"damage":0.0,"enemies":"Exordium Thugs","floor":14.0,"turns":3.0},{"damage":3.0,"enemies":"The Guardian","floor":16.0,"turns":6.0},{"damage":0.0,"enemies":"Spheric Guardian","floor":18.0,"turns":4.0},{"damage":0.0,"enemies":"2 Thieves","floor":22.0,"turns":3.0},{"damage":45.0,"enemies":"Slavers","floor":24.0,"turns":6.0},{"damage":0.0,"enemies":"3 Cultists","floor":27.0,"turns":2.0},{"damage":1.0,"enemies":"Colosseum Slavers","floor":28.0,"turns":6.0},{"damage":0.0,"enemies":"Colosseum Nobs","floor":28.0,"turns":2.0},{"damage":16.0,"enemies":"Snake Plant","floor":30.0,"turns":2.0},{"damage":7.0,"enemies":"Champ","floor":33.0,"turns":2.0},{"damage":17.0,"enemies":"3 Shapes","floor":35.0,"turns":2.0},{"damage":0.0,"enemies":"Mind Bloom Boss Battle","floor":36.0,"turns":2.0},{"damage":0.0,"enemies":"3 Darklings","floor":38.0,"turns":1.0},{"damage":10.0,"enemies":"2 Orb Walkers","floor":39.0,"turns":2.0},{"damage":0.0,"enemies":"Transient","floor":41.0,"turns":6.0},{"damage":0.0,"enemies":"Giant Head","floor":42.0,"turns":1.0},{"damage":0.0,"enemies":"Maw","floor":44.0,"turns":1.0},{"damage":0.0,"enemies":"4 Shapes","floor":45.0,"turns":1.0},{"damage":0.0,"enemies":"Sphere and 2 Shapes","floor":47.0,"turns":2.0},{"damage":0.0,"enemies":"Awakened One","floor":50.0,"turns":2.0},{"damage":0.0,"enemies":"Time Eater","floor":51.0,"turns":8.0},{"damage":0.0,"enemies":"Shield and Spear","floor":55.0,"turns":1.0},{"damage":14,"enemies":"The Heart","floor":56,"turns":4}],"seed_played":"7357593403589019942","potions_obtained":[{"floor":8.0,"key":"Strength Potion"},{"floor":10.0,"key":"SpeedPotion"},{"floor":24.0,"key":"BottledMiracle"},{"floor":30.0,"key":"Dexterity Potion"},{"floor":33.0,"key":"Energy Potion"},{"floor":35.0,"key":"GamblersBrew"},{"floor":38.0,"key":"SpeedPotion"},{"floor":39.0,"key":"DuplicationPotion"},{"floor":41.0,"key":"Weak Potion"},{"floor":42.0,"key":"Energy Potion"},{"floor":55.0,"key":"SteroidPotion"}],"is_trial":false,"path_per_floor":["M","?","?","M","?","R","$","M","T","M","E","$","?","M","R","B",null,"M","?","$","?","M","R","E","R","T","M","?","$","M","?","R","B",null,"M","?","?","M","?","R","M","E","T","M","M","$","M","?","R","B","B",null,"R","$","E","B",null],"character_chosen":"WATCHER","items_purchased":["Adaptation","Pear","Master of Strategy","Bottled Lightning","Pen Nib"],"campfire_rested":4,"item_purchase_floors":[12,46,46,54,54],"current_hp_per_floor":[60,49,29,29,29,29,29,29,29,29,29,29,29,29,47,44,58,58,58,58,58,58,58,13,31,31,31,30,30,14,14,32,25,53,36,36,48,48,38,56,56,56,56,56,56,66,66,66,66,66,66,71,71,71,71,57],"gold":126,"neow_bonus":"BOSS_RELIC","is_daily":false,"chose_seed":false,"campfire_upgraded":3,"win_rate":0.0,"timestamp":1610366474,"path_taken":["M","?","?","M","?","R","$","M","T","M","E","?","?","M","R","BOSS","M","?","$","?","M","R","E","R","T","M","?","$","M","?","R","BOSS","M","?","?","M","?","R","M","E","T","M","M","?","M","?","R","BOSS","BOSS","R","$","E","BOSS"],"items_purchased_type":["Card","Relic","Card","Relic","Relic"],"build_version":"2020-12-22","purchased_purges":5,"victory":true,"max_hp_per_floor":[68,68,68,68,68,68,68,68,68,68,68,68,62,62,62,62,62,62,62,62,62,62,62,62,62,62,62,62,62,62,62,62,62,62,62,62,62,62,62,62,62,62,62,62,62,72,72,72,72,72,72,72,72,72,72,72],"card_choices":[{"not_picked":["Prostrate","LikeWater"],"picked":"Adaptation","floor":1.0},{"not_picked":["Sanctity","Indignation"],"picked":"TalkToTheHand","floor":4.0},{"not_picked":["Evaluate","CutThroughFate","Vengeance"],"picked":"SKIP","floor":8.0},{"not_picked":["PathToVictory","WheelKick","Prostrate"],"picked":"SKIP","floor":10.0},{"not_picked":["SignatureMove","Crescendo","SashWhip"],"picked":"SKIP","floor":11.0},{"not_picked":["Indignation","Halt","JustLucky"],"picked":"SKIP","floor":14.0},{"not_picked":["Halt","FollowUp"],"picked":"EmptyFist","floor":15.0},{"not_picked":["SpiritShield","Establishment"],"picked":"DeusExMachina","floor":16.0},{"not_picked":["CutThroughFate","Prostrate"],"picked":"Tantrum","floor":18.0},{"not_picked":["CutThroughFate","FlurryOfBlows","EmptyBody"],"picked":"SKIP","floor":22.0},{"not_picked":["EmptyFist","Crescendo","FlurryOfBlows"],"picked":"SKIP","floor":24.0},{"not_picked":["FollowUp","Nirvana","JustLucky"],"picked":"SKIP","floor":27.0},{"not_picked":["JustLucky","FlurryOfBlows"],"picked":"Adaptation","floor":28.0},{"not_picked":["Indignation","TalkToTheHand"],"picked":"Scrawl","floor":30.0},{"not_picked":["Tantrum","Evaluate+1","SashWhip"],"picked":"SKIP","floor":30.0},{"not_picked":["DevaForm","Scrawl"],"picked":"DeusExMachina","floor":33.0},{"not_picked":["CrushJoints+1","WheelKick+1","CutThroughFate"],"picked":"SKIP","floor":35.0},{"not_picked":["Perseverance","ThirdEye","JustLucky"],"picked":"SKIP","floor":35.0},{"not_picked":["Wireheading","Meditate"],"picked":"MentalFortress","floor":38.0},{"not_picked":["ThirdEye","ReachHeaven+1","Evaluate+1"],"picked":"SKIP","floor":38.0},{"not_picked":["BowlingBash","PathToVictory","Collect+1"],"picked":"SKIP","floor":41.0},{"not_picked":["Adaptation","EmptyBody+1","FollowUp"],"picked":"SKIP","floor":41.0},{"not_picked":["Consecrate+1","Study","WindmillStrike+1"],"picked":"SKIP","floor":42.0},{"not_picked":["Crescendo","SashWhip+1"],"picked":"FearNoEvil","floor":44.0},{"not_picked":["Consecrate","EmptyBody","ThirdEye"],"picked":"SKIP","floor":44.0},{"not_picked":["Perseverance","SpiritShield","FlurryOfBlows"],"picked":"SKIP","floor":45.0},{"not_picked":["EmptyBody","FlyingSleeves","PathToVictory"],"picked":"SKIP","floor":45.0},{"not_picked":["ThirdEye+1","Tantrum","Evaluate"],"picked":"SKIP","floor":47.0},{"not_picked":["Ragnarok","MentalFortress+1","DeceiveReality"],"picked":"SKIP","floor":47.0},{"not_picked":["Ragnarok","DeceiveReality"],"picked":"MentalFortress+1","floor":47.0},{"not_picked":["ThirdEye+1","Tantrum","Evaluate"],"picked":"SKIP","floor":47.0},{"not_picked":["Collect","Crescendo","TalkToTheHand"],"picked":"SKIP","floor":55.0},{"not_picked":["Collect","Crescendo"],"picked":"TalkToTheHand","floor":55.0}],"player_experience":622112,"relics_obtained":[{"floor":9.0,"key":"Akabeko"},{"floor":11.0,"key":"Dream Catcher"},{"floor":24.0,"key":"Nunchaku"},{"floor":26.0,"key":"Juzu Bracelet"},{"floor":28.0,"key":"Prayer Wheel"},{"floor":28.0,"key":"White Beast Statue"},{"floor":36.0,"key":"Calipers"},{"floor":39.0,"key":"Gambling Chip"},{"floor":42.0,"key":"Old Coin"},{"floor":55.0,"key":"Whetstone"}],"event_choices":[{"damage_healed":0.0,"max_hp_gain":0.0,"max_hp_loss":0.0,"gold_gain":75.0,"event_name":"World of Goop","player_choice":"Gather Gold","floor":2.0,"gold_loss":0.0,"damage_taken":11.0},{"damage_healed":0.0,"max_hp_gain":0.0,"max_hp_loss":0.0,"gold_gain":0.0,"event_name":"Shining Light","player_choice":"Entered Light","floor":3.0,"gold_loss":0.0,"damage_taken":20.0,"cards_upgraded":["Adaptation","Strike_P"]},{"cards_removed":["Strike_P"],"damage_healed":0.0,"max_hp_gain":0.0,"max_hp_loss":0.0,"gold_gain":0.0,"event_name":"Living Wall","player_choice":"Forget","floor":5.0,"gold_loss":0.0,"damage_taken":0.0},{"damage_healed":0.0,"max_hp_gain":0.0,"max_hp_loss":6.0,"gold_gain":0.0,"event_name":"Golden Idol","player_choice":"Lose Max HP","floor":13.0,"gold_loss":0.0,"damage_taken":0.0,"relics_obtained":["Golden Idol"]},{"damage_healed":0.0,"max_hp_gain":0.0,"max_hp_loss":0.0,"gold_gain":0.0,"event_name":"Ghosts","player_choice":"Ignored","floor":19.0,"gold_loss":0.0,"damage_taken":0.0},{"damage_healed":0.0,"max_hp_gain":0.0,"max_hp_loss":0.0,"gold_gain":50.0,"event_name":"Golden Shrine","player_choice":"Pray","floor":21.0,"gold_loss":0.0,"damage_taken":0.0},{"damage_healed":0.0,"max_hp_gain":0.0,"max_hp_loss":0.0,"gold_gain":0.0,"event_name":"Colosseum","player_choice":"Fight","floor":28.0,"gold_loss":0.0,"damage_taken":0.0},{"damage_healed":0.0,"max_hp_gain":0.0,"max_hp_loss":0.0,"gold_gain":0.0,"event_name":"Colosseum","player_choice":"Fought Nobs","floor":28.0,"gold_loss":0.0,"damage_taken":0.0},{"damage_healed":0.0,"max_hp_gain":0.0,"max_hp_loss":0.0,"gold_gain":0.0,"event_name":"Drug Dealer","player_choice":"Inject Mutagens","floor":31.0,"gold_loss":0.0,"damage_taken":0.0,"relics_obtained":["MutagenicStrength"]},{"damage_healed":0.0,"max_hp_gain":0.0,"max_hp_loss":0.0,"gold_gain":0.0,"event_name":"MindBloom","player_choice":"Fight","floor":36.0,"gold_loss":0.0,"damage_taken":0.0},{"damage_healed":12.0,"max_hp_gain":0.0,"max_hp_loss":0.0,"gold_gain":0.0,"event_name":"Winding Halls","player_choice":"Writhe","floor":37.0,"gold_loss":0.0,"damage_taken":0.0,"cards_obtained":["Writhe"]},{"damage_healed":0.0,"max_hp_gain":0.0,"max_hp_loss":0.0,"gold_gain":0.0,"event_name":"Mysterious Sphere","player_choice":"Fight","floor":39.0,"gold_loss":0.0,"damage_taken":0.0},{"damage_healed":0.0,"max_hp_gain":0.0,"max_hp_loss":0.0,"gold_gain":333.0,"event_name":"The Moai Head","player_choice":"Gave Idol","floor":48.0,"relics_lost":["Golden Idol"],"gold_loss":0.0,"damage_taken":0.0}],"is_beta":false,"boss_relics":[{"not_picked":["Fusion Hammer","Philosopher\u0027s Stone"],"picked":"VioletLotus"},{"not_picked":["Tiny House","Runic Pyramid"],"picked":"Empty Cage"}],"items_purged_floors":[7,12,20,29,46],"is_endless":false,"potions_floor_spawned":[8,10,24,30,33,35,36,38,39,41,42,44,45,47,55],"ascension_level":20}}