{"host":"q4b0c643vtafhvqv","time":1610373659,"event":{"mods":["AchievementEnabler","BaseMod","Colored Map","Colored Powertips","Minty Spire (QoL Compilation)","Permanent Neow","Quick Restart","Spicy Shops","StSLib","The Blue Laboratory","The Cursed","The Marked"],"gold_per_floor":[5013,5013,5031,5031,4511,4511,4521,4539,4566,4583,4616,4628,4628,4662,4662,4757,4757,4770,4784,4815,4815,4403,4433,4433,4433,4484,4498,4523,4540,4540,3794,3794,3898,3898,3913,3959,4008,3136,3358,3358,2324,2324,2351,1978,2003,2003,2021,2021,2021,2021,2021,2021,321,356,356],"floor_reached":56,"playtime":2384,"items_purged":["Strike_R+1","Strike_R+1","Bash+1","Combust+1"],"score":2012,"play_id":"d46ce579-e57e-400e-980f-4c18a57fb51b","local_time":"20210111220059","is_ascension_mode":true,"campfire_choices":[{"data":"Panacea","floor":13.0,"key":"SMITH"},{"data":"Flame Barrier","floor":15.0,"key":"SMITH"},{"data":"RitualDagger","floor":24.0,"key":"SMITH"},{"floor":32.0,"key":"RECALL"},{"data":"Double Tap","floor":40.0,"key":"SMITH"},{"floor":46.0,"key":"DIG"},{"floor":49.0,"key":"DIG"},{"floor":52,"key":"DIG"}],"circlet_count":0,"master_deck":["Defend_R+1","Defend_R+1","Panacea+1","Cleave","Flame Barrier+1","Demon Form","RitualDagger+1","Panacea+1","Inflame+1","Cleave","Dark Shackles+1","Double Tap+1","Dark Shackles+1","Barricade+1","Apotheosis+1","Master of Strategy+1","Thunderclap","Discovery+1","Inflame+1","Panache+1","Flex+1"],"relics":["Burning Blood","Pen Nib","Strange Spoon","InkBottle","White Beast Statue","Busted Crown","Red Mask","DollysMirror","Orrery","Orichalcum","Enchiridion","Centennial Puzzle","PreservedInsect","Blue Candle","Meat on the Bone","MealTicket","Pear","Black Star","Shovel","Bag of Marbles","Shuriken","Cauldron","Ornamental Fan","Potion Belt","Toxic Egg 2","Frozen Egg 2","Pantograph","Omamori","Juzu Bracelet","Singing Bowl","Bottled Tornado","Bronze Scales","Paper Frog","Mercury Hourglass","War Paint","Medical Kit","CaptainsWheel","Oddly Smooth Stone","TheAbacus","Blood Vial","Letter Opener"],"acts_visited":["Exordium","TheCity","TheBeyond","TheEnding"],"potions_floor_usage":[50,54,55,55,55,55],"damage_taken":[{"damage":0.0,"enemies":"2 Louse","floor":1.0,"turns":2.0},{"damage":0.0,"enemies":"Small Slimes","floor":3.0,"turns":2.0},{"damage":0.0,"enemies":"Cultist","floor":7.0,"turns":2.0},{"damage":0.0,"enemies":"Exordium Wildlife","floor":8.0,"turns":2.0},{"damage":0.0,"enemies":"Red Slaver","floor":10.0,"turns":2.0},{"damage":4.0,"enemies":"Lagavulin","floor":11.0,"turns":5.0},{"damage":2.0,"enemies":"3 Louse","floor":12.0,"turns":2.0},{"damage":2.0,"enemies":"3 Sentries","floor":14.0,"turns":6.0},{"damage":24.0,"enemies":"Hexaghost","floor":16.0,"turns":7.0},{"damage":6.0,"enemies":"Shell Parasite","floor":18.0,"turns":4.0},{"damage":0.0,"enemies":"2 Thieves","floor":19.0,"turns":3.0},{"damage":6.0,"enemies":"Masked Bandits","floor":20.0,"turns":3.0},{"damage":48.0,"enemies":"Gremlin Leader","floor":23.0,"turns":6.0},{"damage":0.0,"enemies":"Snecko","floor":27.0,"turns":3.0},{"damage":5.0,"enemies":"Book of Stabbing","floor":28.0,"turns":5.0},{"damage":0.0,"enemies":"Cultist and Chosen","floor":29.0,"turns":3.0},{"damage":39.0,"enemies":"Automaton","floor":33.0,"turns":7.0},{"damage":0.0,"enemies":"Orb Walker","floor":35.0,"turns":3.0},{"damage":34.0,"enemies":"2 Orb Walkers","floor":36.0,"turns":4.0},{"damage":0.0,"enemies":"Reptomancer","floor":45.0,"turns":4.0},{"damage":1.0,"enemies":"3 Darklings","floor":47.0,"turns":1.0},{"damage":8,"enemies":"Donu and Deca","floor":50,"turns":4},{"damage":1,"enemies":"Shield and Spear","floor":54,"turns":2},{"damage":32,"enemies":"The Heart","floor":55,"turns":6}],"seed_played":"-143390336473147088","potions_obtained":[{"floor":3.0,"key":"blueLaboratory:StoneskinPotion"},{"floor":8.0,"key":"GamblersBrew"},{"floor":10.0,"key":"DuplicationPotion"},{"floor":14.0,"key":"Strength Potion"},{"floor":16.0,"key":"PowerPotion"},{"floor":19.0,"key":"blueLaboratory:BottleOfRum"},{"floor":20.0,"key":"blueLaboratory:BottledHope"},{"floor":23.0,"key":"Explosive Potion"},{"floor":27.0,"key":"blueLaboratory:PhilterOfMotion"},{"floor":28.0,"key":"SkillPotion"},{"floor":29.0,"key":"blueLaboratory:NullPotion"},{"floor":33.0,"key":"BloodPotion"},{"floor":35.0,"key":"blueLaboratory:FrostheartPotion"},{"floor":36.0,"key":"blueLaboratory:CorrosionFlask"},{"floor":38.0,"key":"blueLaboratory:HummingbirdPotion"},{"floor":38.0,"key":"blueLaboratory:LimitlessPotion"},{"floor":45.0,"key":"blueLaboratory:SmithPotion"},{"floor":47.0,"key":"blueLaboratory:BottleOfVodka"},{"floor":54,"key":"BlessingOfTheForge"}],"is_trial":false,"path_per_floor":["M","?","M","?","$","?","M","M","T","M","E","M","R","E","R","B",null,"M","M","?","?","$","E","R","?","T","M","E","M","T","$","R","B",null,"M","?","T","$","?","R","$","T","T","$","E","R","M","?","R","B",null,"R","$","E","B",null],"character_chosen":"IRONCLAD","items_purchased":["Panacea","Strange Spoon","Cleave","DollysMirror","Orrery","Dark Shackles","Meat on the Bone","MealTicket","Pear","Dark Shackles","Shuriken","Cauldron","Ornamental Fan","Potion Belt","Toxic Egg 2","Frozen Egg 2","Barricade+1","PowerPotion","Apotheosis+1","Juzu Bracelet","Master of Strategy+1","Thunderclap","War Paint","Medical Kit","CaptainsWheel","Oddly Smooth Stone","TheAbacus","blueLaboratory:EmptyBottle","blueLaboratory:HummingbirdPotion","Inflame+1","Panache+1","Flex+1"],"campfire_rested":0,"item_purchase_floors":[5,5,5,22,22,31,31,31,31,38,38,38,38,41,41,41,41,41,41,44,44,44,53,53,53,53,53,53,53,53,53,53],"current_hp_per_floor":[80,85,85,78,78,78,84,85,85,85,85,85,85,85,85,67,81,81,85,85,79,79,37,37,21,21,27,28,34,34,44,44,23,77,83,55,55,89,89,89,95,95,95,95,97,97,99,99,99,97,99,99,99,101,75],"gold":356,"neow_bonus":"RANDOM_COLORLESS_2","is_daily":false,"chose_seed":false,"campfire_upgraded":4,"win_rate":0.0,"timestamp":1610373659,"path_taken":["M","?","M","?","$","?","M","?","T","M","E","M","R","E","R","BOSS","M","M","?","?","$","E","R","?","T","M","E","M","?","$","R","BOSS","M","?","?","?","?","R","$","?","T","$","E","R","M","?","R","BOSS","R","$","E","BOSS"],"items_purchased_type":["Card","Relic","Card","Relic","Relic","Card","Relic","Relic","Relic","Card","Relic","Relic","Relic","Relic","Relic","Relic","Card","Potion","Card","Relic","Card","Card","Relic","Relic","Relic","Relic","Relic","Potion","Potion","Card","Card","Card"],"build_version":"2020-12-22","purchased_purges":4,"victory":true,"max_hp_per_floor":[80,85,85,85,85,85,85,85,85,85,85,85,85,85,85,85,85,85,85,85,85,85,85,85,85,85,85,85,85,85,95,95,95,95,95,95,95,95,95,95,95,95,95,95,97,97,99,99,99,99,99,99,99,101,101],"card_choices":[{"not_picked":["Secret Weapon","Apotheosis"],"picked":"Mayhem","floor":0.0},{"not_picked":["Sword Boomerang","Blood for Blood","Flex"],"picked":"SKIP","floor":1.0},{"not_picked":["Battle Trance","Thunderclap","Clothesline"],"picked":"SKIP","floor":3.0},{"not_picked":["Sever Soul","Searing Blow","Flame Barrier"],"picked":"SKIP","floor":7.0},{"not_picked":["Whirlwind","Iron Wave","Intimidate"],"picked":"SKIP","floor":8.0},{"not_picked":["Infernal Blade","Dropkick"],"picked":"Flame Barrier","floor":10.0},{"not_picked":["Rage","Twin Strike","Searing Blow"],"picked":"SKIP","floor":11.0},{"not_picked":["Iron Wave","Whirlwind","Rage"],"picked":"SKIP","floor":12.0},{"not_picked":["Whirlwind","Burning Pact","Sever Soul"],"picked":"SKIP","floor":14.0},{"not_picked":["Juggernaut","Immolate"],"picked":"Demon Form","floor":16.0},{"not_picked":["Heavy Blade"],"picked":"SKIP","floor":18.0},{"not_picked":["Thunderclap"],"picked":"SKIP","floor":19.0},{"not_picked":[],"picked":"Inflame+1","floor":22.0},{"not_picked":["Body Slam"],"picked":"SKIP","floor":23.0},{"not_picked":["Twin Strike"],"picked":"SKIP","floor":27.0},{"not_picked":["True Grit+1"],"picked":"SKIP","floor":28.0},{"not_picked":[],"picked":"Cleave","floor":29.0},{"not_picked":[],"picked":"Double Tap","floor":33.0},{"not_picked":["Dark Embrace+1"],"picked":"SKIP","floor":35.0},{"not_picked":["Body Slam+1"],"picked":"Singing Bowl","floor":45.0},{"not_picked":["Second Wind+1"],"picked":"Singing Bowl","floor":47.0},{"not_picked":["Wild Strike+1"],"picked":"Singing Bowl","floor":54}],"player_experience":29724,"relics_obtained":[{"floor":11.0,"key":"InkBottle"},{"floor":14.0,"key":"White Beast Statue"},{"floor":20.0,"key":"Red Mask"},{"floor":23.0,"key":"Orichalcum"},{"floor":25.0,"key":"Enchiridion"},{"floor":26.0,"key":"Centennial Puzzle"},{"floor":28.0,"key":"PreservedInsect"},{"floor":30.0,"key":"Blue Candle"},{"floor":36.0,"key":"Shovel"},{"floor":37.0,"key":"Bag of Marbles"},{"floor":42.0,"key":"Pantograph"},{"floor":43.0,"key":"Omamori"},{"floor":45.0,"key":"Singing Bowl"},{"floor":45.0,"key":"Bottled Tornado"},{"floor":46.0,"key":"Bronze Scales"},{"floor":49.0,"key":"Paper Frog"},{"floor":52,"key":"Mercury Hourglass"},{"floor":54,"key":"Blood Vial"},{"floor":54,"key":"Letter Opener"}],"event_choices":[{"damage_healed":0.0,"max_hp_gain":5.0,"max_hp_loss":0.0,"gold_gain":0.0,"event_name":"Big Fish","player_choice":"Donut","floor":2.0,"gold_loss":0.0,"damage_taken":0.0},{"damage_healed":0.0,"max_hp_gain":0.0,"max_hp_loss":0.0,"gold_gain":0.0,"event_name":"Scrap Ooze","player_choice":"Success","floor":4.0,"gold_loss":0.0,"damage_taken":7.0,"relics_obtained":["Pen Nib"]},{"cards_removed":["Strike_R"],"damage_healed":0.0,"max_hp_gain":0.0,"max_hp_loss":0.0,"gold_gain":0.0,"event_name":"Bonfire Elementals","player_choice":"Offered Basic","floor":6.0,"gold_loss":0.0,"damage_taken":0.0},{"damage_healed":0.0,"max_hp_gain":0.0,"max_hp_loss":0.0,"gold_gain":0.0,"event_name":"Masked Bandits","player_choice":"Fought Bandits","floor":20.0,"gold_loss":0.0,"damage_taken":0.0},{"damage_healed":0.0,"max_hp_gain":0.0,"max_hp_loss":0.0,"gold_gain":0.0,"event_name":"Nest","player_choice":"Joined the Cult","floor":21.0,"gold_loss":0.0,"damage_taken":6.0,"cards_obtained":["RitualDagger"]},{"damage_healed":0.0,"max_hp_gain":0.0,"max_hp_loss":0.0,"gold_gain":0.0,"event_name":"Cursed Tome","player_choice":"Obtained Book","floor":25.0,"gold_loss":0.0,"damage_taken":16.0},{"damage_healed":0.0,"max_hp_gain":0.0,"max_hp_loss":0.0,"gold_gain":0.0,"event_name":"Mysterious Sphere","player_choice":"Fight","floor":36.0,"gold_loss":0.0,"damage_taken":0.0},{"damage_healed":0.0,"max_hp_gain":0.0,"max_hp_loss":0.0,"gold_gain":222.0,"event_name":"Tomb of Lord Red Mask","player_choice":"Wore Mask","floor":39.0,"gold_loss":0.0,"damage_taken":0.0},{"damage_healed":0.0,"max_hp_gain":0.0,"max_hp_loss":0.0,"gold_gain":0.0,"event_name":"Match and Keep!","player_choice":"2 cards matched","floor":48.0,"gold_loss":0.0,"damage_taken":0.0,"cards_obtained":["Combust","Discovery"]}],"is_beta":false,"boss_relics":[{"not_picked":["Coffee Dripper","Fusion Hammer"],"picked":"Busted Crown"},{"not_picked":["Snecko Eye","Velvet Choker"],"picked":"Black Star"}],"items_purged_floors":[5,22,38,53],"is_endless":false,"potions_floor_spawned":[3,8,10,14,16,18,19,20,23,27,28,29,33,35,36,45,47,54],"ascension_level":7}}