{"host":"61r95uy0hn86b9iu","time":1610334704,"event":{"mods":["AchievementEnabler","BaseMod","Better Vampires","BetterRewards","Colored Powertips","Hubris","Minty Spire (QoL Compilation)","Shop Mod","StSLib"],"gold_per_floor":[117,117,42,58,70,70,100,114,187,25,25,37,37,67,67,67,67],"floor_reached":16,"playtime":625,"items_purged":["Strike_B"],"score":320,"play_id":"85096935-065e-4d73-bbdb-8e259f491ede","local_time":"20210110211144","is_ascension_mode":true,"campfire_choices":[{"floor":6.0,"key":"REST"},{"floor":11.0,"key":"REST"},{"floor":13,"key":"REST"},{"floor":15,"key":"REST"}],"circlet_count":0,"master_deck":["AscendersBane","Strike_B","Strike_B","Strike_B","Defend_B","Defend_B","Defend_B","Defend_B","Zap","Dualcast","Defragment+1","Beam Cell","Coolheaded","Thunder Strike"],"relics":["Cracked Core","hubris:EmptyBottle","hubris:TenFootPole","Smiling Mask","InkBottle","Regal Pillow","hubris:FunFungus"],"acts_visited":["Exordium"],"potions_floor_usage":[12,12,14],"damage_taken":[{"damage":7.0,"enemies":"2 Louse","floor":1.0,"turns":3.0},{"damage":7.0,"enemies":"Cultist","floor":4.0,"turns":4.0},{"damage":4.0,"enemies":"Jaw Worm","floor":5.0,"turns":4.0},{"damage":27.0,"enemies":"Lagavulin","floor":7.0,"turns":6.0},{"damage":4.0,"enemies":"Red Slaver","floor":8.0,"turns":3.0},{"damage":31,"enemies":"Gremlin Gang","floor":12,"turns":5},{"damage":31,"enemies":"3 Sentries","floor":14,"turns":10},{"damage":82,"enemies":"Slime Boss","floor":16,"turns":11}],"seed_played":"-4760761737060055624","potions_obtained":[{"floor":4.0,"key":"LiquidMemories"},{"floor":5.0,"key":"Swift Potion"}],"is_trial":false,"path_per_floor":["M","?","$","M","M","R","E","M","T","$","R","M","R","E","R","B"],"character_chosen":"DEFECT","items_purchased":["hubris:EmptyBottle","Defragment","Beam Cell","Regal Pillow"],"campfire_rested":4,"item_purchase_floors":[0,0,0,10],"current_hp_per_floor":[50,50,50,43,39,60,33,29,29,29,65,34,70,39,71,0,0],"gold":67,"neow_bonus":"","is_daily":false,"chose_seed":false,"campfire_upgraded":0,"win_rate":0.0,"timestamp":1610334704,"path_taken":["M","?","$","M","M","R","E","M","T","$","R","M","R","E","R","BOSS"],"items_purchased_type":["Relic","Card","Card","Relic"],"build_version":"2020-12-22","purchased_purges":1,"victory":false,"max_hp_per_floor":[71,71,71,71,71,71,71,71,71,71,71,71,71,71,71,71,71],"card_choices":[{"not_picked":["Compile Driver","Coolheaded","Barrage"],"picked":"SKIP","floor":1.0},{"not_picked":["Compile Driver","Streamline"],"picked":"Coolheaded","floor":4.0},{"not_picked":["Compile Driver","Leap"],"picked":"Thunder Strike","floor":5.0},{"not_picked":["Rip and Tear","Barrage","Steam"],"picked":"SKIP","floor":7.0},{"not_picked":["Tempest","Steam","Gash"],"picked":"SKIP","floor":8.0},{"not_picked":["Heatsinks","Multi-Cast","Compile Driver"],"picked":"SKIP","floor":12},{"not_picked":["Steam","Genetic Algorithm","Recycle"],"picked":"SKIP","floor":14}],"player_experience":3266848,"relics_obtained":[{"floor":7.0,"key":"Smiling Mask"},{"floor":9.0,"key":"InkBottle"},{"floor":14,"key":"hubris:FunFungus"}],"event_choices":[{"damage_healed":0.0,"max_hp_gain":0.0,"max_hp_loss":0.0,"gold_gain":0.0,"event_name":"Upgrade Shrine","player_choice":"Upgraded","floor":2.0,"gold_loss":0.0,"damage_taken":0.0,"cards_upgraded":["Defragment"]}],"is_beta":false,"boss_relics":[],"items_purged_floors":[3],"is_endless":false,"potions_floor_spawned":[4,5],"killed_by":"Slime Boss","ascension_level":20}}