{"host":"cv77zuuuekizn3ic","time":1610341392,"event":{"mods":["AchievementEnabler","BaseMod","Marisa£®ÏF”Í°°ƒß¿Ì…≥£©","Minty Spire (QoL Compilation)","StSLib","Waifu the Spire","everything is the same but u backflip on backflip","slay the spire mod where everything is the same but ironclad has a cowboy hat"],"gold_per_floor":[112,31,31,31,31,31,31,31,58,58,71,112,137,162,162,255,255,270,195,211,111,127,127,161,161,161,10,34,74,74,88,88,178,178,193,218,238,9,9,48,48,89,89,125,145,145,186,186,186,186,186,186,186,98,138,138],"floor_reached":57,"playtime":4801,"items_purged":["Defend_R","Defend_R","Defend_R","Strike_R"],"score":2912,"play_id":"40bb631a-634c-4a66-ae08-ef8ae80fbc2b","local_time":"20210111130312","is_ascension_mode":true,"campfire_choices":[{"data":"Rage","floor":6.0,"key":"SMITH"},{"data":"Havoc","floor":15.0,"key":"SMITH"},{"data":"Evolve","floor":23.0,"key":"SMITH"},{"data":"Fiend Fire","floor":25.0,"key":"SMITH"},{"data":"Pommel Strike","floor":32.0,"key":"SMITH"},{"data":"Burning Pact","floor":41.0,"key":"SMITH"},{"data":"Battle Trance","floor":46.0,"key":"SMITH"},{"floor":49.0,"key":"RECALL"},{"data":"Inflame","floor":53.0,"key":"SMITH"}],"circlet_count":0,"master_deck":["AscendersBane","Strike_R","Strike_R","Defend_R+1","Bash","Rage+1","Dropkick+1","Havoc+1","Ghostly Armor","Inflame+1","Thunderclap","Fiend Fire+1","Pommel Strike+1","Evolve+1","Power Through+1","Pommel Strike+1","Disarm","Battle Trance+1","Impervious","Second Wind+1","Parasite","Burning Pact+1","Dropkick","Burning Pact+1","Uppercut"],"relics":["Burning Blood","NeowsBlessing","Red Skull","Golden Idol","Nunchaku","Pantograph","Coffee Dripper","Incense Burner","Matryoshka","HornCleat","Mark of Pain","Regal Pillow","MealTicket","Orichalcum","Bottled Lightning","Letter Opener","Strawberry"],"acts_visited":["Exordium","TheCity","TheBeyond","TheEnding"],"potions_floor_usage":[56,56],"damage_taken":[{"damage":0.0,"enemies":"Cultist","floor":1.0,"turns":1.0},{"damage":0.0,"enemies":"Jaw Worm","floor":11.0,"turns":1.0},{"damage":0.0,"enemies":"Gremlin Nob","floor":12.0,"turns":1.0},{"damage":8.0,"enemies":"2 Louse","floor":13.0,"turns":3.0},{"damage":5.0,"enemies":"2 Fungi Beasts","floor":14.0,"turns":5.0},{"damage":69.0,"enemies":"The Guardian","floor":16.0,"turns":10.0},{"damage":4.0,"enemies":"Chosen","floor":18.0,"turns":4.0},{"damage":9.0,"enemies":"2 Thieves","floor":20.0,"turns":5.0},{"damage":34.0,"enemies":"Shelled Parasite and Fungi","floor":22.0,"turns":4.0},{"damage":10.0,"enemies":"Slavers","floor":24.0,"turns":4.0},{"damage":19.0,"enemies":"Snecko","floor":28.0,"turns":5.0},{"damage":15.0,"enemies":"Book of Stabbing","floor":29.0,"turns":4.0},{"damage":0.0,"enemies":"3 Cultists","floor":31.0,"turns":4.0},{"damage":36.0,"enemies":"Champ","floor":33.0,"turns":10.0},{"damage":0.0,"enemies":"3 Darklings","floor":35.0,"turns":4.0},{"damage":11.0,"enemies":"3 Shapes","floor":36.0,"turns":4.0},{"damage":18.0,"enemies":"Writhing Mass","floor":37.0,"turns":7.0},{"damage":10.0,"enemies":"Nemesis","floor":40.0,"turns":5.0},{"damage":31.0,"enemies":"Reptomancer","floor":42.0,"turns":4.0},{"damage":1.0,"enemies":"Giant Head","floor":44.0,"turns":4.0},{"damage":0.0,"enemies":"Transient","floor":45.0,"turns":4.0},{"damage":1.0,"enemies":"Reptomancer","floor":47.0,"turns":6.0},{"damage":0.0,"enemies":"Awakened One","floor":50.0,"turns":6.0},{"damage":32.0,"enemies":"Donu and Deca","floor":51.0,"turns":5.0},{"damage":21.0,"enemies":"Shield and Spear","floor":55.0,"turns":6.0},{"damage":78,"enemies":"The Heart","floor":56,"turns":9}],"seed_played":"-6573458023028406949","potions_obtained":[{"floor":12.0,"key":"Ancient Potion"},{"floor":13.0,"key":"BlessingOfTheForge"},{"floor":20.0,"key":"Strength Potion"},{"floor":28.0,"key":"BloodPotion"},{"floor":31.0,"key":"EntropicBrew"},{"floor":35.0,"key":"Energy Potion"}],"is_trial":false,"path_per_floor":["M","$","?","$","?","R","?","?","T","?","M","E","M","M","R","B",null,"M","$","M","$","M","R","E","R","T","$","M","E","?","M","R","B",null,"M","M","M","$","?","E","R","E","T","E","M","R","E","?","R","B","B",null,"R","$","E","B",null],"character_chosen":"IRONCLAD","items_purchased":["Dropkick","Pommel Strike","Dropkick","Uppercut"],"campfire_rested":0,"item_purchase_floors":[2,27,38,54],"current_hp_per_floor":[74,74,69,69,46,46,51,51,51,51,57,63,61,62,62,9,56,58,58,55,55,27,27,23,23,23,23,24,15,15,21,21,16,58,64,59,47,47,47,43,43,18,18,23,29,29,34,34,34,65,46,66,66,72,64,7],"gold":138,"neow_bonus":"THREE_ENEMY_KILL","is_daily":false,"chose_seed":false,"campfire_upgraded":8,"win_rate":0.0,"timestamp":1610341392,"path_taken":["M","?","?","$","?","R","?","?","T","?","?","E","M","M","R","BOSS","M","$","M","$","M","R","E","R","T","?","?","E","?","M","R","BOSS","M","M","?","$","?","E","R","E","T","E","?","R","E","?","R","BOSS","BOSS","R","$","E","BOSS"],"items_purchased_type":["Card","Card","Card","Card"],"build_version":"2020-12-22","purchased_purges":4,"victory":true,"max_hp_per_floor":[75,75,75,75,75,75,80,72,72,72,72,72,72,72,72,72,72,72,72,72,72,72,72,72,72,72,72,72,72,72,72,72,72,72,72,72,72,72,72,72,72,72,72,72,72,72,72,72,72,72,72,72,72,72,79,79],"card_choices":[{"not_picked":["Shrug It Off","Carnage"],"picked":"Rage","floor":1.0},{"not_picked":["Clash","Combust"],"picked":"Havoc","floor":11.0},{"not_picked":["Demon Form","Wild Strike"],"picked":"Ghostly Armor","floor":12.0},{"not_picked":["Iron Wave","Hemokinesis"],"picked":"Inflame","floor":13.0},{"not_picked":["Twin Strike","Metallicize"],"picked":"Thunderclap","floor":14.0},{"not_picked":["Juggernaut","Bludgeon"],"picked":"Fiend Fire","floor":16.0},{"not_picked":["Wild Strike","Entrench"],"picked":"Pommel Strike+1","floor":18.0},{"not_picked":["Headbutt","Shrug It Off"],"picked":"Evolve","floor":20.0},{"not_picked":["Armaments","Wild Strike"],"picked":"Power Through+1","floor":22.0},{"not_picked":["Inflame","Berserk","Perfected Strike"],"picked":"SKIP","floor":24.0},{"not_picked":["Flex","Spot Weakness"],"picked":"Disarm","floor":28.0},{"not_picked":["Inflame","Heavy Blade+1"],"picked":"Battle Trance","floor":29.0},{"not_picked":["Thunderclap","Seeing Red","Searing Blow"],"picked":"SKIP","floor":31.0},{"not_picked":["Whirlwind","Wild Strike","Perfected Strike"],"picked":"SKIP","floor":35.0},{"not_picked":["Searing Blow+1","Perfected Strike"],"picked":"Second Wind+1","floor":36.0},{"not_picked":["Seeing Red","Pummel"],"picked":"Burning Pact","floor":37.0},{"not_picked":["Armaments","Clash"],"picked":"Burning Pact","floor":40.0},{"not_picked":["Iron Wave+1","Hemokinesis","Reckless Charge"],"picked":"SKIP","floor":42.0},{"not_picked":["Headbutt","Wild Strike","Pommel Strike"],"picked":"SKIP","floor":44.0},{"not_picked":["Heavy Blade","Pommel Strike+1","Sever Soul"],"picked":"SKIP","floor":45.0},{"not_picked":["Iron Wave","Sever Soul+1","Twin Strike"],"picked":"SKIP","floor":47.0},{"not_picked":["Cleave","Clash","Perfected Strike"],"picked":"SKIP","floor":55.0}],"player_experience":848375,"relics_obtained":[{"floor":9.0,"key":"Nunchaku"},{"floor":12.0,"key":"Pantograph"},{"floor":24.0,"key":"Incense Burner"},{"floor":26.0,"key":"Matryoshka"},{"floor":29.0,"key":"HornCleat"},{"floor":40.0,"key":"Regal Pillow"},{"floor":42.0,"key":"MealTicket"},{"floor":43.0,"key":"Orichalcum"},{"floor":44.0,"key":"Bottled Lightning"},{"floor":47.0,"key":"Letter Opener"},{"floor":55.0,"key":"Strawberry"}],"event_choices":[{"damage_healed":0.0,"max_hp_gain":0.0,"max_hp_loss":0.0,"gold_gain":0.0,"event_name":"Scrap Ooze","player_choice":"Success","floor":3.0,"gold_loss":0.0,"damage_taken":5.0,"relics_obtained":["Red Skull"]},{"damage_healed":0.0,"max_hp_gain":0.0,"max_hp_loss":0.0,"gold_gain":0.0,"event_name":"Shining Light","player_choice":"Entered Light","floor":5.0,"gold_loss":0.0,"damage_taken":23.0,"cards_upgraded":["Defend_R","Dropkick"]},{"damage_healed":0.0,"max_hp_gain":5.0,"max_hp_loss":0.0,"gold_gain":0.0,"event_name":"Big Fish","player_choice":"Donut","floor":7.0,"gold_loss":0.0,"damage_taken":0.0},{"damage_healed":0.0,"max_hp_gain":0.0,"max_hp_loss":8.0,"gold_gain":0.0,"event_name":"Golden Idol","player_choice":"Lose Max HP","floor":8.0,"gold_loss":0.0,"damage_taken":0.0,"relics_obtained":["Golden Idol"]},{"cards_removed":["Strike_R"],"damage_healed":0.0,"max_hp_gain":0.0,"max_hp_loss":0.0,"gold_gain":0.0,"event_name":"Living Wall","player_choice":"Forget","floor":10.0,"gold_loss":0.0,"damage_taken":0.0},{"damage_healed":0.0,"max_hp_gain":0.0,"max_hp_loss":0.0,"gold_gain":0.0,"event_name":"Match and Keep!","player_choice":"1 cards matched","floor":30.0,"gold_loss":0.0,"damage_taken":0.0,"cards_obtained":["Impervious"]},{"damage_healed":0.0,"max_hp_gain":0.0,"max_hp_loss":0.0,"gold_gain":0.0,"event_name":"Upgrade Shrine","player_choice":"Upgraded","floor":39.0,"gold_loss":0.0,"damage_taken":0.0,"cards_upgraded":["Burning Pact"]},{"cards_removed":["Strike_R"],"damage_healed":0.0,"max_hp_gain":0.0,"max_hp_loss":0.0,"gold_gain":0.0,"event_name":"Purifier","player_choice":"Purged","floor":48.0,"gold_loss":0.0,"damage_taken":0.0}],"is_beta":false,"boss_relics":[{"not_picked":["Black Star","Philosopher\u0027s Stone"],"picked":"Coffee Dripper"},{"not_picked":["Sozu","Calling Bell"],"picked":"Mark of Pain"}],"items_purged_floors":[19,21,27,38],"is_endless":false,"potions_floor_spawned":[12,13,20,28,31,35,36,45,55],"ascension_level":20}}