{"host":"gzk4gkgy3zij1c51","time":1610349264,"event":{"mods":["BaseMod","Colored Map","Highlight Path","Marked Mod","Minty Spire (QoL Compilation)","Relic Stats","StSLib","everything is the same but u backflip on backflip"],"gold_per_floor":[116,20,20,35,35,69,69,69,69],"floor_reached":8,"playtime":353,"items_purged":[],"score":65,"play_id":"f958d4cd-8368-4e90-956b-bb42b6422ba0","local_time":"20210111071424","is_ascension_mode":true,"campfire_choices":[{"data":"Discovery","floor":7.0,"key":"SMITH"}],"circlet_count":0,"master_deck":["Strike_P","Strike_P","Strike_P","Strike_P","Defend_P","Defend_P","Defend_P","Defend_P","Eruption","Vigilance","MarkedMod:GracefulMovements","Discovery+1","ThirdEye","Evaluate"],"relics":["PureWater","Golden Idol","TeardropLocket"],"acts_visited":["Exordium"],"potions_floor_usage":[8],"damage_taken":[{"damage":0.0,"enemies":"2 Louse","floor":1.0,"turns":2.0},{"damage":0.0,"enemies":"Small Slimes","floor":4.0,"turns":3.0},{"damage":65.0,"enemies":"Lagavulin","floor":6.0,"turns":10.0},{"damage":16,"enemies":"Gremlin Nob","floor":8,"turns":2}],"seed_played":"1575908209840770383","potions_obtained":[{"floor":1.0,"key":"SpeedPotion"},{"floor":6.0,"key":"Swift Potion"}],"is_trial":false,"path_per_floor":["M","$","?","M","?","E","R","E"],"character_chosen":"WATCHER","items_purchased":["Discovery"],"campfire_rested":0,"item_purchase_floors":[2],"current_hp_per_floor":[79,79,79,79,79,14,14,0,0],"gold":69,"neow_bonus":"TEN_PERCENT_HP_BONUS","is_daily":false,"chose_seed":false,"campfire_upgraded":1,"win_rate":0.0,"timestamp":1610349264,"path_taken":["M","$","?","M","?","E","R","E"],"items_purchased_type":["Card"],"build_version":"2020-12-22","purchased_purges":0,"victory":false,"max_hp_per_floor":[79,79,79,79,79,79,79,79,79],"relic_stats":{"counters":[4,17],"Golden Idol":10,"obtain_stats":[{"Golden Idol":3,"TeardropLocket":6,"PureWater":0},{"Golden Idol":1,"TeardropLocket":3,"PureWater":0},{"Golden Idol":2,"TeardropLocket":15,"PureWater":0}]},"card_choices":[{"not_picked":["Nirvana","DeceiveReality"],"picked":"MarkedMod:GracefulMovements","floor":1.0},{"not_picked":["Wallop","Evaluate"],"picked":"ThirdEye","floor":4.0},{"not_picked":["ClearTheMind","SashWhip"],"picked":"Evaluate","floor":6.0}],"player_experience":583221,"relics_obtained":[{"floor":6.0,"key":"TeardropLocket"}],"event_choices":[{"damage_healed":0.0,"max_hp_gain":0.0,"max_hp_loss":0.0,"gold_gain":0.0,"event_name":"Golden Idol","player_choice":"Take Wound","floor":3.0,"gold_loss":0.0,"damage_taken":0.0,"relics_obtained":["Golden Idol"],"cards_obtained":["Injury"]},{"cards_removed":["Injury"],"damage_healed":0.0,"max_hp_gain":0.0,"max_hp_loss":0.0,"gold_gain":0.0,"event_name":"Fountain of Cleansing","player_choice":"Removed Curses","floor":5.0,"gold_loss":0.0,"damage_taken":0.0}],"is_beta":false,"boss_relics":[],"items_purged_floors":[],"is_endless":false,"potions_floor_spawned":[1,6],"killed_by":"Gremlin Nob","ascension_level":4}}