{"host":"crjmoxe2wwb87pm5","time":1610325949,"event":{"mods":["BaseMod","Colored Map","GifTheSpireLib","Infinite Spire","Minty Spire (QoL Compilation)","Replay The Spire","StSLib"],"gold_per_floor":[115,130,130,130,51,64,93,93,93,93,113,113,141,155,155,251,251,268,302,312,312,91,91,110,125,125,135,149,149,149],"floor_reached":29,"playtime":2967,"items_purged":["Strike_R"],"score":237,"play_id":"319d9c1c-bc7e-4636-ac89-dc9a2c30ba09","local_time":"20210110194549","is_ascension_mode":false,"campfire_choices":[{"floor":10,"key":"REST"},{"floor":15,"key":"REST"},{"floor":23,"key":"REST"}],"circlet_count":0,"master_deck":["Strike_R","Defend_R","Defend_R","Bash","Clothesline","Heavy Blade","Iron Wave+1","Flame Barrier","Shrug It Off","Juggernaut","Clothesline+1","Combust","Demon Form","Perfected Strike+1","Impervious+1","Blood for Blood+1","Seeing Red+1","Iron Wave+1","ReplayTheSpireMod:Stacked","Heavy Blade+1","Metallicize","True Grit","Twin Strike+1","Bloodletting+1","Shrug It Off","Body Slam+1","Iron Wave+1"],"relics":["Burning Blood","Mirror","Molten Egg 2","Question Card","Astrolabe","Red Mask","Eternal Feather"],"acts_visited":["Exordium","TheCity"],"potions_floor_usage":[16,16,19,19,29],"damage_taken":[{"damage":14,"enemies":"infinitespire:Voidling","floor":1,"turns":5},{"damage":2,"enemies":"2 Louse","floor":2,"turns":3},{"damage":2,"enemies":"Jaw Worm","floor":6,"turns":4},{"damage":36,"enemies":"Lagavulin","floor":7,"turns":10},{"damage":6,"enemies":"Exordium Wildlife","floor":11,"turns":5},{"damage":63,"enemies":"3 Sentries","floor":13,"turns":12},{"damage":17,"enemies":"Exordium Thugs","floor":14,"turns":6},{"damage":35,"enemies":"Hexaghost","floor":16,"turns":11},{"damage":29,"enemies":"3 Byrds","floor":18,"turns":6},{"damage":27,"enemies":"Masked Bandits","floor":19,"turns":5},{"damage":1,"enemies":"Chosen","floor":20,"turns":5},{"damage":1,"enemies":"Snecko","floor":24,"turns":4},{"damage":27,"enemies":"Shelled Parasite and Fungi","floor":25,"turns":7},{"damage":36,"enemies":"Centurion and Healer","floor":27,"turns":5},{"damage":14,"enemies":"Snecko","floor":28,"turns":4},{"damage":3,"enemies":"3 Cultists","floor":29,"turns":5}],"seed_played":"1711341288250030644","potions_obtained":[{"floor":7,"key":"infinitespire:BlackPotion"},{"floor":14,"key":"Dexterity Potion"},{"floor":16,"key":"EssenceOfSteel"},{"floor":18,"key":"Swift Potion"},{"floor":24,"key":"LifebloodPotion"},{"floor":25,"key":"BlessingOfTheForge"},{"floor":28,"key":"Strength Potion"}],"is_trial":false,"path_per_floor":["M","M","?","?","$","M","E","?","T","R","M","?","E","M","R","B",null,"M","?","M","?","$","R","M","M","T","M","M","M"],"character_chosen":"IRONCLAD","items_purchased":["Flame Barrier","Metallicize","True Grit","Twin Strike+1"],"campfire_rested":3,"item_purchase_floors":[5,22,22,22],"current_hp_per_floor":[80,84,84,84,84,88,58,58,58,84,84,84,27,16,42,13,88,65,44,49,49,49,75,80,59,59,29,21,18,18],"gold":149,"neow_bonus":"TEN_PERCENT_HP_BONUS","is_daily":false,"chose_seed":false,"campfire_upgraded":0,"win_rate":0.0,"timestamp":1610325949,"path_taken":["M","?","?","?","?","?","E","?","T","R","M","?","E","M","R","BOSS","M","?","M","?","$","R","M","M","T","M","M","M"],"items_purchased_type":["Card","Card","Card","Card"],"build_version":"2020-12-22","purchased_purges":1,"victory":false,"max_hp_per_floor":[88,88,88,88,88,88,88,88,88,88,88,88,88,88,88,88,88,88,88,88,88,88,88,88,88,88,88,88,88,88],"card_choices":[{"not_picked":["ReplayReversal","Sword Boomerang"],"picked":"Clothesline","floor":1},{"not_picked":["Pummel","Second Wind"],"picked":"Heavy Blade","floor":2},{"not_picked":["Cleave","Abandon","Hemokinesis"],"picked":"SKIP","floor":6},{"not_picked":["Sword Boomerang","Body Slam"],"picked":"Shrug It Off","floor":7},{"not_picked":["Ghostly Armor","Twin Strike+1"],"picked":"Juggernaut","floor":11},{"not_picked":["Feel No Pain","Evolve"],"picked":"Clothesline+1","floor":13},{"not_picked":["Clash+1","ReplayTheSpireMod:Limb From Limb+1","Thunderclap+1"],"picked":"Combust","floor":14},{"not_picked":["Impervious","Corruption","Berserk"],"picked":"Demon Form","floor":16},{"not_picked":["Headbutt+1","Run Through+1","Rupture+1"],"picked":"Seeing Red+1","floor":18},{"not_picked":["Flex+1","ReplayTheSpireMod:Strike From Hell+1","Havoc"],"picked":"Iron Wave+1","floor":19},{"not_picked":["Searing Blow+1","Carnage+1","Pummel+1"],"picked":"ReplayTheSpireMod:Stacked","floor":20},{"not_picked":["Battle Trance","Impervious","Heavy Blade+1"],"picked":"Bloodletting+1","floor":24},{"not_picked":["Rampage+1","Havoc","Wild Strike+1"],"picked":"Shrug It Off","floor":25},{"not_picked":["Reckless Charge+1","Pommel Strike+1","Clothesline+1"],"picked":"Body Slam+1","floor":27},{"not_picked":["Dropkick+1","Pommel Strike+1","Havoc"],"picked":"Iron Wave+1","floor":28}],"player_experience":135687,"relics_obtained":[{"floor":7,"key":"Mirror"},{"floor":9,"key":"Molten Egg 2"},{"floor":13,"key":"Question Card"},{"floor":19,"key":"Red Mask"},{"floor":26,"key":"Eternal Feather"}],"event_choices":[{"damage_healed":0,"gold_gain":0,"player_choice":"0 cards matched","damage_taken":0,"max_hp_gain":0,"max_hp_loss":0,"event_name":"Match and Keep!","floor":12,"gold_loss":0,"cards_obtained":[]},{"damage_healed":0,"gold_gain":0,"player_choice":"Fought Bandits","damage_taken":0,"max_hp_gain":0,"max_hp_loss":0,"event_name":"Masked Bandits","floor":19,"gold_loss":0},{"damage_healed":0,"gold_gain":0,"player_choice":"Read","damage_taken":0,"max_hp_gain":0,"max_hp_loss":0,"event_name":"The Library","floor":21,"gold_loss":0,"cards_obtained":["Heavy Blade"]}],"is_beta":false,"boss_relics":[{"not_picked":["Painkiller Herb","Replay:Drink Me"],"picked":"Astrolabe"}],"items_purged_floors":[22],"is_endless":false,"potions_floor_spawned":[7,14,16,18,24,25,28],"killed_by":"3 Cultists","ascension_level":0}}