{"host":"mydft8i2zzydgggw","time":1610325087,"event":{"mods":["AchievementEnabler","BaseMod","BetterRewards","Colored Map","Colored Powertips","DeckTracker","Keyboard Shortcuts","Minty Spire (QoL Compilation)","Rare Cards Sparkle","StSLib","SuperFastMode","everything is the same but u backflip on backflip"],"gold_per_floor":[112,122,72,72,91,91,121,121,195,195,221,221,237,237,237,361,424,448,448,462,482,407,407,428,446,446,473,524,536,463,205,205,333,333,352,332,81,81,106,106,146,146,170,170,191,226,25,48,48,48],"floor_reached":51,"playtime":966,"items_purged":["Defend_R","Feel No Pain","Dropkick"],"score":933,"play_id":"6aa1d216-cae9-4fa2-b628-de5bf6bef6f2","local_time":"20210111093127","is_ascension_mode":true,"campfire_choices":[{"data":"Pommel Strike","floor":6,"key":"SMITH"},{"data":"Shockwave","floor":8,"key":"SMITH"},{"data":"Bash","floor":10,"key":"SMITH"},{"data":"Inflame","floor":12,"key":"SMITH"},{"floor":15,"key":"REST"},{"data":"Reaper","floor":23,"key":"SMITH"},{"floor":32,"key":"REST"},{"data":"Limit Break","floor":40,"key":"SMITH"},{"floor":42,"key":"REST"},{"floor":49,"key":"RECALL"}],"circlet_count":0,"master_deck":["Bash+1","Pommel Strike+1","Shockwave+1","Inflame+1","Reaper+1","Heavy Blade+1","Spot Weakness+1","Limit Break+1","Sword Boomerang+1","Inflame+1","Heavy Blade+1"],"relics":["Burning Blood","Juzu Bracelet","Matryoshka","Gambling Chip","Golden Idol","Tiny House","Pantograph","MawBank","PreservedInsect","Question Card","Du-Vu Doll","Bag of Preparation","Pandora\u0027s Box","Sling","Mummified Hand","Orichalcum","Incense Burner"],"acts_visited":["Exordium","TheCity","TheBeyond"],"potions_floor_usage":[7,7,7,16,21,24,28,33,48],"damage_taken":[{"damage":0,"enemies":"Small Slimes","floor":1,"turns":3},{"damage":7,"enemies":"2 Louse","floor":2,"turns":3},{"damage":6,"enemies":"Cultist","floor":5,"turns":3},{"damage":15,"enemies":"3 Sentries","floor":7,"turns":4},{"damage":24,"enemies":"Gremlin Nob","floor":11,"turns":4},{"damage":9,"enemies":"3 Louse","floor":13,"turns":3},{"damage":79,"enemies":"The Guardian","floor":16,"turns":13},{"damage":12,"enemies":"Chosen","floor":18,"turns":4},{"damage":27,"enemies":"Spheric Guardian","floor":20,"turns":4},{"damage":7,"enemies":"Snecko","floor":21,"turns":3},{"damage":41,"enemies":"Cultist and Chosen","floor":24,"turns":5},{"damage":16,"enemies":"Centurion and Healer","floor":25,"turns":4},{"damage":17,"enemies":"Book of Stabbing","floor":28,"turns":3},{"damage":43,"enemies":"Champ","floor":33,"turns":8},{"damage":34,"enemies":"3 Shapes","floor":35,"turns":3},{"damage":30,"enemies":"Orb Walker","floor":39,"turns":3},{"damage":42,"enemies":"Nemesis","floor":41,"turns":3},{"damage":10,"enemies":"Sphere and 2 Shapes","floor":45,"turns":5},{"damage":3,"enemies":"Reptomancer","floor":46,"turns":2},{"damage":12,"enemies":"Writhing Mass","floor":48,"turns":2},{"damage":48,"enemies":"Awakened One","floor":50,"turns":5}],"seed_played":"2215841720133834460","potions_obtained":[{"floor":1,"key":"Fire Potion"},{"floor":2,"key":"DuplicationPotion"},{"floor":5,"key":"SteroidPotion"},{"floor":13,"key":"Regen Potion"},{"floor":17,"key":"SteroidPotion"},{"floor":20,"key":"Fire Potion"},{"floor":21,"key":"Dexterity Potion"},{"floor":25,"key":"Block Potion"},{"floor":36,"key":"SpeedPotion"},{"floor":46,"key":"BloodPotion"}],"is_trial":false,"path_per_floor":["M","M","?","?","M","R","E","R","T","R","E","R","M","?","R","B",null,"M","?","M","M","?","R","M","M","T","T","E","?","?","$","R","B",null,"M","?","$","?","M","R","E","R","T","?","M","E","$","M","R","B",null],"character_chosen":"IRONCLAD","items_purchased":["FairyPotion","CultistPotion","Sling","LiquidMemories"],"campfire_rested":3,"item_purchase_floors":[31,31,37,47],"current_hp_per_floor":[80,79,79,79,79,79,70,70,70,70,52,52,49,49,71,7,62,63,63,42,41,41,41,22,48,48,48,37,37,37,37,60,42,70,67,67,67,67,68,68,32,55,55,79,79,79,79,73,73,79],"gold":48,"neow_bonus":"REMOVE_CARD","is_daily":false,"chose_seed":false,"campfire_upgraded":6,"win_rate":0.0,"timestamp":1610325087,"path_taken":["M","M","?","?","?","R","E","R","T","R","E","R","M","?","R","BOSS","M","?","M","M","?","R","M","M","T","?","E","?","?","$","R","BOSS","M","?","?","?","M","R","E","R","T","?","M","E","$","M","R","BOSS"],"items_purchased_type":["Potion","Potion","Relic","Potion"],"build_version":"2020-12-22","purchased_purges":3,"victory":true,"max_hp_per_floor":[80,80,80,80,80,80,80,80,80,80,80,80,80,74,74,74,79,79,79,79,79,79,79,79,79,79,79,79,79,79,79,79,79,79,79,79,79,79,79,79,79,79,79,79,79,79,79,79,79,79],"card_choices":[{"not_picked":["Sever Soul","Shrug It Off","Warcry"],"picked":"SKIP","floor":1},{"not_picked":["Fire Breathing","Twin Strike"],"picked":"Pommel Strike","floor":2},{"not_picked":["Cleave","Clash","Shrug It Off"],"picked":"SKIP","floor":5},{"not_picked":["Double Tap","Cleave"],"picked":"Shockwave","floor":7},{"not_picked":["Flex","Wild Strike"],"picked":"Inflame","floor":11},{"not_picked":["Headbutt","Flame Barrier","Iron Wave"],"picked":"SKIP","floor":13},{"not_picked":["Brutality","Barricade"],"picked":"Reaper","floor":16},{"not_picked":["Thunderclap","Flame Barrier","Sever Soul+1"],"picked":"SKIP","floor":18},{"not_picked":["Clash","Shrug It Off+1"],"picked":"Heavy Blade+1","floor":20},{"not_picked":["Thunderclap","Shrug It Off","Pommel Strike"],"picked":"SKIP","floor":21},{"not_picked":["Feed","Twin Strike"],"picked":"Spot Weakness+1","floor":24},{"not_picked":["Anger+1","Body Slam","Clothesline"],"picked":"SKIP","floor":25},{"not_picked":["Fiend Fire","Battle Trance","Evolve+1"],"picked":"SKIP","floor":28},{"not_picked":["Immolate","Double Tap","Berserk"],"picked":"Limit Break","floor":33},{"not_picked":["Seeing Red+1","Flex","Sentinel+1"],"picked":"Sword Boomerang+1","floor":35},{"not_picked":["Twin Strike+1","Cleave","Disarm+1"],"picked":"Heavy Blade+1","floor":39},{"not_picked":["Whirlwind","Wild Strike","Sever Soul","Battle Trance+1"],"picked":"SKIP","floor":41},{"not_picked":["Armaments+1","Infernal Blade","Body Slam","Heavy Blade"],"picked":"SKIP","floor":45},{"not_picked":["Rage","Wild Strike+1","Pummel+1","Iron Wave+1"],"picked":"SKIP","floor":46},{"not_picked":["Cleave+1","Infernal Blade+1","Evolve","Twin Strike+1"],"picked":"SKIP","floor":48}],"player_experience":159633,"relics_obtained":[{"floor":7,"key":"Juzu Bracelet"},{"floor":9,"key":"Matryoshka"},{"floor":11,"key":"Gambling Chip"},{"floor":26,"key":"Pantograph"},{"floor":27,"key":"MawBank"},{"floor":27,"key":"PreservedInsect"},{"floor":28,"key":"Question Card"},{"floor":41,"key":"Mummified Hand"},{"floor":43,"key":"Orichalcum"},{"floor":46,"key":"Incense Burner"}],"event_choices":[{"cards_removed":["Strike_R"],"damage_healed":0,"gold_gain":0,"player_choice":"Card Removal","damage_taken":0,"max_hp_gain":0,"max_hp_loss":0,"event_name":"The Cleric","floor":3,"gold_loss":50},{"cards_removed":["Defend_R"],"damage_healed":0,"gold_gain":0,"player_choice":"Purged","damage_taken":0,"max_hp_gain":0,"max_hp_loss":0,"event_name":"Purifier","floor":4,"gold_loss":0},{"damage_healed":0,"gold_gain":0,"player_choice":"Lose Max HP","damage_taken":0,"relics_obtained":["Golden Idol"],"max_hp_gain":0,"max_hp_loss":6,"event_name":"Golden Idol","floor":14,"gold_loss":0},{"cards_removed":["Strike_R"],"damage_healed":0,"gold_gain":0,"player_choice":"Elegance","damage_taken":0,"max_hp_gain":0,"max_hp_loss":0,"event_name":"Back to Basics","floor":19,"gold_loss":0},{"cards_removed":["Strike_R"],"damage_healed":0,"gold_gain":0,"player_choice":"Gave Gold","damage_taken":0,"max_hp_gain":0,"max_hp_loss":0,"event_name":"Beggar","floor":22,"gold_loss":75},{"damage_healed":0,"gold_gain":0,"player_choice":"Opened","damage_taken":0,"relics_obtained":["Du-Vu Doll"],"max_hp_gain":0,"max_hp_loss":0,"event_name":"The Mausoleum","floor":29,"gold_loss":0},{"damage_healed":0,"gold_gain":0,"player_choice":"Obtained Relic","damage_taken":0,"relics_obtained":["Bag of Preparation"],"max_hp_gain":0,"max_hp_loss":0,"event_name":"Addict","floor":30,"gold_loss":85},{"damage_healed":0,"gold_gain":0,"player_choice":"Bought 1 Potion","damage_taken":0,"max_hp_gain":0,"max_hp_loss":0,"event_name":"The Woman in Blue","floor":36,"gold_loss":0},{"damage_healed":0,"gold_gain":0,"player_choice":"Copied","damage_taken":0,"max_hp_gain":0,"max_hp_loss":0,"event_name":"Duplicator","floor":38,"gold_loss":0,"cards_obtained":["Inflame"]},{"cards_removed":["Combust"],"damage_healed":24,"gold_gain":0,"player_choice":"Offered Uncommon","damage_taken":0,"max_hp_gain":0,"max_hp_loss":0,"event_name":"Bonfire Elementals","floor":44,"gold_loss":0}],"is_beta":false,"boss_relics":[{"not_picked":["Runic Dome","SacredBark"],"picked":"Tiny House"},{"not_picked":["Astrolabe","Mark of Pain"],"picked":"Pandora\u0027s Box"}],"items_purged_floors":[31,37,47],"is_endless":false,"potions_floor_spawned":[1,2,5,13,20,21,25,46],"ascension_level":5}}