{"host":"x7xd4wkamhrqrrvw","time":1610399734,"event":{"mods":["BaseMod","Minty Spire (QoL Compilation)","StSLib"],"gold_per_floor":[117,136,155,170,170,211,211,211,211],"floor_reached":8,"playtime":342,"items_purged":[],"score":84,"play_id":"6ad16f70-308e-4cf2-8113-caac43b976a9","local_time":"20210111191534","is_ascension_mode":true,"campfire_choices":[{"data":"Havoc","floor":7,"key":"SMITH"}],"circlet_count":0,"master_deck":["Strike_R","Strike_R","Strike_R","Strike_R","Defend_R","Defend_R","Defend_R","Defend_R","Bash","Cleave","Flex","Havoc+1","Seeing Red","Rampage"],"relics":["Burning Blood","Golden Idol","Pocketwatch"],"acts_visited":["Exordium"],"potions_floor_usage":[],"damage_taken":[{"damage":11,"enemies":"Small Slimes","floor":1,"turns":4},{"damage":2,"enemies":"Jaw Worm","floor":2,"turns":3},{"damage":0,"enemies":"Cultist","floor":3,"turns":4},{"damage":2,"enemies":"2 Fungi Beasts","floor":4,"turns":4},{"damage":73,"enemies":"Gremlin Nob","floor":6,"turns":6},{"damage":25,"enemies":"Lagavulin","floor":8,"turns":5}],"seed_played":"-5723255320385089712","potions_obtained":[{"floor":3,"key":"FairyPotion"},{"floor":6,"key":"LiquidBronze"}],"is_trial":false,"path_per_floor":["M","M","M","M","?","E","R","E"],"character_chosen":"IRONCLAD","items_purchased":[],"campfire_rested":0,"item_purchase_floors":[],"current_hp_per_floor":[67,71,77,80,60,30,30,5,5],"gold":211,"neow_bonus":"TRANSFORM_CARD","is_daily":false,"chose_seed":false,"campfire_upgraded":1,"win_rate":0.0,"timestamp":1610399734,"path_taken":["M","M","M","M","?","E","R","E"],"items_purchased_type":[],"build_version":"2020-12-22","purchased_purges":0,"victory":false,"max_hp_per_floor":[80,80,80,80,80,80,80,80,80],"card_choices":[{"not_picked":["Combust","Armaments"],"picked":"Flex","floor":1},{"not_picked":["Perfected Strike","Twin Strike"],"picked":"Havoc","floor":2},{"not_picked":["Clash","Intimidate","Wild Strike"],"picked":"SKIP","floor":3},{"not_picked":["Cleave","Flex"],"picked":"Seeing Red","floor":4},{"not_picked":["Blood for Blood","Thunderclap"],"picked":"Rampage","floor":6}],"player_experience":304930,"relics_obtained":[{"floor":6,"key":"Pocketwatch"}],"event_choices":[{"damage_healed":0,"gold_gain":0,"player_choice":"Take Damage","damage_taken":20,"relics_obtained":["Golden Idol"],"max_hp_gain":0,"max_hp_loss":0,"event_name":"Golden Idol","floor":5,"gold_loss":0}],"is_beta":false,"boss_relics":[],"items_purged_floors":[],"is_endless":false,"potions_floor_spawned":[3,6],"killed_by":"Lagavulin","ascension_level":9}}