{"host":"eu5wvbbtjeiar27l","time":1610405311,"event":{"mods":["BaseMod","Colored Powertips","Conspire","Hubris","Infinite Spire","Minty Spire (QoL Compilation)","Rare Cards Sparkle","StSLib","vexMod"],"gold_per_floor":[113,113,124,143,159,159,192,192,261,261,286,286,297,328,328,427,477,497,497,508,523,534,567,567,584,608,620,630,261,261,278,278,381,381,401,417,417,417,174,205,7,7,7,27,40,56,0,14,14,14,14],"floor_reached":50,"playtime":3803,"items_purged":["Strike_B","Defend_B"],"score":543,"play_id":"85ac312b-e766-42a3-b320-6c1406b6a134","local_time":"20210111224831","is_ascension_mode":false,"campfire_choices":[{"data":"Glacier","floor":6,"key":"SMITH"},{"data":"Chill","floor":8,"key":"SMITH"},{"data":"Barrage","floor":10,"key":"SMITH"},{"data":"Coolheaded","floor":15,"key":"SMITH"},{"floor":30,"key":"REST"},{"data":"Glacier","floor":32,"key":"SMITH"},{"floor":42,"key":"REST"},{"floor":49,"key":"REST"}],"circlet_count":0,"master_deck":["Strike_B+1","Strike_B+1","Defend_B","Defend_B","Defend_B","Zap+1","Dualcast","Barrage+1","Chill+1","Ball Lightning+1","Glacier+1","Conserve Battery","Coolheaded+1","White Noise+1","Lockon","Electrodynamics","Conserve Battery","Glacier+1","Buffer","Conserve Battery+1","Barrage","Conserve Battery+1","Redo+1","Amplify","Barrage+1","Madness","Madness","Ball Lightning","Chill","Conserve Battery+1"],"relics":["NeowsBlessing","StoneCalendar","Pen Nib","hubris:BundleOfHerbs","Tiny House","Nloth\u0027s Gift","Whetstone","Blood Vial","Runic Capacitor","War Paint","hubris:VirtuousBlindfold","hubris:Towel","Happy Flower","HornCleat","Strawberry","TungstenRod","Red Mask"],"acts_visited":["Exordium","TheCity","TheBeyond"],"potions_floor_usage":[5,14,16,23,25,50,50,50],"damage_taken":[{"damage":0,"enemies":"Small Slimes","floor":1,"turns":1},{"damage":0,"enemies":"Cultist","floor":3,"turns":1},{"damage":0,"enemies":"2 Louse","floor":4,"turns":1},{"damage":0,"enemies":"Lots of Slimes","floor":5,"turns":1},{"damage":12,"enemies":"Gremlin Nob","floor":7,"turns":4},{"damage":2,"enemies":"3 Sentries","floor":11,"turns":6},{"damage":0,"enemies":"Large Slime","floor":13,"turns":6},{"damage":12,"enemies":"Gremlin Nob","floor":14,"turns":4},{"damage":7,"enemies":"The Guardian","floor":16,"turns":11},{"damage":8,"enemies":"Chosen","floor":18,"turns":5},{"damage":3,"enemies":"Shell Parasite","floor":20,"turns":5},{"damage":7,"enemies":"Shelled Parasite and Fungi","floor":21,"turns":7},{"damage":18,"enemies":"Sentry and Sphere","floor":22,"turns":7},{"damage":27,"enemies":"Gremlin Leader","floor":23,"turns":7},{"damage":9,"enemies":"Snake Plant","floor":25,"turns":6},{"damage":6,"enemies":"3 Cultists","floor":27,"turns":4},{"damage":14,"enemies":"Shelled Parasite and Fungi","floor":28,"turns":7},{"damage":3,"enemies":"Centurion and Healer","floor":31,"turns":4},{"damage":4,"enemies":"Champ","floor":33,"turns":10},{"damage":0,"enemies":"3 Shapes","floor":35,"turns":4},{"damage":1,"enemies":"Orb Walker","floor":36,"turns":3},{"damage":65,"enemies":"Reptomancer","floor":40,"turns":7},{"damage":0,"enemies":"Jaw Worm Horde","floor":44,"turns":4},{"damage":0,"enemies":"4 Shapes","floor":45,"turns":5},{"damage":0,"enemies":"Sphere and 2 Shapes","floor":46,"turns":5},{"damage":37,"enemies":"Transient","floor":48,"turns":5},{"damage":44,"enemies":"Time Eater","floor":50,"turns":9}],"seed_played":"6404275206732025330","potions_obtained":[{"floor":1,"key":"Explosive Potion"},{"floor":5,"key":"Ancient Potion"},{"floor":13,"key":"SpeedPotion"},{"floor":14,"key":"ColorlessPotion"},{"floor":17,"key":"DuplicationPotion"},{"floor":18,"key":"GamblersBrew"},{"floor":20,"key":"AttackPotion"},{"floor":21,"key":"Dexterity Potion"},{"floor":25,"key":"LiquidBronze"},{"floor":28,"key":"DistilledChaos"},{"floor":46,"key":"SteroidPotion"}],"is_trial":false,"path_per_floor":["M","?","M","M","M","R","E","R","T","R","E","?","M","E","R","B",null,"M","?","M","M","M","E","?","M","T","M","M","$","R","M","R","B",null,"M","M","?","?","$","E","$","R","T","M","M","M","?","M","R","B"],"character_chosen":"DEFECT","items_purchased":["Runic Capacitor","War Paint","Happy Flower","Strawberry","Ball Lightning"],"campfire_rested":3,"item_purchase_floors":[29,29,39,41,41],"current_hp_per_floor":[75,75,75,75,75,75,63,63,63,63,61,61,61,49,49,48,80,72,72,69,62,50,23,23,14,14,10,4,4,28,32,32,36,80,80,79,79,69,69,6,13,39,39,41,43,45,45,10,36,0,0],"gold":14,"neow_bonus":"THREE_ENEMY_KILL","is_daily":false,"chose_seed":false,"campfire_upgraded":5,"win_rate":0.0,"timestamp":1610405311,"path_taken":["M","?","M","?","?","R","E","R","T","R","E","?","M","E","R","BOSS","M","?","?","M","M","E","?","M","T","M","M","$","R","M","R","BOSS","M","?","?","?","?","E","$","R","T","M","?","M","?","M","R","BOSS"],"items_purchased_type":["Relic","Relic","Relic","Relic","Card"],"build_version":"2020-12-22","purchased_purges":2,"victory":false,"max_hp_per_floor":[75,75,75,75,75,75,75,75,75,75,75,75,75,75,75,75,80,80,80,80,80,80,80,80,80,80,80,80,80,80,80,80,80,80,80,80,80,80,80,80,87,87,87,87,87,87,87,87,87,87,87],"card_choices":[{"not_picked":["Rip and Tear","Gash"],"picked":"Barrage","floor":1},{"not_picked":["Streamline","Aggregate"],"picked":"Chill","floor":3},{"not_picked":["Heatsinks","Sweeping Beam"],"picked":"Ball Lightning","floor":4},{"not_picked":["Capacitor","Chill"],"picked":"Glacier","floor":5},{"not_picked":["Redo","Reinforced Body"],"picked":"Conserve Battery","floor":7},{"not_picked":["Hologram","Seek"],"picked":"Coolheaded","floor":11},{"not_picked":["Hologram","Darkness"],"picked":"White Noise","floor":13},{"not_picked":["Beam Cell","Streamline"],"picked":"Lockon","floor":14},{"not_picked":["Thunder Strike","Echo Form"],"picked":"Electrodynamics","floor":16},{"not_picked":["Redo","Leap"],"picked":"Conserve Battery","floor":17},{"not_picked":["hubris:SpecializedCircuitry","Beam Cell+1"],"picked":"Glacier","floor":18},{"not_picked":["Compile Driver","Streamline","Go for the Eyes"],"picked":"SKIP","floor":20},{"not_picked":["Fusion","Compile Driver"],"picked":"Buffer","floor":21},{"not_picked":["Cold Snap","Turbo"],"picked":"Conserve Battery","floor":22},{"not_picked":["Hologram","Biased Cognition"],"picked":"Barrage","floor":23},{"not_picked":["Gash+1","Hologram"],"picked":"Conserve Battery+1","floor":25},{"not_picked":["Compile Driver","Beam Cell"],"picked":"Redo+1","floor":27},{"not_picked":["Steam","Sweeping Beam","Recycle"],"picked":"SKIP","floor":28},{"not_picked":["hubris:SpecializedCircuitry","Stack","Cold Snap"],"picked":"SKIP","floor":31},{"not_picked":["Reboot","hubris:Prefetch"],"picked":"Amplify","floor":33},{"not_picked":["Rebound+1","Sweeping Beam","Stack+1"],"picked":"SKIP","floor":35},{"not_picked":["Go for the Eyes+1","Auto Shields+1"],"picked":"Barrage+1","floor":36},{"not_picked":["Rebound+1","Sunder","Conserve Battery"],"picked":"SKIP","floor":40},{"not_picked":["Double Energy","Scrape+1","Steam Power+1"],"picked":"SKIP","floor":44},{"not_picked":["Coolheaded","Sweeping Beam+1"],"picked":"Chill","floor":45},{"not_picked":["Cold Snap+1","Rebound+1"],"picked":"Conserve Battery+1","floor":46},{"not_picked":["Sweeping Beam+1","Auto Shields+1","Fission"],"picked":"SKIP","floor":48}],"player_experience":79251,"relics_obtained":[{"floor":7,"key":"StoneCalendar"},{"floor":11,"key":"Pen Nib"},{"floor":14,"key":"hubris:BundleOfHerbs"},{"floor":23,"key":"Whetstone"},{"floor":26,"key":"Blood Vial"},{"floor":40,"key":"HornCleat"},{"floor":43,"key":"TungstenRod"}],"event_choices":[{"cards_removed":["Strike_B"],"damage_healed":0,"gold_gain":0,"player_choice":"Offered Basic","damage_taken":0,"max_hp_gain":0,"max_hp_loss":0,"event_name":"Bonfire Elementals","floor":2,"gold_loss":0},{"damage_healed":0,"gold_gain":0,"player_choice":"Ignored","damage_taken":0,"max_hp_gain":0,"max_hp_loss":0,"event_name":"NoteForYourself","floor":12,"gold_loss":0},{"damage_healed":0,"gold_gain":0,"player_choice":"Traded Relic","damage_taken":0,"relics_obtained":["Nloth\u0027s Gift"],"max_hp_gain":0,"max_hp_loss":0,"event_name":"N\u0027loth","floor":19,"relics_lost":["Cracked Core"],"gold_loss":0},{"damage_healed":0,"gold_gain":0,"player_choice":"Upgraded","damage_taken":0,"max_hp_gain":0,"max_hp_loss":0,"event_name":"Upgrade Shrine","floor":24,"gold_loss":0,"cards_upgraded":["Zap"]},{"damage_healed":0,"gold_gain":0,"player_choice":"Embrace Madness","damage_taken":10,"max_hp_gain":0,"max_hp_loss":0,"event_name":"Winding Halls","floor":38,"gold_loss":0,"cards_obtained":["Madness","Madness"]},{"damage_healed":0,"gold_gain":0,"player_choice":"Paid","damage_taken":0,"relics_obtained":["Red Mask"],"max_hp_gain":0,"max_hp_loss":0,"event_name":"Tomb of Lord Red Mask","floor":47,"gold_loss":56}],"is_beta":false,"boss_relics":[{"not_picked":["vexMod:EndlessSickness","Ectoplasm"],"picked":"Tiny House"},{"not_picked":["vexMod:BigBerry","Cursed Key"],"picked":"hubris:VirtuousBlindfold"}],"items_purged_floors":[29,39],"is_endless":false,"potions_floor_spawned":[1,5,13,14,18,20,21,25,28,31,35,44,46],"killed_by":"Time Eater","ascension_level":0}}