{"host":"yq7vhdvcv08g2502","time":1610332210,"event":{"mods":["2.2 Compatiblity","AchievementEnabler","Act Like it!","BaseMod","CapriCore","Colored Powertips","Custom Start","Gensokyo","Marisa????????","Minty Spire (QoL Compilation)","Quick Restart","Reimu??????","StSLib","The Servant 0.9.4"],"gold_per_floor":[18,18,18,30,30,62,62,62,89,89,89,1,13,30,30,330,330],"floor_reached":16,"playtime":777,"items_purged":[],"score":145,"play_id":"9ca76845-6613-47bb-a373-bd8af3849d16","local_time":"20210111023010","is_ascension_mode":true,"campfire_choices":[{"floor":7,"key":"REST"},{"data":"EarthLightRay","floor":15,"key":"SMITH"}],"circlet_count":0,"master_deck":["Strike_MRS","Strike_MRS","Defend_MRS","Defend_MRS","MasterSpark","UpSweep","GrandCross","DoubleSpark","Pain","MilkyWay+1","Gensokyo:LockedMedkit","EarthLightRay+1"],"relics":["MiniHakkero","Pear","Gensokyo:LunaticRedEyes","Strawberry","MealTicket"],"acts_visited":["Gensokyo:Gensokyo"],"potions_floor_usage":[1,6,6,6],"damage_taken":[{"damage":7,"enemies":"Gensokyo:2_Kodama","floor":1,"turns":3},{"damage":0,"enemies":"Gensokyo:3_Fairies","floor":4,"turns":3},{"damage":23,"enemies":"Gensokyo:Aya","floor":6,"turns":5},{"damage":1,"enemies":"Gensokyo:Python","floor":13,"turns":3},{"damage":2,"enemies":"Gensokyo:LivingMonolith","floor":14,"turns":3},{"damage":93,"enemies":"Gensokyo:Reimu","floor":16,"turns":11}],"seed_played":"-2785282871588731802","potions_obtained":[{"floor":1,"key":"EntropicBrew"},{"floor":6,"key":"SmokeBomb"}],"is_trial":false,"path_per_floor":["M","?","?","M","?","E","R","?","T","?","?","COS","M","M","R","B"],"character_chosen":"MARISA","items_purchased":[],"campfire_rested":1,"item_purchase_floors":[],"current_hp_per_floor":[68,63,46,46,46,42,69,69,69,69,69,69,68,70,70,0,0],"gold":330,"neow_bonus":"REMOVE_TWO","is_daily":false,"chose_seed":false,"campfire_upgraded":1,"win_rate":0.0,"timestamp":1610332210,"path_taken":["M","?","?","M","?","E","R","?","T","?","?","COS","?","M","R","BOSS"],"items_purchased_type":[],"build_version":"2020-12-22","purchased_purges":0,"victory":false,"max_hp_per_floor":[75,85,85,85,85,92,92,92,92,92,92,92,92,92,92,92,92],"card_choices":[{"not_picked":["SuperPerseids","ManaConvection"],"picked":"GrandCross","floor":1},{"not_picked":["GravityBeat","MysteriousBeam"],"picked":"DoubleSpark","floor":4},{"not_picked":["Acceleration","DeepEcoloBomb"],"picked":"MilkyWay","floor":6},{"not_picked":["MeteoricShower","MysteriousBeam"],"picked":"EarthLightRay","floor":13},{"not_picked":["LuminesStrike","SporeBomb","MysteriousBeam"],"picked":"SKIP","floor":14}],"player_experience":277870,"relics_obtained":[{"floor":6,"key":"Strawberry"},{"floor":9,"key":"MealTicket"}],"event_choices":[],"is_beta":false,"boss_relics":[],"items_purged_floors":[],"is_endless":false,"potions_floor_spawned":[1,6],"killed_by":"Gensokyo:Reimu","ascension_level":5}}