{"host":"bplbr8uekuotory4","time":1610355908,"event":{"mods":["Act Like it!","BaseMod","Custom Start","Gensokyo","GungeonMod","Hermit","KinomotoSakuraMod(ƒæ÷Æ±æ”£)","Koishi","Marisa£®ÏF”Í°°ƒß¿Ì…≥£©","Minty Spire (QoL Compilation)","Prisma Mod","Quick Restart","Reimu£®≤©¿ˆ¡È√Œ£©","SOS£®Àπ∞Õ¥Ô÷Æ◊”£©","Spicy Shops","StSLib","TestMod","The Alterego","The Blackbeard","The Cursed","The Marked","The Mystic","The Runesmith","The Saiyan","The Servant 0.9.4","Yuri Mod","[IsaacMod]“‘»ˆº‚À˛","vexMod"],"gold_per_floor":[112,387,166,166,166,199,218,257,257,273,312,331,44,60,60,60,60],"floor_reached":16,"playtime":478,"items_purged":["Regret"],"score":152,"play_id":"6bef8ef2-5f4a-46cc-a5d1-d58317da35da","local_time":"20210111170508","is_ascension_mode":true,"campfire_choices":[{"data":"alterego_mod:Santa","floor":15,"key":"SMITH"}],"circlet_count":0,"master_deck":["alterego_mod:Strike","alterego_mod:Strike","alterego_mod:Strike","alterego_mod:Strike","alterego_mod:Defend","alterego_mod:Defend","alterego_mod:Defend","alterego_mod:Impale","alterego_mod:BigMeatyClaws","alterego_mod:BrynhildrsRune","alterego_mod:Cushion","alterego_mod:SuperDuperMasochism","alterego_mod:IndependentAction","alterego_mod:Swimsuit","alterego_mod:Santa+1","Bomb"],"relics":["alterego_mod:MasochisticConstitution","testmod-TestBox","HushsDoor","GuppysTail","testmod-ArcanaOfDestiny","NeowsBlessing","Orichalcum","Golden Idol","FossilizedHelix","Happy Flower","DemoMod:GlassGuonStoneRelic","Tea:ReiMu","vexMod:PlasmaPancake"],"acts_visited":["Exordium"],"potions_floor_usage":[8,11,16],"damage_taken":[{"damage":0,"enemies":"2 Louse","floor":1,"turns":1},{"damage":0,"enemies":"Lagavulin","floor":6,"turns":1},{"damage":0,"enemies":"Cultist","floor":7,"turns":1},{"damage":2,"enemies":"3 Sentries","floor":8,"turns":12},{"damage":0,"enemies":"Jaw Worm","floor":10,"turns":3},{"damage":15,"enemies":"Lagavulin","floor":11,"turns":7},{"damage":0,"enemies":"Exordium Wildlife","floor":12,"turns":5},{"damage":0,"enemies":"3 Louse","floor":14,"turns":1},{"damage":0,"enemies":"Hexaghost","floor":16,"turns":2}],"seed_played":"6527369910621985388","potions_obtained":[{"floor":1,"key":"SneckoOil"},{"floor":7,"key":"DemoMod:LeadSkinPotion"},{"floor":8,"key":"Block Potion"},{"floor":10,"key":"Fire Potion"}],"is_trial":false,"path_per_floor":["M","?","$","?","?","E","M","E","T","M","E","M","$","M","R","B"],"character_chosen":"The_Alterego","items_purchased":["Orichalcum","alterego_mod:Cushion","vexMod:PlasmaPancake"],"campfire_rested":0,"item_purchase_floors":[3,3,13],"current_hp_per_floor":[70,70,70,63,46,46,46,45,45,45,38,38,44,44,44,44,44],"gold":60,"neow_bonus":"THREE_ENEMY_KILL","is_daily":false,"chose_seed":false,"campfire_upgraded":1,"win_rate":0.0,"timestamp":1610355908,"path_taken":["M","?","$","?","?","E","M","E","T","M","E","M","$","M","R","BOSS"],"items_purchased_type":["Relic","Card","Relic"],"build_version":"2020-12-22","purchased_purges":1,"victory":false,"max_hp_per_floor":[70,70,70,70,70,70,70,71,71,71,72,72,78,78,78,78,78],"card_choices":[{"not_picked":["alterego_mod:Jiggle","alterego_mod:Cycle","alterego_mod:Exercise"],"picked":"SKIP","floor":1},{"not_picked":["alterego_mod:BiFurious","alterego_mod:Tantrum"],"picked":"alterego_mod:SuperDuperMasochism","floor":6},{"not_picked":["alterego_mod:TrashNCrash","alterego_mod:Bounce"],"picked":"alterego_mod:IndependentAction","floor":7},{"not_picked":["alterego_mod:Skirt","alterego_mod:PresenceConcealment"],"picked":"alterego_mod:Swimsuit","floor":8},{"not_picked":["alterego_mod:Lingerie","alterego_mod:Clap"],"picked":"alterego_mod:Santa","floor":10},{"not_picked":["alterego_mod:PurpleHair","alterego_mod:Rip","alterego_mod:Jiggle"],"picked":"SKIP","floor":11},{"not_picked":["alterego_mod:Pet","alterego_mod:Skirt"],"picked":"Bomb","floor":12},{"not_picked":["alterego_mod:Cycle","alterego_mod:Alter","alterego_mod:Maid"],"picked":"SKIP","floor":14}],"player_experience":1190291,"relics_obtained":[{"floor":6,"key":"FossilizedHelix"},{"floor":8,"key":"Happy Flower"},{"floor":11,"key":"Tea:ReiMu"}],"event_choices":[{"damage_healed":0,"gold_gain":275,"player_choice":"Desecrate","damage_taken":0,"max_hp_gain":0,"max_hp_loss":0,"event_name":"Golden Shrine","floor":2,"gold_loss":0,"cards_obtained":["Regret"]},{"cards_removed":["alterego_mod:Defend"],"damage_healed":0,"gold_gain":0,"player_choice":"Card Removal","damage_taken":7,"max_hp_gain":0,"max_hp_loss":0,"event_name":"Golden Wing","floor":4,"gold_loss":0},{"damage_healed":0,"gold_gain":0,"player_choice":"Take Damage","damage_taken":17,"relics_obtained":["Golden Idol"],"max_hp_gain":0,"max_hp_loss":0,"event_name":"Golden Idol","floor":5,"gold_loss":0}],"is_beta":false,"boss_relics":[],"items_purged_floors":[3],"is_endless":false,"potions_floor_spawned":[1,7,8,10],"killed_by":"Hexaghost","ascension_level":1}}