{"host":"q1yq0ibtlljsjzm9","time":1610402955,"event":{"mods":["BaseMod","DeckTracker","GifTheSpireLib","Minty Spire (QoL Compilation)","StSLib","The Servant 0.9.4"],"gold_per_floor":[115,135,135,36,55,55,86,101,127,160,160,160,179,192,192,292,292,232,232,232,232,232,232,232],"floor_reached":23,"playtime":1081,"items_purged":[],"score":291,"play_id":"1591dafc-da4d-463e-afb4-5bc55844ec4e","local_time":"20210111140915","is_ascension_mode":true,"campfire_choices":[{"data":"Sunder","floor":6,"key":"SMITH"},{"floor":12,"key":"REST"},{"floor":15,"key":"REST"}],"circlet_count":0,"master_deck":["Strike_B+1","Strike_B+1","Strike_B+1","Strike_B+1","Defend_B+1","Defend_B+1","Defend_B+1","Defend_B+1","Zap+1","Dualcast","Sweeping Beam","Beam Cell","Sunder+1","Echo Form","Chaos","Lockon","Pain","Static Discharge","Conserve Battery","Rainbow","Ball Lightning","Conserve Battery","Beam Cell","Ghostly","Ghostly","Ghostly","Ghostly","Ghostly"],"relics":["Cracked Core","NeowsBlessing","MealTicket","Toy Ornithopter","Nunchaku","WarpedTongs","Ectoplasm"],"acts_visited":["Exordium","TheCity"],"potions_floor_usage":[8,19,20],"damage_taken":[{"damage":0,"enemies":"Jaw Worm","floor":1,"turns":1},{"damage":0,"enemies":"Cultist","floor":2,"turns":1},{"damage":0,"enemies":"2 Louse","floor":5,"turns":1},{"damage":50,"enemies":"3 Sentries","floor":7,"turns":11},{"damage":13,"enemies":"Red Slaver","floor":8,"turns":2},{"damage":34,"enemies":"Gremlin Nob","floor":10,"turns":4},{"damage":0,"enemies":"Large Slime","floor":13,"turns":3},{"damage":8,"enemies":"3 Louse","floor":14,"turns":2},{"damage":4,"enemies":"Slime Boss","floor":16,"turns":6},{"damage":36,"enemies":"2 Thieves","floor":18,"turns":4},{"damage":25,"enemies":"Shell Parasite","floor":19,"turns":3},{"damage":17,"enemies":"Snake Plant","floor":20,"turns":5},{"damage":7,"enemies":"Book of Stabbing","floor":23,"turns":4}],"seed_played":"-1680349159503084896","potions_obtained":[{"floor":7,"key":"AttackPotion"},{"floor":8,"key":"SteroidPotion"},{"floor":10,"key":"Block Potion"},{"floor":13,"key":"EssenceOfDarkness"},{"floor":20,"key":"Ancient Potion"}],"is_trial":false,"path_per_floor":["M","M","?","$","M","R","E","M","T","E","?","R","M","M","R","B",null,"M","M","M","?","?","E"],"character_chosen":"DEFECT","items_purchased":["FairyPotion"],"campfire_rested":2,"item_purchase_floors":[4],"current_hp_per_floor":[75,75,75,75,75,75,25,12,12,6,6,28,28,20,42,38,75,39,19,7,7,7,0,0],"gold":232,"neow_bonus":"THREE_ENEMY_KILL","is_daily":false,"chose_seed":false,"campfire_upgraded":1,"win_rate":0.0,"timestamp":1610402955,"path_taken":["M","M","?","?","M","R","E","M","T","E","?","R","M","M","R","BOSS","M","M","M","?","?","E"],"items_purchased_type":["Potion"],"build_version":"2020-12-22","purchased_purges":0,"victory":false,"max_hp_per_floor":[75,75,75,75,75,75,75,75,75,75,75,75,75,75,75,75,75,75,75,75,75,37,37,37],"card_choices":[{"not_picked":["Stack","Rebound"],"picked":"Sweeping Beam","floor":1},{"not_picked":["Rebound","Turbo"],"picked":"Beam Cell","floor":2},{"not_picked":["Hologram","Glacier"],"picked":"Sunder","floor":5},{"not_picked":["Beam Cell","Redo"],"picked":"Echo Form","floor":7},{"not_picked":["Compile Driver","Glacier"],"picked":"Chaos","floor":8},{"not_picked":["Ball Lightning","Turbo"],"picked":"Lockon","floor":10},{"not_picked":["Glacier","Gash"],"picked":"Static Discharge","floor":13},{"not_picked":["Ball Lightning","Cold Snap"],"picked":"Conserve Battery","floor":14},{"not_picked":["Thunder Strike","Multi-Cast"],"picked":"Rainbow","floor":16},{"not_picked":["Beam Cell","Gash"],"picked":"Ball Lightning","floor":18},{"not_picked":["Doom and Gloom","Steam+1"],"picked":"Conserve Battery","floor":19},{"not_picked":["Ball Lightning","Fusion"],"picked":"Beam Cell","floor":20}],"player_experience":69955,"relics_obtained":[{"floor":7,"key":"MealTicket"},{"floor":9,"key":"Toy Ornithopter"},{"floor":10,"key":"Nunchaku"}],"event_choices":[{"damage_healed":0,"gold_gain":0,"player_choice":"Upgraded","damage_taken":0,"max_hp_gain":0,"max_hp_loss":0,"event_name":"Upgrade Shrine","floor":3,"gold_loss":0,"cards_upgraded":["Zap"]},{"damage_healed":0,"gold_gain":0,"player_choice":"Rummage","damage_taken":0,"relics_obtained":["WarpedTongs"],"max_hp_gain":0,"max_hp_loss":0,"event_name":"Accursed Blacksmith","floor":11,"gold_loss":0,"cards_obtained":["Pain"]},{"damage_healed":0,"gold_gain":0,"player_choice":"Simplicity","damage_taken":0,"max_hp_gain":0,"max_hp_loss":0,"event_name":"Back to Basics","floor":21,"gold_loss":0,"cards_upgraded":["Strike_B","Strike_B","Strike_B","Strike_B","Defend_B","Defend_B","Defend_B","Defend_B"]},{"damage_healed":0,"gold_gain":0,"player_choice":"Became a Ghost","damage_taken":0,"max_hp_gain":0,"max_hp_loss":38,"event_name":"Ghosts","floor":22,"gold_loss":0,"cards_obtained":["Ghostly","Ghostly","Ghostly","Ghostly","Ghostly"]}],"is_beta":false,"boss_relics":[{"not_picked":["Runic Dome","Astrolabe"],"picked":"Ectoplasm"}],"items_purged_floors":[],"is_endless":false,"potions_floor_spawned":[7,8,10,13,19,20],"killed_by":"Book of Stabbing","ascension_level":1}}