{"host":"i1h39d0gfh5c6uxl","time":1610350775,"event":{"mods":["AchievementEnabler","BaseMod","Colored Map","Colored Powertips","Highlight Path","Minty Spire (QoL Compilation)"],"gold_per_floor":[111,111,11,11,11,37,37,56,56,56,73,93,193,207,207,307,307,323,176,186,96,96,96],"floor_reached":22,"playtime":846,"items_purged":["Strike_R"],"score":184,"play_id":"3f012d5d-bbfd-4ed4-a380-2cc9f090ef8f","local_time":"20210111153935","is_ascension_mode":false,"campfire_choices":[{"data":"Armaments","floor":7.0,"key":"SMITH"},{"floor":10,"key":"REST"},{"data":"Demon Form","floor":15,"key":"SMITH"}],"circlet_count":0,"master_deck":["Strike_R","Strike_R","Defend_R","Defend_R","Defend_R","Defend_R","Bash","Clothesline","Clash","Armaments+1","True Grit","Demon Form+1","Bloodletting","Headbutt+1","Fiend Fire","Heavy Blade+1"],"relics":["Runic Pyramid"],"acts_visited":["Exordium","TheCity"],"potions_floor_usage":[14,16,16,16],"damage_taken":[{"damage":4.0,"enemies":"2 Louse","floor":1.0,"turns":3.0},{"damage":30.0,"enemies":"Gremlin Nob","floor":6.0,"turns":5.0},{"damage":1.0,"enemies":"Cultist","floor":8.0,"turns":4.0},{"damage":7,"enemies":"Jaw Worm","floor":11,"turns":4},{"damage":3,"enemies":"Large Slime","floor":12,"turns":4},{"damage":6,"enemies":"Gremlin Gang","floor":14,"turns":6},{"damage":13,"enemies":"Slime Boss","floor":16,"turns":7},{"damage":38,"enemies":"2 Thieves","floor":18,"turns":5},{"damage":20,"enemies":"Spheric Guardian","floor":20,"turns":4},{"damage":28,"enemies":"3 Cultists","floor":22,"turns":4}],"seed_played":"5767849470837738436","potions_obtained":[{"floor":6.0,"key":"DuplicationPotion"},{"floor":11,"key":"AttackPotion"},{"floor":12,"key":"BloodPotion"},{"floor":14,"key":"Swift Potion"}],"is_trial":false,"path_per_floor":["M","?","$","?","T","E","R","M","T","R","M","M","?","M","R","B",null,"M","$","M","?","M"],"character_chosen":"IRONCLAD","items_purchased":["Armaments","True Grit","LiquidMemories"],"campfire_rested":1,"item_purchase_floors":[3,3,19],"current_hp_per_floor":[76,76,76,76,76,46,46,45,45,69,62,59,59,69,69,56,80,42,42,22,22,0,0],"gold":96,"neow_bonus":"BOSS_RELIC","is_daily":false,"chose_seed":false,"campfire_upgraded":2,"win_rate":0.0,"timestamp":1610350775,"path_taken":["M","?","?","?","?","E","R","M","T","R","M","M","?","M","R","BOSS","M","$","?","?","M"],"items_purchased_type":["Card","Card","Potion"],"build_version":"2020-12-22","purchased_purges":1,"victory":false,"max_hp_per_floor":[80,80,80,80,80,80,80,80,80,80,80,80,80,80,80,80,80,80,80,80,80,80,80],"card_choices":[{"not_picked":["Pommel Strike","Wild Strike"],"picked":"Clothesline","floor":1.0},{"not_picked":["Clothesline","Hemokinesis"],"picked":"Demon Form","floor":6.0},{"not_picked":["Dual Wield","Warcry"],"picked":"Bloodletting","floor":8.0},{"not_picked":["Anger","Havoc","Iron Wave"],"picked":"SKIP","floor":11},{"not_picked":["True Grit","Sword Boomerang"],"picked":"Headbutt","floor":12},{"not_picked":["Armaments","Anger","Havoc"],"picked":"SKIP","floor":14},{"not_picked":["Bludgeon","Berserk"],"picked":"Fiend Fire","floor":16},{"not_picked":["Intimidate","Headbutt","Bloodletting"],"picked":"SKIP","floor":18},{"not_picked":["Flex","Infernal Blade"],"picked":"Heavy Blade+1","floor":20}],"player_experience":1343946,"relics_obtained":[],"event_choices":[{"damage_healed":0.0,"max_hp_gain":0.0,"max_hp_loss":0.0,"gold_gain":0.0,"cards_transformed":["Strike_R"],"event_name":"Transmorgrifier","player_choice":"Transformed","floor":2.0,"gold_loss":0.0,"damage_taken":0.0,"cards_obtained":["Clash"]},{"damage_healed":0.0,"max_hp_gain":0.0,"max_hp_loss":0.0,"gold_gain":0.0,"event_name":"Golden Idol","player_choice":"Ignored","floor":4.0,"gold_loss":0.0,"damage_taken":0.0},{"damage_healed":0,"gold_gain":100,"player_choice":"Pray","damage_taken":0,"max_hp_gain":0,"max_hp_loss":0,"event_name":"Golden Shrine","floor":13,"gold_loss":0},{"cards_removed":["Strike_R"],"damage_healed":0,"gold_gain":0,"player_choice":"Upgrade and Remove","damage_taken":0,"max_hp_gain":0,"max_hp_loss":0,"event_name":"Designer","floor":21,"gold_loss":90,"cards_upgraded":["Headbutt"]}],"is_beta":false,"boss_relics":[{"not_picked":["Ectoplasm","Empty Cage","Astrolabe"]}],"items_purged_floors":[19],"is_endless":false,"potions_floor_spawned":[6,11,12,14],"killed_by":"3 Cultists","ascension_level":0}}