{"host":"5471ir90dlnrorkp","time":1610379177,"event":{"mods":["Aspiration","BaseMod","Beaked The Cultist","Colored Map","Colored Powertips","Displayed Cursed Tome","Hermit","Minty Spire (QoL Compilation)","Random Character Button","Replay The Spire","Shop Mod","StSLib","The Cursed","The Druid","The Marked","The Runesmith","The Witch","TheBandit","thorton"],"gold_per_floor":[118,215,215,229,32,32,66,66,93,93,43,59,59,70,70,165,165,177,196,246,38,49,49,49,49,49,64,89,89,89,89],"floor_reached":29,"playtime":3426,"items_purged":["wariomod:Strike"],"score":268,"play_id":"3cce6ffb-e7e0-41ed-a394-937d045d8f20","local_time":"20210111103257","is_ascension_mode":false,"campfire_choices":[{"floor":6.0,"key":"REST"},{"data":"wariomod:Goblast","floor":10.0,"key":"SMITH"},{"data":"wariomod:BoomAndDoom","floor":15.0,"key":"SMITH"},{"data":"wariomod:ShipSmash","floor":23.0,"key":"SMITH"}],"circlet_count":0,"master_deck":["wariomod:Strike","wariomod:Strike+1","wariomod:Strike","wariomod:Defend","wariomod:Defend","wariomod:Defend","wariomod:Defend","wariomod:Step","wariomod:Leap","wariomod:DoubleDip","wariomod:SmackSlam","wariomod:EmptyMind","wariomod:Goblast+1","wariomod:BoomAndDoom+1","wariomod:EndlessBlast+1","wariomod:SmackSlam","wariomod:SmackSlam+1","wariomod:ShipSmash+1","Magnetism","Magnetism","wariomod:KeyFinisher"],"relics":["wariomod:TheHat","NeowsBlessing","Blue Doll","Happy Flower","Bronze Scales","Replay:Wax Seal","Orichalcum","MealTicket","Ring of Chaos","HornCleat","Whetstone"],"acts_visited":["Exordium","TheCity"],"potions_floor_usage":[],"damage_taken":[{"damage":0.0,"enemies":"Jaw Worm","floor":1.0,"turns":1.0},{"damage":0.0,"enemies":"Small Slimes","floor":4.0,"turns":1.0},{"damage":0.0,"enemies":"Lagavulin","floor":7.0,"turns":2.0},{"damage":2.0,"enemies":"Cultist","floor":12.0,"turns":3.0},{"damage":0.0,"enemies":"3 Louse","floor":14.0,"turns":2.0},{"damage":43.0,"enemies":"Hexaghost","floor":16.0,"turns":5.0},{"damage":4.0,"enemies":"Spheric Guardian","floor":18.0,"turns":3.0},{"damage":15.0,"enemies":"2 Thieves","floor":19.0,"turns":3.0},{"damage":10.0,"enemies":"Centurion and Healer","floor":22.0,"turns":6.0},{"damage":0.0,"enemies":"Snecko","floor":25.0,"turns":4.0},{"damage":27.0,"enemies":"Shelled Parasite and Fungi","floor":27.0,"turns":6.0},{"damage":44.0,"enemies":"Gremlin Leader","floor":28.0,"turns":8.0},{"damage":15,"enemies":"Centurion and Healer","floor":29,"turns":4}],"seed_played":"-4443397150930063430","potions_obtained":[{"floor":4.0,"key":"Adrenaline Potion"},{"floor":7.0,"key":"SmokeBomb"},{"floor":28.0,"key":"Death Potion"}],"is_trial":false,"path_per_floor":["M","?","?","M","$","R","E","?","T","R","$","M","?","M","R","B",null,"M","M","?","$","M","R","$","M","T","M","E","M"],"character_chosen":"THE_BANDIT","items_purchased":["Bronze Scales","ColorlessPotion","wariomod:EndlessBlast+1","Magnetism"],"campfire_rested":1,"item_purchase_floors":[5,5,11,21],"current_hp_per_floor":[80,60,48,48,48,72,72,72,72,72,80,78,83,83,83,40,85,81,66,66,81,71,71,85,85,85,58,14,0,0,0],"gold":89,"neow_bonus":"THREE_ENEMY_KILL","is_daily":false,"chose_seed":false,"campfire_upgraded":3,"win_rate":0.0,"timestamp":1610379177,"path_taken":["M","?","?","M","$","R","E","?","T","R","$","?","?","M","R","BOSS","M","M","?","$","M","R","?","?","T","M","E","M"],"items_purchased_type":["Relic","Potion","Card","Card"],"build_version":"2020-12-22","purchased_purges":1,"victory":false,"max_hp_per_floor":[80,80,80,80,80,80,80,80,80,80,80,80,85,85,85,85,85,85,85,85,85,85,85,85,85,85,85,85,85,85,85],"card_choices":[{"not_picked":["wariomod:DoubleDash","wariomod:Smackflip"],"picked":"wariomod:DoubleDip","floor":1.0},{"not_picked":["wariomod:DamnedStrength","wariomod:Bombshield"],"picked":"wariomod:SmackSlam","floor":2.0},{"not_picked":["wariomod:SpaceSwap","wariomod:SimpleShield"],"picked":"wariomod:EmptyMind","floor":2.0},{"not_picked":["wariomod:Smackflip","wariomod:SimpleShield"],"picked":"wariomod:Goblast","floor":4.0},{"not_picked":["wariomod:TrekTime","wariomod:SpaceSwap"],"picked":"wariomod:BoomAndDoom","floor":7.0},{"not_picked":["wariomod:DanceDash","wariomod:DisarmingMoves"],"picked":"wariomod:SmackSlam","floor":12.0},{"not_picked":["wariomod:BoomBoom","wariomod:DropBash"],"picked":"wariomod:SmackSlam","floor":14.0},{"not_picked":["wariomod:BoomAndDoom","wariomod:BoomForm"],"picked":"wariomod:ShipSmash","floor":16.0},{"not_picked":["wariomod:SpikeSlash+1","wariomod:TheGrandJourney","wariomod:DisarmingMoves"],"picked":"SKIP","floor":18.0},{"not_picked":["wariomod:DisarmingMoves","wariomod:Game","wariomod:GreaterGuard+1"],"picked":"SKIP","floor":19.0},{"not_picked":["wariomod:DoubleDash","wariomod:Game","wariomod:DisarmingMoves"],"picked":"SKIP","floor":22.0},{"not_picked":["wariomod:Smackflip","wariomod:PayItForwards","wariomod:SpaceSwap"],"picked":"SKIP","floor":27.0},{"not_picked":["wariomod:Game+1","wariomod:SmackSlam"],"picked":"wariomod:KeyFinisher","floor":28.0}],"player_experience":1685659,"relics_obtained":[{"floor":2.0,"key":"Blue Doll"},{"floor":7.0,"key":"Replay:Wax Seal"},{"floor":9.0,"key":"MealTicket"},{"floor":26.0,"key":"HornCleat"},{"floor":28.0,"key":"Whetstone"}],"event_choices":[{"damage_healed":0.0,"max_hp_gain":0.0,"max_hp_loss":0.0,"gold_gain":0.0,"event_name":"Scrap Ooze","player_choice":"Success","floor":3.0,"gold_loss":0.0,"damage_taken":12.0,"relics_obtained":["Happy Flower"]},{"damage_healed":0.0,"max_hp_gain":0.0,"max_hp_loss":0.0,"gold_gain":0.0,"event_name":"WeMeetAgain","player_choice":"Gave Potion","floor":8.0,"gold_loss":0.0,"damage_taken":0.0,"relics_obtained":["Orichalcum"]},{"damage_healed":0.0,"max_hp_gain":5.0,"max_hp_loss":0.0,"gold_gain":0.0,"event_name":"Big Fish","player_choice":"Donut","floor":13.0,"gold_loss":0.0,"damage_taken":0.0},{"damage_healed":0.0,"max_hp_gain":0.0,"max_hp_loss":0.0,"gold_gain":100.0,"event_name":"The Joust","player_choice":"Bet on Murderer","floor":20.0,"gold_loss":50.0,"damage_taken":0.0}],"is_beta":false,"boss_relics":[{"not_picked":["Sozu","wariomod:DoomHat"],"picked":"Ring of Chaos"}],"items_purged_floors":[21],"is_endless":false,"potions_floor_spawned":[4,7,28],"killed_by":"Centurion and Healer","ascension_level":0}}