{"host":"dlqyscxstsnu98l1","time":1610348310,"event":{"mods":["AchievementEnabler","BaseMod","Bestiary","Colored Map","Colored Powertips","Conspire","Downfall","GifTheSpireLib","Hermit","Highlight Path","Minty Spire (QoL Compilation)","Random Character Button","Replay The Spire","SacredBarkPlus","StSLib","everything is the same but u backflip on backflip"],"gold_per_floor":[113,123,135,153,204,204,204,235,235,88,111,111,142,164,195,225,237,354,366,397,409,474,18,31,31,31,31,55,55,70,89,89,105,105,206,206,217,231,244,194,206,206,206,206,206,206,222,222,222],"floor_reached":48,"playtime":2417,"items_purged":["Strike_B","Strike_B"],"score":494,"play_id":"c1c57de9-4d4a-4032-8962-bacac3d69cc3","local_time":"20210111005830","is_ascension_mode":false,"campfire_choices":[{"data":"Loop","floor":9.0,"key":"SMITH"},{"data":"Hello World","floor":12.0,"key":"SMITH"},{"data":"Storm","floor":17.0,"key":"SMITH"},{"data":"Creative AI","floor":25.0,"key":"SMITH"},{"data":"Electrodynamics","floor":27.0,"key":"SMITH"},{"data":"Capacitor","floor":29.0,"key":"SMITH"},{"data":"Streamline","floor":32.0,"key":"SMITH"},{"floor":34.0,"key":"REST"},{"floor":42,"key":"REST"},{"data":"Go for the Eyes","floor":44,"key":"SMITH"},{"data":"Seek","floor":46,"key":"SMITH"}],"circlet_count":0,"master_deck":["Defend_B","Defend_B","Defend_B","Defend_B","Zap","Dualcast","Heatsinks","Leap","Go for the Eyes+1","Electrodynamics+1","Streamline+1","Loop+1","Hello World+1","Ball Lightning","Storm+1","Glacier","Creative AI+1","Decay","Capacitor+1","Guardian:Aged","Seek+1","Barrage+1","Loop+1","ReplayTheSpireMod:Splinters","Hologram+1"],"relics":["Cracked Core","Replay:Baseball","conspire:TopHat","MawBank","Cursed Key","MealTicket","conspire:IceCreamScoop","Vajra","Empty Cage","Incense Burner","Replay:Antivirus Software"],"acts_visited":["Exordium","TheCity","TheBeyond"],"potions_floor_usage":[38],"damage_taken":[{"damage":1.0,"enemies":"Cultist","floor":1.0,"turns":3.0},{"damage":0.0,"enemies":"2 Louse","floor":2.0,"turns":4.0},{"damage":0.0,"enemies":"Jaw Worm","floor":3.0,"turns":4.0},{"damage":6.0,"enemies":"conspire:2 RoseBushes","floor":4.0,"turns":5.0},{"damage":5.0,"enemies":"Replay:BlueRogue","floor":8.0,"turns":5.0},{"damage":8.0,"enemies":"3 Sentries","floor":13.0,"turns":4.0},{"damage":8.0,"enemies":"Gremlin Gang","floor":14.0,"turns":3.0},{"damage":6.0,"enemies":"2 Fungi Beasts","floor":15.0,"turns":3.0},{"damage":7.0,"enemies":"Lots of Slimes","floor":16.0,"turns":3.0},{"damage":0.0,"enemies":"Fading Forest","floor":18.0,"turns":11.0},{"damage":12.0,"enemies":"2 Thieves","floor":20.0,"turns":3.0},{"damage":17.0,"enemies":"Shell Parasite","floor":24.0,"turns":6.0},{"damage":37.0,"enemies":"Shelled Parasite and Fungi","floor":30.0,"turns":6.0},{"damage":8.0,"enemies":"Snake Plant","floor":31.0,"turns":4.0},{"damage":6.0,"enemies":"Chosen and Byrds","floor":33.0,"turns":3.0},{"damage":23.0,"enemies":"conspire:MysteriousRune","floor":35.0,"turns":8.0},{"damage":10,"enemies":"3 Darklings","floor":37,"turns":4},{"damage":12,"enemies":"Orb Walker","floor":38,"turns":4},{"damage":2,"enemies":"4 Shapes","floor":39,"turns":3},{"damage":25,"enemies":"Spire Growth","floor":41,"turns":5},{"damage":6,"enemies":"Writhing Mass","floor":47,"turns":5},{"damage":53,"enemies":"Giant Head","floor":48,"turns":6}],"seed_played":"-8294673945264619669","potions_obtained":[{"floor":4.0,"key":"Block Potion"},{"floor":8.0,"key":"hexamod:EctoCoolerPotion"},{"floor":15.0,"key":"Languid Potion"},{"floor":16.0,"key":"SkillPotion"},{"floor":18.0,"key":"ColorlessPotion"},{"floor":24.0,"key":"PowerPotion"},{"floor":33.0,"key":"Swift Potion"},{"floor":37,"key":"LiquidMemories"},{"floor":41,"key":"Doom Potion"}],"is_trial":false,"path_per_floor":["M","M","M","M","?","PTL","PTL","E","R","$","T","R","E","M","M","M","R","B",null,"M","?","T","$","M","R","$","R","T","R","M","M","R","M","R","B",null,"M","M","M","?","M","R","?","R","T","R","M","E"],"character_chosen":"DEFECT","items_purchased":["Hello World","Capacitor","conspire:IceCreamScoop"],"campfire_rested":2,"item_purchase_floors":[10,23,23],"current_hp_per_floor":[74,74,74,68,68,68,68,63,63,63,63,63,55,47,41,34,34,48,75,63,63,63,75,58,58,73,73,73,73,36,28,28,22,44,21,75,65,53,51,51,26,48,48,48,48,48,42,0,0],"gold":222,"neow_bonus":"THREE_CARDS","is_daily":false,"chose_seed":false,"campfire_upgraded":9,"win_rate":0.0,"timestamp":1610348310,"path_taken":["M","M","M","?","?","PTL","PTL","E","R","$","T","R","E","M","M","M","R","BOSS","M","?","?","$","M","R","?","R","T","R","M","?","R","M","R","BOSS","M","M","M","?","?","R","?","R","T","R","M","E"],"items_purchased_type":["Card","Card","Relic"],"build_version":"2020-12-22","purchased_purges":2,"victory":false,"max_hp_per_floor":[75,75,75,75,75,75,75,75,75,75,75,75,75,75,75,75,75,75,75,75,75,75,75,75,75,75,75,75,75,75,75,75,75,75,75,75,75,75,75,75,75,75,75,75,75,75,75,75,75],"card_choices":[{"not_picked":["Steam Power","conspire:Rain"],"picked":"Heatsinks","floor":0.0},{"not_picked":["Sweeping Beam","ReplayTheSpireMod:Reroute Power"],"picked":"Leap","floor":1.0},{"not_picked":["Compile Driver","Rebound"],"picked":"Go for the Eyes","floor":2.0},{"not_picked":["Self Repair","Panic Button"],"picked":"Electrodynamics","floor":3.0},{"not_picked":["Sweeping Beam","BasicCrystalCard"],"picked":"Streamline","floor":4.0},{"not_picked":["Beam Cell","Panic Button"],"picked":"Loop","floor":8.0},{"not_picked":["Redo","Heatsinks","Cold Snap"],"picked":"SKIP","floor":13.0},{"not_picked":["Barrage","Compile Driver"],"picked":"Ball Lightning","floor":14.0},{"not_picked":["Redo","Beam Cell"],"picked":"Storm","floor":15.0},{"not_picked":["Scrape","ReplayRNGCard"],"picked":"Glacier","floor":16.0},{"not_picked":["Fission","ReplayTheSpireMod:Omega Cannon"],"picked":"Creative AI","floor":18.0},{"not_picked":["Rebound","Cold Snap","Melter"],"picked":"SKIP","floor":20.0},{"not_picked":["Gash","Coolheaded+1","Beam Cell"],"picked":"SKIP","floor":24.0},{"not_picked":["Steam+1","Cold Snap","Steam Power"],"picked":"SKIP","floor":30.0},{"not_picked":["Coolheaded","Rebound","Beam Cell+1"],"picked":"SKIP","floor":31.0},{"not_picked":["Redo","BasicCrystalCard","Coolheaded+1"],"picked":"SKIP","floor":33.0},{"not_picked":["Fission","All For One"],"picked":"Seek","floor":35.0},{"not_picked":["Rebound","Reinforced Body"],"picked":"Barrage+1","floor":37},{"not_picked":["Cold Snap","Steam+1","Compile Driver+1"],"picked":"SKIP","floor":38},{"not_picked":["Redo+1","Steam+1"],"picked":"Loop+1","floor":39},{"not_picked":["Conserve Battery","Time Bomb+1","Compile Driver+1"],"picked":"SKIP","floor":41},{"not_picked":["Reinforced Body+1","Crystallizer"],"picked":"Hologram+1","floor":47}],"player_experience":30495,"relics_obtained":[{"floor":8.0,"key":"Replay:Baseball"},{"floor":11.0,"key":"conspire:TopHat"},{"floor":13.0,"key":"MawBank"},{"floor":22.0,"key":"MealTicket"},{"floor":28.0,"key":"Vajra"},{"floor":45,"key":"Replay:Antivirus Software"}],"event_choices":[{"damage_healed":0.0,"max_hp_gain":0.0,"max_hp_loss":0.0,"gold_gain":51.0,"event_name":"Golden Wing","player_choice":"Gained Gold","floor":5.0,"gold_loss":0.0,"damage_taken":0.0},{"damage_healed":0.0,"max_hp_gain":0.0,"max_hp_loss":0.0,"gold_gain":0.0,"event_name":"Ghosts","player_choice":"Ignored","floor":21.0,"gold_loss":0.0,"damage_taken":0.0},{"damage_healed":0,"gold_gain":0,"player_choice":"Paid Gold","damage_taken":0,"relics_obtained":["Incense Burner"],"max_hp_gain":0,"max_hp_loss":0,"event_name":"WeMeetAgain","floor":40,"gold_loss":50},{"damage_healed":0,"gold_gain":0,"player_choice":"Bought 0 Potions","damage_taken":0,"max_hp_gain":0,"max_hp_loss":0,"event_name":"The Woman in Blue","floor":43,"gold_loss":0}],"is_beta":false,"boss_relics":[{"not_picked":["SacredBark","Velvet Choker"],"picked":"Cursed Key"},{"not_picked":["Coffee Dripper","conspire:SlowCooker"],"picked":"Empty Cage"}],"items_purged_floors":[10,23],"is_endless":false,"potions_floor_spawned":[4,8,15,16,18,24,33,37,41],"killed_by":"Giant Head","ascension_level":0}}