{"host":"fa35vd3kig5td25x","time":1610385812,"event":{"mods":["BaseMod","Colored Powertips","Minty Spire (QoL Compilation)","Relic Stats","Slay the Relics Exporter"],"gold_per_floor":[113,113,113,28,40,40,69,86,163,191,266,266,291,346,346,420,420,437,437,38,38,58,58,93,120,144,144,153,180,189,206,206,289,289,299,328,16,38,59,99,99,140,140,169,169,187,187,111,111,111,111],"floor_reached":50,"playtime":3547,"items_purged":["Strike_R","Strike_R"],"score":1176,"play_id":"9a65e9a9-239b-47d8-840a-647b5a80b66c","local_time":"20210111182332","is_ascension_mode":true,"campfire_choices":[{"data":"Combust","floor":6,"key":"SMITH"},{"floor":12,"key":"REST"},{"data":"True Grit","floor":15,"key":"SMITH"},{"data":"Disarm","floor":23,"key":"SMITH"},{"floor":27,"key":"REST"},{"floor":30,"key":"REST"},{"floor":32,"key":"REST"},{"floor":41,"key":"RECALL"},{"data":"Flame Barrier","floor":49,"key":"SMITH"}],"circlet_count":0,"master_deck":["AscendersBane","Strike_R","Defend_R","Defend_R+1","Defend_R","Defend_R","Bash+1","CurseOfTheBell","Anger","Combust+1","Spot Weakness","Pommel Strike","True Grit+1","Metallicize","Feel No Pain","Bludgeon","Disarm+1","Shockwave","Shockwave","Cleave+1","Second Wind+1","Pain","Sentinel","Seeing Red","Barricade","Feel No Pain","Shrug It Off","Dark Embrace","Body Slam","Dropkick","Brutality","Burning Pact","Flame Barrier+1"],"relics":["Calling Bell","Anchor","Mercury Hourglass","TungstenRod","Blood Vial","Pear","Dream Catcher","Unceasing Top","Juzu Bracelet","Runic Pyramid","Strawberry","CeramicFish","War Paint","WarpedTongs","Coffee Dripper","Regal Pillow","Ornamental Fan","Akabeko","Bag of Marbles"],"acts_visited":["Exordium","TheCity","TheBeyond"],"potions_floor_usage":[10,16,36,40,42,50],"damage_taken":[{"damage":0,"enemies":"Small Slimes","floor":1,"turns":4},{"damage":0,"enemies":"Jaw Worm","floor":5,"turns":3},{"damage":29,"enemies":"Gremlin Nob","floor":7,"turns":4},{"damage":0,"enemies":"2 Louse","floor":8,"turns":2},{"damage":9,"enemies":"Lagavulin","floor":10,"turns":3},{"damage":27,"enemies":"Gremlin Nob","floor":13,"turns":4},{"damage":30,"enemies":"Hexaghost","floor":16,"turns":9},{"damage":15,"enemies":"2 Thieves","floor":18,"turns":4},{"damage":2,"enemies":"Chosen","floor":22,"turns":4},{"damage":49,"enemies":"Book of Stabbing","floor":24,"turns":7},{"damage":12,"enemies":"Centurion and Healer","floor":25,"turns":7},{"damage":9,"enemies":"Snake Plant","floor":29,"turns":4},{"damage":1,"enemies":"Cultist and Chosen","floor":31,"turns":5},{"damage":45,"enemies":"Collector","floor":33,"turns":9},{"damage":0,"enemies":"3 Shapes","floor":35,"turns":6},{"damage":18,"enemies":"3 Darklings","floor":36,"turns":8},{"damage":7,"enemies":"Jaw Worm Horde","floor":38,"turns":4},{"damage":7,"enemies":"Writhing Mass","floor":39,"turns":9},{"damage":0,"enemies":"Giant Head","floor":40,"turns":6},{"damage":49,"enemies":"Reptomancer","floor":42,"turns":7},{"damage":8,"enemies":"Transient","floor":44,"turns":6},{"damage":0,"enemies":"Maw","floor":46,"turns":6},{"damage":8,"enemies":"Awakened One","floor":50,"turns":2}],"seed_played":"500644165074513062","potions_obtained":[{"floor":5,"key":"LiquidBronze"},{"floor":8,"key":"AttackPotion"},{"floor":16,"key":"Explosive Potion"},{"floor":29,"key":"Strength Potion"},{"floor":38,"key":"GamblersBrew"},{"floor":44,"key":"SpeedPotion"},{"floor":46,"key":"AttackPotion"}],"is_trial":false,"path_per_floor":["M","?","?","$","M","R","E","M","T","E","?","R","E","T","R","B",null,"M","?","$","?","M","R","E","M","T","R","?","M","R","M","R","B",null,"M","M","$","M","M","E","R","E","T","M","T","M","?","$","R","B"],"character_chosen":"IRONCLAD","items_purchased":["Combust","Disarm","Fire Potion","Strawberry","Sword Boomerang","Regal Pillow","Shrug It Off","Flame Barrier"],"campfire_rested":4,"item_purchase_floors":[4,20,20,20,20,37,37,48],"current_hp_per_floor":[68,68,68,68,68,68,39,41,51,44,34,59,34,34,34,6,65,52,52,59,59,59,59,12,2,2,29,29,22,49,50,77,34,78,80,64,64,59,54,56,56,9,9,3,3,5,5,5,5,0,0],"gold":111,"neow_bonus":"BOSS_RELIC","is_daily":false,"chose_seed":false,"campfire_upgraded":4,"win_rate":0.0,"timestamp":1610385812,"path_taken":["M","?","?","$","M","R","E","M","T","E","?","R","E","?","R","BOSS","M","?","$","?","M","R","E","M","T","R","?","M","R","M","R","BOSS","M","M","$","M","M","E","R","E","T","M","?","M","?","$","R","BOSS"],"items_purchased_type":["Card","Card","Potion","Relic","Card","Relic","Card","Card"],"build_version":"2020-12-22","purchased_purges":2,"victory":false,"max_hp_per_floor":[75,75,75,75,75,75,75,75,85,85,85,85,85,85,85,85,85,85,85,92,92,92,92,92,92,92,92,92,92,92,92,92,92,92,92,92,92,92,92,92,92,92,92,92,92,92,92,92,92,92,92],"relic_stats":{"Regal Pillow":0,"counters":[23,122],"CeramicFish":117,"Juzu Bracelet":0,"War Paint":["Second Wind","Defend_R"],"Mercury Hourglass":[446],"WarpedTongs":[72],"Blood Vial":40,"Dream Catcher":4,"Ornamental Fan":[16],"obtain_stats":[{"Regal Pillow":37,"Pear":9,"CeramicFish":24,"Juzu Bracelet":14,"War Paint":26,"Burning Blood":0,"Akabeko":42,"Mercury Hourglass":0,"WarpedTongs":28,"Calling Bell":0,"Blood Vial":7,"Anchor":0,"Dream Catcher":10,"Ornamental Fan":40,"Strawberry":20,"Coffee Dripper":34,"Bag of Marbles":45,"TungstenRod":0,"Unceasing Top":13,"Runic Pyramid":17},{"Regal Pillow":16,"Pear":4,"CeramicFish":10,"Juzu Bracelet":6,"War Paint":11,"Burning Blood":0,"Akabeko":20,"Mercury Hourglass":0,"WarpedTongs":11,"Calling Bell":0,"Blood Vial":3,"Anchor":0,"Dream Catcher":5,"Ornamental Fan":19,"Strawberry":8,"Coffee Dripper":14,"Bag of Marbles":21,"TungstenRod":0,"Unceasing Top":6,"Runic Pyramid":7},{"Regal Pillow":82,"Pear":12,"CeramicFish":43,"Juzu Bracelet":19,"War Paint":50,"Burning Blood":0,"Akabeko":108,"Mercury Hourglass":0,"WarpedTongs":50,"Calling Bell":0,"Blood Vial":10,"Anchor":0,"Dream Catcher":15,"Ornamental Fan":101,"Strawberry":32,"Coffee Dripper":68,"Bag of Marbles":114,"TungstenRod":0,"Unceasing Top":19,"Runic Pyramid":28}],"TungstenRod":208,"Unceasing Top":[2]},"card_choices":[{"not_picked":["Twin Strike","Infernal Blade"],"picked":"Anger","floor":1},{"not_picked":["Armaments","Pommel Strike"],"picked":"Spot Weakness","floor":5},{"not_picked":["Power Through","Headbutt"],"picked":"Pommel Strike","floor":7},{"not_picked":["Pommel Strike","Infernal Blade","Cleave"],"picked":"SKIP","floor":8},{"not_picked":["Warcry","Perfected Strike"],"picked":"True Grit","floor":10},{"not_picked":["Sword Boomerang","Iron Wave"],"picked":"Metallicize","floor":12},{"not_picked":["Fiend Fire","Infernal Blade"],"picked":"Feel No Pain","floor":13},{"not_picked":["Berserk","Limit Break"],"picked":"Bludgeon","floor":16},{"not_picked":["Iron Wave+1","Searing Blow","Pummel"],"picked":"SKIP","floor":18},{"not_picked":["Pummel","Flex"],"picked":"Cleave+1","floor":22},{"not_picked":["Power Through","Dual Wield","Sword Boomerang"],"picked":"SKIP","floor":24},{"not_picked":["Intimidate","Seeing Red"],"picked":"Second Wind","floor":25},{"not_picked":["Pommel Strike","Rupture"],"picked":"Sentinel","floor":29},{"not_picked":["Evolve","Entrench"],"picked":"Seeing Red","floor":30},{"not_picked":["Thunderclap","Armaments","Anger"],"picked":"SKIP","floor":31},{"not_picked":["Feed","Juggernaut"],"picked":"Barricade","floor":33},{"not_picked":["Anger","Flex+1","Clash"],"picked":"SKIP","floor":35},{"not_picked":["Evolve","Twin Strike"],"picked":"Feel No Pain","floor":36},{"not_picked":["Pommel Strike+1","Seeing Red"],"picked":"Dark Embrace","floor":38},{"not_picked":["Perfected Strike","Metallicize"],"picked":"Body Slam","floor":39},{"not_picked":["Rupture","Feed"],"picked":"Dropkick","floor":40},{"not_picked":["Iron Wave","Dark Embrace"],"picked":"Brutality","floor":42},{"not_picked":["Anger+1","Cleave"],"picked":"Burning Pact","floor":44},{"not_picked":["Iron Wave","Reckless Charge+1","Thunderclap"],"picked":"SKIP","floor":46}],"player_experience":2904208,"relics_obtained":[{"floor":0,"key":"Anchor"},{"floor":0,"key":"Mercury Hourglass"},{"floor":0,"key":"TungstenRod"},{"floor":7,"key":"Blood Vial"},{"floor":9,"key":"Pear"},{"floor":10,"key":"Dream Catcher"},{"floor":13,"key":"Unceasing Top"},{"floor":14,"key":"Juzu Bracelet"},{"floor":24,"key":"CeramicFish"},{"floor":26,"key":"War Paint"},{"floor":40,"key":"Ornamental Fan"},{"floor":42,"key":"Akabeko"},{"floor":45,"key":"Bag of Marbles"}],"event_choices":[{"damage_healed":0,"gold_gain":0,"player_choice":"Leave","damage_taken":0,"max_hp_gain":0,"max_hp_loss":0,"event_name":"The Cleric","floor":2,"gold_loss":0},{"damage_healed":0,"gold_gain":0,"player_choice":"Grow","damage_taken":0,"max_hp_gain":0,"max_hp_loss":0,"event_name":"Living Wall","floor":3,"gold_loss":0,"cards_upgraded":["Bash"]},{"damage_healed":0,"gold_gain":75,"player_choice":"Gather Gold","damage_taken":11,"max_hp_gain":0,"max_hp_loss":0,"event_name":"World of Goop","floor":11,"gold_loss":0},{"damage_healed":0,"gold_gain":0,"player_choice":"Ignored","damage_taken":0,"max_hp_gain":0,"max_hp_loss":0,"event_name":"The Mausoleum","floor":19,"gold_loss":0},{"damage_healed":0,"gold_gain":0,"cards_transformed":["Strike_R","Strike_R"],"player_choice":"Became Test Subject","damage_taken":0,"max_hp_gain":0,"max_hp_loss":0,"event_name":"Drug Dealer","floor":21,"gold_loss":0,"cards_obtained":["Shockwave","Shockwave"]},{"damage_healed":0,"gold_gain":0,"player_choice":"Rummage","damage_taken":0,"relics_obtained":["WarpedTongs"],"max_hp_gain":0,"max_hp_loss":0,"event_name":"Accursed Blacksmith","floor":28,"gold_loss":0,"cards_obtained":["Pain"]},{"cards_removed":["Sword Boomerang"],"damage_healed":0,"gold_gain":0,"player_choice":"Removed Attack","damage_taken":0,"max_hp_gain":0,"max_hp_loss":0,"event_name":"Falling","floor":47,"gold_loss":0}],"is_beta":false,"boss_relics":[{"not_picked":["Ectoplasm","Sozu"],"picked":"Runic Pyramid"},{"not_picked":["Runic Cube","Pandora\u0027s Box"],"picked":"Coffee Dripper"}],"items_purged_floors":[20,37],"is_endless":false,"potions_floor_spawned":[5,8,16,22,29,35,38,44,46],"killed_by":"Awakened One","ascension_level":20}}