{"host":"7yxt37kap0q16lk4","time":1610362500,"event":{"mods":["2.2 Compatiblity","Act Like it!","BaseMod","Better Third Choice","Better-Laid Plans","Colored Map","Custom Start","Highlight Path","Keyboard Shortcuts","Minty Spire (QoL Compilation)","Quick Restart","Rare Cards Sparkle","Relic Stats","Shop Mod","Slay the Relics Exporter","StSLib","SuperFastMode"],"gold_per_floor":[10,10,10,25,46,46,61,74,121,121,160,125,125,199,199,292,292,311,236,236,251,151,151,187,187,187,187,457,482,515,529,529,622,685,703,716,735,760,104,104,104,10,10,10,10,49,49,93,93,93,93,93,93,9,40,40],"floor_reached":57,"playtime":1681,"items_purged":["Sever Soul","Reckless Charge","Carnage+1"],"score":3042,"play_id":"dca24f73-accd-480b-8715-153e6fbffe87","local_time":"20210111195500","is_ascension_mode":true,"campfire_choices":[{"data":"Sword Boomerang","floor":6,"key":"SMITH"},{"data":"Carnage","floor":10,"key":"SMITH"},{"data":"Pommel Strike","floor":15,"key":"SMITH"},{"data":"Blood for Blood","floor":23,"key":"SMITH"},{"data":"Heavy Blade","floor":25,"key":"SMITH"},{"floor":32,"key":"REST"},{"floor":40,"key":"RECALL"},{"data":"Feel No Pain","floor":44,"key":"SMITH"},{"data":"Body Slam","floor":45,"key":"SMITH"},{"floor":47,"key":"REST"},{"floor":49,"key":"REST"},{"floor":53,"key":"REST"}],"circlet_count":0,"master_deck":["AscendersBane","Bash+1","Sword Boomerang+1","Pommel Strike+1","Infernal Blade+1","Battle Trance+1","Flex+1","Impervious+1","Blood for Blood+1","Heavy Blade+1","Rage+1","Offering+1","Sword Boomerang+1","Shrug It Off+1","Flex+1","Entrench+1","Barricade+1","Power Through+1","Body Slam+1","Flame Barrier+1","Feel No Pain+1","Dark Shackles+1","Entrench+1","True Grit+1","Burning Pact+1","Battle Trance+1","True Grit+1"],"relics":["Burning Blood","Omamori","Golden Idol","Toxic Egg 2","Vajra","Bag of Marbles","Whetstone","Pandora\u0027s Box","Bronze Scales","Gremlin Horn","Ancient Tea Set","Tiny House","WingedGreaves","Membership Card","Mango","CaptainsWheel","DollysMirror","Orichalcum","Paper Frog","Art of War"],"acts_visited":["Exordium","TheCity","TheBeyond","TheEnding"],"potions_floor_usage":[11,14,16,34,56,56],"damage_taken":[{"damage":17,"enemies":"Small Slimes","floor":1,"turns":4},{"damage":6,"enemies":"2 Louse","floor":4,"turns":3},{"damage":12,"enemies":"Jaw Worm","floor":5,"turns":2},{"damage":21,"enemies":"3 Louse","floor":7,"turns":3},{"damage":7,"enemies":"Large Slime","floor":8,"turns":4},{"damage":12,"enemies":"3 Sentries","floor":11,"turns":5},{"damage":18,"enemies":"3 Sentries","floor":14,"turns":4},{"damage":36,"enemies":"The Guardian","floor":16,"turns":8},{"damage":0,"enemies":"3 Byrds","floor":18,"turns":2},{"damage":0,"enemies":"Spheric Guardian","floor":21,"turns":2},{"damage":16,"enemies":"Slavers","floor":24,"turns":2},{"damage":6,"enemies":"Snake Plant","floor":29,"turns":1},{"damage":6,"enemies":"Gremlin Leader","floor":30,"turns":3},{"damage":12,"enemies":"Centurion and Healer","floor":31,"turns":2},{"damage":39,"enemies":"Automaton","floor":33,"turns":5},{"damage":0,"enemies":"Orb Walker","floor":35,"turns":2},{"damage":6,"enemies":"3 Darklings","floor":36,"turns":1},{"damage":26,"enemies":"Transient","floor":37,"turns":6},{"damage":21,"enemies":"Spire Growth","floor":38,"turns":4},{"damage":13,"enemies":"Giant Head","floor":46,"turns":10},{"damage":15,"enemies":"Nemesis","floor":48,"turns":4},{"damage":6,"enemies":"Donu and Deca","floor":50,"turns":11},{"damage":6,"enemies":"Awakened One","floor":51,"turns":11},{"damage":6,"enemies":"Shield and Spear","floor":55,"turns":7},{"damage":87,"enemies":"The Heart","floor":56,"turns":10}],"seed_played":"8424331441082583753","potions_obtained":[{"floor":4,"key":"SkillPotion"},{"floor":8,"key":"SpeedPotion"},{"floor":11,"key":"ColorlessPotion"},{"floor":14,"key":"LiquidBronze"},{"floor":21,"key":"SpeedPotion"},{"floor":34,"key":"Fruit Juice"},{"floor":37,"key":"PowerPotion"}],"is_trial":false,"path_per_floor":["M","?","?","M","M","R","M","M","T","R","E","?","?","?","R","B",null,"M","$","?","M","$","R","E","R","T","?","?","M","E","M","R","B",null,"M","M","M","M","$","R","?","$","T","R","R","E","R","E","R","B","B",null,"R","$","E","B",null],"character_chosen":"IRONCLAD","items_purchased":["Membership Card","Feel No Pain","Mango","CaptainsWheel","Dark Shackles+1","DollysMirror","True Grit+1","Burning Pact+1","Battle Trance+1"],"campfire_rested":4,"item_purchase_floors":[39,39,39,39,39,42,42,54,54],"current_hp_per_floor":[57,57,52,52,46,46,31,30,30,30,24,42,67,55,55,25,63,69,69,69,75,75,75,65,65,65,65,38,38,38,32,54,21,72,78,78,58,43,57,57,52,52,52,52,52,45,74,65,94,94,94,98,99,99,99,18],"gold":40,"neow_bonus":"REMOVE_TWO","is_daily":false,"chose_seed":false,"campfire_upgraded":7,"win_rate":0.0,"timestamp":1610362500,"path_taken":["M","?","?","M","M","R","?","M","T","R","E","?","?","?","R","BOSS","M","$","?","M","?","R","E","R","T","?","?","M","E","M","R","BOSS","M","?","M","M","$","R","?","$","T","R","R","E","R","E","R","BOSS","BOSS","R","$","E","BOSS"],"items_purchased_type":["Relic","Card","Relic","Relic","Card","Relic","Card","Card","Card"],"build_version":"2020-12-22","purchased_purges":3,"victory":true,"max_hp_per_floor":[75,75,75,75,75,75,75,75,75,75,75,75,75,75,75,75,75,75,75,75,75,75,75,75,75,75,75,75,75,75,75,75,75,85,85,85,85,85,99,99,99,99,99,99,99,99,99,99,99,99,99,99,99,99,99,99],"relic_stats":{"Gremlin Horn":[12,13],"counters":[25,116],"Golden Idol":216,"Bronze Scales":[358],"Pandora\u0027s Box":["Blood for Blood","Sever Soul","Heavy Blade","Reckless Charge","Searing Blow","Rage","Offering"],"Art of War":[5],"Whetstone":["Bash","Strike_R"],"Orichalcum":[6],"obtain_stats":[{"Tiny House":34,"Gremlin Horn":26,"Golden Idol":2,"Vajra":9,"Mango":39,"Omamori":1,"Whetstone":14,"Orichalcum":46,"Ancient Tea Set":30,"Burning Blood":0,"CaptainsWheel":39,"DollysMirror":42,"Bronze Scales":24,"Pandora\u0027s Box":17,"WingedGreaves":38,"Bag of Marbles":11,"Art of War":55,"Membership Card":39,"Toxic Egg 2":3,"Paper Frog":48},{"Tiny House":15,"Gremlin Horn":11,"Golden Idol":1,"Vajra":5,"Mango":19,"Omamori":1,"Whetstone":7,"Orichalcum":20,"Ancient Tea Set":13,"Burning Blood":0,"CaptainsWheel":19,"DollysMirror":19,"Bronze Scales":11,"Pandora\u0027s Box":8,"WingedGreaves":19,"Bag of Marbles":6,"Art of War":24,"Membership Card":19,"Toxic Egg 2":1,"Paper Frog":21},{"Tiny House":50,"Gremlin Horn":39,"Golden Idol":4,"Vajra":16,"Mango":63,"Omamori":1,"Whetstone":25,"Orichalcum":73,"Ancient Tea Set":43,"Burning Blood":0,"CaptainsWheel":63,"DollysMirror":63,"Bronze Scales":39,"Pandora\u0027s Box":33,"WingedGreaves":60,"Bag of Marbles":21,"Art of War":106,"Membership Card":63,"Toxic Egg 2":4,"Paper Frog":77}],"Burning Blood":150},"card_choices":[{"not_picked":["Warcry","Cleave"],"picked":"Sword Boomerang","floor":1},{"not_picked":["Rupture","Twin Strike"],"picked":"Pommel Strike","floor":4},{"not_picked":["Pummel","Clothesline"],"picked":"Pommel Strike","floor":5},{"not_picked":["Fire Breathing","Clothesline"],"picked":"Infernal Blade+1","floor":7},{"not_picked":["Carnage","Pommel Strike","Whirlwind"],"picked":"SKIP","floor":8},{"not_picked":["Carnage","Pommel Strike","Whirlwind"],"picked":"SKIP","floor":8},{"not_picked":["Pommel Strike","Whirlwind"],"picked":"Carnage","floor":8},{"not_picked":["Body Slam","Ghostly Armor+1"],"picked":"Battle Trance+1","floor":11},{"not_picked":["Sentinel+1","Juggernaut"],"picked":"Flex+1","floor":14},{"not_picked":["Exhume+1","Corruption"],"picked":"Impervious+1","floor":16},{"not_picked":["Heavy Blade","Headbutt"],"picked":"Sword Boomerang+1","floor":18},{"not_picked":["Inflame","Carnage"],"picked":"Shrug It Off+1","floor":21},{"not_picked":["Armaments+1","Perfected Strike"],"picked":"Flex+1","floor":24},{"not_picked":["Flame Barrier+1","Dark Embrace","Pommel Strike"],"picked":"SKIP","floor":29},{"not_picked":["Armaments+1","Iron Wave","Clothesline"],"picked":"SKIP","floor":30},{"not_picked":["Feed","Uppercut"],"picked":"Entrench+1","floor":31},{"not_picked":["Reaper","Feed"],"picked":"Barricade","floor":33},{"not_picked":["Pommel Strike","Inflame"],"picked":"Power Through+1","floor":34},{"not_picked":["Sword Boomerang","Pommel Strike","Metallicize"],"picked":"SKIP","floor":35},{"not_picked":["Sword Boomerang+1","True Grit+1","Anger"],"picked":"SKIP","floor":36},{"not_picked":["Body Slam","Pommel Strike+1","Infernal Blade+1"],"picked":"SKIP","floor":37},{"not_picked":["Pommel Strike+1","Infernal Blade+1"],"picked":"Body Slam","floor":37},{"not_picked":["Warcry+1","Headbutt"],"picked":"Flame Barrier+1","floor":38},{"not_picked":["Clash","Metallicize","Whirlwind+1"],"picked":"SKIP","floor":46},{"not_picked":["Combust","Reckless Charge+1","Bludgeon"],"picked":"SKIP","floor":48},{"not_picked":["Iron Wave","Combust"],"picked":"True Grit+1","floor":55}],"player_experience":1043783,"relics_obtained":[{"floor":9,"key":"Vajra"},{"floor":11,"key":"Bag of Marbles"},{"floor":14,"key":"Whetstone"},{"floor":24,"key":"Bronze Scales"},{"floor":26,"key":"Gremlin Horn"},{"floor":30,"key":"Ancient Tea Set"},{"floor":46,"key":"Orichalcum"},{"floor":48,"key":"Paper Frog"},{"floor":55,"key":"Art of War"}],"event_choices":[{"damage_healed":0,"gold_gain":0,"player_choice":"Take Wound","damage_taken":0,"relics_obtained":["Golden Idol"],"max_hp_gain":0,"max_hp_loss":0,"event_name":"Golden Idol","floor":2,"gold_loss":0,"cards_obtained":["Injury"]},{"damage_healed":0,"gold_gain":0,"player_choice":"Relic ","damage_taken":5,"max_hp_gain":0,"max_hp_loss":0,"event_name":"betterThird:BetterScrap","floor":3,"gold_loss":0,"cards_obtained":["Thunder Strike"]},{"damage_healed":18,"gold_gain":0,"player_choice":"Healed","damage_taken":0,"max_hp_gain":0,"max_hp_loss":0,"event_name":"The Cleric","floor":12,"gold_loss":35},{"damage_healed":25,"gold_gain":0,"player_choice":"Banana","damage_taken":0,"max_hp_gain":0,"max_hp_loss":0,"event_name":"Big Fish","floor":13,"gold_loss":0},{"damage_healed":0,"gold_gain":0,"player_choice":"Searched \u00271\u0027 times","damage_taken":0,"max_hp_gain":0,"max_hp_loss":0,"event_name":"Dead Adventurer","floor":14,"gold_loss":0},{"cards_removed":["Searing Blow"],"damage_healed":0,"gold_gain":0,"player_choice":"Purged","damage_taken":0,"max_hp_gain":0,"max_hp_loss":0,"event_name":"Purifier","floor":20,"gold_loss":0},{"cards_removed":["Pommel Strike"],"damage_healed":0,"gold_gain":0,"player_choice":"Elegance","damage_taken":0,"max_hp_gain":0,"max_hp_loss":0,"event_name":"betterThird:BetterWriting","floor":27,"gold_loss":0},{"damage_healed":0,"gold_gain":270,"player_choice":"GOLD GOLD GOLD ","damage_taken":27,"max_hp_gain":0,"max_hp_loss":0,"event_name":"Knowing Skull","floor":28,"potions_obtained":[],"gold_loss":0,"cards_obtained":[]},{"damage_healed":0,"gold_gain":0,"player_choice":"Bought 0 Potions","damage_taken":0,"max_hp_gain":0,"max_hp_loss":0,"event_name":"The Woman in Blue","floor":41,"gold_loss":0}],"is_beta":false,"boss_relics":[{"not_picked":["Runic Cube","Fusion Hammer"],"picked":"Pandora\u0027s Box"},{"not_picked":["Runic Pyramid","Snecko Eye"],"picked":"Tiny House"}],"items_purged_floors":[19,22,39],"is_endless":false,"potions_floor_spawned":[4,8,11,14,21,31,37,38,48,55],"ascension_level":20}}