{"host":"0ndhasp09f4rkdar","time":1610350843,"event":{"mods":["BaseMod","Dio Mod","Hermit","Hero for Fun","Minty Spire (QoL Compilation)","Replay The Spire","StSLib","SuperFastMode","The Bladedancer"],"gold_per_floor":[118,132,132,150,161,161,161,189,189,206,219,234,10,40,40,135,135,151,151,171,184,184,184],"floor_reached":22,"playtime":910,"items_purged":[],"score":200,"play_id":"26b08ebd-b204-4ab2-8e80-9ffdfbea981d","local_time":"20210111154043","is_ascension_mode":false,"campfire_choices":[{"data":"Beam Cell","floor":6,"key":"SMITH"},{"floor":15,"key":"REST"}],"circlet_count":0,"master_deck":["Strike_B","Strike_B","Defend_B","Defend_B","Defend_B","Zap","Writhe","Hyperbeam","Rebound","Beam Cell+1","Conserve Battery","Loop","Gash","FTL","Steam","Languid","ReplayTheSpireMod:Splinters","Beam Cell+1"],"relics":["Cracked Core","ReplayTheSpireMod:Ring of Exchange","Strawberry","Eternal Feather","Boot","Chameleon Ring","Kintsugi"],"acts_visited":["Exordium","TheCity"],"potions_floor_usage":[16],"damage_taken":[{"damage":5,"enemies":"Small Slimes","floor":1,"turns":2},{"damage":1,"enemies":"2 Louse","floor":2,"turns":2},{"damage":0,"enemies":"Cultist","floor":4,"turns":2},{"damage":18,"enemies":"Large Slime","floor":5,"turns":4},{"damage":6,"enemies":"Gremlin Nob","floor":8,"turns":3},{"damage":9,"enemies":"Lots of Slimes","floor":10,"turns":3},{"damage":7,"enemies":"Blue Slaver","floor":11,"turns":3},{"damage":3,"enemies":"Exordium Wildlife","floor":12,"turns":3},{"damage":17,"enemies":"3 Sentries","floor":14,"turns":4},{"damage":31,"enemies":"The Guardian","floor":16,"turns":10},{"damage":20,"enemies":"3 Byrds","floor":18,"turns":4},{"damage":22,"enemies":"Spheric Guardian","floor":20,"turns":5},{"damage":9,"enemies":"Centurion and Healer","floor":21,"turns":5},{"damage":31,"enemies":"3 Cultists","floor":22,"turns":4}],"seed_played":"-1282706095993051296","potions_obtained":[{"floor":4,"key":"LiquidMemories"},{"floor":5,"key":"EssenceOfDarkness"},{"floor":14,"key":"AttackPotion"},{"floor":16,"key":"Strength Potion"},{"floor":19,"key":"Explosive Potion"},{"floor":19,"key":"Toxic Potion"},{"floor":21,"key":"FearPotion"}],"is_trial":false,"path_per_floor":["M","M","?","M","M","R","?","E","T","M","M","M","$","E","R","B",null,"M","?","M","M","M"],"character_chosen":"DEFECT","items_purchased":["FTL","Boot"],"campfire_rested":1,"item_purchase_floors":[13,13],"current_hp_per_floor":[70,69,69,69,51,51,51,52,52,43,36,33,33,16,49,18,82,62,62,40,31,0,0],"gold":184,"neow_bonus":"THREE_RARE_CARDS","is_daily":false,"chose_seed":false,"campfire_upgraded":1,"win_rate":0.0,"timestamp":1610350843,"path_taken":["M","M","?","M","M","R","?","E","T","M","M","M","$","E","R","BOSS","M","?","?","M","M"],"items_purchased_type":["Card","Relic"],"build_version":"2020-12-22","purchased_purges":0,"victory":false,"max_hp_per_floor":[75,75,75,75,75,75,75,82,82,82,82,82,82,82,82,82,82,82,82,82,82,82,82],"card_choices":[{"not_picked":["Buffer","Electrodynamics"],"picked":"Hyperbeam","floor":0},{"not_picked":["Sweeping Beam","Coolheaded"],"picked":"Rebound","floor":1},{"not_picked":["Sweeping Beam","Cold Snap"],"picked":"Beam Cell","floor":2},{"not_picked":["Rebound","Streamline","Static Discharge"],"picked":"SKIP","floor":4},{"not_picked":["Thunder Strike","Barrage"],"picked":"Conserve Battery","floor":5},{"not_picked":["Undo","Compile Driver","Streamline"],"picked":"SKIP","floor":8},{"not_picked":["Panic Button","Skim"],"picked":"Loop","floor":10},{"not_picked":["ReplaySort","Rebound","Stack"],"picked":"SKIP","floor":11},{"not_picked":["Scrape","Panic Button"],"picked":"Gash","floor":12},{"not_picked":["Coolheaded","Ball Lightning"],"picked":"Steam","floor":14},{"not_picked":["Aggregate","Auto Shields","Rip and Tear"],"picked":"SKIP","floor":18},{"not_picked":["Time Bomb","ReplayTheSpireMod:GoodbyeWorld","Steam"],"picked":"SKIP","floor":20},{"not_picked":["ReplaySort+1","Rebound"],"picked":"Beam Cell+1","floor":21}],"player_experience":214919,"relics_obtained":[{"floor":3,"key":"ReplayTheSpireMod:Ring of Exchange"},{"floor":8,"key":"Strawberry"},{"floor":9,"key":"Eternal Feather"},{"floor":14,"key":"Chameleon Ring"}],"event_choices":[{"damage_healed":0,"gold_gain":0,"player_choice":"Ignored","damage_taken":0,"max_hp_gain":0,"max_hp_loss":0,"event_name":"Liars Game","floor":7,"gold_loss":0},{"damage_healed":0,"gold_gain":0,"player_choice":"Got Potions","damage_taken":0,"max_hp_gain":0,"max_hp_loss":0,"event_name":"Lab","floor":19,"gold_loss":0}],"is_beta":false,"boss_relics":[{"not_picked":["Velvet Choker","Replay:Frozen Program"],"picked":"Kintsugi"}],"items_purged_floors":[],"is_endless":false,"potions_floor_spawned":[4,5,14,16,21],"killed_by":"3 Cultists","ascension_level":0}}