{"host":"2hea6pl5vmah38iy","time":1610397093,"event":{"mods":["AchievementEnabler","BaseMod","Colored Map","DeckTracker","Keyboard Shortcuts","Minty Spire (QoL Compilation)","Rare Cards Sparkle","StSLib","SuperFastMode","everything is the same but u backflip on backflip"],"gold_per_floor":[118,132,152,152,172,172,172,172],"floor_reached":7,"playtime":299,"items_purged":[],"score":75,"play_id":"5c6950c3-b317-4a05-acb8-dc09493fa541","local_time":"20210112053133","is_ascension_mode":true,"campfire_choices":[{"floor":6,"key":"REST"}],"circlet_count":0,"master_deck":["AscendersBane","Strike_G","Strike_G","Strike_G","Strike_G","Strike_G","Defend_G","Defend_G","Defend_G","Defend_G","Survivor","Neutralize","Grand Finale","Dagger Throw","Prepared"],"relics":["Ring of the Snake"],"acts_visited":["Exordium"],"potions_floor_usage":[5,7],"damage_taken":[{"damage":19.0,"enemies":"Jaw Worm","floor":1.0,"turns":7.0},{"damage":0.0,"enemies":"2 Louse","floor":2.0,"turns":2.0},{"damage":1.0,"enemies":"Cultist","floor":3.0,"turns":3.0},{"damage":21,"enemies":"Gremlin Gang","floor":5,"turns":5},{"damage":21,"enemies":"Lagavulin","floor":7,"turns":8}],"seed_played":"-1710684361005912007","potions_obtained":[{"floor":2.0,"key":"Weak Potion"},{"floor":5,"key":"Strength Potion"}],"is_trial":false,"path_per_floor":["M","M","M","?","M","R","E"],"character_chosen":"THE_SILENT","items_purchased":[],"campfire_rested":1,"item_purchase_floors":[],"current_hp_per_floor":[25,25,24,24,3,22,1,1],"gold":172,"neow_bonus":"THREE_RARE_CARDS","is_daily":false,"chose_seed":false,"campfire_upgraded":0,"win_rate":0.0,"timestamp":1610397093,"path_taken":["M","M","M","?","M","R","E"],"items_purchased_type":[],"build_version":"2020-12-22","purchased_purges":0,"victory":false,"max_hp_per_floor":[66,66,66,66,66,66,66,66],"card_choices":[{"not_picked":["A Thousand Cuts","Storm of Steel"],"picked":"Grand Finale","floor":0.0},{"not_picked":["Riddle With Holes","Dodge and Roll"],"picked":"Dagger Throw","floor":1.0},{"not_picked":["Cloak And Dagger","Setup","Dagger Throw"],"picked":"SKIP","floor":2.0},{"not_picked":["Bane","Slice","Deadly Poison"],"picked":"SKIP","floor":3.0},{"not_picked":["Slice","Underhanded Strike"],"picked":"Prepared","floor":5}],"player_experience":467184,"relics_obtained":[],"event_choices":[{"cards_removed":["Defend_G"],"damage_healed":0,"gold_gain":0,"player_choice":"Forget","damage_taken":0,"max_hp_gain":0,"max_hp_loss":0,"event_name":"Living Wall","floor":4,"gold_loss":0}],"is_beta":false,"boss_relics":[],"items_purged_floors":[],"is_endless":false,"potions_floor_spawned":[2,5],"killed_by":"Lagavulin","ascension_level":15}}