{"host":"bhhjkloc4kd9nqc5","time":1610365492,"event":{"mods":["Act Like it!","BaseMod","Chen","Gensokyo","Infinite Spire","Koishi","Lobotomy","LobotomyExtend","Marisa????????","Minty Spire (QoL Compilation)","Onozuka Komachi Mod","Remilia??????","Replay The Spire","RumiaBox-????????","StSLib","The Administrix","The Cursed","Youmu??????","slay the spire mod where everything is the same but ironclad has a cowboy hat"],"gold_per_floor":[213,213,213,213,223,250,250,226,226,226,245,245,276,289,289,388,388,408,483,483,500,497,525,536,548,601,612,200,200,200,220,220,319,319,319,319,191,226,226,226],"floor_reached":22,"playtime":3201,"items_purged":["RMBKotodama"],"score":347,"play_id":"9f2d485b-c85b-4ba5-8dc1-ef4b800f0d52","local_time":"20210111204452","is_ascension_mode":false,"campfire_choices":[{"floor":15.0,"key":"RECALL"},{"data":"Ragnarok","floor":13.0,"key":"SMITH"},{"data":"Devotion","floor":19,"key":"SMITH"}],"circlet_count":0,"master_deck":["Strike_P","Strike_P","Strike_P","Defend_P","Defend_P","Defend_P","Vigilance","PathToVictory+1","Protect","Pray","Replay:Vibes","BowlingBash","Worship","Ragnarok+1","EmptyFist","Replay:Vibes","Devotion+1","Replay:DivineShield","Tantrum","EmptyBody","Perseverance","Devotion","LikeWater","Phantasmal Killer","SignatureMove","SashWhip+1"],"relics":["Baka","Happy Flower","GodSword4","Gensokyo:Mercy","Replay:PocketPolymizer","RedMistMask","Gensokyo:OccultBall","Simple Rune","Snecko Eye","LetterFromLob","infinitespire:Golems Mask","Bag of Preparation","Membership Card","infinitespire:BottledMercury","ReplayTheSpireMod:TigerMarble","Replay:M_StaffOfTheSnake","InkBottle","Replay:Rubber Ducky"],"acts_visited":["Gensokyo:Gensokyo","Gensokyo:Gensokyoer","TheEnding"],"potions_floor_usage":[21,22,22],"damage_taken":[{"damage":3.0,"enemies":"Gensokyo:Python","floor":1.0,"turns":3.0},{"damage":2.0,"enemies":"Gensokyo:3_Fairies","floor":5.0,"turns":4.0},{"damage":0.0,"enemies":"Gensokyo:Mamizou","floor":6.0,"turns":4.0},{"damage":8.0,"enemies":"Gensokyo:Aya","floor":8.0,"turns":6.0},{"damage":10.0,"enemies":"Gensokyo:2_Kodama","floor":11.0,"turns":1.0},{"damage":14.0,"enemies":"Gensokyo:Cirno","floor":13.0,"turns":7.0},{"damage":0.0,"enemies":"Gensokyo:VengefulSpirit","floor":14.0,"turns":2.0},{"damage":35.0,"enemies":"Gensokyo:Kokoro","floor":16.0,"turns":12.0},{"damage":0.0,"enemies":"Cultist","floor":1.0,"turns":2.0},{"damage":0.0,"enemies":"Small Slimes","floor":4.0,"turns":1.0},{"damage":0.0,"enemies":"2 Louse","floor":5.0,"turns":1.0},{"damage":20.0,"enemies":"Lagavulin","floor":6.0,"turns":4.0},{"damage":0.0,"enemies":"Lots of Slimes","floor":7.0,"turns":2.0},{"damage":0.0,"enemies":"Exordium Thugs","floor":8.0,"turns":2.0},{"damage":0.0,"enemies":"Large Slime","floor":10.0,"turns":1.0},{"damage":0.0,"enemies":"Looter","floor":14.0,"turns":1.0},{"damage":8.0,"enemies":"Slime Boss","floor":16.0,"turns":4.0},{"damage":60,"enemies":"Shield and Spear","floor":21,"turns":4},{"damage":20,"enemies":"The Heart","floor":22,"turns":2}],"seed_played":"4943290923923181844","potions_obtained":[{"floor":5.0,"key":"Languid Potion"},{"floor":11.0,"key":"GamblersBrew"},{"floor":14.0,"key":"SpeedPotion"},{"floor":16.0,"key":"DuplicationPotion"},{"floor":5.0,"key":"Energy Potion"}],"is_trial":false,"path_per_floor":["M","?","?","?","M","E","?","E","T","?","M","$","E","M","R","B",null,"M","M","?","?","M","M","E","M","M","T","M","$","?","R","M","R","B",null,null,"R","$","E","B"],"character_chosen":"WATCHER","items_purchased":["Membership Card","infinitespire:BottledMercury","ReplayTheSpireMod:TigerMarble","InkBottle"],"campfire_rested":0,"item_purchase_floors":[11,11,11,20],"current_hp_per_floor":[69,69,69,69,67,67,67,67,67,67,57,57,43,43,43,8,72,72,61,72,72,72,52,52,52,52,52,52,52,52,52,38,30,30,72,72,72,18,0,0],"gold":226,"neow_bonus":"HUNDRED_GOLD","is_daily":false,"chose_seed":false,"campfire_upgraded":2,"win_rate":0.0,"timestamp":1610365492,"path_taken":["M","?","?","?","M","E","?","E","T","?","?","?","E","M","R","BOSS","M","M","?","?","M","M","E","M","M","T","M","$","?","R","M","R","BOSS","R","$","E","BOSS"],"items_purchased_type":["Relic","Relic","Relic","Relic"],"build_version":"2020-12-22","purchased_purges":1,"victory":false,"max_hp_per_floor":[72,72,72,72,72,72,72,72,72,72,72,72,72,72,72,72,72,72,72,72,72,72,72,72,72,72,72,72,72,72,72,72,72,72,72,72,72,72,72,72],"card_choices":[{"not_picked":["Consecrate","Replay:BluntJabs"],"picked":"PathToVictory","floor":1.0},{"not_picked":["WheelKick","EmptyFist"],"picked":"Protect","floor":2.0},{"not_picked":["FollowUp","SashWhip"],"picked":"Pray","floor":2.0},{"not_picked":["Indignation","Vengeance"],"picked":"Tantrum","floor":5.0},{"not_picked":["FlyingSleeves","LikeWater"],"picked":"Replay:Vibes","floor":6.0},{"not_picked":["Wallop","Consecrate"],"picked":"Ragnarok","floor":8.0},{"not_picked":["Evaluate","JustLucky"],"picked":"BowlingBash","floor":11.0},{"not_picked":["Nirvana","EmptyBody"],"picked":"Worship","floor":13.0},{"not_picked":["CutThroughFate","ClearTheMind"],"picked":"BowlingBash","floor":14.0},{"not_picked":["Establishment","MasterReality"],"picked":"Ragnarok","floor":16.0},{"not_picked":["Halt","ClearTheMind"],"picked":"EmptyFist","floor":1.0},{"not_picked":["Pray","InnerPeace"],"picked":"FlurryOfBlows","floor":4.0},{"not_picked":["TalkToTheHand","FlyingSleeves"],"picked":"Replay:Vibes","floor":5.0},{"not_picked":["FlurryOfBlows","Prostrate"],"picked":"Devotion","floor":6.0},{"not_picked":["JustLucky","Replay:BluntJabs"],"picked":"Replay:DivineShield","floor":7.0},{"not_picked":["Replay:BluntJabs","SandsOfTime"],"picked":"Tantrum","floor":8.0},{"not_picked":["FlurryOfBlows","FlyingSleeves"],"picked":"EmptyBody","floor":10.0},{"not_picked":["EmptyMind","Replay:ManipulateFuture"],"picked":"Devotion","floor":14.0},{"not_picked":["Tools of the Trade","Ragnarok"],"picked":"Phantasmal Killer","floor":16.0},{"not_picked":["SandsOfTime","CutThroughFate+1"],"picked":"SashWhip+1","floor":21}],"player_experience":185355,"relics_obtained":[{"floor":1.0,"key":"Baka"},{"floor":1.0,"key":"LetterFromLob"},{"floor":6.0,"key":"GodSword4"},{"floor":8.0,"key":"Replay:PocketPolymizer"},{"floor":8.0,"key":"RedMistMask"},{"floor":13.0,"key":"Simple Rune"},{"floor":16.0,"key":"Gensokyo:OccultBall"},{"floor":1.0,"key":"LetterFromLob"},{"floor":5.0,"key":"Gensokyo:OccultBall"},{"floor":6.0,"key":"infinitespire:Golems Mask"},{"floor":7.0,"key":"Gensokyo:OccultBall"},{"floor":9.0,"key":"Bag of Preparation"},{"floor":16.0,"key":"Gensokyo:OccultBall"},{"floor":21,"key":"Replay:Rubber Ducky"}],"event_choices":[{"damage_healed":0.0,"max_hp_gain":0.0,"max_hp_loss":0.0,"gold_gain":75.0,"event_name":"World of Goop","player_choice":"Gather Gold","floor":2.0,"gold_loss":0.0,"damage_taken":11.0},{"damage_healed":0.0,"max_hp_gain":0.0,"max_hp_loss":0.0,"gold_gain":0.0,"event_name":"Shining Light","player_choice":"Entered Light","floor":15.0,"gold_loss":0.0,"damage_taken":14.0,"cards_upgraded":["Defend_P","PathToVictory"]}],"is_beta":false,"boss_relics":[{"not_picked":["Replay:Ancient Bell","AddBug"],"picked":"Snecko Eye"}],"items_purged_floors":[11],"is_endless":false,"potions_floor_spawned":[5,11,14,16,5,7,8,10,14,16],"killed_by":"The Heart","ascension_level":0}}