{"host":"cjmwurvrz00ml9vd","time":1610400718,"event":{"mods":["2.2 Compatiblity","AchievementEnabler","Act Like it!","Aspiration","BaseMod","Beaked The Cultist","Better Third Choice","BetterRewards","Colored Powertips","Conspire","Downfall","Energized Spire","Infinite Spire","Marisa????????","Marked Mod","Minty Spire (QoL Compilation)","Replay The Spire","Say the Spire","StSLib","The Blackbeard","The Cursed","The Disciple","The Hierophant","The Jungle","The Necromancer","The Servant 0.9.4","TheFirefly","vexMod"],"gold_per_floor":[109,125,125,145,156,184,203,203,252,282,282,307,319,319,319,319,319],"floor_reached":16,"playtime":754,"items_purged":[],"score":215,"play_id":"ae16f1c6-8ff1-48df-97f9-5b1de9e1dbd1","local_time":"20210111223158","is_ascension_mode":true,"campfire_choices":[{"floor":8,"key":"REST"},{"floor":15,"key":"REST"}],"circlet_count":0,"master_deck":["Strike_S","Strike_S","Strike_S","Strike_S","Defend_S","Defend_S","Defend_S","Defend_S","KidneyShot","Exchange","InstantArmor","Snipe","Snipe","SurpressingFire","Starlight","Pot Of Greed","Pot Of Greed"],"relics":["Uniform","Matryoshka","Grinning Jar","Replay:Mystery Machine","ReplayTheSpireMod:TigerMarble","HornCleat","aspiration:Lifesprig","Iron Hammer"],"acts_visited":["Exordium"],"potions_floor_usage":[6,7,10,12,16],"damage_taken":[{"damage":0,"enemies":"Cultist","floor":1,"turns":3},{"damage":4,"enemies":"Small Slimes","floor":2,"turns":3},{"damage":1,"enemies":"conspire:RoseBush","floor":4,"turns":2},{"damage":12,"enemies":"conspire:2 RoseBushes","floor":5,"turns":5},{"damage":24,"enemies":"3 Sentries","floor":6,"turns":9},{"damage":0,"enemies":"2 Fungi Beasts","floor":7,"turns":2},{"damage":3,"enemies":"Gremlin Nob","floor":10,"turns":3},{"damage":8,"enemies":"3 Sentries","floor":12,"turns":8},{"damage":0,"enemies":"Blue Slaver","floor":13,"turns":2},{"damage":49,"enemies":"Hexaghost","floor":16,"turns":12}],"seed_played":"458000060259475474","potions_obtained":[{"floor":4,"key":"Elixir"},{"floor":5,"key":"Venom Potion"},{"floor":6,"key":"Toxic Potion"},{"floor":13,"key":"Strength Potion"}],"is_trial":false,"path_per_floor":["M","M","?","M","M","E","M","R","T","E","?","E","M","?","R","B"],"character_chosen":"THE_SERVANT","items_purchased":["InstantArmor","Swift Potion","Snipe"],"campfire_rested":2,"item_purchase_floors":[0,0,0],"current_hp_per_floor":[65,61,61,60,48,24,24,43,43,40,37,29,29,29,48,0,0],"gold":319,"neow_bonus":"","is_daily":false,"chose_seed":false,"campfire_upgraded":0,"win_rate":0.0,"timestamp":1610400718,"path_taken":["M","M","?","M","M","E","M","R","T","E","?","E","M","?","R","BOSS"],"items_purchased_type":["Card","Potion","Card"],"build_version":"2020-12-22","purchased_purges":0,"victory":false,"max_hp_per_floor":[65,65,65,65,65,65,65,65,65,65,65,65,65,65,65,65,65],"card_choices":[{"not_picked":["Rearm","BottledTime"],"picked":"SurpressingFire","floor":1},{"not_picked":["Rewind","WasteNot","Rearm"],"picked":"SKIP","floor":2},{"not_picked":["Spin","TimeTheft"],"picked":"Starlight","floor":4},{"not_picked":["Replace","Rearm","Ricochet"],"picked":"SKIP","floor":5},{"not_picked":["FastForward","Revamp","Moondial"],"picked":"SKIP","floor":6},{"not_picked":["SurpressingFire","Contraction","InstantArmor"],"picked":"SKIP","floor":7},{"not_picked":["ForgedInTime","WasteNot","Replace"],"picked":"SKIP","floor":10},{"not_picked":["ForgedInTime","WasteNot","Replace"],"picked":"SKIP","floor":10},{"not_picked":["Revamp","ReturningBlade","Spin"],"picked":"SKIP","floor":12},{"not_picked":["Barrier","Contraction","Unruled"],"picked":"SKIP","floor":13}],"player_experience":635697,"relics_obtained":[{"floor":3,"key":"Matryoshka"},{"floor":6,"key":"Grinning Jar"},{"floor":9,"key":"Replay:Mystery Machine"},{"floor":9,"key":"ReplayTheSpireMod:TigerMarble"},{"floor":10,"key":"HornCleat"},{"floor":12,"key":"Iron Hammer"}],"event_choices":[{"damage_healed":0,"gold_gain":0,"player_choice":"Relic ","damage_taken":3,"max_hp_gain":0,"max_hp_loss":0,"event_name":"betterThird:BetterScrap","floor":11,"gold_loss":0,"cards_obtained":["Chill"]}],"is_beta":false,"boss_relics":[],"items_purged_floors":[],"is_endless":false,"potions_floor_spawned":[4,5,6,13],"killed_by":"Hexaghost","ascension_level":5}}