{"host":"ilrepnd391jk07a9","time":1610358379,"event":{"mods":["Act Like it!","Aspiration","BaseMod","Better Altar","Better Note","Better Skull","Better Third Choice","BetterRewards","Colored Powertips","DeckTracker","Defuse TimeMaze Blight","Downfall","Elementarium","GifTheSpireLib","Gremlin Skip","Halation","Highlight Path","Hubris","Infinite Spire","Minty Spire (QoL Compilation)","Quick Restart","Relic Stats","Replay The Spire","StSLib","Stuff the Spire","everything is the same but u backflip on backflip","vexMod"],"gold_per_floor":[119,31,31,31,42,74,74,90,90,124,124,99,125,192,204,289,301,331,95,108,108,108,143,143,193,220,248,265,265,294,30,30,102,102,118,134,150,167,167,192,192,67,67,67,81,92,127,127,127,127,127,127],"floor_reached":51,"playtime":5773,"items_purged":["Injury","StuffTheSpire:CuriosityCurse","Havoc+1"],"score":1658,"play_id":"45a09cd4-0d3d-40ce-b3d4-96c6c108eec0","local_time":"20210111224619","is_ascension_mode":true,"campfire_choices":[{"data":"Skewer","floor":7.0,"key":"SMITH"},{"data":"Sword Boomerang","floor":11.0,"key":"SMITH"},{"data":"Flame Barrier","floor":15.0,"key":"SMITH"},{"data":"Replay:Fractal Strike","floor":29,"key":"SMITH"},{"data":"Bash","floor":32,"key":"SMITH"},{"floor":41,"key":"RECALL"},{"data":"Clothesline","floor":44,"key":"SMITH"},{"floor":49,"key":"REST"}],"circlet_count":0,"master_deck":["AscendersBane","Strike_R","Strike_R","Defend_R","Defend_R","Defend_R","Defend_R","Bash+1","Flame Barrier+1","All Out Attack","Skewer+1","Infinite Blades","Clothesline+1","Flame Barrier+1","Sword Boomerang+1","Shrug It Off+1","Anger","Immolate+1","Headbutt+1","Replay:Fractal Strike+1","Disarm+1","Replay:Many Hands+1","True Grit+1","Havoc+1","hubris:CleavingFinish+1","Abandon+1"],"relics":["Burning Blood","NeowsBlessing","Toxic Egg 2","Boot","HornCleat","TungstenRod","MawBank","FossilizedHelix","aspiration:SecretTechniqueScroll","Chemical X","StuffTheSpire:DullRazor","infinitespire:Bottled Soul","aspiration:FrozenJewel","Lantern","MealTicket","vexMod:PaidLearning","aspiration:RunicSpoon","halation:PinkSoulGem","Eternal Feather","Bottled Lightning","Replay:Towering Pillar of Hats"],"acts_visited":["Exordium","TheCity","TheBeyond"],"potions_floor_usage":[33,33,47,51],"damage_taken":[{"damage":0.0,"enemies":"Small Slimes","floor":1.0,"turns":2.0},{"damage":0.0,"enemies":"2 Louse","floor":5.0,"turns":1.0},{"damage":0.0,"enemies":"3 Sentries","floor":6.0,"turns":1.0},{"damage":0.0,"enemies":"Jaw Worm","floor":8.0,"turns":3.0},{"damage":19.0,"enemies":"Lagavulin","floor":10.0,"turns":6.0},{"damage":17.0,"enemies":"Gremlin Nob","floor":13.0,"turns":4.0},{"damage":27.0,"enemies":"Lagavulin Event","floor":14.0,"turns":8.0},{"damage":14.0,"enemies":"The Guardian","floor":16.0,"turns":10.0},{"damage":0.0,"enemies":"Shell Parasite","floor":18.0,"turns":6.0},{"damage":0.0,"enemies":"2 Thieves","floor":20.0,"turns":3.0},{"damage":0.0,"enemies":"Gremlin Leader","floor":23.0,"turns":6.0},{"damage":0,"enemies":"Replay:Snechameleon","floor":27,"turns":6},{"damage":0,"enemies":"Centurion and Healer","floor":28,"turns":6},{"damage":20,"enemies":"Slavers","floor":30,"turns":6},{"damage":72,"enemies":"Champ","floor":33,"turns":13},{"damage":16,"enemies":"3 Shapes","floor":35,"turns":27},{"damage":26,"enemies":"3 Darklings","floor":36,"turns":5},{"damage":0,"enemies":"Spire Growth","floor":37,"turns":3},{"damage":0,"enemies":"Jaw Worm Horde","floor":38,"turns":3},{"damage":0,"enemies":"Nemesis","floor":40,"turns":5},{"damage":41,"enemies":"Writhing Mass","floor":45,"turns":5},{"damage":0,"enemies":"Maw","floor":46,"turns":6},{"damage":59,"enemies":"Giant Head","floor":47,"turns":7},{"damage":40,"enemies":"Time Eater","floor":50,"turns":6},{"damage":30,"enemies":"Awakened One","floor":51,"turns":5}],"seed_played":"-5198261166404825583","potions_obtained":[{"floor":5.0,"key":"Slimebound:ThreeZeroPotion"},{"floor":6.0,"key":"champ:CounterPotion"},{"floor":20.0,"key":"Flashbang"},{"floor":27,"key":"BloodPotion"},{"floor":33,"key":"Elixir"},{"floor":37,"key":"BlessingOfTheForge"},{"floor":38,"key":"Regen Potion"},{"floor":47,"key":"BloodPotion"}],"is_trial":false,"path_per_floor":["M","$","?","?","M","E","R","M","T","E","R","?","E","?","R","B",null,"M","$","M","AVR","?","E","?","?","T","E","M","R","E","$","R","B",null,"M","M","M","M","?","E","R","$","T","R","M","M","E","?","R","B","B"],"character_chosen":"IRONCLAD","items_purchased":["Feel No Pain","Chemical X","vexMod:PaidLearning"],"campfire_rested":1,"item_purchase_floors":[2,19,31],"current_hp_per_floor":[74,74,74,74,75,75,75,75,75,62,62,62,51,30,30,22,62,68,68,74,74,74,75,75,75,75,75,75,75,61,75,75,24,62,52,32,38,44,44,50,65,75,75,75,40,46,7,7,44,10,0,0],"gold":127,"neow_bonus":"THREE_ENEMY_KILL","is_daily":false,"chose_seed":false,"campfire_upgraded":6,"win_rate":0.0,"timestamp":1610358379,"path_taken":["M","$","?","?","M","E","R","M","T","E","R","?","E","?","R","BOSS","M","$","M","AVR","?","E","?","?","T","E","M","R","E","?","R","BOSS","M","M","M","M","?","E","R","$","T","R","M","M","E","?","R","BOSS","BOSS"],"items_purchased_type":["Card","Relic","Relic"],"build_version":"2020-12-22","purchased_purges":3,"victory":false,"max_hp_per_floor":[75,75,75,75,75,75,75,75,75,75,75,75,75,75,75,75,75,75,75,75,75,75,75,75,75,75,75,75,75,75,75,75,75,75,75,75,75,75,75,75,75,75,75,75,75,75,75,75,75,75,75,75],"relic_stats":{"counters":[25,153],"aspiration:RunicSpoon":[107],"MealTicket":24,"Eternal Feather":30,"Chemical X":[36],"Boot":[418],"MawBank":72,"obtain_stats":[{"Lantern":27,"NeowsBlessing":0,"Replay:Towering Pillar of Hats":47,"aspiration:RunicSpoon":34,"Eternal Feather":40,"vexMod:PaidLearning":31,"aspiration:SecretTechniqueScroll":17,"Boot":6,"MawBank":13,"Burning Blood":0,"aspiration:FrozenJewel":24,"HornCleat":9,"infinitespire:Bottled Soul":23,"MealTicket":30,"Chemical X":19,"Bottled Lightning":43,"Toxic Egg 2":4,"StuffTheSpire:DullRazor":21,"halation:PinkSoulGem":39,"TungstenRod":10,"FossilizedHelix":14},{"Lantern":12,"NeowsBlessing":0,"Replay:Towering Pillar of Hats":23,"aspiration:RunicSpoon":15,"Eternal Feather":20,"vexMod:PaidLearning":14,"aspiration:SecretTechniqueScroll":8,"Boot":3,"MawBank":6,"Burning Blood":0,"aspiration:FrozenJewel":11,"HornCleat":4,"infinitespire:Bottled Soul":11,"MealTicket":14,"Chemical X":9,"Bottled Lightning":20,"Toxic Egg 2":1,"StuffTheSpire:DullRazor":10,"halation:PinkSoulGem":19,"TungstenRod":5,"FossilizedHelix":7},{"Lantern":56,"NeowsBlessing":0,"Replay:Towering Pillar of Hats":142,"aspiration:RunicSpoon":81,"Eternal Feather":124,"vexMod:PaidLearning":68,"aspiration:SecretTechniqueScroll":35,"Boot":4,"MawBank":17,"Burning Blood":0,"aspiration:FrozenJewel":50,"HornCleat":7,"infinitespire:Bottled Soul":50,"MealTicket":68,"Chemical X":41,"Bottled Lightning":124,"Toxic Egg 2":2,"StuffTheSpire:DullRazor":44,"halation:PinkSoulGem":119,"TungstenRod":13,"FossilizedHelix":25}],"Burning Blood":110,"TungstenRod":42},"card_choices":[{"not_picked":["True Grit","ReplayTheSpireMod:Corrosion Curse"],"picked":"Flame Barrier","floor":1.0},{"not_picked":["Perfected Strike","Evolve"],"picked":"Clothesline","floor":5.0},{"not_picked":["Pommel Strike","ReplayTheSpireMod:Muscle Training+1"],"picked":"Flame Barrier+1","floor":6.0},{"not_picked":["ReplayTheSpireMod:LeadingStrike","Run Through"],"picked":"Sword Boomerang","floor":8.0},{"not_picked":["hubris:SharpeningStone+1","StuffTheSpire:Incineration"],"picked":"Shrug It Off+1","floor":10.0},{"not_picked":["Power Through+1","Massacre","Twin Strike"],"picked":"SKIP","floor":13.0},{"not_picked":["Warcry+1","StuffTheSpire:Slingshot"],"picked":"Anger","floor":14.0},{"not_picked":["StuffTheSpire:TitanForm","Hemogenesis"],"picked":"Immolate","floor":16.0},{"not_picked":["Metallicize","Infernal Blade+1"],"picked":"Headbutt","floor":18.0},{"not_picked":["Iron Wave","Sword Boomerang","Body Slam+1"],"picked":"SKIP","floor":20.0},{"not_picked":["Whirlwind","Seeing Red+1"],"picked":"Disarm+1","floor":23.0},{"not_picked":["Cleave","Ghostly Armor+1","hubris:SharpeningStone+1"],"picked":"SKIP","floor":27},{"not_picked":["Entrench+1","Heavy Blade","Reckless Charge+1"],"picked":"SKIP","floor":28},{"not_picked":["StuffTheSpire:RagingBull","ReplayTheSpireMod:Strike From Hell","Sword Boomerang+1"],"picked":"SKIP","floor":30},{"not_picked":["hubris:StunningStrike","Limit Break+1"],"picked":"Replay:Many Hands+1","floor":33},{"not_picked":["Headbutt","Replay:Undeath\u0027s Touch","StuffTheSpire:Slingshot"],"picked":"SKIP","floor":35},{"not_picked":["StuffTheSpire:RagingBull+1","Thunderclap+1"],"picked":"True Grit+1","floor":36},{"not_picked":["Twin Strike","Thunderclap"],"picked":"Havoc+1","floor":37},{"not_picked":["Flex+1","Clothesline"],"picked":"hubris:CleavingFinish+1","floor":38},{"not_picked":["Perfected Strike","Bludgeon"],"picked":"Havoc+1","floor":40},{"not_picked":["ReplayTheSpireMod:Strike From Hell","Run Through","Sword Boomerang"],"picked":"SKIP","floor":45},{"not_picked":["StuffTheSpire:RagingBull","hubris:CleavingFinish","ReplayTheSpireMod:Limb From Limb"],"picked":"SKIP","floor":46},{"not_picked":["Searing Blow+1","Sentinel+1"],"picked":"Abandon+1","floor":47}],"player_experience":856070,"relics_obtained":[{"floor":6.0,"key":"Boot"},{"floor":9.0,"key":"HornCleat"},{"floor":10.0,"key":"TungstenRod"},{"floor":13.0,"key":"MawBank"},{"floor":14.0,"key":"FossilizedHelix"},{"floor":23.0,"key":"infinitespire:Bottled Soul"},{"floor":27,"key":"Lantern"},{"floor":30,"key":"MealTicket"},{"floor":40,"key":"Eternal Feather"},{"floor":43,"key":"Bottled Lightning"},{"floor":47,"key":"Replay:Towering Pillar of Hats"}],"event_choices":[{"damage_healed":0.0,"max_hp_gain":0.0,"max_hp_loss":0.0,"gold_gain":0.0,"event_name":"Dead Adventurer","player_choice":"Searched \u00271\u0027 times","floor":14.0,"gold_loss":0.0,"damage_taken":0.0},{"damage_healed":0,"gold_gain":50,"player_choice":"Steal","damage_taken":0,"max_hp_gain":0,"max_hp_loss":0,"event_name":"betterThird:BetterNest","floor":25,"gold_loss":0},{"cards_removed":["Strike_R"],"damage_healed":0,"gold_gain":0,"player_choice":"Purged","damage_taken":0,"max_hp_gain":0,"max_hp_loss":0,"event_name":"Purifier","floor":48,"gold_loss":0}],"is_beta":false,"boss_relics":[{"not_picked":["halation:HeavySnake","halation:SmartPhone"],"picked":"aspiration:SecretTechniqueScroll"},{"not_picked":["Replay:Bronze Core","halation:PinkAlligatorPlush"],"picked":"aspiration:RunicSpoon"}],"items_purged_floors":[19,31,42],"is_endless":false,"potions_floor_spawned":[5,6,10,14,20,27,33,37,38,40,47],"killed_by":"Awakened One","ascension_level":20}}