{"host":"z4nt7tdd4gjrinn7","time":1610387139,"event":{"mods":["BaseMod","Minty Spire (QoL Compilation)","StSLib"],"gold_per_floor":[112,126,126,81,98,98,133,133,133,143,143,143,143,143,143,244,244,244,244],"floor_reached":18,"playtime":640,"items_purged":[],"score":166,"play_id":"b5647edf-47aa-4fd1-a262-407bdb6e8291","local_time":"20210111124539","is_ascension_mode":true,"campfire_choices":[{"data":"Blood for Blood","floor":6,"key":"SMITH"},{"floor":11,"key":"REST"},{"data":"Cleave","floor":15,"key":"SMITH"}],"circlet_count":0,"master_deck":["Strike_R","Strike_R","Strike_R","Strike_R","Strike_R","Defend_R+1","Defend_R","Defend_R+1","Bash","Cleave+1","Anger","Blood for Blood+1","Thunderclap","Cleave+1","Hemokinesis+1","Rage+1","Bludgeon+1"],"relics":["Burning Blood","Mummified Hand","War Paint","Astrolabe"],"acts_visited":["Exordium","TheCity"],"potions_floor_usage":[16,16,16,18],"damage_taken":[{"damage":11,"enemies":"2 Louse","floor":1,"turns":2},{"damage":1,"enemies":"Cultist","floor":2,"turns":3},{"damage":0,"enemies":"Small Slimes","floor":5,"turns":2},{"damage":26,"enemies":"Lagavulin","floor":7,"turns":5},{"damage":10,"enemies":"Looter","floor":10,"turns":2},{"damage":36,"enemies":"Hexaghost","floor":16,"turns":7},{"damage":2,"enemies":"3 Byrds","floor":18,"turns":2}],"seed_played":"8086800660080208597","potions_obtained":[{"floor":0,"key":"DistilledChaos"},{"floor":0,"key":"ColorlessPotion"},{"floor":0,"key":"BlessingOfTheForge"},{"floor":1,"key":"Explosive Potion"},{"floor":7,"key":"Fire Potion"},{"floor":16,"key":"SkillPotion"}],"is_trial":false,"path_per_floor":["M","M","?","$","M","R","E","?","T","M","R","?","?","$","R","B",null,"M"],"character_chosen":"IRONCLAD","items_purchased":["Anger"],"campfire_rested":1,"item_purchase_floors":[4],"current_hp_per_floor":[75,80,80,80,80,80,60,60,60,56,80,80,80,80,80,50,80,78,78],"gold":244,"neow_bonus":"THREE_SMALL_POTIONS","is_daily":false,"chose_seed":false,"campfire_upgraded":2,"win_rate":0.0,"timestamp":1610387139,"path_taken":["M","M","?","$","?","R","E","?","T","M","R","?","?","?","R","BOSS","M"],"items_purchased_type":["Card"],"build_version":"2020-12-22","purchased_purges":0,"victory":false,"max_hp_per_floor":[80,80,80,80,80,80,80,80,80,80,80,80,80,80,80,80,80,80,80],"card_choices":[{"not_picked":["Twin Strike","Body Slam"],"picked":"Anger","floor":1},{"not_picked":["Clash","Seeing Red"],"picked":"Cleave","floor":2},{"not_picked":["Havoc","Body Slam"],"picked":"Blood for Blood","floor":5},{"not_picked":["Shrug It Off","Clash"],"picked":"Thunderclap","floor":7},{"not_picked":["Limit Break","Metallicize"],"picked":"Cleave","floor":10},{"not_picked":["Offering","Berserk"],"picked":"Demon Form","floor":16}],"player_experience":51814,"relics_obtained":[{"floor":7,"key":"Mummified Hand"},{"floor":9,"key":"War Paint"}],"event_choices":[{"damage_healed":0,"gold_gain":0,"player_choice":"Forge","damage_taken":0,"max_hp_gain":0,"max_hp_loss":0,"event_name":"Accursed Blacksmith","floor":3,"gold_loss":0,"cards_upgraded":["Cleave"]},{"damage_healed":0,"gold_gain":0,"player_choice":"Fled","damage_taken":0,"max_hp_gain":0,"max_hp_loss":0,"event_name":"Scrap Ooze","floor":8,"gold_loss":0},{"damage_healed":0,"gold_gain":0,"player_choice":"Ignored","damage_taken":0,"max_hp_gain":0,"max_hp_loss":0,"event_name":"Shining Light","floor":12,"gold_loss":0},{"damage_healed":0,"gold_gain":0,"player_choice":"Searched \u00271\u0027 times","damage_taken":0,"max_hp_gain":0,"max_hp_loss":0,"event_name":"Dead Adventurer","floor":13,"gold_loss":0}],"is_beta":false,"boss_relics":[{"not_picked":["Fusion Hammer","Cursed Key"],"picked":"Astrolabe"}],"items_purged_floors":[],"is_endless":false,"potions_floor_spawned":[1,7,16],"killed_by":"3 Byrds","ascension_level":1}}