{"host":"jlz4is0nf6zo9oab","time":1610393826,"event":{"mods":["AchievementEnabler","BaseMod","Colored Map","Colored Powertips","Highlight Path","Minty Spire (QoL Compilation)","StSLib"],"gold_per_floor":[119,119,134,134,150,150,115,138,138,138,187,200,210,57,57,57,57],"floor_reached":16,"playtime":290,"items_purged":["Defend_R"],"score":140,"play_id":"2f606478-8f8a-4eed-ad40-7604f21832fd","local_time":"20210111203706","is_ascension_mode":true,"campfire_choices":[{"data":"Uppercut","floor":6,"key":"SMITH"},{"data":"Bash","floor":10,"key":"SMITH"},{"floor":15,"key":"REST"}],"circlet_count":0,"master_deck":["AscendersBane","Strike_R","Strike_R","Strike_R","Strike_R","Defend_R","Defend_R","Defend_R","Bash+1","Uppercut+1","Inflame"],"relics":["Burning Blood","NeowsBlessing","Singing Bowl","Odd Mushroom","Shuriken","Oddly Smooth Stone"],"acts_visited":["Exordium"],"potions_floor_usage":[],"damage_taken":[{"damage":0,"enemies":"Cultist","floor":1,"turns":1},{"damage":0,"enemies":"Jaw Worm","floor":3,"turns":1},{"damage":0,"enemies":"Small Slimes","floor":5,"turns":1},{"damage":47,"enemies":"The Mushroom Lair","floor":8,"turns":6},{"damage":19,"enemies":"Exordium Thugs","floor":12,"turns":5},{"damage":13,"enemies":"Exordium Wildlife","floor":13,"turns":4},{"damage":52,"enemies":"The Guardian","floor":16,"turns":9}],"seed_played":"-7367525985296451413","potions_obtained":[],"is_trial":false,"path_per_floor":["M","?","M","?","M","R","?","?","T","R","T","M","M","$","R","B"],"character_chosen":"IRONCLAD","items_purchased":["Inflame"],"campfire_rested":1,"item_purchase_floors":[14],"current_hp_per_floor":[78,71,77,52,60,60,80,41,41,41,41,30,25,25,51,0,0],"gold":57,"neow_bonus":"THREE_ENEMY_KILL","is_daily":false,"chose_seed":false,"campfire_upgraded":2,"win_rate":0.0,"timestamp":1610393826,"path_taken":["M","?","M","?","M","R","?","?","T","R","?","M","?","$","R","BOSS"],"items_purchased_type":["Card"],"build_version":"2020-12-22","purchased_purges":1,"victory":false,"max_hp_per_floor":[80,80,80,80,82,82,82,84,84,84,84,86,88,88,88,88,88],"card_choices":[{"not_picked":["Rupture","Pommel Strike"],"picked":"Uppercut","floor":1},{"not_picked":["Wild Strike","Clash","Heavy Blade"],"picked":"SKIP","floor":3},{"not_picked":["Perfected Strike","Feel No Pain","Power Through"],"picked":"Singing Bowl","floor":5},{"not_picked":["Sever Soul","True Grit","Warcry"],"picked":"Singing Bowl","floor":8},{"not_picked":["True Grit","Armaments","Warcry"],"picked":"Singing Bowl","floor":12},{"not_picked":["Berserk","Carnage","True Grit"],"picked":"Singing Bowl","floor":13}],"player_experience":944019,"relics_obtained":[{"floor":8,"key":"Odd Mushroom"},{"floor":9,"key":"Shuriken"},{"floor":11,"key":"Oddly Smooth Stone"}],"event_choices":[{"cards_removed":["Strike_R"],"damage_healed":0,"gold_gain":0,"player_choice":"Card Removal","damage_taken":7,"max_hp_gain":0,"max_hp_loss":0,"event_name":"Golden Wing","floor":2,"gold_loss":0},{"damage_healed":0,"gold_gain":0,"player_choice":"Success","damage_taken":25,"relics_obtained":["Singing Bowl"],"max_hp_gain":0,"max_hp_loss":0,"event_name":"Scrap Ooze","floor":4,"gold_loss":0},{"damage_healed":20,"gold_gain":0,"player_choice":"Healed","damage_taken":0,"max_hp_gain":0,"max_hp_loss":0,"event_name":"The Cleric","floor":7,"gold_loss":35},{"damage_healed":0,"gold_gain":0,"player_choice":"Fought Mushrooms","damage_taken":0,"max_hp_gain":0,"max_hp_loss":0,"event_name":"Mushrooms","floor":8,"gold_loss":0}],"is_beta":false,"boss_relics":[],"items_purged_floors":[14],"is_endless":false,"potions_floor_spawned":[1],"killed_by":"The Guardian","ascension_level":11}}