{"host":"31s8hzukbhz1k6i6","time":1610325237,"event":{"mods":["AchievementEnabler","BaseMod","Bestiary","Colored Map","Filter the Spire","Minty Spire (QoL Compilation)","Relic Stats","ojb\u0027s Info Mod"],"gold_per_floor":[16,32,32,45,45,79,79,93,139,180,255,274,274,289,289,289,289],"floor_reached":16,"playtime":753,"items_purged":[],"score":224,"play_id":"8edb7a0e-4d5a-476c-9ebf-2e93fa75e713","local_time":"20210110163357","is_ascension_mode":true,"campfire_choices":[{"data":"Uppercut","floor":7,"key":"SMITH"},{"floor":13,"key":"REST"},{"data":"Corruption","floor":15,"key":"SMITH"}],"circlet_count":0,"master_deck":["AscendersBane","Strike_R","Strike_R","Strike_R","Strike_R","Defend_R","Defend_R","Defend_R","Bash","Wild Strike","Ghostly Armor","Uppercut+1","Dropkick","Corruption+1","Second Wind","Disarm","Seeing Red","Ghostly Armor"],"relics":["Burning Blood","Golden Idol","Kunai","Blood Vial","Art of War","Omamori"],"acts_visited":["Exordium"],"potions_floor_usage":[6,10,16],"damage_taken":[{"damage":0,"enemies":"2 Louse","floor":1,"turns":3},{"damage":0,"enemies":"Small Slimes","floor":2,"turns":3},{"damage":0,"enemies":"Cultist","floor":4,"turns":3},{"damage":20,"enemies":"Lagavulin","floor":6,"turns":6},{"damage":2,"enemies":"Looter","floor":8,"turns":3},{"damage":28,"enemies":"Gremlin Nob","floor":10,"turns":4},{"damage":38,"enemies":"Gremlin Nob","floor":11,"turns":5},{"damage":7,"enemies":"Lots of Slimes","floor":12,"turns":7},{"damage":12,"enemies":"Red Slaver","floor":14,"turns":4},{"damage":45,"enemies":"Slime Boss","floor":16,"turns":8}],"seed_played":"-7454711895366801149","potions_obtained":[{"floor":2,"key":"SkillPotion"},{"floor":8,"key":"SkillPotion"},{"floor":12,"key":"Ancient Potion"},{"floor":14,"key":"SneckoOil"}],"is_trial":false,"path_per_floor":["M","M","?","M","?","E","R","M","T","E","?","M","R","M","R","B"],"character_chosen":"IRONCLAD","items_purchased":[],"campfire_rested":1,"item_purchase_floors":[],"current_hp_per_floor":[74,75,68,68,73,59,59,63,63,43,13,14,35,31,31,0,0],"gold":289,"neow_bonus":"TRANSFORM_TWO_CARDS","is_daily":false,"chose_seed":false,"campfire_upgraded":2,"win_rate":0.0,"timestamp":1610325237,"path_taken":["M","M","?","M","?","E","R","M","T","E","?","M","R","M","R","BOSS"],"items_purchased_type":[],"build_version":"2020-12-22","purchased_purges":0,"victory":false,"max_hp_per_floor":[75,75,68,68,73,73,73,73,73,73,73,73,73,73,73,73,73],"relic_stats":{"Blood Vial":10,"counters":[10,46],"Golden Idol":51,"Art of War":[6],"Kunai":[5],"obtain_stats":[{"Blood Vial":9,"Golden Idol":3,"Art of War":10,"Omamori":11,"Kunai":6,"Burning Blood":0},{"Blood Vial":5,"Golden Idol":2,"Art of War":6,"Omamori":7,"Kunai":4,"Burning Blood":0},{"Blood Vial":18,"Golden Idol":6,"Art of War":22,"Omamori":27,"Kunai":15,"Burning Blood":0}],"Burning Blood":43},"card_choices":[{"not_picked":["Body Slam","Infernal Blade","Iron Wave"],"picked":"SKIP","floor":1},{"not_picked":["Heavy Blade","Searing Blow"],"picked":"Uppercut","floor":2},{"not_picked":["Sword Boomerang","Perfected Strike"],"picked":"Dropkick","floor":4},{"not_picked":["Disarm","Iron Wave"],"picked":"Corruption","floor":6},{"not_picked":["Headbutt","Heavy Blade","Havoc"],"picked":"SKIP","floor":8},{"not_picked":["Burning Pact","Havoc"],"picked":"Second Wind","floor":10},{"not_picked":["Heavy Blade","Wild Strike"],"picked":"Disarm","floor":11},{"not_picked":["Iron Wave","Second Wind"],"picked":"Seeing Red","floor":12},{"not_picked":["Body Slam","Iron Wave"],"picked":"Ghostly Armor","floor":14}],"player_experience":159068,"relics_obtained":[{"floor":6,"key":"Kunai"},{"floor":9,"key":"Blood Vial"},{"floor":10,"key":"Art of War"},{"floor":11,"key":"Omamori"}],"event_choices":[{"damage_healed":0,"gold_gain":0,"player_choice":"Lose Max HP","damage_taken":0,"relics_obtained":["Golden Idol"],"max_hp_gain":0,"max_hp_loss":7,"event_name":"Golden Idol","floor":3,"gold_loss":0},{"damage_healed":0,"gold_gain":0,"player_choice":"Donut","damage_taken":0,"max_hp_gain":5,"max_hp_loss":0,"event_name":"Big Fish","floor":5,"gold_loss":0},{"damage_healed":0,"gold_gain":0,"player_choice":"Searched \u00271\u0027 times","damage_taken":0,"max_hp_gain":0,"max_hp_loss":0,"event_name":"Dead Adventurer","floor":11,"gold_loss":0}],"is_beta":false,"boss_relics":[],"items_purged_floors":[],"is_endless":false,"potions_floor_spawned":[2,8,12,14],"killed_by":"Slime Boss","ascension_level":20}}