{"host":"54vghy6hfkyy1r39","time":1610331047,"event":{"mods":["AchievementEnabler","BaseMod","Minty Spire (QoL Compilation)","StSLib","SuperFastMode","everything is the same but u backflip on backflip"],"gold_per_floor":[365,290,310,310,385,419,419,449,474,500,460,70,70,90,90,194,194,208,240,283,66,109,109,109,128,155,198,198,224,224,224,224],"floor_reached":31,"playtime":1121,"items_purged":["Strike_P","Shame","Defend_P"],"score":271,"play_id":"f14287f1-b126-4da1-a04a-ce4c5ba43cea","local_time":"20210111111047","is_ascension_mode":false,"campfire_choices":[{"floor":7,"key":"REST"},{"floor":13,"key":"REST"},{"data":"Apotheosis","floor":15,"key":"SMITH"},{"floor":23,"key":"REST"},{"floor":28,"key":"REST"}],"circlet_count":0,"master_deck":["Strike_P","Defend_P+1","Eruption+1","Vigilance","FearNoEvil","TalkToTheHand+1","Pray","EmptyBody","Apotheosis+1","TalkToTheHand","EmptyBody","Wish","FlurryOfBlows+1","Protect+1","InnerPeace+1","EmptyFist+1","Halt","Flash of Steel"],"relics":["PureWater","War Paint","Eternal Feather","Whetstone","Bottled Lightning","Astrolabe","Red Mask","Bag of Marbles","Nunchaku","Letter Opener"],"acts_visited":["Exordium","TheCity"],"potions_floor_usage":[6,19],"damage_taken":[{"damage":3,"enemies":"Jaw Worm","floor":1,"turns":5},{"damage":1,"enemies":"2 Louse","floor":3,"turns":3},{"damage":34,"enemies":"Lagavulin","floor":6,"turns":6},{"damage":31,"enemies":"3 Sentries","floor":8,"turns":13},{"damage":10,"enemies":"Lagavulin","floor":10,"turns":5},{"damage":6,"enemies":"Small Slimes","floor":14,"turns":2},{"damage":27,"enemies":"Hexaghost","floor":16,"turns":16},{"damage":0,"enemies":"Spheric Guardian","floor":18,"turns":3},{"damage":31,"enemies":"Masked Bandits","floor":19,"turns":5},{"damage":12,"enemies":"Shell Parasite","floor":20,"turns":4},{"damage":8,"enemies":"Snecko","floor":22,"turns":6},{"damage":14,"enemies":"Shelled Parasite and Fungi","floor":25,"turns":4},{"damage":27,"enemies":"Snake Plant","floor":27,"turns":5},{"damage":41,"enemies":"Slavers","floor":29,"turns":12},{"damage":14,"enemies":"3 Cultists","floor":31,"turns":3}],"seed_played":"7753884991943393790","potions_obtained":[{"floor":1,"key":"CultistPotion"},{"floor":6,"key":"PowerPotion"},{"floor":8,"key":"SpeedPotion"},{"floor":11,"key":"SteroidPotion"},{"floor":19,"key":"Ancient Potion"}],"is_trial":false,"path_per_floor":["M","$","M","?","?","E","R","E","T","E","?","$","R","M","R","B",null,"M","?","M","$","M","R","?","M","T","M","R","E","T","M"],"character_chosen":"WATCHER","items_purchased":["EmptyBody","Apotheosis","TalkToTheHand","Flash of Steel"],"campfire_rested":4,"item_purchase_floors":[12,12,12,21],"current_hp_per_floor":[69,69,68,73,62,28,51,20,20,10,10,10,42,36,45,18,77,77,46,34,34,26,58,58,44,44,17,49,8,8,0,0],"gold":224,"neow_bonus":"TWO_FIFTY_GOLD","is_daily":false,"chose_seed":false,"campfire_upgraded":1,"win_rate":0.0,"timestamp":1610331047,"path_taken":["M","$","M","?","?","E","R","E","T","E","?","$","R","?","R","BOSS","M","?","M","$","M","R","?","M","T","M","R","E","?","M"],"items_purchased_type":["Card","Card","Card","Card"],"build_version":"2020-12-22","purchased_purges":3,"victory":false,"max_hp_per_floor":[72,72,72,77,77,77,77,77,77,77,77,77,77,77,77,77,77,77,77,77,77,77,77,77,77,77,77,77,77,77,77,77],"card_choices":[{"not_picked":["Crescendo","Conclude"],"picked":"FearNoEvil","floor":1},{"not_picked":["Worship","Wallop","Collect"],"picked":"SKIP","floor":3},{"not_picked":["Pray","Alpha"],"picked":"TalkToTheHand","floor":6},{"not_picked":["Prostrate","Wallop"],"picked":"Pray","floor":8},{"not_picked":["Nirvana","ReachHeaven","Fasting2"],"picked":"SKIP","floor":10},{"not_picked":["CrushJoints","LikeWater"],"picked":"EmptyBody","floor":14},{"not_picked":["Establishment","Ragnarok"],"picked":"Wish","floor":16},{"not_picked":["WindmillStrike","ThirdEye"],"picked":"EmptyFist+1","floor":18},{"not_picked":["WindmillStrike","EmptyBody"],"picked":"Halt","floor":20},{"not_picked":["Consecrate","FlurryOfBlows","CutThroughFate"],"picked":"SKIP","floor":22},{"not_picked":["Evaluate","Vengeance+1","ReachHeaven"],"picked":"SKIP","floor":25},{"not_picked":["SashWhip","BowlingBash+1","SandsOfTime"],"picked":"SKIP","floor":27},{"not_picked":["FollowUp+1","PathToVictory","ThirdEye+1"],"picked":"SKIP","floor":29}],"player_experience":200577,"relics_obtained":[{"floor":6,"key":"War Paint"},{"floor":8,"key":"Eternal Feather"},{"floor":9,"key":"Whetstone"},{"floor":10,"key":"Bottled Lightning"},{"floor":19,"key":"Red Mask"},{"floor":26,"key":"Bag of Marbles"},{"floor":29,"key":"Nunchaku"},{"floor":30,"key":"Letter Opener"}],"event_choices":[{"damage_healed":0,"gold_gain":0,"player_choice":"Donut","damage_taken":0,"max_hp_gain":5,"max_hp_loss":0,"event_name":"Big Fish","floor":4,"gold_loss":0},{"damage_healed":0,"gold_gain":75,"player_choice":"Gather Gold","damage_taken":11,"max_hp_gain":0,"max_hp_loss":0,"event_name":"World of Goop","floor":5,"gold_loss":0},{"damage_healed":0,"gold_gain":0,"player_choice":"Bought 3 Potions","damage_taken":0,"max_hp_gain":0,"max_hp_loss":0,"event_name":"The Woman in Blue","floor":11,"gold_loss":0},{"damage_healed":0,"gold_gain":0,"player_choice":"Fought Bandits","damage_taken":0,"max_hp_gain":0,"max_hp_loss":0,"event_name":"Masked Bandits","floor":19,"gold_loss":0},{"cards_removed":["Defend_P"],"damage_healed":0,"gold_gain":0,"player_choice":"Elegance","damage_taken":0,"max_hp_gain":0,"max_hp_loss":0,"event_name":"Back to Basics","floor":24,"gold_loss":0}],"is_beta":false,"boss_relics":[{"not_picked":["Philosopher\u0027s Stone","Snecko Eye"],"picked":"Astrolabe"}],"items_purged_floors":[2,12,21],"is_endless":false,"potions_floor_spawned":[1,6,8,18,19,25],"killed_by":"3 Cultists","ascension_level":0}}