{"host":"tpbmol9dayg75a5s","time":1610325429,"event":{"mods":["BaseMod","Bestiary","Block Reminder","Colored Powertips","Downfall","Minty Spire (QoL Compilation)","StSLib"],"gold_per_floor":[117,117,127,142,161,161,192,192,192,224,239,239,256,267,267,343,343,361,95,106,106,119,119,148,167,167,167,167,167,167,6,6,85,85,104,119,131,0,0,0,25,44,71,125,46,77,90,105,105,105,105,105,5,34,34,34],"floor_reached":55,"playtime":5294,"items_purged":["Riddle With Holes","Parasite"],"score":1515,"play_id":"464d5e40-a4ee-4538-8010-9cf1456f8146","local_time":"20210110213709","is_ascension_mode":true,"campfire_choices":[{"data":"Neutralize","floor":6,"key":"SMITH"},{"floor":8,"key":"REST"},{"floor":12,"key":"REST"},{"floor":15,"key":"REST"},{"data":"Catalyst","floor":23,"key":"SMITH"},{"data":"Phantasmal Killer","floor":27,"key":"SMITH"},{"data":"A Thousand Cuts","floor":32,"key":"SMITH"},{"data":"Wraith Form v2","floor":40,"key":"SMITH"},{"floor":49,"key":"RECALL"},{"data":"Acrobatics","floor":52,"key":"SMITH"}],"circlet_count":0,"master_deck":["AscendersBane","Survivor","Neutralize+1","Deadly Poison","Crippling Poison","Catalyst+1","Bouncing Flask","Poisoned Stab","Venomology","Backflip","Poisoned Stab","Quick Slash","Bullet Time","Die Die Die","A Thousand Cuts+1","Backstab","Choke","Phantasmal Killer+1","Setup+1","After Image","Doppelganger","PiercingWail+1","Impatience","Well Laid Plans","Ghostly","Ghostly","Ghostly","Dodge and Roll+1","Acrobatics+1","Escape Plan","Necronomicurse","Wraith Form v2+1","Quick Slash+1","Expertise","Dagger Throw","Acrobatics","Bane+1"],"relics":["Runic Dome","Anchor","Eternal Feather","The Specimen","Pandora\u0027s Box","Oddly Smooth Stone","MutagenicStrength","Necronomicon","Toy Ornithopter","Coffee Dripper","Red Mask","Bottled Tornado","Bronze Scales","Mango","War Paint","Pear","Centennial Puzzle"],"acts_visited":["Exordium","TheCity","TheBeyond","TheEnding"],"potions_floor_usage":[7,10,13,14,16,22,24,33,33,41,44,47,48,50,54,55,55],"damage_taken":[{"damage":12,"enemies":"Jaw Worm","floor":1,"turns":6},{"damage":1,"enemies":"Cultist","floor":3,"turns":4},{"damage":0,"enemies":"Small Slimes","floor":4,"turns":3},{"damage":2,"enemies":"2 Fungi Beasts","floor":5,"turns":4},{"damage":28,"enemies":"Gremlin Nob","floor":7,"turns":4},{"damage":29,"enemies":"3 Sentries","floor":10,"turns":9},{"damage":3,"enemies":"Blue Slaver","floor":11,"turns":4},{"damage":13,"enemies":"Large Slime","floor":13,"turns":5},{"damage":15,"enemies":"Exordium Thugs","floor":14,"turns":4},{"damage":17,"enemies":"Hexaghost","floor":16,"turns":8},{"damage":2,"enemies":"3 Byrds","floor":18,"turns":4},{"damage":3,"enemies":"Spheric Guardian","floor":20,"turns":4},{"damage":8,"enemies":"Shelled Parasite and Fungi","floor":22,"turns":4},{"damage":27,"enemies":"Gremlin Leader","floor":24,"turns":7},{"damage":0,"enemies":"Snake Plant","floor":25,"turns":5},{"damage":12,"enemies":"Champ","floor":33,"turns":10},{"damage":0,"enemies":"3 Shapes","floor":35,"turns":3},{"damage":0,"enemies":"Orb Walker","floor":36,"turns":2},{"damage":0,"enemies":"Writhing Mass","floor":37,"turns":6},{"damage":0,"enemies":"Nemesis","floor":41,"turns":5},{"damage":0,"enemies":"Transient","floor":42,"turns":6},{"damage":3,"enemies":"2 Orb Walkers","floor":44,"turns":5},{"damage":0,"enemies":"Giant Head","floor":46,"turns":7},{"damage":9,"enemies":"4 Shapes","floor":47,"turns":3},{"damage":0,"enemies":"Writhing Mass","floor":48,"turns":6},{"damage":13,"enemies":"Donu and Deca","floor":50,"turns":7},{"damage":0,"enemies":"Shield and Spear","floor":54,"turns":7},{"damage":56,"enemies":"The Heart","floor":55,"turns":5}],"seed_played":"6957171189267090144","potions_obtained":[{"floor":1,"key":"sneckomod:MuddlingPotion"},{"floor":5,"key":"GhostInAJar"},{"floor":7,"key":"GamblersBrew"},{"floor":13,"key":"champ:CounterPotion"},{"floor":24,"key":"Dexterity Potion"},{"floor":36,"key":"LiquidMemories"},{"floor":47,"key":"BlessingOfTheForge"}],"is_trial":false,"path_per_floor":["M","?","M","M","M","R","E","R","T","E","M","R","M","M","R","B",null,"M","$","M","?","M","R","E","M","T","R","?","$","?","$","R","B",null,"M","M","M","?","$","R","E","M","T","?","?","E","M","M","R","B",null,"R","$","E","B"],"character_chosen":"THE_SILENT","items_purchased":["Guardian:BlockOnCardUsePotion","Impatience","Toy Ornithopter"],"campfire_rested":3,"item_purchase_floors":[19,19,31],"current_hp_per_floor":[47,47,46,46,44,44,16,35,35,6,3,31,18,3,34,17,54,52,52,49,33,25,33,6,6,6,24,24,24,3,3,21,19,30,30,30,30,30,30,33,33,33,33,47,47,57,48,53,57,44,54,57,54,54,0,0],"gold":34,"neow_bonus":"BOSS_RELIC","is_daily":false,"chose_seed":false,"campfire_upgraded":6,"win_rate":0.0,"timestamp":1610325429,"path_taken":["M","?","?","M","M","R","E","R","T","E","M","R","?","M","R","BOSS","M","$","M","?","M","R","E","M","T","R","?","$","?","?","R","BOSS","M","M","M","?","?","R","E","M","T","?","?","E","M","M","R","BOSS","R","$","E","BOSS"],"items_purchased_type":["Potion","Card","Relic"],"build_version":"2020-12-22","purchased_purges":2,"victory":false,"max_hp_per_floor":[66,66,66,66,66,66,66,66,66,66,66,66,66,66,66,66,66,66,66,66,33,33,33,33,33,33,33,33,33,33,33,33,33,33,33,33,33,33,33,33,33,33,33,47,47,57,57,57,57,57,57,57,54,54,54,54],"card_choices":[{"not_picked":["Catalyst","Prepared"],"picked":"Deadly Poison","floor":1},{"not_picked":["Choke","Infinite Blades"],"picked":"Crippling Poison","floor":3},{"not_picked":["Setup","Endless Agony"],"picked":"Catalyst","floor":4},{"not_picked":["Terror","Tactician"],"picked":"Bouncing Flask","floor":5},{"not_picked":["Flying Knee","Cloak And Dagger"],"picked":"Poisoned Stab","floor":7},{"not_picked":["Quick Slash","Flechettes"],"picked":"Venomology","floor":10},{"not_picked":["Flechettes","Dagger Spray"],"picked":"Backflip","floor":11},{"not_picked":["Catalyst","Masterful Stab"],"picked":"Poisoned Stab","floor":13},{"not_picked":["Predator","Masterful Stab"],"picked":"Quick Slash","floor":14},{"not_picked":["Night Terror","Unload"],"picked":"Bullet Time","floor":16},{"not_picked":["Underhanded Strike","Skewer"],"picked":"PiercingWail","floor":18},{"not_picked":["Reflex","Quick Slash"],"picked":"Well Laid Plans","floor":20},{"not_picked":["Sucker Punch","Calculated Gamble"],"picked":"Dodge and Roll+1","floor":22},{"not_picked":["Catalyst","Dodge and Roll"],"picked":"Acrobatics","floor":24},{"not_picked":["Backflip","Bouncing Flask"],"picked":"Escape Plan","floor":25},{"not_picked":["Storm of Steel","A Thousand Cuts"],"picked":"Wraith Form v2","floor":33},{"not_picked":["Deadly Poison","Dagger Spray+1"],"picked":"Quick Slash+1","floor":35},{"not_picked":["Dagger Spray+1","Acrobatics"],"picked":"Expertise","floor":36},{"not_picked":["Sucker Punch+1","Crippling Poison","Blur"],"picked":"SKIP","floor":37},{"not_picked":["Dagger Spray","Well Laid Plans","Reflex"],"picked":"SKIP","floor":41},{"not_picked":["Noxious Fumes","Dagger Spray"],"picked":"Dagger Throw","floor":42},{"not_picked":["PiercingWail","Acrobatics","Caltrops+1"],"picked":"SKIP","floor":46},{"not_picked":["PiercingWail","Caltrops+1"],"picked":"Acrobatics","floor":46},{"not_picked":["PiercingWail","Underhanded Strike"],"picked":"Bane+1","floor":47},{"not_picked":["Slice","Doppelganger","Backstab+1"],"picked":"SKIP","floor":48},{"not_picked":["Bane","Outmaneuver+1","Cloak And Dagger"],"picked":"SKIP","floor":54}],"player_experience":1011232,"relics_obtained":[{"floor":7,"key":"Anchor"},{"floor":9,"key":"Eternal Feather"},{"floor":10,"key":"The Specimen"},{"floor":24,"key":"Oddly Smooth Stone"},{"floor":30,"key":"Necronomicon"},{"floor":41,"key":"Bottled Tornado"},{"floor":43,"key":"Bronze Scales"},{"floor":44,"key":"Mango"},{"floor":46,"key":"Pear"},{"floor":54,"key":"Centennial Puzzle"}],"event_choices":[{"cards_removed":["Strike_G"],"damage_healed":0,"gold_gain":0,"player_choice":"Purged","damage_taken":0,"max_hp_gain":0,"max_hp_loss":0,"event_name":"Purifier","floor":2,"gold_loss":0},{"damage_healed":0,"gold_gain":0,"player_choice":"Became a Ghost","damage_taken":0,"max_hp_gain":0,"max_hp_loss":33,"event_name":"Ghosts","floor":21,"gold_loss":0,"cards_obtained":["Ghostly","Ghostly","Ghostly"]},{"damage_healed":0,"gold_gain":0,"player_choice":"Inject Mutagens","damage_taken":0,"relics_obtained":["MutagenicStrength"],"max_hp_gain":0,"max_hp_loss":0,"event_name":"Drug Dealer","floor":28,"gold_loss":0},{"damage_healed":0,"gold_gain":0,"player_choice":"Obtained Book","damage_taken":21,"max_hp_gain":0,"max_hp_loss":0,"event_name":"Cursed Tome","floor":30,"gold_loss":0},{"damage_healed":0,"gold_gain":0,"player_choice":"Paid","damage_taken":0,"relics_obtained":["Red Mask"],"max_hp_gain":0,"max_hp_loss":0,"event_name":"Tomb of Lord Red Mask","floor":38,"gold_loss":131},{"damage_healed":0,"gold_gain":0,"player_choice":"Fight","damage_taken":0,"max_hp_gain":0,"max_hp_loss":0,"event_name":"Mysterious Sphere","floor":44,"gold_loss":0},{"damage_healed":0,"gold_gain":0,"player_choice":"Paid Gold","damage_taken":0,"relics_obtained":["War Paint"],"max_hp_gain":0,"max_hp_loss":0,"event_name":"WeMeetAgain","floor":45,"gold_loss":79}],"is_beta":false,"boss_relics":[{"not_picked":["Philosopher\u0027s Stone","Sozu"],"picked":"Pandora\u0027s Box"},{"not_picked":["expansioncontent:StudyCardRelic","SlaversCollar"],"picked":"Coffee Dripper"}],"items_purged_floors":[19,53],"is_endless":false,"potions_floor_spawned":[1,5,7,13,14,18,20,24,36,42,47,48],"killed_by":"The Heart","ascension_level":18}}