{"host":"yck2t2q3ro7hf56e","time":1610334203,"event":{"mods":["AchievementEnabler","Act Like it!","Arknights The Spire","BaseMod","Custom Start","DNKmod","Friendly Minions","Hubris","Minty Spire (QoL Compilation)","Quick Restart","Rare Cards Sparkle","Replay The Spire","Slay the Relics Exporter","StSLib","The Construct","The Marked","Virulent Crown"],"gold_per_floor":[10019,10029,10029,10029,10029,10059,9109,9109,9109,9120,9120,9120,9133,9083,9083,9182,9182,9182,9122,8626,8626,8626,8626,8626,8626,8626,8154,8154,8154,8154,8154,8154,8154,8154,8154,7488,7488,6834,6834,6834,6834,6834,6834,6834,6834,6834,6834,6834,6834,6834],"floor_reached":51,"playtime":4976,"items_purged":["Strike_B","Strike_B","Strike_B"],"score":930,"play_id":"a1476b1a-0c85-45e5-8288-8b1262e17c77","local_time":"20210111030322","is_ascension_mode":false,"campfire_choices":[{"data":"Echo Form","floor":8,"key":"SMITH"},{"data":"hubris:Ukulele","floor":11,"key":"SMITH"},{"floor":32,"key":"DIG"},{"data":"Defragment","floor":40,"key":"SMITH"},{"data":"Zap","floor":44,"key":"SMITH"},{"data":"Buffer","floor":46,"key":"SMITH"},{"floor":49,"key":"DIG"}],"circlet_count":0,"master_deck":["Defend_B","Defend_B","Defend_B","Defend_B","Zap+1","Dualcast","hubris:Ukulele+1","Ball Lightning","Echo Form+1","Good Instincts+1","Buffer+1","FIFO Queue","CurseOfTheBell","Ball Lightning+1","Hologram","Genetic Algorithm","Auto Shields","Stack","Ball Lightning+1","Leap+1","Ball Lightning+1","Leap","Defragment+1","Self Repair","Ball Lightning+1","Loop+1","Static Discharge","Thunder Strike+1","ReplayTheSpireMod:Repulse+1","Storm+1","Hello World","Heatsinks+1","Pain"],"relics":["Cracked Core","Ring of Shattering","ReplayTheSpireMod:Ring of Addiction","Chameleon Ring","White Beast Statue","Blood Vial","hubris:BottledRain","Sling","Regal Pillow","Pet Ghost","hubris:TinFlute","hubris:CrystalStatue","Prayer Wheel","Replay:Grab Bag","Ectoplasm","Velvet Choker","Calling Bell","Art of War","Molten Egg 2","Prayer Wheel","hubris:HerbalPaste","Strawberry","hubris:Towel","InkBottle","Bronze Scales","hubris:TenFootPole","hubris:Reverence","Inserter","construct:BoolHorns","Mercury Hourglass","Snack Pack","Question Card","Cauldron","Replay:Rubber Ducky","FossilizedHelix","construct:FoamFinger","WarpedTongs","Letter Opener","Anchor"],"acts_visited":["Exordium","TheCity","TheBeyond"],"potions_floor_usage":[6,6,6,13,16,16,16,21,24,24,25,28,29,33,33,33,41,50,50,50],"damage_taken":[{"damage":0,"enemies":"Small Slimes","floor":1,"turns":2},{"damage":6,"enemies":"Jaw Worm","floor":2,"turns":2},{"damage":0,"enemies":"Lagavulin","floor":6,"turns":2},{"damage":0,"enemies":"Cultist","floor":10,"turns":2},{"damage":0,"enemies":"Large Slime","floor":13,"turns":5},{"damage":8,"enemies":"Fading Forest","floor":16,"turns":9},{"damage":0,"enemies":"Chosen","floor":18,"turns":3},{"damage":16,"enemies":"2 Thieves","floor":19,"turns":3},{"damage":19,"enemies":"Snake Plant","floor":21,"turns":4},{"damage":7,"enemies":"Sentry and Sphere","floor":24,"turns":3},{"damage":5,"enemies":"Shelled Parasite and Fungi","floor":25,"turns":5},{"damage":6,"enemies":"Snake Plant","floor":28,"turns":3},{"damage":1,"enemies":"Centurion and Healer","floor":29,"turns":3},{"damage":4,"enemies":"Snecko","floor":31,"turns":4},{"damage":14,"enemies":"hubris:MusketHawk","floor":33,"turns":6},{"damage":0,"enemies":"Orb Walker","floor":35,"turns":3},{"damage":0,"enemies":"3 Shapes","floor":37,"turns":2},{"damage":11,"enemies":"Reptomancer","floor":41,"turns":4},{"damage":0,"enemies":"Mind Bloom Boss Battle","floor":42,"turns":6},{"damage":2,"enemies":"Nemesis","floor":47,"turns":4},{"damage":0,"enemies":"Maw","floor":48,"turns":4},{"damage":5,"enemies":"Donu and Deca","floor":50,"turns":4}],"seed_played":"4051175166403597032","potions_obtained":[{"floor":2,"key":"Fire Potion"},{"floor":3,"key":"AttackPotion"},{"floor":3,"key":"Fire Potion"},{"floor":6,"key":"LiquidBronze"},{"floor":10,"key":"PowerPotion"},{"floor":13,"key":"FocusPotion"},{"floor":18,"key":"Milkshake"},{"floor":19,"key":"Swift Potion"},{"floor":21,"key":"FearPotion"},{"floor":24,"key":"Strength Potion"},{"floor":25,"key":"LiquidMemories"},{"floor":28,"key":"EssenceOfSteel"},{"floor":29,"key":"Block Potion"},{"floor":35,"key":"PowerPotion"},{"floor":37,"key":"PowerPotion"},{"floor":41,"key":"BlessingOfTheForge"}],"is_trial":false,"path_per_floor":["M","M","?","T","?","E","$","R","T","M","R","?","M","?","R","B",null,"M","M","$","M","?","?","M","M","T","$","M","M","?","M","R","B",null,"M","$","M","$","?","R","E","?","T","R","?","R","E","M","R","B",null],"character_chosen":"DEFECT","items_purchased":["Sling","Regal Pillow","Pet Ghost","PotionOfCapacity","Echo Form","ReplayTheSpireMod:Fabricate Wheel+1","Good Instincts","hubris:HerbalPaste","Strawberry","FocusPotion","PowerPotion","Bronze Scales","hubris:TenFootPole","Fire Potion","construct:BoolHorns","Mercury Hourglass","Dexterity Potion","Hello World","Snack Pack","Question Card","Cauldron"],"campfire_rested":0,"item_purchase_floors":[7,7,7,7,7,7,7,20,20,20,20,27,27,27,36,36,36,36,38,38,38],"current_hp_per_floor":[1100,1094,1094,1094,1094,1096,1096,1096,1096,1098,1098,1080,1082,1082,1096,1088,1096,1096,1080,1087,1076,1076,1076,1077,1080,1080,1080,1088,1094,1094,1101,1101,1095,1099,1099,1099,1097,1097,1097,1095,1094,1095,1095,1095,1093,1093,1093,1091,1091,1091],"gold":6834,"neow_bonus":"TEN_PERCENT_HP_BONUS","is_daily":false,"chose_seed":false,"campfire_upgraded":5,"win_rate":0.0,"timestamp":1610334202,"path_taken":["M","M","?","?","?","E","$","R","T","?","R","?","M","?","R","BOSS","M","M","$","M","?","?","M","M","T","$","M","?","?","M","R","BOSS","M","$","M","$","?","R","E","?","T","R","?","R","E","M","R","BOSS"],"items_purchased_type":["Relic","Relic","Relic","Potion","Card","Card","Card","Relic","Relic","Potion","Potion","Relic","Relic","Potion","Relic","Relic","Potion","Card","Relic","Relic","Relic"],"build_version":"2020-12-22","purchased_purges":3,"victory":true,"max_hp_per_floor":[1100,1100,1100,1100,1100,1100,1100,1100,1100,1098,1098,1098,1096,1096,1096,1096,1096,1096,1096,1101,1101,1101,1101,1101,1101,1101,1101,1101,1101,1101,1101,1101,1099,1099,1099,1099,1097,1097,1097,1095,1095,1095,1095,1095,1093,1093,1093,1091,1091,1091],"card_choices":[{"not_picked":["Leap","ReplaySolidLightProjector"],"picked":"hubris:Ukulele","floor":1},{"not_picked":["ReplaySolidLightProjector","Go for the Eyes"],"picked":"Ball Lightning","floor":2},{"not_picked":["ReplayTheSpireMod:Reroute Power","Barrage","Streamline"],"picked":"SKIP","floor":6},{"not_picked":["Stack","Rebound","Consume"],"picked":"SKIP","floor":10},{"not_picked":["Steam","BasicCrystalCard"],"picked":"FIFO Queue","floor":13},{"not_picked":["BasicCrystalCard","ReplayGash","ReplaySort"],"picked":"SKIP","floor":13},{"not_picked":["ReplayTheSpireMod:Reroute Power","ReplayTheSpireMod:Omega Cannon+1"],"picked":"Ball Lightning+1","floor":18},{"not_picked":["Force Field","Cold Snap+1"],"picked":"Hologram","floor":18},{"not_picked":["Cold Snap+1","Time Bomb","Panic Button+1"],"picked":"SKIP","floor":18},{"not_picked":["Barrage+1","Rebound+1"],"picked":"Genetic Algorithm","floor":19},{"not_picked":["Time Bomb","Redo"],"picked":"Auto Shields","floor":19},{"not_picked":["Turbo+1","BasicCrystalCard+1","Redo"],"picked":"SKIP","floor":19},{"not_picked":["Turbo","Meteor Strike+1"],"picked":"Stack","floor":21},{"not_picked":["ReplayTheSpireMod:GoodbyeWorld+1","Go for the Eyes+1"],"picked":"Ball Lightning+1","floor":21},{"not_picked":["Coolheaded","Sweeping Beam+1"],"picked":"Leap+1","floor":21},{"not_picked":["Mirror Shield","Auto Shields+1"],"picked":"Ball Lightning+1","floor":24},{"not_picked":["hubris:PowerSurge","Rebound+1"],"picked":"Leap","floor":24},{"not_picked":["Barrage+1","Turbo+1","Stack"],"picked":"SKIP","floor":24},{"not_picked":["ReplayGash+1","Ball Lightning+1"],"picked":"Defragment","floor":25},{"not_picked":["Redo","Stack"],"picked":"Self Repair","floor":25},{"not_picked":["Compile Driver+1","Skim"],"picked":"Ball Lightning+1","floor":25},{"not_picked":["Go for the Eyes+1","ReplayGash+1"],"picked":"Loop+1","floor":28},{"not_picked":["Chill","Beam Cell+1","Streamline+1"],"picked":"SKIP","floor":28},{"not_picked":["ReplaySort","Conserve Battery","Steam"],"picked":"SKIP","floor":28},{"not_picked":["Hologram","Stack","Chill+1"],"picked":"SKIP","floor":29},{"not_picked":["Hologram","Sweeping Beam+1","Hyperbeam+1"],"picked":"SKIP","floor":29},{"not_picked":["Panic Button","Compile Driver+1","Sunder+1"],"picked":"SKIP","floor":29},{"not_picked":["Recycle+1","Buffer"],"picked":"Static Discharge","floor":31},{"not_picked":["Barrage+1","Skim"],"picked":"ReplayTheSpireMod:Calculation Training","floor":31},{"not_picked":["ReplayTheSpireMod:GoodbyeWorld","Coolheaded","Barrage+1"],"picked":"SKIP","floor":31},{"not_picked":["Undo","Stack"],"picked":"Thunder Strike+1","floor":35},{"not_picked":["Ball Lightning+1","Go for the Eyes+1"],"picked":"ReplayTheSpireMod:Repulse+1","floor":35},{"not_picked":["Beam Cell+1","FIFO Queue+1"],"picked":"Storm+1","floor":35},{"not_picked":["Leap+1","Reinforced Body+1"],"picked":"Heatsinks+1","floor":37},{"not_picked":["Steam+1","Ball Lightning+1","Beam Cell+1"],"picked":"SKIP","floor":37},{"not_picked":["Rebound+1","Biased Cognition","Ball Lightning+1"],"picked":"SKIP","floor":37},{"not_picked":["Conserve Battery+1","All For One+1","Stack+1","Rebound+1"],"picked":"SKIP","floor":41},{"not_picked":["Lockon+1","ReplayTheSpireMod:GoodbyeWorld+1","Auto Shields","Consume+1"],"picked":"SKIP","floor":47},{"not_picked":["FTL+1","Leap","Barrage+1","Sweeping Beam+1"],"picked":"SKIP","floor":48},{"not_picked":["Barrage+1","Chaos+1","Stack","Coolheaded"],"picked":"SKIP","floor":48},{"not_picked":["FIFO Queue","Doom and Gloom+1","Beam Cell+1","Lockon+1"],"picked":"SKIP","floor":48}],"player_experience":156211,"relics_obtained":[{"floor":3,"key":"Ring of Shattering"},{"floor":3,"key":"ReplayTheSpireMod:Ring of Addiction"},{"floor":3,"key":"Chameleon Ring"},{"floor":3,"key":"White Beast Statue"},{"floor":4,"key":"Blood Vial"},{"floor":6,"key":"hubris:BottledRain"},{"floor":9,"key":"hubris:TinFlute"},{"floor":17,"key":"Art of War"},{"floor":17,"key":"Molten Egg 2"},{"floor":17,"key":"Prayer Wheel"},{"floor":26,"key":"InkBottle"},{"floor":32,"key":"hubris:Reverence"},{"floor":41,"key":"Replay:Rubber Ducky"},{"floor":42,"key":"FossilizedHelix"},{"floor":43,"key":"construct:FoamFinger"},{"floor":47,"key":"Letter Opener"},{"floor":49,"key":"Anchor"}],"event_choices":[{"cards_removed":["hubris:Lust"],"damage_healed":0,"gold_gain":0,"player_choice":"Purged","damage_taken":0,"max_hp_gain":0,"max_hp_loss":0,"event_name":"Purifier","floor":5,"gold_loss":0},{"damage_healed":0,"gold_gain":0,"player_choice":"Success","damage_taken":18,"relics_obtained":["hubris:CrystalStatue"],"max_hp_gain":0,"max_hp_loss":0,"event_name":"Scrap Ooze","floor":12,"gold_loss":0},{"cards_removed":["Strike_B"],"damage_healed":0,"gold_gain":0,"player_choice":"Card Removal","damage_taken":0,"max_hp_gain":0,"max_hp_loss":0,"event_name":"The Cleric","floor":14,"gold_loss":50},{"damage_healed":0,"gold_gain":100,"player_choice":"Pray","damage_taken":0,"max_hp_gain":0,"max_hp_loss":0,"event_name":"Golden Shrine","floor":23,"gold_loss":0},{"cards_removed":["ReplayTheSpireMod:Calculation Training"],"damage_healed":0,"gold_gain":0,"player_choice":"Removed Skill","damage_taken":0,"max_hp_gain":0,"max_hp_loss":0,"event_name":"Falling","floor":39,"gold_loss":0},{"damage_healed":0,"gold_gain":0,"player_choice":"Fight","damage_taken":0,"max_hp_gain":0,"max_hp_loss":0,"event_name":"MindBloom","floor":42,"gold_loss":0},{"damage_healed":0,"gold_gain":0,"player_choice":"Rummage","damage_taken":0,"relics_obtained":["WarpedTongs"],"max_hp_gain":0,"max_hp_loss":0,"event_name":"Accursed Blacksmith","floor":45,"gold_loss":0,"cards_obtained":["Pain"]}],"is_beta":false,"boss_relics":[{"not_picked":["Sozu","Kintsugi"],"picked":"Replay:Grab Bag"},{"not_picked":["hubris:TerracottaHorce","ChewingGum"],"picked":"Ectoplasm"},{"not_picked":["Busted Crown","hubris:VirtuousBlindfold"],"picked":"Velvet Choker"},{"not_picked":["SlaversCollar","FrozenCore"],"picked":"Calling Bell"},{"not_picked":["Pandora\u0027s Box","hubris:Stopwatch"],"picked":"Inserter"}],"items_purged_floors":[7,20,27],"is_endless":false,"potions_floor_spawned":[2,6,10,13,16,18,19,21,24,25,28,29,31,33,35,37,41,42,47,48],"ascension_level":0}}