{"host":"5wznv0010959mrmz","time":1610376453,"event":{"mods":["BaseMod","Highlight Path","Minty Spire (QoL Compilation)","Relic Stats"],"gold_per_floor":[117,42,57,57,17,46,63,92,115,115,115],"floor_reached":10,"playtime":207,"items_purged":[],"score":202,"play_id":"8d898dc3-a747-48b3-9d89-6763b7fef5d7","local_time":"20210111084733","is_ascension_mode":true,"campfire_choices":[],"circlet_count":0,"master_deck":["AscendersBane","Strike_G","Strike_G","Strike_G","Strike_G","Defend_G","Defend_G","Defend_G","Defend_G","Survivor","Neutralize","Underhanded Strike","Escape Plan","Concentrate","Leg Sweep","Cloak And Dagger","Blade Dance","Dagger Throw"],"relics":["Ring of the Snake","NeowsBlessing","Dream Catcher","Art of War","Boot"],"acts_visited":["Exordium"],"potions_floor_usage":[8],"damage_taken":[{"damage":0,"enemies":"2 Louse","floor":1,"turns":1},{"damage":0,"enemies":"Jaw Worm","floor":3,"turns":1},{"damage":0,"enemies":"3 Sentries","floor":6,"turns":2},{"damage":0,"enemies":"Cultist","floor":7,"turns":4},{"damage":38,"enemies":"Gremlin Nob","floor":8,"turns":5},{"damage":0,"enemies":"Lagavulin","floor":10,"turns":1}],"seed_played":"-7789057665723400063","potions_obtained":[{"floor":3,"key":"Dexterity Potion"},{"floor":6,"key":"CunningPotion"}],"is_trial":false,"path_per_floor":["M","?","M","?","$","E","M","E","T","E"],"character_chosen":"THE_SILENT","items_purchased":["Leg Sweep"],"campfire_rested":0,"item_purchase_floors":[5],"current_hp_per_floor":[59,59,59,59,59,59,59,21,21,21,21],"gold":115,"neow_bonus":"THREE_ENEMY_KILL","is_daily":false,"chose_seed":false,"campfire_upgraded":0,"win_rate":0.0,"timestamp":1610376453,"path_taken":["M","?","M","?","?","E","M","E","T","E"],"items_purchased_type":["Card"],"build_version":"2020-12-22","purchased_purges":0,"victory":false,"max_hp_per_floor":[66,66,66,66,66,66,66,66,66,66,66],"relic_stats":{"Dream Catcher":0,"counters":[6,14],"Art of War":[0],"Boot":[0],"obtain_stats":[{"Dream Catcher":6,"NeowsBlessing":0,"Art of War":8,"Boot":9,"Ring of the Snake":0},{"Dream Catcher":3,"NeowsBlessing":0,"Art of War":5,"Boot":5,"Ring of the Snake":0},{"Dream Catcher":4,"NeowsBlessing":0,"Art of War":13,"Boot":13,"Ring of the Snake":0}],"Ring of the Snake":[12]},"card_choices":[{"not_picked":["Footwork","Acrobatics"],"picked":"Underhanded Strike","floor":1},{"not_picked":["Skewer","Slice"],"picked":"Escape Plan","floor":3},{"not_picked":["Deadly Poison","Quick Slash"],"picked":"Cloak And Dagger","floor":6},{"not_picked":["Dodge and Roll","Choke"],"picked":"Blade Dance","floor":7},{"not_picked":["Slice","Storm of Steel"],"picked":"Dagger Throw","floor":8}],"player_experience":439896,"relics_obtained":[{"floor":6,"key":"Dream Catcher"},{"floor":8,"key":"Art of War"},{"floor":9,"key":"Boot"}],"event_choices":[{"cards_removed":["Strike_G"],"damage_healed":0,"gold_gain":0,"player_choice":"Card Removal","damage_taken":0,"max_hp_gain":0,"max_hp_loss":0,"event_name":"The Cleric","floor":2,"gold_loss":75},{"damage_healed":0,"gold_gain":0,"cards_transformed":["Defend_G"],"player_choice":"Change","damage_taken":0,"max_hp_gain":0,"max_hp_loss":0,"event_name":"Living Wall","floor":4,"gold_loss":0,"cards_obtained":["Concentrate"]}],"is_beta":false,"boss_relics":[],"items_purged_floors":[],"is_endless":false,"potions_floor_spawned":[3,6],"killed_by":"Lagavulin","ascension_level":20}}