{"host":"pcbz64t4k17ey4z1","time":1610397155,"event":{"mods":["2.2 Compatiblity","AchievementEnabler","Act Like it!","Aspiration","BaseMod","Beaked The Cultist","Better Match","Better Third Choice","BetterRewards","Card Forge","Colored Map","Colored Powertips","Conspire","Disable Question Mark Monsters","Fireblade Mod","Friendly Minions","Gensokyo","GifTheSpireLib","Glutton Mod","Googly Eyes","Gremlin Mod","Hermit","Hubris","Infinite Spire","Koishi","Marisa????????","Minty Spire (QoL Compilation)","Permanent Neow","Potionbrewer","Quick Restart","Random Character Button","Rare Cards Sparkle","Relic Filter","Replay The Spire","Robot Space Explorer","Shade Mod","Shop Mod","Spicy Shops","StSLib","Stuff the Spire","SuperFastMode","The Animator","The Cursed","The Druid","The Gatherer","The Hierophant","The IronCluck","The Jungle","The Marked","The Runesmith","Virulent Crown","Waifu the Spire","Wandering Minibosses","vexMod"],"gold_per_floor":[118,134,150,163,83,109,109,137,137,156,167,167,92,105,105,207,207,221,146,56,56,69,102,2,31,103,103,103,133,146,178,178,279,279,295,313,313,326,341,371,371,396,396,396,430,430,456,473,473,473,473,473,64,98,98],"floor_reached":56,"playtime":3386,"items_purged":["Gatherer:Strike_Gatherer","Gatherer:Strike_Gatherer","Gatherer:Strike_Gatherer","Gatherer:Strike_Gatherer"],"score":2036,"play_id":"73efc16e-6e58-4797-ba98-bf57fc5e17e5","local_time":"20210111203235","is_ascension_mode":true,"metric_token":3473,"campfire_choices":[{"data":"Gatherer:FlowerPower","floor":7,"key":"SMITH"},{"floor":12,"key":"REST"},{"floor":15,"key":"REST"},{"data":"Gatherer:PoisonMastery","floor":27,"key":"SMITH"},{"floor":32,"key":"REST"},{"data":"Gatherer:FlowerFalling","floor":41,"key":"SMITH"},{"floor":49,"key":"RECALL"},{"data":"Gatherer:ScrollOfPurity","floor":52,"key":"SMITH"}],"circlet_count":0,"master_deck":["Gatherer:Defend_Gatherer","Gatherer:Defend_Gatherer","Gatherer:Defend_Gatherer","Gatherer:Defend_Gatherer","Gatherer:Defend_Gatherer","Gatherer:Centralize","Gatherer:FlowerWhip+3","Gatherer:FlowerPower+2","Gatherer:FlowerFalling+2","Gatherer:FlowerPower+2","Gatherer:FlowerShield+2","Gatherer:PoisonMastery","Gatherer:Misfortune","Gatherer:FlowerFalling+2","Gatherer:PoisonMastery+1","Gatherer:ScrollOfPurity+1","Gatherer:Photoscythe","Gatherer:MiningStrike","Gatherer:Photoscythe","conspire:Banana","Gatherer:FlowerFalling+2","Gatherer:Nutrients","Apotheosis","Gatherer:Liquidism+1"],"relics":["Gatherer:AlchemyBag","Hammer of Thor","Seething Fire","Anvil of the Gods","Vajra","potionbrewer:Keyblade","StuffTheSpire:ForceGauntlet","conspire:GlowingRock","vexMod:RedPlottingStone","PreservedInsect","infinitespire:Golems Mask","Onion Ring","Gatherer:MistGenerator","aspiration:TomeofQuesting","Lantern","Velvet Choker","StuffTheSpire:PointBlank","aspiration:MobileForge","TungstenRod","Bottled Tornado","Gatherer:FlyingFruit","Shuriken","ReplayFunnel","conspire:SpecialSausage","wanderingMiniBosses:CarrionFlame","conspire:DecoderRing","Juzu Bracelet","infinitespire:FocusingShard","Calipers","Smiling Mask","Chameleon Ring","BargainBundle","Bag of Marbles","potionbrewer:AlchemistFlask"],"acts_visited":["Exordium","TheCity","TheBeyond","TheEnding"],"potions_floor_usage":[4,8,23,23,25,42,48,50,55,55],"damage_taken":[{"damage":0,"enemies":"Small Slimes","floor":1,"turns":2},{"damage":0,"enemies":"Cultist","floor":2,"turns":2},{"damage":12,"enemies":"conspire:RoseBush","floor":3,"turns":2},{"damage":19,"enemies":"Exordium Thugs","floor":4,"turns":2},{"damage":17,"enemies":"3 Sentries","floor":6,"turns":7},{"damage":12,"enemies":"Lagavulin","floor":8,"turns":8},{"damage":4,"enemies":"conspire:2 RoseBushes","floor":10,"turns":4},{"damage":0,"enemies":"Looter","floor":11,"turns":2},{"damage":1,"enemies":"Red Slaver","floor":14,"turns":5},{"damage":21,"enemies":"Hexaghost","floor":16,"turns":8},{"damage":2,"enemies":"Chosen","floor":18,"turns":3},{"damage":0,"enemies":"2 Thieves","floor":22,"turns":2},{"damage":0,"enemies":"Gremlin Leader","floor":23,"turns":2},{"damage":12,"enemies":"conspire:Head Lice","floor":25,"turns":3},{"damage":0,"enemies":"Gremlin Leader","floor":29,"turns":2},{"damage":11,"enemies":"Centurion and Healer","floor":30,"turns":6},{"damage":9,"enemies":"conspire:SneckoGhost","floor":31,"turns":2},{"damage":31,"enemies":"Collector","floor":33,"turns":6},{"damage":0,"enemies":"3 Shapes","floor":35,"turns":2},{"damage":0,"enemies":"3 Darklings","floor":36,"turns":3},{"damage":0,"enemies":"Maw","floor":38,"turns":4},{"damage":0,"enemies":"Transient","floor":39,"turns":5},{"damage":13,"enemies":"beaked:SuperParasite","floor":40,"turns":4},{"damage":0,"enemies":"Nightmare","floor":42,"turns":4},{"damage":0,"enemies":"Giant Head","floor":45,"turns":3},{"damage":25,"enemies":"Nemesis","floor":47,"turns":3},{"damage":1,"enemies":"Spire Growth","floor":48,"turns":2},{"damage":24,"enemies":"Donu and Deca","floor":50,"turns":3},{"damage":6,"enemies":"Shield and Spear","floor":54,"turns":1},{"damage":73,"enemies":"The Heart","floor":55,"turns":5}],"seed_played":"-683391180714066081","potions_obtained":[{"floor":3,"key":"potionbrewer:HastePotion"},{"floor":6,"key":"AttackPotion"},{"floor":10,"key":"potionbrewer:NoxiousPotion"},{"floor":16,"key":"ColorlessPotion"},{"floor":18,"key":"potionbrewer:DiscountPotion"},{"floor":33,"key":"potionbrewer:BoundlessPotion"},{"floor":36,"key":"FairyPotion"},{"floor":40,"key":"BloodPotion"},{"floor":45,"key":"Cursed Concoction"},{"floor":47,"key":"LifebloodPotion"}],"is_trial":false,"path_per_floor":["M","M","M","M","?","E","R","E","T","M","M","R","$","M","R","B",null,"M","?","?","AVR","M","E","$","E","T","R","?","E","M","E","R","B",null,"M","M","?","M","M","E","R","NM","T","?","E","?","E","M","R","B",null,"R","$","E","B",null],"character_chosen":"THE_GATHERER","items_purchased":["Vajra","potionbrewer:Keyblade","StuffTheSpire:ForceGauntlet","vexMod:RedPlottingStone","PreservedInsect","Gatherer:FlowerPower","Onion Ring","Chameleon Ring","BargainBundle","Bag of Marbles","Apotheosis","Adrenaline Potion","conspire:TimeTravelPotion"],"campfire_rested":3,"item_purchase_floors":[0,0,0,0,0,0,0,53,53,53,53,53,53],"current_hp_per_floor":[72,72,60,41,41,24,24,12,12,8,8,29,29,28,49,28,72,70,70,70,70,70,70,70,58,58,58,58,58,55,46,70,39,80,84,84,84,84,84,71,71,84,84,84,84,84,60,59,59,48,86,86,86,80,74],"gold":98,"neow_bonus":"","is_daily":false,"chose_seed":false,"campfire_upgraded":4,"win_rate":0.0,"timestamp":1610397155,"path_taken":["M","M","M","M","?","E","R","E","T","M","M","R","$","M","R","BOSS","M","?","?","AVR","?","E","$","E","T","R","?","E","M","E","R","BOSS","M","M","?","M","M","E","R","NM","T","?","E","?","E","M","R","BOSS","R","$","E","BOSS"],"items_purchased_type":["Relic","Relic","Relic","Relic","Relic","Card","Relic","Relic","Relic","Relic","Card","Potion","Potion"],"build_version":"2020-12-22","purchased_purges":4,"victory":true,"max_hp_per_floor":[72,72,72,72,72,72,72,72,72,72,72,72,72,72,72,72,72,72,72,72,72,72,72,72,72,72,72,72,72,80,80,80,80,80,84,84,84,84,84,84,84,84,84,84,84,84,85,85,85,86,86,86,86,86,92],"card_choices":[{"not_picked":["Gatherer:Snatch","Gatherer:Duplicator"],"picked":"Gatherer:FlowerFalling","floor":1},{"not_picked":["Gatherer:Enchant","Gatherer:PotentialSlash","Gatherer:Duality"],"picked":"SKIP","floor":2},{"not_picked":["Gatherer:QuickSynthesis","Gatherer:Frenzy"],"picked":"Gatherer:FlowerPower","floor":3},{"not_picked":["Gatherer:AromaProtection","Gatherer:Frenzy","Gatherer:CarefulStrike"],"picked":"SKIP","floor":4},{"not_picked":["Gatherer:FragileHammer","Gatherer:StoneFence"],"picked":"Gatherer:FlowerShield","floor":6},{"not_picked":["Gatherer:BigPouch","Gatherer:AcidicSpray","Gatherer:WoolGloves"],"picked":"SKIP","floor":8},{"not_picked":["Gatherer:RecipeChange","Gatherer:Convert"],"picked":"Gatherer:TacticalStrike","floor":10},{"not_picked":["Gatherer:DrugPower","Gatherer:FeelingFine","Gatherer:CollectorsShot"],"picked":"SKIP","floor":11},{"not_picked":["Gatherer:FragileHammer","Gatherer:Convert","Gatherer:BambuSword"],"picked":"SKIP","floor":14},{"not_picked":["Gatherer:ColorfulGarden","Gatherer:FlamingBottle"],"picked":"Gatherer:PoisonMastery","floor":16},{"not_picked":["Gatherer:MiningStrike","Gatherer:AcidicSpray"],"picked":"Gatherer:Misfortune","floor":18},{"not_picked":["Gatherer:CarefulStrike","Gatherer:FruitForce"],"picked":"Gatherer:FlowerFalling","floor":22},{"not_picked":["Gatherer:Snatch","Gatherer:Frenzy","Gatherer:ScentOfRosmari"],"picked":"SKIP","floor":23},{"not_picked":["Gatherer:StoneFence","Gatherer:CarefulStrike+1"],"picked":"Gatherer:PoisonMastery","floor":25},{"not_picked":["Gatherer:AcidicSpray","Gatherer:CarefulStrike","Gatherer:DrugPower+1"],"picked":"SKIP","floor":29},{"not_picked":["Gatherer:QuickSynthesis","Gatherer:CarefulStrike","Gatherer:WoolGloves"],"picked":"SKIP","floor":30},{"not_picked":["Gatherer:CarefulStrike","Gatherer:FinishingStrike"],"picked":"Gatherer:ScrollOfPurity","floor":31},{"not_picked":["Gatherer:ColorfulGarden","Gatherer:ScrollOfPurity"],"picked":"Gatherer:Photoscythe","floor":33},{"not_picked":["Gatherer:TreeGrowth+1","Gatherer:BigPouch","Gatherer:EnergyBasket+1"],"picked":"SKIP","floor":35},{"not_picked":["Gatherer:AromaProtection+1","Gatherer:GatherMaterial"],"picked":"Gatherer:MiningStrike","floor":36},{"not_picked":["Gatherer:ScentOfRosmari+1","Gatherer:Polymorphism","Gatherer:EnergyBasket"],"picked":"SKIP","floor":38},{"not_picked":["Gatherer:MindSearch","Gatherer:SmartManeuver+1","Gatherer:Duplicator+1"],"picked":"SKIP","floor":39},{"not_picked":["Gatherer:AlchemyTrial","Gatherer:DrugPower","Gatherer:Uplift"],"picked":"SKIP","floor":40},{"not_picked":["Gatherer:EnergyBasket","Gatherer:DrugPower","Gatherer:WitheringStrike+1"],"picked":"SKIP","floor":42},{"not_picked":["Gatherer:Duplicator","Gatherer:Overflowing","Gatherer:BambuSword"],"picked":"SKIP","floor":45},{"not_picked":["Swift Strike","Trip"],"picked":"conspire:Banana","floor":46},{"not_picked":["Gatherer:Snatch+1","Gatherer:Bulldoze"],"picked":"Gatherer:FlowerFalling+1","floor":47},{"not_picked":["Gatherer:DrugPower","Gatherer:Solidify"],"picked":"Gatherer:Nutrients","floor":48},{"not_picked":["Gatherer:DrugPower+1","Gatherer:TreeGrowth"],"picked":"Gatherer:Liquidism+1","floor":54}],"player_experience":3896967,"relics_obtained":[{"floor":6,"key":"aspiration:TomeofQuesting"},{"floor":8,"key":"Lantern"},{"floor":23,"key":"TungstenRod"},{"floor":25,"key":"Bottled Tornado"},{"floor":26,"key":"Gatherer:FlyingFruit"},{"floor":29,"key":"Shuriken"},{"floor":31,"key":"ReplayFunnel"},{"floor":39,"key":"wanderingMiniBosses:CarrionFlame"},{"floor":40,"key":"conspire:DecoderRing"},{"floor":42,"key":"Juzu Bracelet"},{"floor":43,"key":"infinitespire:FocusingShard"},{"floor":45,"key":"Calipers"},{"floor":47,"key":"Smiling Mask"},{"floor":54,"key":"potionbrewer:AlchemistFlask"}],"event_choices":[{"damage_healed":0,"gold_gain":0,"player_choice":"Paid Gold","damage_taken":0,"relics_obtained":["Gatherer:MistGenerator"],"max_hp_gain":0,"max_hp_loss":0,"event_name":"WeMeetAgain","floor":5,"gold_loss":80},{"cards_removed":["Shame"],"damage_healed":0,"gold_gain":0,"player_choice":"Gave Gold","damage_taken":0,"max_hp_gain":0,"max_hp_loss":0,"event_name":"Beggar","floor":19,"gold_loss":75},{"cards_removed":["Gatherer:Strike_Gatherer"],"damage_healed":0,"gold_gain":0,"player_choice":"Upgrade and Remove","damage_taken":0,"max_hp_gain":0,"max_hp_loss":0,"event_name":"Designer","floor":20,"gold_loss":90,"cards_upgraded":["Gatherer:FlowerWhip"]},{"damage_healed":0,"gold_gain":0,"player_choice":"Ignored","damage_taken":0,"max_hp_gain":0,"max_hp_loss":0,"event_name":"Ghosts","floor":28,"gold_loss":0},{"damage_healed":0,"gold_gain":0,"player_choice":"Copied","damage_taken":0,"max_hp_gain":0,"max_hp_loss":0,"event_name":"Duplicator","floor":44,"gold_loss":0,"cards_obtained":["Gatherer:Photoscythe"]},{"damage_healed":0,"gold_gain":0,"player_choice":"Memory 1","damage_taken":0,"max_hp_gain":0,"max_hp_loss":0,"event_name":"SensoryStone","floor":46,"gold_loss":0}],"is_beta":false,"boss_relics":[{"not_picked":["Sozu","ReplayTheSpireMod:SealedPack"],"picked":"Velvet Choker"},{"not_picked":["SlaversCollar","Runic Dome"],"picked":"conspire:SpecialSausage"}],"items_purged_floors":[13,21,24,53],"is_endless":false,"potions_floor_spawned":[3,6,10,16,18,33,36,40,45,47,54],"ascension_level":4}}