{"host":"vjza61176pkzgzt7","time":1610336315,"event":{"mods":["BaseMod","Better Third Choice","Minty Spire (QoL Compilation)","StSLib","The Forsaken","The Senshi"],"gold_per_floor":[111,0,0,20,20,20,20,20,92,127,127,142,153,171,171,276,326,336,336,349,349,349,349,3,21,21,21,37,37,63,63,63],"floor_reached":31,"playtime":2434,"items_purged":["Strike_R"],"score":278,"play_id":"197ad7db-744a-4557-aaab-e9f7add0e2da","local_time":"20210110213835","daily_mods":["Specialized"],"is_ascension_mode":false,"campfire_choices":[{"data":"Juggernaut","floor":6,"key":"SMITH"},{"data":"Juggernaut","floor":8,"key":"SMITH"},{"data":"Enlightenment","floor":11,"key":"SMITH"},{"floor":15,"key":"REST"},{"data":"Barricade","floor":23,"key":"SMITH"},{"floor":29,"key":"REST"}],"circlet_count":0,"master_deck":["Strike_R","Strike_R","Strike_R","Strike_R","Defend_R","Defend_R","Defend_R","Defend_R","Bash","Juggernaut+1","Juggernaut+1","Juggernaut","Juggernaut","Juggernaut","Inflame+1","Enlightenment+1","Shrug It Off","Body Slam","Ghostly Armor","Barricade+1","Feel No Pain","Heavy Blade+1","Decay","Reckless Charge","Warcry","Dark Embrace+1","Havoc+1"],"relics":["Burning Blood","betterThird:SlimedRelic","Bronze Scales","Ancient Tea Set","Gremlin Horn","theForsaken:ScaryMask","Tiny House","Darkstone Periapt","Akabeko","Blood Vial","Paper Frog","CultistMask","Nunchaku"],"acts_visited":["Exordium","TheCity"],"potions_floor_usage":[16,16,16,18,28,28,30,31],"damage_taken":[{"damage":9,"enemies":"2 Louse","floor":1,"turns":3},{"damage":3,"enemies":"Small Slimes","floor":4,"turns":3},{"damage":18,"enemies":"Lagavulin","floor":10,"turns":6},{"damage":3,"enemies":"Jaw Worm","floor":12,"turns":3},{"damage":4,"enemies":"Looter","floor":13,"turns":3},{"damage":2,"enemies":"Exordium Wildlife","floor":14,"turns":4},{"damage":44,"enemies":"Hexaghost","floor":16,"turns":9},{"damage":8,"enemies":"Shell Parasite","floor":18,"turns":5},{"damage":26,"enemies":"2 Thieves","floor":20,"turns":4},{"damage":11,"enemies":"Chosen and Byrds","floor":25,"turns":5},{"damage":49,"enemies":"Cultist and Chosen","floor":28,"turns":7},{"damage":49,"enemies":"Slavers","floor":30,"turns":5},{"damage":14,"enemies":"Snecko","floor":31,"turns":5}],"seed_played":"6822617850687195687","potions_obtained":[{"floor":10,"key":"SkillPotion"},{"floor":12,"key":"LiquidBronze"},{"floor":13,"key":"Strength Potion"},{"floor":17,"key":"SkillPotion"},{"floor":18,"key":"EssenceOfSteel"},{"floor":28,"key":"SkillPotion"},{"floor":30,"key":"ColorlessPotion"}],"is_trial":true,"path_per_floor":["M","?","?","M","?","R","T","R","T","E","R","M","M","M","R","B",null,"M","?","M","T","?","R","$","M","T","?","M","R","E","M"],"character_chosen":"IRONCLAD","items_purchased":["Reckless Charge","Blood Vial","PowerPotion"],"campfire_rested":2,"item_purchase_floors":[24,24,24],"current_hp_per_floor":[77,83,72,75,63,63,63,63,63,51,51,54,56,60,85,47,91,89,89,69,69,69,69,69,66,66,66,25,52,11,0,0],"gold":63,"neow_bonus":"","is_daily":false,"chose_seed":false,"campfire_upgraded":4,"win_rate":0.0,"timestamp":1610336315,"path_taken":["M","?","?","?","?","R","?","R","T","E","R","M","M","M","R","BOSS","M","?","M","?","?","R","$","M","T","?","M","R","E","M"],"items_purchased_type":["Card","Relic","Potion"],"build_version":"2020-12-22","purchased_purges":1,"victory":false,"max_hp_per_floor":[80,86,86,86,86,86,86,86,86,86,86,86,86,86,86,86,91,91,91,91,91,91,91,91,91,91,91,91,91,91,91,91],"card_choices":[{"not_picked":["Perfected Strike","Clothesline"],"picked":"Inflame","floor":1},{"not_picked":["True Grit","Entrench"],"picked":"Shrug It Off","floor":4},{"not_picked":["Fiend Fire","Clothesline","Clash"],"picked":"SKIP","floor":10},{"not_picked":["Anger","True Grit","Clash"],"picked":"SKIP","floor":12},{"not_picked":["Dropkick","Flex"],"picked":"Body Slam","floor":13},{"not_picked":["Havoc","Clothesline"],"picked":"Ghostly Armor","floor":14},{"not_picked":["Reaper","Demon Form"],"picked":"Barricade","floor":16},{"not_picked":["Warcry","Shrug It Off"],"picked":"Feel No Pain","floor":17},{"not_picked":["Hemokinesis","Whirlwind"],"picked":"Heavy Blade+1","floor":18},{"not_picked":["Flex","Heavy Blade","Whirlwind"],"picked":"SKIP","floor":20},{"not_picked":["Pummel","Flex+1"],"picked":"Warcry","floor":25},{"not_picked":["Carnage+1","Second Wind"],"picked":"Dark Embrace+1","floor":28},{"not_picked":["Evolve+1","Headbutt"],"picked":"Havoc+1","floor":30}],"player_experience":213476,"relics_obtained":[{"floor":7,"key":"Ancient Tea Set"},{"floor":9,"key":"Gremlin Horn"},{"floor":10,"key":"theForsaken:ScaryMask"},{"floor":21,"key":"Darkstone Periapt"},{"floor":26,"key":"Paper Frog"},{"floor":30,"key":"Nunchaku"}],"event_choices":[{"damage_healed":0,"gold_gain":0,"player_choice":"RENOUNCE","damage_taken":111,"max_hp_gain":0,"max_hp_loss":0,"event_name":"betterThird:BetterSerpent","floor":2,"gold_loss":111,"cards_obtained":["Enlightenment"]},{"damage_healed":0,"gold_gain":0,"player_choice":"Slimed","damage_taken":11,"max_hp_gain":0,"max_hp_loss":0,"event_name":"betterThird:BetterGoop","floor":3,"gold_loss":0},{"damage_healed":0,"gold_gain":0,"player_choice":"Relic ","damage_taken":12,"max_hp_gain":0,"max_hp_loss":0,"event_name":"betterThird:BetterScrap","floor":5,"gold_loss":0,"cards_obtained":["Tantrum"]},{"damage_healed":0,"gold_gain":0,"player_choice":"Smashed Altar","damage_taken":0,"max_hp_gain":0,"max_hp_loss":0,"event_name":"Forgotten Altar","floor":19,"gold_loss":0,"cards_obtained":["Decay"]},{"damage_healed":0,"gold_gain":0,"player_choice":"Opened","damage_taken":0,"relics_obtained":["Akabeko"],"max_hp_gain":0,"max_hp_loss":0,"event_name":"The Mausoleum","floor":22,"gold_loss":0},{"damage_healed":0,"gold_gain":0,"player_choice":"Trade","damage_taken":0,"relics_obtained":["CultistMask"],"max_hp_gain":0,"max_hp_loss":0,"event_name":"FaceTrader","floor":27,"gold_loss":0}],"is_beta":false,"boss_relics":[{"not_picked":["Fusion Hammer","Ectoplasm"],"picked":"Tiny House"}],"items_purged_floors":[24],"is_endless":false,"potions_floor_spawned":[10,12,13,14,18,28,30],"killed_by":"Snecko","ascension_level":0}}