{"host":"khm4we1ijduz33xh","time":1610364332,"event":{"mods":["AchievementEnabler","BaseMod","Colored Map","Minty Spire (QoL Compilation)","Rare Cards Sparkle","StSLib","SuperFastMode"],"gold_per_floor":[111,125,125,136,154,154,167,167,167,177,177,193,12,31,31,135,185,203,221,235,12,23,23,35,35,60,73,123,123,27,77,77,77,77],"floor_reached":33,"playtime":1186,"items_purged":[],"score":267,"play_id":"7e5b5178-4ec5-4512-8a24-234f80873601","local_time":"20210111202532","is_ascension_mode":true,"campfire_choices":[{"data":"Shrug It Off","floor":6,"key":"SMITH"},{"data":"Armaments","floor":8,"key":"SMITH"},{"data":"Inflame","floor":11,"key":"SMITH"},{"data":"Seeing Red","floor":15,"key":"SMITH"},{"floor":23,"key":"REST"},{"floor":25,"key":"REST"},{"data":"Demon Form","floor":29,"key":"SMITH"},{"floor":32,"key":"REST"}],"circlet_count":0,"master_deck":["Strike_R","Strike_R+1","Strike_R","Defend_R","Defend_R","Defend_R","Defend_R","Bash","Shrug It Off+1","Seeing Red+1","Inflame+1","Armaments+1","Flex","Impervious","Anger","Bloodletting+1","Juggernaut","Demon Form+1","True Grit+1","Iron Wave","Warcry","Rupture","Shrug It Off"],"relics":["Burning Blood","NeowsBlessing","SsserpentHead","StoneCalendar","Toy Ornithopter","Tiny House","Brimstone","Centennial Puzzle"],"acts_visited":["Exordium","TheCity"],"potions_floor_usage":[14,14,16,19,20,20,20,22,22],"damage_taken":[{"damage":0,"enemies":"Cultist","floor":1,"turns":1},{"damage":0,"enemies":"Small Slimes","floor":2,"turns":1},{"damage":0,"enemies":"2 Louse","floor":4,"turns":1},{"damage":5,"enemies":"Exordium Wildlife","floor":5,"turns":5},{"damage":33,"enemies":"Large Slime","floor":7,"turns":8},{"damage":26,"enemies":"Exordium Thugs","floor":10,"turns":7},{"damage":5,"enemies":"Blue Slaver","floor":12,"turns":6},{"damage":4,"enemies":"Red Slaver","floor":14,"turns":4},{"damage":28,"enemies":"The Guardian","floor":16,"turns":17},{"damage":26,"enemies":"Shell Parasite","floor":18,"turns":7},{"damage":12,"enemies":"3 Byrds","floor":19,"turns":7},{"damage":46,"enemies":"Cultist and Chosen","floor":20,"turns":7},{"damage":59,"enemies":"Centurion and Healer","floor":22,"turns":5},{"damage":36,"enemies":"Chosen and Byrds","floor":24,"turns":6},{"damage":28,"enemies":"Shelled Parasite and Fungi","floor":27,"turns":5},{"damage":91,"enemies":"Automaton","floor":33,"turns":6}],"seed_played":"-5812582323787183613","potions_obtained":[{"floor":2,"key":"Strength Potion"},{"floor":4,"key":"SmokeBomb"},{"floor":10,"key":"SkillPotion"},{"floor":12,"key":"Block Potion"},{"floor":14,"key":"Fruit Juice"},{"floor":17,"key":"EntropicBrew"},{"floor":18,"key":"AttackPotion"}],"is_trial":false,"path_per_floor":["M","M","?","M","M","R","M","R","T","M","R","M","$","M","R","B",null,"M","M","M","$","M","R","M","R","T","M","?","R","$","?","R","B"],"character_chosen":"IRONCLAD","items_purchased":["Flex","Toy Ornithopter","Juggernaut","Brimstone","Rupture","Shrug It Off"],"campfire_rested":3,"item_purchase_floors":[13,13,21,21,30,30],"current_hp_per_floor":[80,80,80,80,80,80,53,53,53,33,33,34,34,51,51,34,90,70,69,44,44,19,46,16,43,43,21,21,21,21,21,48,0,0],"gold":77,"neow_bonus":"THREE_ENEMY_KILL","is_daily":false,"chose_seed":false,"campfire_upgraded":5,"win_rate":0.0,"timestamp":1610364332,"path_taken":["M","?","?","M","M","R","M","R","T","M","R","M","$","M","R","BOSS","M","M","M","$","M","R","M","R","T","M","?","R","$","?","R","BOSS"],"items_purchased_type":["Card","Relic","Card","Relic","Card","Card"],"build_version":"2020-12-22","purchased_purges":0,"victory":false,"max_hp_per_floor":[80,80,80,80,80,80,80,80,80,80,80,80,80,85,85,85,90,90,90,90,90,90,90,90,90,90,90,90,90,90,90,90,90,90],"card_choices":[{"not_picked":["Clash","Anger","Carnage"],"picked":"SKIP","floor":1},{"not_picked":["Anger","Inflame"],"picked":"Shrug It Off","floor":2},{"not_picked":["Power Through","Ghostly Armor"],"picked":"Seeing Red","floor":4},{"not_picked":["Cleave","Anger"],"picked":"Inflame","floor":5},{"not_picked":["Flex","Whirlwind"],"picked":"Armaments","floor":7},{"not_picked":["Clothesline","Clash","Reckless Charge"],"picked":"SKIP","floor":10},{"not_picked":["Clothesline","Clash","Reckless Charge"],"picked":"SKIP","floor":10},{"not_picked":["Warcry","Armaments","Iron Wave"],"picked":"SKIP","floor":12},{"not_picked":["Clothesline","Iron Wave","Sword Boomerang"],"picked":"SKIP","floor":14},{"not_picked":["Barricade","Immolate"],"picked":"Impervious","floor":16},{"not_picked":["Iron Wave","Warcry"],"picked":"Anger","floor":17},{"not_picked":["Anger","Twin Strike","Headbutt"],"picked":"SKIP","floor":18},{"not_picked":["Twin Strike","Feel No Pain"],"picked":"Bloodletting+1","floor":19},{"not_picked":["Reckless Charge","Armaments","Warcry"],"picked":"SKIP","floor":20},{"not_picked":["Anger","Wild Strike"],"picked":"Demon Form","floor":22},{"not_picked":["Feel No Pain","Thunderclap+1"],"picked":"True Grit+1","floor":24},{"not_picked":["Body Slam","Wild Strike+1","Inflame"],"picked":"SKIP","floor":27}],"player_experience":188128,"relics_obtained":[{"floor":9,"key":"StoneCalendar"},{"floor":26,"key":"Centennial Puzzle"}],"event_choices":[{"damage_healed":0,"gold_gain":0,"player_choice":"Trade","damage_taken":0,"relics_obtained":["SsserpentHead"],"max_hp_gain":0,"max_hp_loss":0,"event_name":"FaceTrader","floor":3,"gold_loss":0},{"damage_healed":0,"gold_gain":0,"cards_transformed":["Strike_R","Strike_R"],"player_choice":"Became Test Subject","damage_taken":0,"max_hp_gain":0,"max_hp_loss":0,"event_name":"Drug Dealer","floor":28,"gold_loss":0,"cards_obtained":["Iron Wave","Warcry"]},{"damage_healed":0,"gold_gain":0,"player_choice":"Ignored","damage_taken":0,"max_hp_gain":0,"max_hp_loss":0,"event_name":"Ghosts","floor":31,"gold_loss":0}],"is_beta":false,"boss_relics":[{"not_picked":["Calling Bell","Fusion Hammer"],"picked":"Tiny House"}],"items_purged_floors":[],"is_endless":false,"potions_floor_spawned":[2,4,10,12,14,18],"killed_by":"Automaton","ascension_level":2}}