{"host":"9slw7l0ws16384qq","time":1610402725,"event":{"mods":["BaseMod","Colored Map","Hubris","Minty Spire (QoL Compilation)","Replay The Spire","StSLib","The Dragon Tamer","The Marked"],"gold_per_floor":[111,36,50,150,160,160,191,191,215,234,251,264,164,164,164,260,260,280,280,155,155,155,155,174,174,245,245,300,150,170,189,189,219,219,314,314,332,332,108,127,140,140,156,156,182,182,198,198,232,232,232],"floor_reached":50,"playtime":1654,"items_purged":["theMarked:Defend","theMarked:Strike","theMarked:Defend","theMarked:Strike","theMarked:Strike+1"],"score":665,"play_id":"a39c1481-1eaf-4881-b0f6-fb0ce104ee4b","local_time":"20210111230525","is_ascension_mode":false,"campfire_choices":[{"data":"theMarked:BanishingStrike","floor":6.0,"key":"SMITH"},{"data":"theMarked:SoldierOfQuellstein","floor":8.0,"key":"SMITH"},{"data":"theMarked:ParalyzingBlade","floor":15.0,"key":"SMITH"},{"data":"theMarked:Vacuum","floor":25.0,"key":"SMITH"},{"floor":27.0,"key":"REST"},{"floor":32.0,"key":"REST"},{"data":"theMarked:Defend","floor":34.0,"key":"SMITH"},{"floor":42.0,"key":"REST"},{"floor":44.0,"key":"REST"},{"data":"theMarked:Defend","floor":46.0,"key":"SMITH"}],"circlet_count":0,"master_deck":["theMarked:Defend+1","theMarked:SoldierOfQuellstein+1","theMarked:BanishingStrike+1","theMarked:ParalyzingBlade+1","theMarked:Vacuum+1","theMarked:ChannelForce","theMarked:MysticalArsenal+1","Madness","Madness"],"relics":["theMarked:ArtifactOfAir","Unceasing Top","Vajra","Replay:Mystery Machine","Empty Cage","hubris:Metronome","Potion Belt","Simple Rune","Busted Crown","Pen Nib","Bronze Scales"],"acts_visited":["Exordium","TheCity","TheBeyond"],"potions_floor_usage":[50],"damage_taken":[{"damage":0.0,"enemies":"2 Louse","floor":1.0,"turns":3.0},{"damage":1.0,"enemies":"Cultist","floor":3.0,"turns":3.0},{"damage":0.0,"enemies":"Small Slimes","floor":5.0,"turns":3.0},{"damage":23.0,"enemies":"Gremlin Nob","floor":7.0,"turns":5.0},{"damage":4.0,"enemies":"3 Louse","floor":10.0,"turns":3.0},{"damage":2.0,"enemies":"Blue Slaver","floor":11.0,"turns":3.0},{"damage":3.0,"enemies":"Exordium Thugs","floor":12.0,"turns":4.0},{"damage":13.0,"enemies":"Slime Boss","floor":16.0,"turns":7.0},{"damage":13.0,"enemies":"Shell Parasite","floor":18.0,"turns":5.0},{"damage":17.0,"enemies":"2 Thieves","floor":24.0,"turns":3.0},{"damage":5.0,"enemies":"Cultist and Chosen","floor":30.0,"turns":4.0},{"damage":15.0,"enemies":"Snake Plant","floor":31.0,"turns":3.0},{"damage":0.0,"enemies":"Gremlin Leader","floor":33.0,"turns":3.0},{"damage":39.0,"enemies":"Pondfish","floor":35.0,"turns":7.0},{"damage":5.0,"enemies":"Orb Walker","floor":37.0,"turns":2.0},{"damage":17.0,"enemies":"3 Darklings","floor":40.0,"turns":5.0},{"damage":23.0,"enemies":"Jaw Worm Horde","floor":41.0,"turns":3.0},{"damage":11.0,"enemies":"Spire Growth","floor":43.0,"turns":3.0},{"damage":21.0,"enemies":"4 Shapes","floor":47.0,"turns":7.0},{"damage":21.0,"enemies":"R_Hoarder","floor":49.0,"turns":9.0},{"damage":5,"enemies":"3 Darklings","floor":50,"turns":1}],"seed_played":"-8323548311228920135","potions_obtained":[{"floor":3.0,"key":"Flashbang"},{"floor":5.0,"key":"FearPotion"},{"floor":7.0,"key":"Toxic Potion"},{"floor":10.0,"key":"Swift Potion"},{"floor":24.0,"key":"LiquidMemories"},{"floor":30.0,"key":"AttackPotion"},{"floor":31.0,"key":"theMarked:SummonPotion"},{"floor":41.0,"key":"Elixir"},{"floor":43.0,"key":"CultistPotion"},{"floor":47.0,"key":"Strength Potion"}],"is_trial":false,"path_per_floor":["M","$","M","?","M","R","E","R","T","M","M","M","$","?","R","B",null,"M","?","$","?","PTL","PTL","M","R","T","R","T","$","M","M","R","E","R","B",null,"M","?","$","M","M","R","M","R","T","R","M","?","E","M"],"character_chosen":"THE_DEFAULT","items_purchased":["PowerPotion"],"campfire_rested":4,"item_purchase_floors":[39],"current_hp_per_floor":[49,49,48,48,48,48,25,25,25,21,19,16,16,16,16,3,70,57,57,57,57,57,57,40,40,40,61,61,61,56,41,62,62,62,23,70,65,65,65,48,25,46,35,56,56,56,35,26,5,0,0],"gold":232,"neow_bonus":"ONE_RARE_RELIC","is_daily":false,"chose_seed":false,"campfire_upgraded":6,"win_rate":0.0,"timestamp":1610402725,"path_taken":["M","$","M","?","M","R","E","R","T","?","M","M","$","?","R","BOSS","M","?","$","?","PTL","PTL","M","R","?","R","T","$","M","M","R","E","R","BOSS","M","?","$","M","M","R","M","R","T","R","M","?","E","M"],"items_purchased_type":["Potion"],"build_version":"2020-12-22","purchased_purges":5,"victory":false,"max_hp_per_floor":[70,70,70,70,70,70,70,70,70,70,70,70,70,70,70,70,70,70,70,70,70,70,70,70,70,70,70,70,70,70,70,70,70,70,70,70,70,70,70,70,70,70,70,70,70,70,70,70,70,70,70],"card_choices":[{"not_picked":["theMarked:Frustration","theMarked:SwordAndMagic","theMarked:Static"],"picked":"SKIP","floor":1.0},{"not_picked":["theMarked:Aftermath","theMarked:ChainLightning","theMarked:Levitate"],"picked":"SKIP","floor":3.0},{"not_picked":["theMarked:Convert","theMarked:ChainLightning"],"picked":"theMarked:BanishingStrike","floor":5.0},{"not_picked":["theMarked:ElectricStrings","theMarked:CreepingChasm","theMarked:EmpowerWeapon"],"picked":"SKIP","floor":7.0},{"not_picked":["theMarked:ResourceFulStrike","theMarked:ReduceFriction","theMarked:HeightenedSenses"],"picked":"SKIP","floor":10.0},{"not_picked":["theMarked:SelfDefenseTraining","theMarked:Static"],"picked":"theMarked:ParalyzingBlade","floor":11.0},{"not_picked":["theMarked:Aftermath","theMarked:Static","theMarked:ChainLightning"],"picked":"SKIP","floor":12.0},{"not_picked":["theMarked:TakeOffHeels","theMarked:SummonStrength"],"picked":"theMarked:Vacuum","floor":16.0},{"not_picked":["theMarked:ReduceFriction+1","theMarked:Parry","theMarked:ContemptForTheProud+1"],"picked":"SKIP","floor":18.0},{"not_picked":["theMarked:RepellingDischarge","theMarked:TakeCover","theMarked:DeterminationOfTheMarked"],"picked":"SKIP","floor":24.0},{"not_picked":["theMarked:WastefulAttack","theMarked:Parkour+1","theMarked:Static"],"picked":"SKIP","floor":30.0},{"not_picked":["theMarked:Aftermath","theMarked:BanishingStrike","theMarked:Improvise"],"picked":"SKIP","floor":31.0},{"not_picked":["theMarked:Frustration","theMarked:AttractMetal+1","theMarked:RepellingDischarge"],"picked":"SKIP","floor":33.0},{"not_picked":["theMarked:TurnInvisible","theMarked:DispelDoubt"],"picked":"theMarked:ChannelForce","floor":35.0},{"not_picked":["theMarked:Frustration"],"picked":"SKIP","floor":37.0},{"not_picked":["theMarked:WardOff+1"],"picked":"SKIP","floor":40.0},{"not_picked":[],"picked":"theMarked:MysticalArsenal+1","floor":41.0},{"not_picked":["theMarked:TwofoldDefense"],"picked":"SKIP","floor":43.0},{"not_picked":["theMarked:SummonStrength"],"picked":"SKIP","floor":47.0},{"not_picked":["theMarked:ElectricStrings"],"picked":"SKIP","floor":49.0}],"player_experience":1509536,"relics_obtained":[{"floor":7.0,"key":"Vajra"},{"floor":9.0,"key":"Replay:Mystery Machine"},{"floor":26.0,"key":"hubris:Metronome"},{"floor":28.0,"key":"Potion Belt"},{"floor":33.0,"key":"Simple Rune"},{"floor":45.0,"key":"Pen Nib"},{"floor":49.0,"key":"Bronze Scales"}],"event_choices":[{"damage_healed":0.0,"max_hp_gain":0.0,"max_hp_loss":0.0,"gold_gain":100.0,"event_name":"Golden Shrine","player_choice":"Pray","floor":4.0,"gold_loss":0.0,"damage_taken":0.0},{"damage_healed":0.0,"max_hp_gain":0.0,"max_hp_loss":0.0,"gold_gain":0.0,"event_name":"Vampires","player_choice":"Ignored","floor":19.0,"gold_loss":0.0,"damage_taken":0.0},{"cards_removed":["theMarked:Defend"],"damage_healed":0.0,"max_hp_gain":0.0,"max_hp_loss":0.0,"gold_gain":0.0,"event_name":"Back to Basics","player_choice":"Elegance","floor":21.0,"gold_loss":0.0,"damage_taken":0.0},{"damage_healed":0.0,"max_hp_gain":0.0,"max_hp_loss":0.0,"gold_gain":0.0,"event_name":"Winding Halls","player_choice":"Embrace Madness","floor":48.0,"gold_loss":0.0,"damage_taken":9.0,"cards_obtained":["Madness","Madness"]}],"is_beta":false,"boss_relics":[{"not_picked":["Ectoplasm","Tiny House"],"picked":"Empty Cage"},{"not_picked":["hubris:GrandSneckoEye","Replay:Ancient Bell"],"picked":"Busted Crown"}],"items_purged_floors":[2,13,20,29,39],"is_endless":false,"potions_floor_spawned":[3,5,7,10,12,24,30,31,41,43,47],"killed_by":"3 Darklings","ascension_level":0}}