{"host":"oehe2dxjvdgux73m","time":1610350051,"event":{"mods":["AchievementEnabler","BaseMod","Colored Map","Colored Powertips","DeckTracker","Keyboard Shortcuts","Minty Spire (QoL Compilation)","Permanent Neow","Quick Restart","StSLib","SuperFastMode"],"gold_per_floor":[119,136,156,156,168,196,196,216,239,257,286,306,322,348,348,444,444,463,463,463,52,52,52,52,83,83,108,123,123,139,139,139,238,238,255,60,60,60,74,74,99,110,110,72,72,84,104,139,139,139],"floor_reached":51,"playtime":2403,"items_purged":["Strike_R","Defend_R","Defend_R"],"score":921,"play_id":"af1ee30c-d60d-4d5f-9aca-1a32c2caa73b","local_time":"20210111162731","is_ascension_mode":true,"campfire_choices":[{"data":"Body Slam","floor":7.0,"key":"SMITH"},{"data":"Warcry","floor":15.0,"key":"SMITH"},{"data":"Decay","floor":23.0,"key":"PURGE"},{"data":"Strike_R+1","floor":29.0,"key":"PURGE"},{"floor":32.0,"key":"REST"},{"data":"Entrench","floor":40.0,"key":"SMITH"},{"data":"Defend_R","floor":45,"key":"PURGE"},{"data":"Defend_R","floor":49,"key":"PURGE"}],"circlet_count":0,"master_deck":["Bash+1","Impervious","Body Slam+1","Cleave+1","Shockwave","Hemokinesis","Warcry+1","Impervious","Ghostly Armor","Metallicize+1","Entrench+1","Shrug It Off","Dual Wield+1","Barricade+1","Warcry+1","Battle Trance+1","Warcry+1"],"relics":["Burning Blood","Toy Ornithopter","Juzu Bracelet","Regal Pillow","Whetstone","Empty Cage","Enchiridion","Peace Pipe","Red Skull","Paper Frog","Smiling Mask","Busted Crown","Art of War","Torii","MawBank","Oddly Smooth Stone"],"acts_visited":["TheBeyond"],"potions_floor_usage":[41,50,50,50],"damage_taken":[{"damage":11.0,"enemies":"Jaw Worm","floor":1.0,"turns":4.0},{"damage":1.0,"enemies":"Cultist","floor":2.0,"turns":3.0},{"damage":0.0,"enemies":"Small Slimes","floor":3.0,"turns":3.0},{"damage":7.0,"enemies":"Exordium Wildlife","floor":5.0,"turns":4.0},{"damage":17.0,"enemies":"3 Sentries","floor":6.0,"turns":5.0},{"damage":10.0,"enemies":"Red Slaver","floor":8.0,"turns":3.0},{"damage":13.0,"enemies":"3 Louse","floor":10.0,"turns":3.0},{"damage":12.0,"enemies":"Gremlin Nob","floor":11.0,"turns":3.0},{"damage":0.0,"enemies":"Blue Slaver","floor":12.0,"turns":2.0},{"damage":2.0,"enemies":"Lots of Slimes","floor":13.0,"turns":3.0},{"damage":24.0,"enemies":"3 Sentries","floor":14.0,"turns":7.0},{"damage":55.0,"enemies":"The Guardian","floor":16.0,"turns":15.0},{"damage":2.0,"enemies":"3 Byrds","floor":18.0,"turns":7.0},{"damage":33.0,"enemies":"Slavers","floor":25.0,"turns":9.0},{"damage":2.0,"enemies":"Book of Stabbing","floor":27.0,"turns":4.0},{"damage":22.0,"enemies":"Shell Parasite","floor":28.0,"turns":5.0},{"damage":0.0,"enemies":"Snake Plant","floor":30.0,"turns":1.0},{"damage":5.0,"enemies":"Colosseum Slavers","floor":31.0,"turns":4.0},{"damage":77.0,"enemies":"Collector","floor":33.0,"turns":13.0},{"damage":7.0,"enemies":"3 Shapes","floor":35.0,"turns":4.0},{"damage":16.0,"enemies":"3 Darklings","floor":39.0,"turns":11.0},{"damage":25,"enemies":"Reptomancer","floor":41,"turns":5},{"damage":4,"enemies":"Jaw Worm Horde","floor":42,"turns":4},{"damage":0,"enemies":"Spire Growth","floor":46,"turns":4},{"damage":3,"enemies":"Maw","floor":47,"turns":7},{"damage":2,"enemies":"Giant Head","floor":48,"turns":4},{"damage":36,"enemies":"Awakened One","floor":50,"turns":10}],"seed_played":"9187719416854101878","potions_obtained":[{"floor":2.0,"key":"PowerPotion"},{"floor":3.0,"key":"AttackPotion"},{"floor":5.0,"key":"SpeedPotion"},{"floor":11.0,"key":"GamblersBrew"},{"floor":25.0,"key":"SkillPotion"},{"floor":30.0,"key":"FearPotion"},{"floor":33.0,"key":"Fire Potion"},{"floor":42,"key":"SteroidPotion"},{"floor":46,"key":"SteroidPotion"},{"floor":48,"key":"BlessingOfTheForge"}],"is_trial":false,"path_per_floor":["M","M","M","?","M","E","R","M","T","M","E","M","M","E","R","B",null,"M","?","?","$","?","R","?","E","T","E","M","R","M","?","R","B",null,"M","$","?","?","M","R","E","M","T","$","R","M","M","E","R","B",null],"character_chosen":"IRONCLAD","items_purchased":["Shrug It Off","Peace Pipe","Art of War"],"campfire_rested":1,"item_purchase_floors":[21,21,36],"current_hp_per_floor":[75,80,80,80,79,68,68,64,64,57,56,62,66,48,48,9,80,80,80,64,64,64,64,64,37,37,41,25,25,31,32,71,15,80,79,79,79,79,69,69,55,57,57,57,57,63,66,70,70,55],"gold":139,"neow_bonus":"TRANSFORM_CARD","is_daily":false,"chose_seed":false,"campfire_upgraded":3,"win_rate":0.0,"timestamp":1610350051,"path_taken":["M","M","M","?","M","E","R","M","T","M","E","M","M","E","R","BOSS","M","?","?","$","?","R","?","E","T","E","M","R","M","?","R","BOSS","M","$","?","?","M","R","E","M","T","$","R","M","M","E","R","BOSS"],"items_purchased_type":["Card","Relic","Relic"],"build_version":"2020-12-22","purchased_purges":3,"victory":true,"max_hp_per_floor":[80,80,80,80,80,80,80,80,80,80,80,80,80,80,80,80,80,80,80,80,80,80,80,80,80,80,80,80,80,80,80,80,80,80,80,80,80,80,80,80,80,80,80,80,80,80,80,80,80,80],"card_choices":[{"not_picked":["Armaments","Feel No Pain"],"picked":"Body Slam","floor":1.0},{"not_picked":["Combust","Perfected Strike"],"picked":"Cleave","floor":2.0},{"not_picked":["Iron Wave","Headbutt"],"picked":"Shockwave","floor":3.0},{"not_picked":["Body Slam","Armaments"],"picked":"Hemokinesis","floor":5.0},{"not_picked":["Clothesline","Dual Wield","Iron Wave"],"picked":"SKIP","floor":6.0},{"not_picked":["Wild Strike","Reckless Charge","Clothesline"],"picked":"SKIP","floor":8.0},{"not_picked":["Dual Wield","Clothesline"],"picked":"Warcry","floor":10.0},{"not_picked":["Intimidate","Heavy Blade"],"picked":"Impervious","floor":11.0},{"not_picked":["Blood for Blood","Havoc","Second Wind"],"picked":"SKIP","floor":12.0},{"not_picked":["Wild Strike","Shrug It Off"],"picked":"Ghostly Armor","floor":13.0},{"not_picked":["Intimidate","Flex","True Grit"],"picked":"SKIP","floor":14.0},{"not_picked":["Seeing Red","Pummel"],"picked":"Metallicize+1","floor":18.0},{"not_picked":["Clothesline","Hemokinesis","Warcry"],"picked":"SKIP","floor":25.0},{"not_picked":["Rage","Clash+1"],"picked":"Dual Wield+1","floor":27.0},{"not_picked":["Fire Breathing","Cleave+1","Clash"],"picked":"SKIP","floor":28.0},{"not_picked":["Combust","Perfected Strike","Cleave"],"picked":"SKIP","floor":30.0},{"not_picked":["Brutality","Bludgeon"],"picked":"Barricade","floor":33.0},{"not_picked":[],"picked":"Warcry+1","floor":35.0},{"not_picked":["Flex+1"],"picked":"SKIP","floor":39.0},{"not_picked":["Anger"],"picked":"SKIP","floor":41},{"not_picked":["Rage"],"picked":"SKIP","floor":42},{"not_picked":["Sword Boomerang"],"picked":"SKIP","floor":46},{"not_picked":[],"picked":"Battle Trance+1","floor":47},{"not_picked":[],"picked":"Warcry+1","floor":48}],"player_experience":94368,"relics_obtained":[{"floor":6.0,"key":"Toy Ornithopter"},{"floor":9.0,"key":"Juzu Bracelet"},{"floor":11.0,"key":"Regal Pillow"},{"floor":14.0,"key":"Whetstone"},{"floor":20.0,"key":"Enchiridion"},{"floor":25.0,"key":"Red Skull"},{"floor":26.0,"key":"Paper Frog"},{"floor":27.0,"key":"Smiling Mask"},{"floor":41,"key":"Torii"},{"floor":43,"key":"MawBank"},{"floor":48,"key":"Oddly Smooth Stone"}],"event_choices":[{"damage_healed":0.0,"max_hp_gain":0.0,"max_hp_loss":0.0,"gold_gain":0.0,"event_name":"Upgrade Shrine","player_choice":"Upgraded","floor":4.0,"gold_loss":0.0,"damage_taken":0.0,"cards_upgraded":["Bash"]},{"damage_healed":0.0,"max_hp_gain":0.0,"max_hp_loss":0.0,"gold_gain":0.0,"event_name":"The Library","player_choice":"Read","floor":19.0,"gold_loss":0.0,"damage_taken":0.0,"cards_obtained":["Entrench"]},{"damage_healed":0.0,"max_hp_gain":0.0,"max_hp_loss":0.0,"gold_gain":0.0,"event_name":"Cursed Tome","player_choice":"Obtained Book","floor":20.0,"gold_loss":0.0,"damage_taken":16.0},{"damage_healed":0.0,"max_hp_gain":0.0,"max_hp_loss":0.0,"gold_gain":0.0,"event_name":"Wheel of Change","player_choice":"Cursed","floor":22.0,"gold_loss":0.0,"damage_taken":0.0,"cards_obtained":["Decay"]},{"damage_healed":0.0,"max_hp_gain":0.0,"max_hp_loss":0.0,"gold_gain":0.0,"event_name":"Colosseum","player_choice":"Fight","floor":31.0,"gold_loss":0.0,"damage_taken":0.0},{"damage_healed":0.0,"max_hp_gain":0.0,"max_hp_loss":0.0,"gold_gain":0.0,"event_name":"Colosseum","player_choice":"Fled From Nobs","floor":31.0,"gold_loss":0.0,"damage_taken":0.0},{"damage_healed":0.0,"max_hp_gain":0.0,"max_hp_loss":0.0,"gold_gain":0.0,"event_name":"Upgrade Shrine","player_choice":"Upgraded","floor":37.0,"gold_loss":0.0,"damage_taken":0.0,"cards_upgraded":["Barricade"]},{"damage_healed":0.0,"max_hp_gain":0.0,"max_hp_loss":0.0,"gold_gain":0.0,"event_name":"SecretPortal","player_choice":"Ignored","floor":38.0,"gold_loss":0.0,"damage_taken":0.0}],"is_beta":false,"boss_relics":[{"not_picked":["Snecko Eye","Fusion Hammer"],"picked":"Empty Cage"},{"not_picked":["Coffee Dripper","Black Star"],"picked":"Busted Crown"}],"items_purged_floors":[21,36,44],"is_endless":false,"potions_floor_spawned":[2,3,5,8,11,25,30,33,42,46,48],"ascension_level":2}}