{"host":"s794kqxf2n1qz2yr","time":1610331856,"event":{"mods":["100% Spire Juice","2.2 Compatiblity","AchievementEnabler","Aspiration","BaseMod","ChefMod","Downfall","Friendly Minions","Hermit","Minty Spire (QoL Compilation)","Permanent Neow","StSLib","The Animator"],"gold_per_floor":[111,111,128,148,203,230,241,191,191,191,201,221,237,262,262,262,262],"floor_reached":16,"playtime":1281,"items_purged":[],"score":114,"play_id":"0f7004c5-5242-470b-8f34-87d7344917e6","local_time":"20210111022416","daily_mods":["SealedDeck"],"is_ascension_mode":false,"campfire_choices":[{"data":"chefmod:FullCourseMeal","floor":10,"key":"SMITH"},{"floor":15,"key":"REST"}],"circlet_count":0,"master_deck":["chefmod:BaoBuns","chefmod:BaoBuns","chefmod:Cleavers","chefmod:SliceAndDice","chefmod:Cleavers","chefmod:Ratatouille","chefmod:Ratatouille","chefmod:FullBurn","chefmod:Ratatouille","chefmod:DinoKale","chefmod:FullCourseMeal+1"],"relics":["chefmod:TrustyPot","Tiny Chest","Frozen Egg 2","Meat on the Bone"],"acts_visited":["Exordium"],"potions_floor_usage":[6,13,14,16,16],"damage_taken":[{"damage":0,"enemies":"Small Slimes","floor":1,"turns":3},{"damage":0,"enemies":"Jaw Worm","floor":3,"turns":2},{"damage":3,"enemies":"Cultist","floor":4,"turns":4},{"damage":12,"enemies":"3 Sentries","floor":6,"turns":8},{"damage":0,"enemies":"3 Louse","floor":7,"turns":2},{"damage":2,"enemies":"Blue Slaver","floor":11,"turns":4},{"damage":0,"enemies":"Gremlin Gang","floor":12,"turns":1},{"damage":1,"enemies":"Large Slime","floor":13,"turns":4},{"damage":17,"enemies":"Lagavulin","floor":14,"turns":9},{"damage":65,"enemies":"Slime Boss","floor":16,"turns":12}],"seed_played":"-5640639627374780064","potions_obtained":[{"floor":1,"key":"AttackPotion"},{"floor":3,"key":"SteroidPotion"},{"floor":6,"key":"LiquidBronze"},{"floor":12,"key":"SneckoOil"},{"floor":14,"key":"LiquidBronze"}],"is_trial":true,"path_per_floor":["M","?","M","M","?","E","M","?","T","R","M","M","M","E","R","B"],"character_chosen":"THE_CHEF","items_purchased":[],"campfire_rested":1,"item_purchase_floors":[],"current_hp_per_floor":[76,76,76,73,73,61,61,61,61,61,59,59,58,41,63,0,0],"gold":262,"neow_bonus":"","is_daily":false,"chose_seed":false,"campfire_upgraded":1,"win_rate":0.0,"timestamp":1610331856,"path_taken":["M","?","M","M","?","E","M","?","T","R","M","M","M","E","R","BOSS"],"items_purchased_type":[],"build_version":"2020-12-22","purchased_purges":0,"victory":false,"max_hp_per_floor":[76,76,76,76,76,76,76,76,76,76,76,76,76,76,76,76,76],"card_choices":[{"not_picked":["chefmod:FryPan","chefmod:NewMenu","chefmod:HotSoup"],"picked":"SKIP","floor":1},{"not_picked":["chefmod:Granita","chefmod:FireUp"],"picked":"chefmod:DinoKale","floor":3},{"not_picked":["chefmod:Granita","chefmod:ColdSteel","chefmod:HotSoup"],"picked":"SKIP","floor":4},{"not_picked":["chefmod:HotSoup","chefmod:PotatoGratin"],"picked":"chefmod:FullCourseMeal","floor":6},{"not_picked":["chefmod:FireUp","chefmod:Sorbet","chefmod:CuttingBoard"],"picked":"SKIP","floor":7},{"not_picked":["chefmod:Defrost","chefmod:TonkotsuRamen","chefmod:ZaruSoba"],"picked":"SKIP","floor":11},{"not_picked":["chefmod:ZaruSoba","chefmod:HotSoup","chefmod:BaoBuns"],"picked":"SKIP","floor":12},{"not_picked":["chefmod:HotSoup","chefmod:Gelato","chefmod:ZaruSoba"],"picked":"SKIP","floor":13},{"not_picked":["chefmod:SpaghettiCarbonara","chefmod:QuickChop","chefmod:FryPan"],"picked":"SKIP","floor":14}],"player_experience":340592,"relics_obtained":[{"floor":6,"key":"Tiny Chest"},{"floor":9,"key":"Frozen Egg 2"},{"floor":14,"key":"Meat on the Bone"}],"event_choices":[{"damage_healed":0,"gold_gain":55,"player_choice":"Gained Gold","damage_taken":0,"max_hp_gain":0,"max_hp_loss":0,"event_name":"Golden Wing","floor":5,"gold_loss":0},{"cards_removed":["chefmod:CuttingBoard"],"damage_healed":0,"gold_gain":0,"player_choice":"Card Removal","damage_taken":0,"max_hp_gain":0,"max_hp_loss":0,"event_name":"The Cleric","floor":8,"gold_loss":50}],"is_beta":false,"boss_relics":[],"items_purged_floors":[],"is_endless":false,"potions_floor_spawned":[1,3,6,12,14],"killed_by":"Slime Boss","ascension_level":0}}