{"host":"wud4w7nw8qmq6f33","time":1610324963,"event":{"mods":["2.2 Compatiblity","Act Like it!","BaseMod","Colored Map","Colored Powertips","Downfall","Gremlin Skip","Minty Spire (QoL Compilation)","Permanent Neow","Quick Restart","Rare Cards Sparkle","StSLib","everything is the same but u backflip on backflip","slay the spire mod where everything is the same but ironclad has a cowboy hat"],"gold_per_floor":[116,127,52,70,70,97,97,117,144,160,160,192,16,26,26,130,130,148,162,162,177,189,216,216,230,230,262,262,262,282,299,299,394,394,409,96,96,107,118,144,144,144],"floor_reached":41,"playtime":1480,"items_purged":["Defend_R","Strike_R"],"score":502,"play_id":"2f08d2df-9118-4d1e-bad8-224796281da1","local_time":"20210110192923","is_ascension_mode":false,"campfire_choices":[{"data":"Flex","floor":7,"key":"SMITH"},{"data":"Flex","floor":11,"key":"SMITH"},{"data":"Limit Break","floor":15,"key":"SMITH"},{"data":"Heavy Blade","floor":24,"key":"SMITH"},{"floor":28,"key":"REST"},{"data":"Heavy Blade","floor":32,"key":"SMITH"}],"circlet_count":0,"master_deck":["Strike_R","Strike_R","Defend_R+1","Defend_R+1","Defend_R","Headbutt","Flex+1","Flex+1","Uppercut","Heavy Blade+1","Limit Break+1","Pommel Strike","Offering","Heavy Blade+1","Sword Boomerang","Pummel+1","Master of Strategy","Shrug It Off+1"],"relics":["Burning Blood","Vajra","War Paint","Regal Pillow","Nunchaku","Empty Cage","Question Card","Toy Ornithopter","Happy Flower","SlaversCollar","StoneCalendar"],"acts_visited":["Exordium","TheCity","TheBeyond"],"potions_floor_usage":[6,12,18,33,41,41,41],"damage_taken":[{"damage":3,"enemies":"Small Slimes","floor":1,"turns":4},{"damage":1,"enemies":"Cultist","floor":2,"turns":3},{"damage":6,"enemies":"Jaw Worm","floor":4,"turns":3},{"damage":31,"enemies":"Lagavulin","floor":6,"turns":5},{"damage":11,"enemies":"Exordium Thugs","floor":8,"turns":5},{"damage":0,"enemies":"Exordium Wildlife","floor":10,"turns":3},{"damage":11,"enemies":"3 Sentries","floor":12,"turns":5},{"damage":2,"enemies":"Looter","floor":14,"turns":2},{"damage":20,"enemies":"The Guardian","floor":16,"turns":5},{"damage":10,"enemies":"Chosen","floor":18,"turns":2},{"damage":6,"enemies":"Spheric Guardian","floor":19,"turns":1},{"damage":18,"enemies":"Cultist and Chosen","floor":21,"turns":4},{"damage":6,"enemies":"Sentry and Sphere","floor":22,"turns":2},{"damage":25,"enemies":"Gremlin Leader","floor":23,"turns":5},{"damage":3,"enemies":"Chosen and Byrds","floor":25,"turns":3},{"damage":29,"enemies":"Slavers","floor":27,"turns":3},{"damage":6,"enemies":"3 Cultists","floor":30,"turns":3},{"damage":18,"enemies":"Centurion and Healer","floor":31,"turns":2},{"damage":31,"enemies":"Collector","floor":33,"turns":4},{"damage":13,"enemies":"Orb Walker","floor":35,"turns":2},{"damage":26,"enemies":"3 Darklings","floor":38,"turns":4},{"damage":6,"enemies":"Sphere and 2 Shapes","floor":39,"turns":3},{"damage":28,"enemies":"Reptomancer","floor":40,"turns":4},{"damage":50,"enemies":"Maw","floor":41,"turns":6}],"seed_played":"-3969865442754823404","potions_obtained":[{"floor":5,"key":"GamblersBrew"},{"floor":5,"key":"PowerPotion"},{"floor":5,"key":"Slimebound:ThreeZeroPotion"},{"floor":6,"key":"SmokeBomb"},{"floor":10,"key":"Strength Potion"},{"floor":12,"key":"sneckomod:MuddlingPotion"},{"floor":19,"key":"Regen Potion"},{"floor":22,"key":"DuplicationPotion"},{"floor":23,"key":"Energy Potion"},{"floor":33,"key":"BlessingOfTheForge"}],"is_trial":false,"path_per_floor":["M","M","$","M","?","E","R","M","T","M","R","E","$","M","R","B",null,"M","M","?","M","M","E","R","M","T","E","R","T","M","M","R","B",null,"M","$","?","M","M","E","M"],"character_chosen":"IRONCLAD","items_purchased":["Limit Break","Pommel Strike","Master of Strategy","SteroidPotion"],"campfire_rested":1,"item_purchase_floors":[13,13,36,36],"current_hp_per_floor":[80,80,80,80,80,55,55,50,50,56,56,51,51,55,55,41,80,76,76,76,64,64,45,45,48,48,25,64,64,64,52,52,32,80,73,73,73,53,53,31,0,0],"gold":144,"neow_bonus":"RANDOM_COMMON_RELIC","is_daily":false,"chose_seed":false,"campfire_upgraded":5,"win_rate":0.0,"timestamp":1610324963,"path_taken":["M","M","$","M","?","E","R","M","T","?","R","E","$","M","R","BOSS","M","M","?","M","M","E","R","M","T","E","R","?","M","M","R","BOSS","M","$","?","M","?","E","M"],"items_purchased_type":["Card","Card","Card","Potion"],"build_version":"2020-12-22","purchased_purges":2,"victory":false,"max_hp_per_floor":[80,80,80,80,80,80,80,80,80,80,80,80,80,80,80,80,80,80,80,80,80,80,80,80,80,80,80,80,80,80,80,80,80,80,80,80,80,80,80,80,80,80],"card_choices":[{"not_picked":["Clothesline","Havoc"],"picked":"Headbutt","floor":1},{"not_picked":["Shockwave","Clothesline"],"picked":"Flex","floor":2},{"not_picked":["Feel No Pain","Headbutt"],"picked":"Flex","floor":4},{"not_picked":["Shrug It Off","Havoc"],"picked":"Uppercut","floor":6},{"not_picked":["True Grit","Dropkick","Bloodletting"],"picked":"SKIP","floor":8},{"not_picked":["Metallicize","Dropkick"],"picked":"Heavy Blade","floor":10},{"not_picked":["Metallicize","Headbutt","Infernal Blade"],"picked":"SKIP","floor":12},{"not_picked":["Second Wind","True Grit","Rampage"],"picked":"SKIP","floor":14},{"not_picked":["Double Tap","Barricade"],"picked":"Offering","floor":16},{"not_picked":["Armaments","Iron Wave","Dark Embrace+1"],"picked":"SKIP","floor":18},{"not_picked":["Flex+1","Rampage","Clothesline"],"picked":"SKIP","floor":19},{"not_picked":["Second Wind+1","Disarm"],"picked":"Heavy Blade","floor":21},{"not_picked":["Sentinel","Feel No Pain"],"picked":"Sword Boomerang","floor":22},{"not_picked":["Cleave+1","Hemokinesis+1","Burning Pact+1"],"picked":"SKIP","floor":23},{"not_picked":["Iron Wave+1","Sentinel","Pommel Strike"],"picked":"Pummel+1","floor":25},{"not_picked":["Wild Strike","Iron Wave","Thunderclap","Cleave"],"picked":"SKIP","floor":27},{"not_picked":["Iron Wave","Pommel Strike","Reckless Charge","Metallicize"],"picked":"SKIP","floor":30},{"not_picked":["Shockwave","Dual Wield","Bloodletting","Armaments"],"picked":"SKIP","floor":31},{"not_picked":["Shrug It Off","Clash+1","Flame Barrier+1","True Grit"],"picked":"SKIP","floor":35},{"not_picked":["Infernal Blade","Twin Strike+1","Perfected Strike+1","Carnage+1"],"picked":"SKIP","floor":38},{"not_picked":["Body Slam","Thunderclap+1","Second Wind"],"picked":"Shrug It Off+1","floor":39},{"not_picked":["Havoc","Sentinel","Rage","Demon Form"],"picked":"SKIP","floor":40}],"player_experience":617473,"relics_obtained":[{"floor":6,"key":"War Paint"},{"floor":9,"key":"Regal Pillow"},{"floor":12,"key":"Nunchaku"},{"floor":23,"key":"Question Card"},{"floor":27,"key":"Toy Ornithopter"},{"floor":29,"key":"Happy Flower"},{"floor":40,"key":"StoneCalendar"}],"event_choices":[{"damage_healed":0,"gold_gain":0,"player_choice":"Got Potions","damage_taken":0,"max_hp_gain":0,"max_hp_loss":0,"event_name":"Lab","floor":5,"gold_loss":0},{"cards_removed":["Strike_R"],"damage_healed":0,"gold_gain":0,"player_choice":"Elegance","damage_taken":0,"max_hp_gain":0,"max_hp_loss":0,"event_name":"Back to Basics","floor":20,"gold_loss":0}],"is_beta":false,"boss_relics":[{"not_picked":["Mark of Pain","Cursed Key"],"picked":"Empty Cage"},{"not_picked":["Tiny House","Astrolabe"],"picked":"SlaversCollar"}],"items_purged_floors":[3,36],"is_endless":false,"potions_floor_spawned":[6,10,12,19,22,23,27,33,39,40],"killed_by":"Maw","ascension_level":0}}