{"host":"a0paspe0zwqgzttz","time":1610404687,"event":{"mods":["AchievementEnabler","Act Like it!","BaseMod","BetterRewards","Colored Powertips","Conspire","Downfall","GifTheSpireLib","Hermit","Highlight Path","Lobotomy","Mad Scientist","Marisa????????","Minty Spire (QoL Compilation)","Quick Restart","Replay The Spire","Robot Space Explorer","Shop Mod","StSLib","SuperFastMode","The Bug Knight","The Construct","The Cursed","The Hierophant","The Jungle","The Mystic","The Necromancer","The Runesmith","The Senshi","The Servant 0.9.4"],"gold_per_floor":[116,116,16,16,191,191,210,210,210,129,154,154,170,184,184,212,212],"floor_reached":16,"playtime":554,"items_purged":[],"score":97,"play_id":"40a26ff8-9375-4267-bba7-8eef20b219e8","local_time":"20210111173807","is_ascension_mode":true,"campfire_choices":[{"data":"hermit:BlackWind","floor":6,"key":"SMITH"},{"data":"conspire:SpireCoStock","floor":8,"key":"SMITH"},{"data":"conspire:SpireCoStock","floor":12,"key":"SMITH"},{"data":"expansioncontent:LastStand","floor":15,"key":"SMITH"}],"circlet_count":0,"master_deck":["hermit:Strike_Hermit","hermit:Strike_Hermit","hermit:Strike_Hermit","hermit:Strike_Hermit","hermit:Defend_Hermit","hermit:Defend_Hermit","hermit:Defend_Hermit","hermit:Defend_Hermit","hermit:Snapshot","hermit:Covet","OSAHOGD","hermit:BlackWind+1","conspire:SpireCoStock+1","conspire:SpireCoStock+1","Doubt","Murderer","hermit:Quickdraw","expansioncontent:LastStand+1","BeautyBeast","hermit:Cheat","LittlePrince","hermit:Ricochet"],"relics":["hermit:Momento","CogitoBucket","Tiny Chest","Oddly Smooth Stone"],"acts_visited":["Exordium"],"potions_floor_usage":[16,16],"damage_taken":[{"damage":0,"enemies":"Cultist","floor":1,"turns":3},{"damage":12,"enemies":"Jaw Worm","floor":7,"turns":3},{"damage":0,"enemies":"2 Louse","floor":13,"turns":2},{"damage":3,"enemies":"Blue Slaver","floor":14,"turns":3},{"damage":56,"enemies":"Fading Forest","floor":16,"turns":7}],"seed_played":"-2773942709758448833","potions_obtained":[{"floor":7,"key":"Strength Potion"},{"floor":14,"key":"Toxic Potion"}],"is_trial":false,"path_per_floor":["M","?","?","$","?","R","M","R","T","$","T","R","M","M","R","B"],"character_chosen":"HERMIT","items_purchased":["expansioncontent:LastStand"],"campfire_rested":0,"item_purchase_floors":[10],"current_hp_per_floor":[75,57,57,57,57,57,45,45,45,45,45,45,45,42,42,0,0],"gold":212,"neow_bonus":"","is_daily":false,"chose_seed":false,"campfire_upgraded":4,"win_rate":0.0,"timestamp":1610404687,"path_taken":["M","?","?","$","?","R","M","R","T","?","?","R","?","M","R","BOSS"],"items_purchased_type":["Card"],"build_version":"2020-12-22","purchased_purges":0,"victory":false,"max_hp_per_floor":[75,75,75,75,75,75,75,75,75,75,75,75,75,75,75,75,75],"card_choices":[{"not_picked":["Scorched","ShyLook"],"picked":"OSAHOGD","floor":1},{"not_picked":["hermit:HoleUp","hermit:Roulette"],"picked":"hermit:BlackWind","floor":1},{"not_picked":["Scorched","VoidDream"],"picked":"Murderer","floor":7},{"not_picked":["hermit:HoleUp","hermit:BigShot"],"picked":"hermit:Quickdraw","floor":7},{"not_picked":["MHz","Mercenary"],"picked":"BeautyBeast","floor":13},{"not_picked":["hermit:TrackingShot","hermit:LowProfile"],"picked":"hermit:Cheat","floor":13},{"not_picked":["Alriune","MHz","WallGazer"],"picked":"Singing Bowl","floor":14},{"not_picked":["OldLady","ShyLook"],"picked":"LittlePrince","floor":14},{"not_picked":["hermit:Desperado","hermit:LoneWolf"],"picked":"hermit:Ricochet","floor":14}],"player_experience":485056,"relics_obtained":[{"floor":11,"key":"Oddly Smooth Stone"}],"event_choices":[{"damage_healed":0,"gold_gain":0,"player_choice":"Success","damage_taken":18,"relics_obtained":["Tiny Chest"],"max_hp_gain":0,"max_hp_loss":0,"event_name":"Scrap Ooze","floor":2,"gold_loss":0},{"damage_healed":0,"gold_gain":0,"player_choice":"Invest 2","damage_taken":0,"max_hp_gain":0,"max_hp_loss":0,"event_name":"conspire:Investor","floor":3,"gold_loss":0},{"damage_healed":0,"gold_gain":175,"player_choice":"AGREE","damage_taken":0,"max_hp_gain":0,"max_hp_loss":0,"event_name":"Liars Game","floor":5,"gold_loss":0,"cards_obtained":["Doubt"]}],"is_beta":false,"boss_relics":[],"items_purged_floors":[],"is_endless":false,"potions_floor_spawned":[7,14],"killed_by":"Fading Forest","ascension_level":2}}