{"host":"b7j598ve05halrwk","time":1610340677,"event":{"mods":["2.2 Compatiblity","BaseMod","Block Reminder","DeckTracker","Minty Spire (QoL Compilation)","Relic Stats","Slay the Relics Exporter","StSLib","ojb\u0027s Better Paths Mod","ojb\u0027s Info Mod"],"gold_per_floor":[110,130,130,140,160,160,188,202,202,202,202,226,226,264,264,363,363,386,386,407,426,426,426,442,442,516,4,33,52,52,80,80,153,153,169,185,185,200,217,235,260,260,260,271,301,109,157,101,101,101,101,101,101,51,83,83,83],"floor_reached":56,"playtime":7119,"items_purged":["Ball Lightning"],"score":2143,"play_id":"5885ad17-a9ea-42d9-9a9c-1683cc66f738","local_time":"20210110235117","is_ascension_mode":true,"campfire_choices":[{"data":"Sweeping Beam","floor":6.0,"key":"SMITH"},{"data":"Sweeping Beam","floor":11.0,"key":"SMITH"},{"data":"Chaos","floor":13.0,"key":"SMITH"},{"floor":15.0,"key":"REST"},{"floor":23.0,"key":"REST"},{"data":"Seek","floor":32.0,"key":"SMITH"},{"data":"Fission","floor":42.0,"key":"SMITH"},{"floor":49.0,"key":"RECALL"},{"data":"Hologram","floor":53.0,"key":"SMITH"}],"circlet_count":0,"master_deck":["AscendersBane","Defend_B+1","Defend_B+1","Defend_B+1","Defend_B+1","Dualcast","Amplify","Core Surge","White Noise","Genetic Algorithm","Sweeping Beam+1","Sweeping Beam+1","White Noise","Chaos+1","Storm","Seek+1","Buffer+1","Machine Learning+1","Go for the Eyes+1","Ghostly","Ghostly","Ghostly","Coolheaded","Glacier","Hologram+1","Cold Snap+1","White Noise","Steam+1","Seek","Doom and Gloom+1","Recycle+1","Chill+1","Conserve Battery+1","Fission+1","Barrage+1","Loop","Barrage+1","Echo Form","Turbo"],"relics":["Cracked Core","FaceOfCleric","DataDisk","Bronze Scales","Bloody Idol","Toy Ornithopter","Astrolabe","Molten Egg 2","Happy Flower","InkBottle","Question Card","Symbiotic Virus","Inserter","Smiling Mask","Regal Pillow","OrangePellets","Pocketwatch","Akabeko"],"acts_visited":["Exordium","TheCity","TheBeyond","TheEnding"],"potions_floor_usage":[55,56,56],"damage_taken":[{"damage":0.0,"enemies":"Small Slimes","floor":1.0,"turns":2.0},{"damage":0.0,"enemies":"Cultist","floor":2.0,"turns":3.0},{"damage":7.0,"enemies":"Jaw Worm","floor":4.0,"turns":4.0},{"damage":11.0,"enemies":"Looter","floor":5.0,"turns":3.0},{"damage":25.0,"enemies":"Lagavulin","floor":7.0,"turns":6.0},{"damage":3.0,"enemies":"Blue Slaver","floor":8.0,"turns":2.0},{"damage":0.0,"enemies":"Large Slime","floor":12.0,"turns":3.0},{"damage":20.0,"enemies":"3 Sentries","floor":14.0,"turns":4.0},{"damage":7.0,"enemies":"Hexaghost","floor":16.0,"turns":7.0},{"damage":7.0,"enemies":"3 Byrds","floor":18.0,"turns":2.0},{"damage":19.0,"enemies":"Shell Parasite","floor":20.0,"turns":4.0},{"damage":17.0,"enemies":"Centurion and Healer","floor":21.0,"turns":8.0},{"damage":0.0,"enemies":"Snecko","floor":24.0,"turns":7.0},{"damage":5.0,"enemies":"Slavers","floor":28.0,"turns":4.0},{"damage":0.0,"enemies":"Chosen and Byrds","floor":29.0,"turns":6.0},{"damage":13.0,"enemies":"Book of Stabbing","floor":31.0,"turns":5.0},{"damage":0.0,"enemies":"Collector","floor":33.0,"turns":8.0},{"damage":0.0,"enemies":"Orb Walker","floor":35.0,"turns":4.0},{"damage":0.0,"enemies":"3 Shapes","floor":36.0,"turns":8.0},{"damage":0.0,"enemies":"Spire Growth","floor":38.0,"turns":5.0},{"damage":1.0,"enemies":"Writhing Mass","floor":39.0,"turns":8.0},{"damage":0.0,"enemies":"Jaw Worm Horde","floor":40.0,"turns":5.0},{"damage":22.0,"enemies":"Giant Head","floor":41.0,"turns":12.0},{"damage":0.0,"enemies":"Maw","floor":44.0,"turns":9.0},{"damage":0.0,"enemies":"Reptomancer","floor":45.0,"turns":7.0},{"damage":24.0,"enemies":"2 Orb Walkers","floor":47.0,"turns":6.0},{"damage":0.0,"enemies":"Donu and Deca","floor":50.0,"turns":11.0},{"damage":5.0,"enemies":"Time Eater","floor":51.0,"turns":36.0},{"damage":45,"enemies":"Shield and Spear","floor":55,"turns":8},{"damage":37,"enemies":"The Heart","floor":56,"turns":9}],"seed_played":"8055456263785770640","potions_obtained":[{"floor":1.0,"key":"FearPotion"},{"floor":2.0,"key":"ColorlessPotion"},{"floor":8.0,"key":"Fire Potion"},{"floor":16.0,"key":"Energy Potion"},{"floor":18.0,"key":"FairyPotion"},{"floor":24.0,"key":"EntropicBrew"}],"is_trial":false,"path_per_floor":["M","M","?","M","M","R","E","M","T","?","R","M","R","E","R","B",null,"M","?","M","M","?","R","M","?","T","$","E","M","?","E","R","B",null,"M","M","?","M","M","M","E","R","T","M","E","$","?","$","R","B","B",null,"R","$","E","B"],"character_chosen":"DEFECT","items_purchased":["Happy Flower","InkBottle","Lockon+1","OrangePellets","Barrage+1","Turbo"],"campfire_rested":2,"item_purchase_floors":[27,27,27,46,46,48],"current_hp_per_floor":[64,64,64,58,48,48,24,22,22,22,22,23,23,4,23,17,53,52,33,20,4,4,14,20,20,25,25,26,32,32,25,25,31,38,41,42,42,43,44,45,29,29,29,35,41,41,23,23,23,24,20,43,43,43,26,0,0],"gold":83,"neow_bonus":"TRANSFORM_TWO_CARDS","is_daily":false,"chose_seed":false,"campfire_upgraded":6,"win_rate":0.0,"timestamp":1610340677,"path_taken":["M","M","?","?","M","R","E","M","T","?","R","M","R","E","R","BOSS","M","?","M","M","?","R","M","?","T","$","E","M","?","E","R","BOSS","M","M","?","M","M","M","E","R","T","M","E","$","?","?","R","BOSS","BOSS","R","$","E","BOSS"],"items_purchased_type":["Relic","Relic","Card","Relic","Card","Card"],"build_version":"2020-12-22","purchased_purges":1,"victory":false,"max_hp_per_floor":[64,64,64,65,66,66,67,68,68,62,62,63,63,64,64,65,65,66,33,34,35,35,35,36,36,36,36,37,38,38,39,39,40,40,41,42,42,43,44,45,46,46,46,47,48,48,49,49,49,50,51,51,51,51,52,52,52],"relic_stats":{"Regal Pillow":0,"Inserter":[49],"Happy Flower":[50],"counters":[30,205],"Astrolabe":["Buffer","Machine Learning","Go for the Eyes"],"Question Card":14,"Smiling Mask":25,"OrangePellets":[4],"FaceOfCleric":27,"Bronze Scales":[836],"Bloody Idol":58,"obtain_stats":[{"Regal Pillow":45,"Inserter":34,"Happy Flower":27,"Golden Idol":10,"Astrolabe":17,"Question Card":28,"Smiling Mask":41,"Akabeko":55,"OrangePellets":46,"DataDisk":7,"FaceOfCleric":3,"Bronze Scales":9,"Bloody Idol":22,"Molten Egg 2":26,"Cracked Core":0,"Symbiotic Virus":31,"Toy Ornithopter":14,"InkBottle":27,"Pocketwatch":47},{"Regal Pillow":25,"Inserter":17,"Happy Flower":13,"Golden Idol":6,"Astrolabe":9,"Question Card":14,"Smiling Mask":23,"Akabeko":29,"OrangePellets":25,"DataDisk":5,"FaceOfCleric":2,"Bronze Scales":6,"Bloody Idol":12,"Molten Egg 2":13,"Cracked Core":0,"Symbiotic Virus":16,"Toy Ornithopter":8,"InkBottle":13,"Pocketwatch":26},{"Regal Pillow":136,"Inserter":78,"Happy Flower":55,"Golden Idol":20,"Astrolabe":34,"Question Card":59,"Smiling Mask":120,"Akabeko":196,"OrangePellets":136,"DataDisk":18,"FaceOfCleric":5,"Bronze Scales":20,"Bloody Idol":48,"Molten Egg 2":55,"Cracked Core":0,"Symbiotic Virus":70,"Toy Ornithopter":27,"InkBottle":55,"Pocketwatch":142}],"Toy Ornithopter":25,"InkBottle":[61],"Pocketwatch":[96]},"card_choices":[{"not_picked":["Barrage","Conserve Battery"],"picked":"White Noise","floor":1.0},{"not_picked":["Chill","Recycle"],"picked":"Genetic Algorithm","floor":2.0},{"not_picked":["Rebound","Streamline"],"picked":"Sweeping Beam","floor":4.0},{"not_picked":["Rebound","Hologram"],"picked":"Sweeping Beam","floor":5.0},{"not_picked":["Chill","Compile Driver"],"picked":"Ball Lightning","floor":7.0},{"not_picked":["All For One","Cold Snap"],"picked":"White Noise","floor":8.0},{"not_picked":["Rebound","Steam"],"picked":"Chaos","floor":12.0},{"not_picked":["Rip and Tear","Melter"],"picked":"Storm","floor":14.0},{"not_picked":["Hyperbeam","Rainbow"],"picked":"Seek","floor":16.0},{"not_picked":["Streamline","Compile Driver","Rebound"],"picked":"SKIP","floor":18.0},{"not_picked":["Consume","Beam Cell"],"picked":"Coolheaded","floor":20.0},{"not_picked":["Multi-Cast","Steam+1"],"picked":"Glacier","floor":21.0},{"not_picked":["Static Discharge","Storm"],"picked":"Hologram","floor":24.0},{"not_picked":["Streamline+1","Conserve Battery"],"picked":"Cold Snap+1","floor":28.0},{"not_picked":["Recycle","Redo","Fusion"],"picked":"White Noise","floor":29.0},{"not_picked":["Multi-Cast","Compile Driver+1","Beam Cell+1"],"picked":"Steam+1","floor":31.0},{"not_picked":["Core Surge+1","Meteor Strike+1","Creative AI"],"picked":"Seek","floor":33.0},{"not_picked":["Ball Lightning+1","Tempest","Storm"],"picked":"Doom and Gloom+1","floor":35.0},{"not_picked":["Conserve Battery","Redo","Blizzard+1"],"picked":"Recycle+1","floor":36.0},{"not_picked":["Sweeping Beam+1","Compile Driver+1","Auto Shields","Heatsinks"],"picked":"SKIP","floor":38.0},{"not_picked":["Conserve Battery","Heatsinks","Tempest"],"picked":"Chill+1","floor":39.0},{"not_picked":["Go for the Eyes+1","Skim","Capacitor"],"picked":"Conserve Battery+1","floor":40.0},{"not_picked":["Hologram","Rebound+1","Gash+1"],"picked":"Fission","floor":41.0},{"not_picked":["Conserve Battery","Compile Driver+1","Lockon+1"],"picked":"Barrage+1","floor":44.0},{"not_picked":["Conserve Battery","Coolheaded","Melter+1"],"picked":"Loop","floor":45.0},{"not_picked":["Chaos","Force Field","Sunder+1"],"picked":"Echo Form","floor":47.0},{"not_picked":["Sweeping Beam+1","Redo","Darkness","Scrape+1"],"picked":"SKIP","floor":55}],"player_experience":903760,"relics_obtained":[{"floor":7.0,"key":"DataDisk"},{"floor":9.0,"key":"Bronze Scales"},{"floor":14.0,"key":"Toy Ornithopter"},{"floor":26.0,"key":"Molten Egg 2"},{"floor":28.0,"key":"Question Card"},{"floor":31.0,"key":"Symbiotic Virus"},{"floor":41.0,"key":"Smiling Mask"},{"floor":45.0,"key":"Regal Pillow"},{"floor":47.0,"key":"Pocketwatch"},{"floor":55,"key":"Akabeko"}],"event_choices":[{"damage_healed":0.0,"max_hp_gain":0.0,"max_hp_loss":0.0,"gold_gain":0.0,"event_name":"FaceTrader","player_choice":"Trade","floor":3.0,"gold_loss":0.0,"damage_taken":0.0,"relics_obtained":["FaceOfCleric"]},{"damage_healed":0.0,"max_hp_gain":0.0,"max_hp_loss":6.0,"gold_gain":0.0,"event_name":"Golden Idol","player_choice":"Lose Max HP","floor":10.0,"gold_loss":0.0,"damage_taken":0.0,"relics_obtained":["Golden Idol"]},{"damage_healed":0.0,"max_hp_gain":0.0,"max_hp_loss":33.0,"gold_gain":0.0,"event_name":"Ghosts","player_choice":"Became a Ghost","floor":19.0,"gold_loss":0.0,"damage_taken":0.0,"cards_obtained":["Ghostly","Ghostly","Ghostly"]},{"damage_healed":0.0,"max_hp_gain":0.0,"max_hp_loss":0.0,"gold_gain":0.0,"event_name":"Forgotten Altar","player_choice":"Gave Idol","floor":22.0,"relics_lost":["Golden Idol"],"gold_loss":0.0,"damage_taken":0.0,"relics_obtained":["Bloody Idol"]},{"damage_healed":0.0,"max_hp_gain":0.0,"max_hp_loss":0.0,"gold_gain":0.0,"event_name":"Back to Basics","player_choice":"Simplicity","floor":25.0,"gold_loss":0.0,"damage_taken":0.0,"cards_upgraded":["Defend_B","Defend_B","Defend_B","Defend_B"]},{"damage_healed":0.0,"max_hp_gain":0.0,"max_hp_loss":0.0,"gold_gain":0.0,"event_name":"Match and Keep!","player_choice":"0 cards matched","floor":30.0,"gold_loss":0.0,"damage_taken":0.0,"cards_obtained":[]},{"cards_removed":["Lockon"],"damage_healed":0.0,"max_hp_gain":0.0,"max_hp_loss":0.0,"gold_gain":0.0,"event_name":"Falling","player_choice":"Removed Attack","floor":37.0,"gold_loss":0.0,"damage_taken":0.0},{"damage_healed":0.0,"max_hp_gain":0.0,"max_hp_loss":0.0,"gold_gain":0.0,"event_name":"Mysterious Sphere","player_choice":"Fight","floor":47.0,"gold_loss":0.0,"damage_taken":0.0}],"is_beta":false,"boss_relics":[{"not_picked":["Sozu","SacredBark"],"picked":"Astrolabe"},{"not_picked":["Calling Bell","Empty Cage"],"picked":"Inserter"}],"items_purged_floors":[54],"is_endless":false,"potions_floor_spawned":[1,2,8,12,16,18,24,28,31,35,40,41,45,47],"killed_by":"The Heart","ascension_level":20}}