{"host":"64h6jdpsiwrne03s","time":1610364305,"event":{"mods":["Act Like it!","BaseMod","Bestiary","Colored Powertips","Gensokyo","Marisa£®ÏF”Í°°ƒß¿Ì…≥£©","Minty Spire (QoL Compilation)","Reimu£®≤©¿ˆ¡È√Œ£©","Remilia£®¿Ÿ√◊¿Ú—«£©","StSLib","The Servant 0.9.4","Youmu£®ªÍ∆«—˝√Œ£©"],"gold_per_floor":[114,114,25,39,9,41,41,84,84,84,93,18,18,43,43,124,151,174,184,184,203,14,14,132,132,132,132,164,164,164,164],"floor_reached":30,"playtime":1539,"items_purged":["Strike_Lin:ReiMu"],"score":538,"play_id":"0d1d81a7-31fe-4153-b241-79d04e52d6bd","local_time":"20210111192505","is_ascension_mode":true,"campfire_choices":[{"data":"FantasyMoon:ReiMu","floor":7.0,"key":"SMITH"},{"data":"FoulBorder2:ReiMu","floor":10.0,"key":"SMITH"},{"data":"SubAcupoint:ReiMu","floor":13.0,"key":"SMITH"},{"data":"PhosphorusFlame:ReiMu","floor":15.0,"key":"SMITH"},{"floor":23.0,"key":"REST"},{"floor":25.0,"key":"REST"},{"data":"DependentForm:ReiMu","floor":27.0,"key":"SMITH"}],"circlet_count":0,"master_deck":["AscendersBane","Defend_Lin:ReiMu","Defend_Lin:ReiMu","Defend_Lin:ReiMu","Defend_Lin:ReiMu","NB:ReiMu","Stagnation:ReiMu","Gensokyo:CrescentMoonSlash","FoulBorder2:ReiMu+1","FantasyMoon:ReiMu+1","SubAcupoint:ReiMu+1","ShadowOfCrow2:ReiMu","TightArray:ReiMu+1","PhosphorusFlame:ReiMu+1","DependentForm:ReiMu+1","UniversalSpiritual:ReiMu+1","SpringWay:ReiMu+1","WonderfulDomain:ReiMu+1","SealNeedle:ReiMu","Gensokyo:ReactiveArmor","Gensokyo:ScrapIron","Gensokyo:Shovel","Gensokyo:BlemishedSteel","SpreadBorder2:ReiMu+1","SealNeedle:ReiMu"],"relics":["FlyPower:ReiMu","NeowsBlessing","FadedRune:ReiMu","CeramicFish","Astrolabe","Gensokyo:ConquerorOfFear","FossilizedHelix","Du-Vu Doll","Question Card","Anchor","Gensokyo:DirgeOfMelancholy"],"acts_visited":["Gensokyo:Gensokyo","Gensokyo:Gensokyoer"],"potions_floor_usage":[30,30],"damage_taken":[{"damage":0.0,"enemies":"Gensokyo:Python","floor":1.0,"turns":1.0},{"damage":0.0,"enemies":"Gensokyo:Gryphon","floor":4.0,"turns":1.0},{"damage":0.0,"enemies":"Gensokyo:Cirno","floor":6.0,"turns":2.0},{"damage":1.0,"enemies":"Gensokyo:Mamizou","floor":8.0,"turns":13.0},{"damage":0.0,"enemies":"Gensokyo:2_Kodama","floor":14.0,"turns":1.0},{"damage":8.0,"enemies":"Gensokyo:Reimu","floor":16.0,"turns":6.0},{"damage":7.0,"enemies":"Gensokyo:Chomper","floor":18.0,"turns":5.0},{"damage":10.0,"enemies":"Gensokyo:CosmicMonolith","floor":19.0,"turns":7.0},{"damage":9.0,"enemies":"Gensokyo:Mirror_and_Dog","floor":21.0,"turns":6.0},{"damage":31.0,"enemies":"Gensokyo:Mirror_and_Dog","floor":24.0,"turns":8.0},{"damage":0.0,"enemies":"Gensokyo:Reisen","floor":28.0,"turns":5.0},{"damage":41,"enemies":"Gensokyo:3_Gloops","floor":30,"turns":4}],"seed_played":"202255113528929100","potions_obtained":[{"floor":4.0,"key":"SmokeBomb"},{"floor":6.0,"key":"EntropicBrew"},{"floor":8.0,"key":"ColorlessPotion"},{"floor":18.0,"key":"Dexterity Potion"},{"floor":24.0,"key":"CultistPotion"},{"floor":28.0,"key":"Dexterity Potion"}],"is_trial":false,"path_per_floor":["M","?","$","M","$","E","R","E","T","R","?","$","R","M","R","B",null,"M","M","?","M","COS","R","?","R","T","R","E","?","M"],"character_chosen":"REIMU","items_purchased":["FoulBorder2:ReiMu","SubAcupoint:ReiMu"],"campfire_rested":2,"item_purchase_floors":[3,5],"current_hp_per_floor":[54,42,42,42,42,42,42,41,41,41,41,41,41,41,41,33,53,46,36,36,27,27,45,14,32,32,32,32,32,0,0],"gold":164,"neow_bonus":"THREE_ENEMY_KILL","is_daily":false,"chose_seed":false,"campfire_upgraded":5,"win_rate":0.0,"timestamp":1610364305,"path_taken":["M","?","$","M","?","E","R","E","T","R","?","$","R","M","R","BOSS","M","M","?","M","COS","R","?","R","T","R","E","?","?"],"items_purchased_type":["Card","Card"],"build_version":"2020-12-22","purchased_purges":1,"victory":false,"max_hp_per_floor":[60,60,60,60,60,60,60,60,60,60,60,60,60,60,60,60,60,60,60,60,60,60,60,60,60,60,60,60,60,60,60],"card_choices":[{"not_picked":["SafetyPray:ReiMu","Enchanting:ReiMu","AlertArray:ReiMu"],"picked":"SKIP","floor":1.0},{"not_picked":["SpringWay:ReiMu","SafetyPray:ReiMu"],"picked":"FantasyMoon:ReiMu","floor":4.0},{"not_picked":["EmergencyTakeOff:ReiMu","Enchanting:ReiMu","AlertArray:ReiMu"],"picked":"SKIP","floor":6.0},{"not_picked":["EmergencyTakeOff:ReiMu","YinYangSange:ReiMu"],"picked":"ShadowOfCrow2:ReiMu","floor":8.0},{"not_picked":["Meditation:ReiMu","MikOfLucky:ReiMu"],"picked":"PhosphorusFlame:ReiMu","floor":14.0},{"not_picked":["SubcavityFantasy:ReiMu","CleanRite:ReiMu"],"picked":"DependentForm:ReiMu","floor":16.0},{"not_picked":["Mountainwind:ReiMu","Enchanting:ReiMu+1"],"picked":"SealNeedle:ReiMu","floor":18.0},{"not_picked":["TightArray:ReiMu","YinYangSange:ReiMu","TakeOff:ReiMu"],"picked":"SKIP","floor":19.0},{"not_picked":["SpreadBorder2:ReiMu","SpringWay:ReiMu","Conquer:ReiMu"],"picked":"SKIP","floor":21.0},{"not_picked":["PrepareRite:ReiMu+1","Intuition:ReiMu+1"],"picked":"SpreadBorder2:ReiMu+1","floor":24.0},{"not_picked":["SpiritualOutbreak2:ReiMu+1","ManaGlint:ReiMu"],"picked":"SealNeedle:ReiMu","floor":24.0},{"not_picked":["AlertArray:ReiMu","SpreadBorder2:ReiMu","CareerPray:ReiMu","Amulet:ReiMu"],"picked":"SKIP","floor":28.0}],"player_experience":391887,"relics_obtained":[{"floor":6.0,"key":"FadedRune:ReiMu"},{"floor":8.0,"key":"CeramicFish"},{"floor":21.0,"key":"Gensokyo:ConquerorOfFear"},{"floor":24.0,"key":"FossilizedHelix"},{"floor":24.0,"key":"Du-Vu Doll"},{"floor":26.0,"key":"Question Card"},{"floor":28.0,"key":"Anchor"}],"event_choices":[],"is_beta":false,"boss_relics":[{"not_picked":["Ectoplasm","SacredBark"],"picked":"Astrolabe"}],"items_purged_floors":[12],"is_endless":false,"potions_floor_spawned":[4,6,8,18,24,28],"killed_by":"Gensokyo:3_Gloops","ascension_level":18}}