{"host":"bhhjkloc4kd9nqc5","time":1610361392,"event":{"mods":["Act Like it!","BaseMod","Gensokyo","Infinite Spire","Koishi","Lobotomy","LobotomyExtend","Marisa????????","Minty Spire (QoL Compilation)","Onozuka Komachi Mod","Replay The Spire","RumiaBox-????????","StSLib","The Administrix","The Cursed","slay the spire mod where everything is the same but ironclad has a cowboy hat"],"gold_per_floor":[118,118,145,158,170,170,170],"floor_reached":6,"playtime":1390,"items_purged":[],"score":46,"play_id":"d3f15170-177a-46d0-b4d9-c0907de1e766","local_time":"20210111193632","is_ascension_mode":false,"campfire_choices":[],"circlet_count":0,"master_deck":["TheCursedMod:Strike_TheCursed","TheCursedMod:Strike_TheCursed","TheCursedMod:Strike_TheCursed","TheCursedMod:Strike_TheCursed","TheCursedMod:Defend_TheCursed","TheCursedMod:Defend_TheCursed","TheCursedMod:Defend_TheCursed","TheCursedMod:Defend_TheCursed","TheCursedMod:CursedWand","TheCursedMod:CleanUpWorkshop","TheCursedMod:Dregs","UniverseFragment","TheCursedMod:CircleOfCorruption","WallGazer","TheCursedMod:Stretching","VoidDream","TheCursedMod:HellsGateOpen","Woodsman","TheCursedMod:TacticalStrike"],"relics":["TheCursedMod:BlackMagic101","CogitoBucket","RabbitCall","AddBug","SecretRecord","Baka","SecretRecord"],"acts_visited":["Gensokyo:Gensokyo"],"potions_floor_usage":[],"damage_taken":[{"damage":1,"enemies":"Gensokyo:Gryphon","floor":1,"turns":4},{"damage":17,"enemies":"Gensokyo:Cirno","floor":3,"turns":5},{"damage":4,"enemies":"Gensokyo:3_Fairies","floor":4,"turns":4},{"damage":5,"enemies":"Gensokyo:2_Kodama","floor":5,"turns":3},{"damage":73,"enemies":"Gensokyo:Cirno","floor":6,"turns":3}],"seed_played":"3283836151104531107","potions_obtained":[{"floor":3,"key":"Energy Potion"},{"floor":4,"key":"SkillPotion"},{"floor":5,"key":"FearPotion"}],"is_trial":false,"path_per_floor":["M","?","?","M","M","E"],"character_chosen":"THE_CURSED","items_purchased":[],"campfire_rested":0,"item_purchase_floors":[],"current_hp_per_floor":[74,75,58,54,49,0,0],"gold":170,"neow_bonus":"","is_daily":false,"chose_seed":false,"campfire_upgraded":0,"win_rate":0.0,"timestamp":1610361392,"path_taken":["M","?","?","M","M","E"],"items_purchased_type":[],"build_version":"2020-12-22","purchased_purges":0,"victory":false,"max_hp_per_floor":[75,75,75,75,75,75,75],"card_choices":[{"not_picked":["HappyTeddy","MHz"],"picked":"UniverseFragment","floor":1},{"not_picked":["TheCursedMod:SmokeScreen","TheCursedMod:CircleOfFlame"],"picked":"TheCursedMod:CircleOfCorruption","floor":1},{"not_picked":["Yin","Laetitia","CrumblingArmor"],"picked":"Singing Bowl","floor":3},{"not_picked":["HappyTeddy","MeatLantern"],"picked":"WallGazer","floor":3},{"not_picked":["TheCursedMod:VitalStrike","TheCursedMod:CircleOfAmplification"],"picked":"TheCursedMod:Stretching","floor":3},{"not_picked":["MHz","SnowQueen","PunishingBird"],"picked":"Singing Bowl","floor":4},{"not_picked":["WhitesApple","Bloodbath"],"picked":"VoidDream","floor":4},{"not_picked":["TheCursedMod:EmpowerCircles","TheCursedMod:CursedSpellbook"],"picked":"TheCursedMod:HellsGateOpen","floor":4},{"not_picked":["FairyFestival","BigBird"],"picked":"Woodsman","floor":5},{"not_picked":["TheCursedMod:AshesToAshes","TheCursedMod:Torture"],"picked":"TheCursedMod:TacticalStrike","floor":5}],"player_experience":183856,"relics_obtained":[{"floor":1,"key":"AddBug"},{"floor":1,"key":"Baka"},{"floor":1,"key":"LetterFromLob"},{"floor":3,"key":"Pet Ghost"},{"floor":3,"key":"LetterFromLob"},{"floor":4,"key":"LetterFromLob"},{"floor":5,"key":"SecretRecord"},{"floor":5,"key":"LetterFromLob"}],"event_choices":[],"is_beta":false,"boss_relics":[],"items_purged_floors":[],"is_endless":false,"potions_floor_spawned":[3,4,5],"killed_by":"Gensokyo:Cirno","ascension_level":0}}