{"host":"49c2zf0lajbcs427","time":1610361910,"event":{"mods":["AchievementEnabler","BaseMod","Colored Map","Colored Powertips","Highlight Path","Key Reminder","Minty Spire (QoL Compilation)","Relic Stats","StSLib"],"gold_per_floor":[117,137,137,137,157,157,171,151,151,171,171,194,194,237,237,335,335,349,349,349,349,365,365,409,421,459,515,542,579,607,662,674,686,686],"floor_reached":33,"playtime":2645,"items_purged":[],"score":562,"play_id":"af86e69c-9e33-4147-8ead-f6b84b822db1","local_time":"20210111234510","is_ascension_mode":true,"campfire_choices":[{"floor":6,"key":"REST"},{"floor":11,"key":"REST"},{"data":"Flechettes","floor":13,"key":"SMITH"},{"data":"Skewer","floor":15,"key":"SMITH"},{"data":"Wraith Form v2","floor":23,"key":"SMITH"},{"data":"RitualDagger","floor":25,"key":"SMITH"},{"data":"Wraith Form v2","floor":32,"key":"SMITH"}],"circlet_count":0,"master_deck":["AscendersBane","Defend_G","Defend_G","Defend_G","Defend_G","Defend_G","Survivor","Neutralize","Dagger Throw+1","Poisoned Stab","Cloak And Dagger","Footwork","Poisoned Stab","Flechettes+1","Skewer+1","Wraith Form v2+1","Blur","Bite","Bite","Bite","Bite","Bite","RitualDagger+1","Dodge and Roll","Bouncing Flask","Wraith Form v2+1"],"relics":["Runic Pyramid","Golden Idol","Bag of Preparation","Ornamental Fan","keyreminder:keyreminder","Coffee Dripper","Mango","MawBank","CeramicFish","Vajra","StrikeDummy"],"acts_visited":["Exordium","TheCity"],"potions_floor_usage":[7,10,24,27,33,33],"damage_taken":[{"damage":0,"enemies":"Cultist","floor":1,"turns":4},{"damage":3,"enemies":"Jaw Worm","floor":2,"turns":4},{"damage":5,"enemies":"2 Louse","floor":5,"turns":2},{"damage":0,"enemies":"Lots of Slimes","floor":7,"turns":4},{"damage":1,"enemies":"Large Slime","floor":10,"turns":8},{"damage":0,"enemies":"3 Louse","floor":12,"turns":3},{"damage":2,"enemies":"Lagavulin","floor":14,"turns":7},{"damage":1,"enemies":"Slime Boss","floor":16,"turns":10},{"damage":1,"enemies":"Spheric Guardian","floor":18,"turns":3},{"damage":2,"enemies":"Shell Parasite","floor":22,"turns":6},{"damage":22,"enemies":"Gremlin Leader","floor":24,"turns":13},{"damage":26,"enemies":"Slavers","floor":27,"turns":6},{"damage":1,"enemies":"Sentry and Sphere","floor":28,"turns":5},{"damage":1,"enemies":"Centurion and Healer","floor":29,"turns":5},{"damage":11,"enemies":"Shelled Parasite and Fungi","floor":30,"turns":5},{"damage":10,"enemies":"Book of Stabbing","floor":31,"turns":6},{"damage":75,"enemies":"Automaton","floor":33,"turns":12}],"seed_played":"8439506375882079198","potions_obtained":[{"floor":2,"key":"AttackPotion"},{"floor":5,"key":"DistilledChaos"},{"floor":8,"key":"EssenceOfSteel"},{"floor":10,"key":"Block Potion"},{"floor":24,"key":"Energy Potion"},{"floor":31,"key":"Poison Potion"}],"is_trial":false,"path_per_floor":["M","M","?","?","M","R","M","?","T","M","R","M","R","E","R","B",null,"M","?","?","T","M","R","E","R","T","E","M","M","M","E","R","B"],"character_chosen":"THE_SILENT","items_purchased":[],"campfire_rested":2,"item_purchase_floors":[],"current_hp_per_floor":[59,56,36,13,8,27,27,27,27,26,45,45,45,43,43,42,60,59,46,40,54,60,60,57,57,57,40,49,56,55,55,55,0,0],"gold":686,"neow_bonus":"BOSS_RELIC","is_daily":false,"chose_seed":false,"campfire_upgraded":5,"win_rate":0.0,"timestamp":1610361910,"path_taken":["M","M","?","?","M","R","M","?","T","?","R","M","R","E","R","BOSS","M","?","?","?","M","R","E","R","T","E","?","M","M","E","R","BOSS"],"items_purchased_type":[],"build_version":"2020-12-22","purchased_purges":0,"victory":false,"max_hp_per_floor":[66,66,66,66,66,66,66,66,66,66,66,66,66,66,66,66,66,66,46,46,60,60,60,60,60,60,60,60,60,60,60,60,60,60],"relic_stats":{"counters":[17,103],"Golden Idol":87,"Ornamental Fan":[136],"CeramicFish":9,"Bag of Preparation":[26],"MawBank":108,"obtain_stats":[{"keyreminder:keyreminder":14,"Golden Idol":4,"Ornamental Fan":14,"CeramicFish":26,"Vajra":27,"Mango":21,"Bag of Preparation":9,"Coffee Dripper":17,"MawBank":24,"StrikeDummy":31,"Ring of the Snake":0,"Runic Pyramid":0},{"keyreminder:keyreminder":7,"Golden Idol":2,"Ornamental Fan":7,"CeramicFish":11,"Vajra":12,"Mango":9,"Bag of Preparation":4,"Coffee Dripper":8,"MawBank":11,"StrikeDummy":16,"Ring of the Snake":0,"Runic Pyramid":0},{"keyreminder:keyreminder":32,"Golden Idol":8,"Ornamental Fan":32,"CeramicFish":64,"Vajra":70,"Mango":45,"Bag of Preparation":14,"Coffee Dripper":42,"MawBank":64,"StrikeDummy":91,"Ring of the Snake":0,"Runic Pyramid":0}]},"card_choices":[{"not_picked":["Underhanded Strike","PiercingWail"],"picked":"Dagger Throw","floor":1},{"not_picked":["Cloak And Dagger","Backstab"],"picked":"Poisoned Stab","floor":2},{"not_picked":["Sucker Punch","Bane"],"picked":"Cloak And Dagger","floor":5},{"not_picked":["Underhanded Strike","Tactician"],"picked":"Footwork","floor":7},{"not_picked":["Acrobatics","Outmaneuver"],"picked":"Poisoned Stab","floor":10},{"not_picked":["Doppelganger","Dagger Throw"],"picked":"Flechettes","floor":12},{"not_picked":["Underhanded Strike","Choke"],"picked":"Skewer","floor":14},{"not_picked":["After Image","Night Terror"],"picked":"Wraith Form v2","floor":16},{"not_picked":["Dodge and Roll","Poisoned Stab"],"picked":"Blur","floor":18},{"not_picked":["Tactician","Slice"],"picked":"Dodge and Roll","floor":22},{"not_picked":["Glass Knife","Well Laid Plans"],"picked":"Bouncing Flask","floor":24},{"not_picked":["Caltrops","Blade Dance","Eviscerate+1"],"picked":"SKIP","floor":27},{"not_picked":["Underhanded Strike","Finisher","Flying Knee"],"picked":"SKIP","floor":28},{"not_picked":["Dagger Throw","Distraction+1","Poisoned Stab"],"picked":"SKIP","floor":29},{"not_picked":["Accuracy","Slice","All Out Attack"],"picked":"SKIP","floor":30},{"not_picked":["Dodge and Roll","Heel Hook"],"picked":"Wraith Form v2","floor":31}],"player_experience":2300827,"relics_obtained":[{"floor":9,"key":"Bag of Preparation"},{"floor":14,"key":"Ornamental Fan"},{"floor":21,"key":"Mango"},{"floor":24,"key":"MawBank"},{"floor":26,"key":"CeramicFish"},{"floor":27,"key":"Vajra"},{"floor":31,"key":"StrikeDummy"}],"event_choices":[{"damage_healed":0,"gold_gain":0,"player_choice":"Entered Light","damage_taken":20,"max_hp_gain":0,"max_hp_loss":0,"event_name":"Shining Light","floor":3,"gold_loss":0,"cards_upgraded":["Dagger Throw","Strike_G"]},{"damage_healed":0,"gold_gain":0,"player_choice":"Take Damage","damage_taken":23,"relics_obtained":["Golden Idol"],"max_hp_gain":0,"max_hp_loss":0,"event_name":"Golden Idol","floor":4,"gold_loss":0},{"damage_healed":0,"gold_gain":0,"player_choice":"Bought 1 Potion","damage_taken":0,"max_hp_gain":0,"max_hp_loss":0,"event_name":"The Woman in Blue","floor":8,"gold_loss":0},{"damage_healed":0,"gold_gain":0,"player_choice":"Became a vampire","damage_taken":0,"max_hp_gain":0,"max_hp_loss":20,"event_name":"Vampires","floor":19,"gold_loss":0,"cards_obtained":["Bite","Bite","Bite","Bite","Bite"]},{"damage_healed":0,"gold_gain":0,"player_choice":"Joined the Cult","damage_taken":6,"max_hp_gain":0,"max_hp_loss":0,"event_name":"Nest","floor":20,"gold_loss":0,"cards_obtained":["RitualDagger"]}],"is_beta":false,"boss_relics":[{"not_picked":["Velvet Choker","Sozu"],"picked":"Coffee Dripper"}],"items_purged_floors":[],"is_endless":false,"potions_floor_spawned":[2,5,10,22,24,31],"killed_by":"Automaton","ascension_level":15}}