{"host":"fx1msjnmzlhlr397","time":1610340484,"event":{"mods":["AchievementEnabler","Act Like it!","Astrologer","BaseMod","Better Third Choice","Colored Map","Colored Powertips","Downfall","Duelist Mod","Friendly Minions","Gensokyo","GifTheSpireLib","Googly Eyes","Hermit","Highlight Path","LagranYue(???·?)","Marisa????????","Minty Spire (QoL Compilation)","Permanent Neow","Prisma Mod","Quick Restart","Rare Cards Sparkle","Replay The Spire","SOS???????","Shop Mod","StSLib","SuperFastMode","Td1madao Mod","The Alterego","The Animator","The Hierophant","The Jungle","The Wild Card"],"gold_per_floor":[118,218,231,278,291,291,24,50,50,11,31,42,42,59,59,164,164,176,190,203,28,28,28],"floor_reached":22,"playtime":1034,"items_purged":["LagranYue:BaseDefendCard"],"score":188,"play_id":"7329e78b-2d00-454a-841e-92d6e9e9c579","local_time":"20210110234804","is_ascension_mode":false,"campfire_choices":[{"data":"LagranYue:AttackTopazCard","floor":6,"key":"SMITH"},{"floor":15,"key":"REST"}],"circlet_count":0,"master_deck":["LagranYue:BaseAttackCard","LagranYue:BaseAttackCard+1","LagranYue:BaseAttackCard","LagranYue:BaseDefendCard","LagranYue:BaseDefendCard","LagranYue:BaseDefendCard+1","LagranYue:AttackTopazCard+1","LagranYue:SkillBrokenSwordCard","LagranYue:BaseAttackCard","LagranYue:EatTigerCard","LagranYue:AttackRavagedCard","LagranYue:SkillFalseAerialAceCard","LagranYue:PurpleNightmareCard+1","LagranYue:AttackRubyCard","LagranYue:PowerKingTreasureCard+1","LagranYue:AttackCrowCrossbowCard","LagranYue:EatTigerCard+1","LagranYue:SkillDeathBolgCard","LagranYue:AttackPurpleCard","LagranYue:PowerFurnaceCard","LagranYue:SkillCocoonEvolutionCard","LagranYue:PowerBloodyTempleCard","LagranYue:SkillDeadlyBloomCard","LagranYue:AttackPurpleCard+1","LagranYue:AttackWaltzCard","LagranYue:AttackTopazCard"],"relics":["LagranYue:ArmsProficiencyRelics","LagranYue:RandomDrawCardRelic","Strawberry","Guide Book","Letter Opener","LagranYue:RuleBreakerRelics","Runic Pyramid"],"acts_visited":["Exordium","TheCity"],"potions_floor_usage":[16,16,16],"damage_taken":[{"damage":0,"enemies":"Cultist","floor":1,"turns":4},{"damage":0,"enemies":"2 Louse","floor":3,"turns":3},{"damage":3,"enemies":"Small Slimes","floor":5,"turns":4},{"damage":32,"enemies":"Replay:BlueRogue","floor":8,"turns":9},{"damage":0,"enemies":"2 Fungi Beasts","floor":11,"turns":4},{"damage":21,"enemies":"Red Slaver","floor":12,"turns":5},{"damage":5,"enemies":"Blue Slaver","floor":14,"turns":3},{"damage":26,"enemies":"Hexaghost","floor":16,"turns":6},{"damage":11,"enemies":"Chosen","floor":18,"turns":6},{"damage":27,"enemies":"Spheric Guardian","floor":19,"turns":5},{"damage":29,"enemies":"Snake Plant","floor":20,"turns":4},{"damage":31,"enemies":"Cultist and Chosen","floor":22,"turns":4}],"seed_played":"5325594771001772838","potions_obtained":[{"floor":5,"key":"Block Potion"},{"floor":8,"key":"sneckomod:MuddlingPotion"},{"floor":14,"key":"Venom Potion"},{"floor":18,"key":"Energy Potion"}],"is_trial":false,"path_per_floor":["M","?","M","T","M","R","$","E","T","$","M","M","?","M","R","B",null,"M","M","M","$","M"],"character_chosen":"LagranYueCharacter","items_purchased":["LagranYue:AttackRubyCard","LagranYue:PowerKingTreasureCard","Guide Book","LagranYue:EatTigerCard+1","LagranYue:AttackWaltzCard","LagranYue:AttackTopazCard"],"campfire_rested":1,"item_purchase_floors":[7,7,7,10,21,21],"current_hp_per_floor":[75,75,75,82,79,79,79,47,47,47,47,26,10,5,29,3,82,71,44,15,15,0,0],"gold":28,"neow_bonus":"THREE_CARDS","is_daily":false,"chose_seed":false,"campfire_upgraded":1,"win_rate":0.0,"timestamp":1610340484,"path_taken":["M","?","?","?","M","R","?","E","T","$","?","M","?","M","R","BOSS","M","M","M","$","M"],"items_purchased_type":["Card","Card","Relic","Card","Card","Card"],"build_version":"2020-12-22","purchased_purges":1,"victory":false,"max_hp_per_floor":[75,75,75,82,82,82,82,82,82,82,82,82,82,82,82,82,82,82,82,82,82,82,82],"card_choices":[{"not_picked":["LagranYue:SkillIncompleteArchCard","LagranYue:SkillEightFeetJadeCard"],"picked":"LagranYue:EatTigerCard","floor":0},{"not_picked":["LagranYue:RubyDefendCard","LagranYue:ForgingCard"],"picked":"LagranYue:AttackRavagedCard","floor":1},{"not_picked":["LagranYue:AttackGoldCard","LagranYue:SkillIncompleteArchCard"],"picked":"LagranYue:SkillFalseAerialAceCard","floor":3},{"not_picked":["LagranYue:AttackGoldCard","LagranYue:SkillExplosiveArmorCard"],"picked":"LagranYue:PurpleNightmareCard","floor":5},{"not_picked":["LagranYue:AttackTopazCard","LagranYue:AttackFutureCard"],"picked":"LagranYue:AttackCrowCrossbowCard","floor":8},{"not_picked":["LagranYue:PrematureBurialCard","LagranYue:PhysicalFitnessCard"],"picked":"LagranYue:SkillDeathBolgCard","floor":11},{"not_picked":["LagranYue:SkillBrokenSwordCard","LagranYue:SkillBrokenShieldCard"],"picked":"LagranYue:AttackPurpleCard","floor":12},{"not_picked":["LagranYue:AttackFlintCard","LagranYue:SkillBrokenSwordCard"],"picked":"LagranYue:PowerFurnaceCard","floor":14},{"not_picked":["LagranYue:AttackGodSwordCard","LagranYue:SkillLegendPaladinCard"],"picked":"LagranYue:SkillCocoonEvolutionCard","floor":16},{"not_picked":["LagranYue:AttackTopazCard","LagranYue:SkillDevilKissCard"],"picked":"LagranYue:PowerBloodyTempleCard","floor":18},{"not_picked":["LagranYue:GoldForgingCard","LagranYue:AttackFutureCard"],"picked":"LagranYue:SkillDeadlyBloomCard","floor":19},{"not_picked":["LagranYue:DefendBetterCard","LagranYue:AttackFutureCard"],"picked":"LagranYue:AttackPurpleCard+1","floor":20}],"player_experience":5219,"relics_obtained":[{"floor":4,"key":"Strawberry"},{"floor":8,"key":"Letter Opener"},{"floor":9,"key":"LagranYue:RuleBreakerRelics"}],"event_choices":[{"damage_healed":0,"gold_gain":100,"player_choice":"Pray","damage_taken":0,"max_hp_gain":0,"max_hp_loss":0,"event_name":"Golden Shrine","floor":2,"gold_loss":0},{"damage_healed":26,"gold_gain":0,"player_choice":"Upgrade","damage_taken":16,"max_hp_gain":0,"max_hp_loss":82,"event_name":"betterThird:BetterShining","floor":13,"gold_loss":0,"cards_upgraded":["LagranYue:BaseDefendCard","LagranYue:BaseAttackCard"]}],"is_beta":false,"boss_relics":[{"not_picked":["Sozu","Replay:Fungal Core"],"picked":"Runic Pyramid"}],"items_purged_floors":[21],"is_endless":false,"potions_floor_spawned":[5,8,14,18],"killed_by":"Cultist and Chosen","ascension_level":0}}