{"host":"yecadp3kwkksam5a","time":1610371711,"event":{"mods":["BaseMod","Minty Spire (QoL Compilation)","StSLib","The Cursed"],"gold_per_floor":[366,366,101,111,131,131,162,337,337,337,352,352,352],"floor_reached":12,"playtime":331,"items_purged":["TheCursedMod:Strike_TheCursed"],"score":113,"play_id":"e9d597a7-5c63-4d6b-975a-a8618a1fe1bf","local_time":"20210111222831","is_ascension_mode":true,"campfire_choices":[{"data":"TheCursedMod:CleanUpWorkshop","floor":6,"key":"SMITH"}],"circlet_count":0,"master_deck":["TheCursedMod:Strike_TheCursed","TheCursedMod:Strike_TheCursed","TheCursedMod:Strike_TheCursed","TheCursedMod:Defend_TheCursed","TheCursedMod:Defend_TheCursed","TheCursedMod:Defend_TheCursed","TheCursedMod:Defend_TheCursed","TheCursedMod:CursedWand","TheCursedMod:CleanUpWorkshop+1","TheCursedMod:Dregs","TheCursedMod:RapidMovement","TheCursedMod:Hemoplague","TheCursedMod:WearCloak","TheCursedMod:BlessingInDisguise","TheCursedMod:Grudge","Doubt","TheCursedMod:EmpowerCircles"],"relics":["TheCursedMod:BlackMagic101","ClockworkSouvenir","Molten Egg 2","Letter Opener"],"acts_visited":["Exordium"],"potions_floor_usage":[7],"damage_taken":[{"damage":5,"enemies":"Jaw Worm","floor":1,"turns":5},{"damage":3,"enemies":"Cultist","floor":4,"turns":4},{"damage":0,"enemies":"Small Slimes","floor":5,"turns":4},{"damage":16,"enemies":"Gremlin Nob","floor":7,"turns":5},{"damage":1,"enemies":"Blue Slaver","floor":11,"turns":4},{"damage":0,"enemies":"3 Sentries","floor":12,"turns":1}],"seed_played":"-8925677540402047303","potions_obtained":[{"floor":4,"key":"AttackPotion"},{"floor":11,"key":"SneckoOil"}],"is_trial":false,"path_per_floor":["M","?","$","M","M","R","E","?","T","?","M","E"],"character_chosen":"THE_CURSED","items_purchased":["TheCursedMod:Hemoplague","ClockworkSouvenir"],"campfire_rested":0,"item_purchase_floors":[3,3],"current_hp_per_floor":[49,49,49,46,46,46,30,30,30,35,34,34,34],"gold":352,"neow_bonus":"TWO_FIFTY_GOLD","is_daily":false,"chose_seed":false,"campfire_upgraded":1,"win_rate":0.0,"timestamp":1610371711,"path_taken":["M","?","$","M","?","R","E","?","T","?","M","E"],"items_purchased_type":["Card","Relic"],"build_version":"2020-12-22","purchased_purges":1,"victory":false,"max_hp_per_floor":[75,75,75,75,75,75,75,75,75,80,80,80,80],"card_choices":[{"not_picked":["TheCursedMod:ManaBullet","TheCursedMod:CursedBlade"],"picked":"TheCursedMod:RapidMovement","floor":1},{"not_picked":["TheCursedMod:SpreadPlague","TheCursedMod:SoulReap"],"picked":"TheCursedMod:WearCloak","floor":4},{"not_picked":["TheCursedMod:Wield","TheCursedMod:RapidMovement"],"picked":"TheCursedMod:BlessingInDisguise","floor":5},{"not_picked":["TheCursedMod:AshesToAshes","TheCursedMod:Grudge","TheCursedMod:DoubleShield"],"picked":"SKIP","floor":7},{"not_picked":["TheCursedMod:AshesToAshes","TheCursedMod:DoubleShield"],"picked":"TheCursedMod:Grudge","floor":7},{"not_picked":["TheCursedMod:SoulReap+1","TheCursedMod:VitalStrike+1"],"picked":"TheCursedMod:EmpowerCircles","floor":11}],"player_experience":494214,"relics_obtained":[{"floor":7,"key":"Molten Egg 2"},{"floor":9,"key":"Letter Opener"}],"event_choices":[{"damage_healed":0,"gold_gain":0,"player_choice":"Ignored","damage_taken":0,"max_hp_gain":0,"max_hp_loss":0,"event_name":"Fountain of Cleansing","floor":2,"gold_loss":0},{"damage_healed":0,"gold_gain":175,"player_choice":"AGREE","damage_taken":0,"max_hp_gain":0,"max_hp_loss":0,"event_name":"Liars Game","floor":8,"gold_loss":0,"cards_obtained":["Doubt"]},{"damage_healed":0,"gold_gain":0,"player_choice":"Donut","damage_taken":0,"max_hp_gain":5,"max_hp_loss":0,"event_name":"Big Fish","floor":10,"gold_loss":0}],"is_beta":false,"boss_relics":[],"items_purged_floors":[3],"is_endless":false,"potions_floor_spawned":[4,11],"killed_by":"3 Sentries","ascension_level":2}}