{"host":"3j2m8n0ywf988fwb","time":1610398551,"event":{"mods":["2.2 Compatiblity","Aspiration","BaseMod","Better Altar","Better Match","Better Note","Better Sensory Stone","Better Skull","Better Third Choice","CCEM","Colored Map","Colored Powertips","Dark Map","GifTheSpireLib","Halation","HexUI Lib","Highlight Path","Hubris","Infinite Spire","Jedi Mod","Mimic Mod","Minty Spire (QoL Compilation)","Random Character Button","Replay The Spire","StSLib","Stuff the Spire","The Animator","Unceasing Turn Reminder","everything is the same but u backflip on backflip"],"gold_per_floor":[117,129,129,66,106,106,106],"floor_reached":6,"playtime":1468,"items_purged":[],"score":36,"play_id":"09a4cc4e-e987-44bf-a196-9a3edf50229d","local_time":"20210111145551","is_ascension_mode":true,"campfire_choices":[],"circlet_count":0,"master_deck":["animator:Strike_FullmetalAlchemist","animator:Defend_FullmetalAlchemist","animator:Strike","animator:Strike","animator:Strike","animator:Defend","animator:Defend","animator:Defend","animator:ElricEdward","animator:ElricAlphonse","animator:Sora","animator:ChlammyZell","animator:Tet","animator:KyokoSakura+1"],"relics":["animator:LivingPicture","animator:TheMissingPiece","Happy Flower"],"acts_visited":["Exordium"],"potions_floor_usage":[],"damage_taken":[{"damage":13,"enemies":"Jaw Worm","floor":1,"turns":5},{"damage":7,"enemies":"2 Louse","floor":2,"turns":4},{"damage":5,"enemies":"Cultist","floor":5,"turns":8},{"damage":41,"enemies":"Gremlin Nob","floor":6,"turns":4}],"seed_played":"-1335513934311097709","potions_obtained":[{"floor":1,"key":"FearPotion"}],"is_trial":false,"path_per_floor":["M","M","?","?","MIM","E"],"character_chosen":"THE_ANIMATOR","items_purchased":[],"campfire_rested":0,"item_purchase_floors":[],"current_hp_per_floor":[53,46,46,46,41,0,0],"gold":106,"neow_bonus":"ONE_RANDOM_RARE_CARD","is_daily":false,"chose_seed":false,"campfire_upgraded":0,"win_rate":0.0,"timestamp":1610398551,"path_taken":["M","M","?","?","?","E"],"items_purchased_type":[],"build_version":"2020-12-22","purchased_purges":0,"victory":false,"max_hp_per_floor":[66,66,66,66,66,66,66],"card_choices":[{"not_picked":["animator:MumenRider","animator:DwarfShaman"],"picked":"animator:ChlammyZell","floor":1},{"not_picked":["animator:IrohaTamaki","animator:Priestess"],"picked":"animator:Tet","floor":2},{"not_picked":["animator:YuiTsuruno+1","animator:DwarfShaman+1"],"picked":"animator:KyokoSakura+1","floor":4}],"player_experience":780971,"relics_obtained":[{"floor":5,"key":"Happy Flower"}],"event_choices":[{"damage_healed":0,"gold_gain":0,"player_choice":"2","damage_taken":0,"max_hp_gain":0,"max_hp_loss":0,"event_name":"betterMatch:BetterMatch","floor":4,"gold_loss":0,"cards_obtained":["betterMatch:CommonCard"]}],"is_beta":false,"boss_relics":[],"items_purged_floors":[],"is_endless":false,"potions_floor_spawned":[1],"killed_by":"Gremlin Nob","ascension_level":1}}