{"host":"l12hrjjiowxu1z6t","time":1610345203,"event":{"mods":["100% Spire Juice","2.2 Compatiblity","AlwaysNeverKeys","Arknights The Spire","Aspiration","BaseMod","Better Third Choice","BetterRewards","CapriCore","Challenge The Spire","ChefMod","Conspire","Dark Map","Ekko","Evolution","Googly Eyes","Halation","Hubris","Jedi Mod","Minty Spire (QoL Compilation)","Permanent Neow","Quick Restart","Remove Card Discount Mod","Replay The Spire","Robot Space Explorer","Shop Mod","StSLib","The Alterego","The Hierophant","TheWitcher","Yakumo Yukari mod","[IsaacMod]????","vexMod"],"gold_per_floor":[212,212,212,228,243,270,270,218,291,138,166,183,183,199,199,303,303,314,324,339,351,370,370,310,325,404,12,12,12,12,37,37,139,139,168,193,225,255,289,289,314,340,340,340,368,368,399,428,428,428,428,428,428,243,273,273],"floor_reached":57,"playtime":5716,"items_purged":[],"score":1642,"play_id":"3545a5e2-adf0-44c3-ab31-1f205097db18","local_time":"20210111060643","is_ascension_mode":false,"campfire_choices":[{"floor":7,"key":"REST"},{"data":"RobotSpaceExplorer:MiniBoosters","floor":13,"key":"SMITH"},{"data":"RobotSpaceExplorer:MiniBoosters","floor":15,"key":"SMITH"},{"data":"RobotSpaceExplorer:Exploration","floor":23,"key":"SMITH"},{"floor":30,"key":"REST"},{"data":"RobotSpaceExplorer:Comet","floor":32,"key":"SMITH"},{"floor":40,"key":"REST"},{"floor":44,"key":"REST"},{"data":"RobotSpaceExplorer:PowerCollector","floor":46,"key":"SMITH"},{"floor":49,"key":"REST"},{"floor":53,"key":"REST"}],"circlet_count":0,"master_deck":["RobotSpaceExplorer:Strike+1","RobotSpaceExplorer:Strike","RobotSpaceExplorer:Strike","RobotSpaceExplorer:Strike","RobotSpaceExplorer:Defend","RobotSpaceExplorer:Defend","RobotSpaceExplorer:Defend","RobotSpaceExplorer:Defend","RobotSpaceExplorer:Scan","RobotSpaceExplorer:MiniLasers","RobotSpaceExplorer:ScrapToss+1","RobotSpaceExplorer:Comet+1","RobotSpaceExplorer:GlueShot","RobotSpaceExplorer:Pulsar","RobotSpaceExplorer:MiniBoosters+1","RobotSpaceExplorer:MiniBoosters+1","RobotSpaceExplorer:ImprovisedAttack","RobotSpaceExplorer:SurgingShield","RobotSpaceExplorer:Probe","RobotSpaceExplorer:ShovelStrike","RobotSpaceExplorer:StarDust+1","RobotSpaceExplorer:MiniDrones+1","RobotSpaceExplorer:StarLightning+1","RobotSpaceExplorer:LuckyStrike+1","RobotSpaceExplorer:ScrapToss+1","RobotSpaceExplorer:Probe+1","RobotSpaceExplorer:Autoloader+1","RobotSpaceExplorer:FreezingShield+1","RobotSpaceExplorer:SurgingShield+1","RobotSpaceExplorer:Multitool+1","RobotSpaceExplorer:PowerCollector+1","RobotSpaceExplorer:MiniBoosters+1"],"relics":["RobotSpaceExplorer:RoboCore","EVO:Axolotl","HushsDoor","YumHeart","halation:PinkSoulGem","jedi:Pinwheel","Leech","jedi:crownofsimplicity","TheBean","halation:PinkAlligatorPlush","Sundial","Golden Egg","jedi:HeartOfTheCards","ReplayFunnel","Replay:Rubber Ducky","ChampionBelt","SatanicBible","PokeGo","vexMod:FocusSash","halation:KoshaPiece","Replay:Mystery Machine","Mirror","Omamori","conspire:DeflatedDodgeball","SnafuTest:BearRelic","hubris:ToyBattleship","Bronze Scales","Whetstone"],"acts_visited":["Exordium","TheCity","TheBeyond","TheEnding"],"potions_floor_usage":[11,45,56,56],"damage_taken":[{"damage":0,"enemies":"2 Louse","floor":1,"turns":2},{"damage":2,"enemies":"conspire:RoseBush","floor":4,"turns":3},{"damage":2,"enemies":"Small Slimes","floor":5,"turns":4},{"damage":29,"enemies":"Replay:BlueRogue","floor":6,"turns":6},{"damage":0,"enemies":"Lagavulin","floor":11,"turns":6},{"damage":0,"enemies":"Exordium Wildlife","floor":12,"turns":3},{"damage":20,"enemies":"Gremlin Gang","floor":14,"turns":3},{"damage":7,"enemies":"Slime Boss","floor":16,"turns":6},{"damage":15,"enemies":"2 Thieves","floor":18,"turns":3},{"damage":8,"enemies":"Chosen","floor":19,"turns":4},{"damage":2,"enemies":"3 Cultists","floor":20,"turns":2},{"damage":4,"enemies":"Shelled Parasite and Fungi","floor":21,"turns":4},{"damage":20,"enemies":"conspire:HollyBat","floor":22,"turns":8},{"damage":35,"enemies":"Snake Plant","floor":25,"turns":5},{"damage":16,"enemies":"Replay:Snechameleon","floor":31,"turns":5},{"damage":50,"enemies":"hubris:MusketHawk","floor":33,"turns":7},{"damage":15,"enemies":"R_Hoarder","floor":35,"turns":6},{"damage":10,"enemies":"Mind Bloom Boss Battle","floor":36,"turns":5},{"damage":36,"enemies":"Giant Head","floor":37,"turns":6},{"damage":14,"enemies":"Nemesis","floor":38,"turns":7},{"damage":30,"enemies":"Reptomancer","floor":39,"turns":6},{"damage":14,"enemies":"Nemesis","floor":41,"turns":7},{"damage":16,"enemies":"R_Hoarder","floor":42,"turns":8},{"damage":12,"enemies":"Reptomancer","floor":45,"turns":6},{"damage":37,"enemies":"Nemesis","floor":47,"turns":7},{"damage":11,"enemies":"Giant Head","floor":48,"turns":6},{"damage":23,"enemies":"Replay:Hell Engine","floor":50,"turns":6},{"damage":18,"enemies":"Donu and Deca","floor":51,"turns":9},{"damage":33,"enemies":"Shield and Spear","floor":55,"turns":5},{"damage":87,"enemies":"The Heart","floor":56,"turns":6}],"seed_played":"-2305634518923401980","potions_obtained":[{"floor":1,"key":"Flashbang"},{"floor":5,"key":"PowerPotion"},{"floor":11,"key":"Reflective Coating"},{"floor":16,"key":"FairyPotion"},{"floor":45,"key":"Fruit Juice"}],"is_trial":false,"path_per_floor":["M","?","?","M","M","E","R","$","T","$","E","M","R","M","R","B",null,"M","M","M","M","M","R","?","M","T","$","?","T","R","E","R","B",null,"M","?","M","M","M","R","E","M","T","R","M","R","E","M","R","B","B",null,"R","$","E","B",null],"character_chosen":"RobotSpaceExplorer","items_purchased":["RobotSpaceExplorer:MiniBoosters","jedi:crownofsimplicity","Golden Egg","RobotSpaceExplorer:LuckyStrike","RobotSpaceExplorer:ScrapToss","RobotSpaceExplorer:MiniBoosters","PowerPotion","PowerPotion"],"campfire_rested":6,"item_purchase_floors":[8,10,27,27,27,54,54,54],"current_hp_per_floor":[75,75,75,73,71,42,64,64,64,64,70,72,72,55,55,53,75,62,58,57,56,42,42,42,36,36,36,36,36,58,46,46,2,57,47,42,36,28,4,26,18,33,33,55,54,54,23,17,41,49,37,69,80,80,51,80],"gold":273,"neow_bonus":"HUNDRED_GOLD","is_daily":false,"chose_seed":false,"campfire_upgraded":5,"win_rate":0.0,"timestamp":1610345203,"path_taken":["M","?","?","M","M","E","R","$","T","$","E","?","R","M","R","BOSS","M","M","M","M","?","R","?","M","T","$","?","?","R","E","R","BOSS","M","?","M","M","?","R","E","M","T","R","M","R","E","M","R","BOSS","BOSS","R","$","E","BOSS"],"items_purchased_type":["Card","Relic","Relic","Card","Card","Card","Potion","Potion"],"build_version":"2020-12-22","purchased_purges":0,"victory":true,"max_hp_per_floor":[75,75,75,75,75,75,75,75,75,75,75,75,75,75,75,75,75,75,75,75,75,75,75,75,75,75,75,75,75,75,75,75,75,75,75,75,75,75,75,75,75,75,75,75,80,80,80,80,80,80,80,80,80,80,80,80],"card_choices":[{"not_picked":["RobotSpaceExplorer:Counterblock","RobotSpaceExplorer:Fix"],"picked":"RobotSpaceExplorer:ScrapToss","floor":1},{"not_picked":["RobotSpaceExplorer:GlueShot","RobotSpaceExplorer:SwiftStep"],"picked":"RobotSpaceExplorer:Comet","floor":4},{"not_picked":["RobotSpaceExplorer:SelfCleaning","RobotSpaceExplorer:FranticSearch"],"picked":"RobotSpaceExplorer:GlueShot","floor":5},{"not_picked":["RobotSpaceExplorer:ShovelStrike","RobotSpaceExplorer:Counterblock"],"picked":"RobotSpaceExplorer:Pulsar","floor":6},{"not_picked":["RobotSpaceExplorer:Counterblock","RobotSpaceExplorer:SurgingShield"],"picked":"RobotSpaceExplorer:ImprovisedAttack","floor":11},{"not_picked":["RobotSpaceExplorer:Reload","RobotSpaceExplorer:SlimeMissile"],"picked":"RobotSpaceExplorer:SurgingShield","floor":12},{"not_picked":["RobotSpaceExplorer:Blitz","RobotSpaceExplorer:SurgingShield"],"picked":"RobotSpaceExplorer:Probe","floor":14},{"not_picked":["RobotSpaceExplorer:BlastShield","RobotSpaceExplorer:Scanner"],"picked":"RobotSpaceExplorer:Exploration","floor":16},{"not_picked":["RobotSpaceExplorer:FrostMissile+1","RobotSpaceExplorer:MetalStrike","RobotSpaceExplorer:SurgingShield"],"picked":"SKIP","floor":18},{"not_picked":["RobotSpaceExplorer:DoubleBlock","RobotSpaceExplorer:FranticSearch","RobotSpaceExplorer:JunkDive"],"picked":"SKIP","floor":19},{"not_picked":["RobotSpaceExplorer:Counterblock","RobotSpaceExplorer:Jetpack"],"picked":"RobotSpaceExplorer:ShovelStrike","floor":20},{"not_picked":["RobotSpaceExplorer:GlueShot","RobotSpaceExplorer:ImprovisedAttack"],"picked":"RobotSpaceExplorer:StarDust+1","floor":21},{"not_picked":["RobotSpaceExplorer:Ammunition","RobotSpaceExplorer:ShockMissile"],"picked":"RobotSpaceExplorer:MiniDrones+1","floor":22},{"not_picked":["RobotSpaceExplorer:FrostMissile","RobotSpaceExplorer:DualCore"],"picked":"RobotSpaceExplorer:StarLightning+1","floor":25},{"not_picked":["RobotSpaceExplorer:SurgingStrike+1","RobotSpaceExplorer:Smokescreen"],"picked":"RobotSpaceExplorer:Probe+1","floor":31},{"not_picked":["RobotSpaceExplorer:TrailblazerForm","RobotSpaceExplorer:Scanner"],"picked":"RobotSpaceExplorer:Autoloader","floor":33},{"not_picked":["RobotSpaceExplorer:Ammunition","RobotSpaceExplorer:ScrapMissile"],"picked":"RobotSpaceExplorer:FreezingShield+1","floor":35},{"not_picked":["RobotSpaceExplorer:ScrapMissile+1","RobotSpaceExplorer:GlueShot"],"picked":"RobotSpaceExplorer:SurgingShield+1","floor":37},{"not_picked":["RobotSpaceExplorer:LaserBurst","RobotSpaceExplorer:Pulsar","RobotSpaceExplorer:PlasmaMissile"],"picked":"SKIP","floor":38},{"not_picked":["RobotSpaceExplorer:ToxicBomb+1","RobotSpaceExplorer:PowerGlove"],"picked":"RobotSpaceExplorer:Multitool","floor":39},{"not_picked":["RobotSpaceExplorer:ShockMissile","RobotSpaceExplorer:SlimeMissile","RobotSpaceExplorer:Discharger"],"picked":"SKIP","floor":41},{"not_picked":["RobotSpaceExplorer:GlueShot","RobotSpaceExplorer:JunkDive","RobotSpaceExplorer:ShovelStrike"],"picked":"SKIP","floor":42},{"not_picked":["RobotSpaceExplorer:ShovelStrike","RobotSpaceExplorer:ScrapMissile+1"],"picked":"RobotSpaceExplorer:PowerCollector","floor":45},{"not_picked":["RobotSpaceExplorer:MakeshiftVolley+1","RobotSpaceExplorer:Electroshield","RobotSpaceExplorer:MetalStrike"],"picked":"SKIP","floor":47},{"not_picked":["RobotSpaceExplorer:SurgingStrike","RobotSpaceExplorer:Electroshield","RobotSpaceExplorer:SurgingShield"],"picked":"SKIP","floor":48},{"not_picked":["RobotSpaceExplorer:StarLightning","RobotSpaceExplorer:LaserBurst+1","RobotSpaceExplorer:HighVoltage"],"picked":"SKIP","floor":55}],"player_experience":94487,"relics_obtained":[{"floor":6,"key":"jedi:Pinwheel"},{"floor":9,"key":"Leech"},{"floor":11,"key":"TheBean"},{"floor":26,"key":"Sundial"},{"floor":29,"key":"jedi:HeartOfTheCards"},{"floor":31,"key":"ReplayFunnel"},{"floor":31,"key":"Replay:Rubber Ducky"},{"floor":35,"key":"SatanicBible"},{"floor":36,"key":"PokeGo"},{"floor":37,"key":"vexMod:FocusSash"},{"floor":38,"key":"halation:KoshaPiece"},{"floor":39,"key":"Replay:Mystery Machine"},{"floor":41,"key":"Mirror"},{"floor":42,"key":"Omamori"},{"floor":43,"key":"conspire:DeflatedDodgeball"},{"floor":45,"key":"SnafuTest:BearRelic"},{"floor":47,"key":"hubris:ToyBattleship"},{"floor":48,"key":"Bronze Scales"},{"floor":55,"key":"Whetstone"}],"event_choices":[{"damage_healed":0,"gold_gain":0,"player_choice":"Leave","damage_taken":0,"max_hp_gain":0,"max_hp_loss":0,"event_name":"The Cleric","floor":2,"gold_loss":0},{"damage_healed":0,"gold_gain":0,"player_choice":"Fight","damage_taken":0,"max_hp_gain":0,"max_hp_loss":0,"event_name":"MindBloom","floor":36,"gold_loss":0}],"is_beta":false,"boss_relics":[{"not_picked":["Runic Pyramid","hubris:RunicObelisk"],"picked":"halation:PinkAlligatorPlush"},{"not_picked":[]},{"not_picked":["hubris:BlackHole","Honey Jar"],"picked":"ChampionBelt"},{"not_picked":[]}],"items_purged_floors":[],"is_endless":false,"potions_floor_spawned":[1,5,11,16,18,21,25,31,33,35,38,42,45,55],"ascension_level":20}}