{"host":"oigynbtg272c19pw","time":1610382502,"event":{"mods":["BaseMod","Colored Map","Minty Spire (QoL Compilation)","Relic Stats","StSLib"],"gold_per_floor":[310,324,374,387,400,430,430,447,471,501,513,548,548,500,500,574,574,574,574,574,574,574,574,574,574],"floor_reached":24,"playtime":1345,"items_purged":[],"score":461,"play_id":"4f557e08-b92c-4061-8580-b1628114a789","local_time":"20210111172822","is_ascension_mode":true,"campfire_choices":[{"data":"Perfected Strike","floor":7.0,"key":"SMITH"},{"data":"Feed","floor":13.0,"key":"SMITH"},{"data":"Berserk","floor":15.0,"key":"SMITH"},{"data":"Shockwave","floor":23.0,"key":"SMITH"}],"circlet_count":0,"master_deck":["AscendersBane","Strike_R","Strike_R","Strike_R","Strike_R","Defend_R","Defend_R","Defend_R","Bash","Perfected Strike+1","Uppercut","Feed+1","Clash","Carnage","Shockwave+1","Berserk+1","Pommel Strike","Bludgeon","Shrug It Off","Perfected Strike+1","Limit Break","Battle Trance"],"relics":["Burning Blood","Old Coin","Pocketwatch","Smiling Mask","Bronze Scales","Omamori","Ectoplasm","Red Mask"],"acts_visited":["Exordium","TheCity"],"potions_floor_usage":[],"damage_taken":[{"damage":14.0,"enemies":"Small Slimes","floor":1.0,"turns":6.0},{"damage":1.0,"enemies":"Cultist","floor":2.0,"turns":3.0},{"damage":0.0,"enemies":"2 Louse","floor":4.0,"turns":2.0},{"damage":27.0,"enemies":"Large Slime","floor":5.0,"turns":9.0},{"damage":6.0,"enemies":"Gremlin Nob","floor":6.0,"turns":3.0},{"damage":8.0,"enemies":"Blue Slaver","floor":8.0,"turns":3.0},{"damage":30.0,"enemies":"3 Sentries","floor":10.0,"turns":7.0},{"damage":0.0,"enemies":"2 Fungi Beasts","floor":11.0,"turns":2.0},{"damage":10.0,"enemies":"Lagavulin","floor":12.0,"turns":7.0},{"damage":26.0,"enemies":"Hexaghost","floor":16.0,"turns":9.0},{"damage":17.0,"enemies":"Chosen","floor":18.0,"turns":5.0},{"damage":25.0,"enemies":"Masked Bandits","floor":19.0,"turns":4.0},{"damage":13.0,"enemies":"3 Byrds","floor":20.0,"turns":4.0},{"damage":3.0,"enemies":"Centurion and Healer","floor":21.0,"turns":3.0},{"damage":68,"enemies":"Gremlin Leader","floor":24,"turns":6}],"seed_played":"-3544670198154151990","potions_obtained":[{"floor":5.0,"key":"Fire Potion"},{"floor":6.0,"key":"SteroidPotion"},{"floor":11.0,"key":"Block Potion"},{"floor":16.0,"key":"LiquidMemories"},{"floor":19.0,"key":"Strength Potion"},{"floor":20.0,"key":"SteroidPotion"}],"is_trial":false,"path_per_floor":["M","M","?","M","M","E","R","M","T","E","M","E","R","?","R","B",null,"M","?","M","M","?","R","E"],"character_chosen":"IRONCLAD","items_purchased":[],"campfire_rested":0,"item_purchase_floors":[],"current_hp_per_floor":[60,65,65,71,53,56,56,57,57,36,45,44,44,44,44,24,76,69,54,51,58,58,58,0,0],"gold":574,"neow_bonus":"ONE_RARE_RELIC","is_daily":false,"chose_seed":false,"campfire_upgraded":4,"win_rate":0.0,"timestamp":1610382502,"path_taken":["M","M","?","M","M","E","R","?","T","E","M","E","R","?","R","BOSS","M","?","M","M","?","R","E"],"items_purchased_type":[],"build_version":"2020-12-13","purchased_purges":0,"victory":false,"max_hp_per_floor":[75,75,75,75,78,81,81,84,84,87,90,93,93,93,93,93,93,97,101,105,109,109,109,109,109],"relic_stats":{"counters":[15,73],"Bronze Scales":[147],"Ectoplasm":76,"Smiling Mask":0,"obtain_stats":[{"Bronze Scales":10,"Ectoplasm":17,"Omamori":12,"Red Mask":19,"Smiling Mask":9,"Burning Blood":0,"Old Coin":0,"Pocketwatch":6},{"Bronze Scales":7,"Ectoplasm":10,"Omamori":9,"Red Mask":12,"Smiling Mask":6,"Burning Blood":0,"Old Coin":0,"Pocketwatch":5},{"Bronze Scales":33,"Ectoplasm":51,"Omamori":42,"Red Mask":60,"Smiling Mask":26,"Burning Blood":0,"Old Coin":0,"Pocketwatch":23}],"Burning Blood":84,"Pocketwatch":[108]},"card_choices":[{"not_picked":["Havoc","Dropkick"],"picked":"Perfected Strike","floor":1.0},{"not_picked":["Clothesline","Dual Wield"],"picked":"Uppercut","floor":2.0},{"not_picked":["Anger","Pommel Strike"],"picked":"Feed","floor":4.0},{"not_picked":["Thunderclap","True Grit"],"picked":"Clash","floor":5.0},{"not_picked":["Thunderclap","Warcry"],"picked":"Carnage","floor":6.0},{"not_picked":["Havoc","Warcry"],"picked":"Shockwave","floor":8.0},{"not_picked":["Heavy Blade","Flex"],"picked":"Berserk","floor":10.0},{"not_picked":["Rupture","Whirlwind","Flex"],"picked":"SKIP","floor":11.0},{"not_picked":["Rampage","Seeing Red"],"picked":"Pommel Strike","floor":12.0},{"not_picked":["Offering","Fiend Fire"],"picked":"Bludgeon","floor":16.0},{"not_picked":["Clothesline","Sword Boomerang+1"],"picked":"Shrug It Off","floor":18.0},{"not_picked":["Warcry","Intimidate"],"picked":"Perfected Strike+1","floor":19.0},{"not_picked":["Dropkick","Body Slam","Headbutt"],"picked":"SKIP","floor":20.0},{"not_picked":["Warcry","Juggernaut","True Grit"],"picked":"SKIP","floor":21.0}],"player_experience":1365295,"relics_obtained":[{"floor":6.0,"key":"Pocketwatch"},{"floor":9.0,"key":"Smiling Mask"},{"floor":10.0,"key":"Bronze Scales"},{"floor":12.0,"key":"Omamori"},{"floor":19.0,"key":"Red Mask"}],"event_choices":[{"damage_healed":0.0,"max_hp_gain":0.0,"max_hp_loss":0.0,"gold_gain":50.0,"event_name":"Golden Shrine","player_choice":"Pray","floor":3.0,"gold_loss":0.0,"damage_taken":0.0},{"damage_healed":0.0,"max_hp_gain":0.0,"max_hp_loss":0.0,"gold_gain":0.0,"event_name":"World of Goop","player_choice":"Left Gold","floor":14.0,"gold_loss":48.0,"damage_taken":0.0},{"damage_healed":0.0,"max_hp_gain":0.0,"max_hp_loss":0.0,"gold_gain":0.0,"event_name":"Masked Bandits","player_choice":"Fought Bandits","floor":19.0,"gold_loss":0.0,"damage_taken":0.0},{"damage_healed":0.0,"max_hp_gain":0.0,"max_hp_loss":0.0,"gold_gain":0.0,"cards_transformed":["Defend_R","Strike_R"],"event_name":"Drug Dealer","player_choice":"Became Test Subject","floor":22.0,"gold_loss":0.0,"damage_taken":0.0,"cards_obtained":["Limit Break","Battle Trance"]}],"is_beta":false,"boss_relics":[{"not_picked":["Runic Cube","Astrolabe"],"picked":"Ectoplasm"}],"items_purged_floors":[],"is_endless":false,"potions_floor_spawned":[5,6,11,16,19,20],"killed_by":"Gremlin Leader","ascension_level":20}}