{"host":"56ghxnzsglgdq727","time":1610383798,"event":{"mods":["AchievementEnabler","BaseMod","Downfall","Duelist Mod","Minty Spire (QoL Compilation)","Rare Cards Sparkle","StSLib","The Bug Knight","The Exalted","The Senshi","The Wild Card"],"gold_per_floor":[143,163,173,3,17,17,35,50,95,20,20,20,74,86,86,190,190,202,202,218,118,118,118,118,118,118,137,12,47,66,85,85,190,190,201,201,217,231,257,257,257,257,257,269,269,269,288,138,138,138],"floor_reached":51,"playtime":2165,"items_purged":["theDuelist:CastleWalls","theDuelist:CurseArmaments","theDuelist:DarkMagician","theDuelist:NeoMagic"],"score":684,"play_id":"3a190cf8-d8af-4c89-9c37-394ea6ee0fed","local_time":"20210111114958","is_ascension_mode":false,"campfire_choices":[{"data":"theDuelist:Metronome","floor":6,"key":"SMITH"},{"data":"theDuelist:SpellShatteringArrow","floor":11,"key":"SMITH"},{"floor":15,"key":"REST"},{"data":"theDuelist:SpellShatteringArrow","floor":23,"key":"SMITH"},{"data":"theDuelist:SpellShatteringArrow","floor":25,"key":"SMITH"},{"floor":32,"key":"REST"},{"floor":40,"key":"REST"},{"data":"theDuelist:Wildfire","floor":42,"key":"SMITH"},{"floor":49,"key":"REST"}],"circlet_count":0,"master_deck":["theDuelist:MysticalElf","theDuelist:MysticalElf","theDuelist:Sparks","theDuelist:Sparks","theDuelist:Sparks","theDuelist:Wildfire+1","theDuelist:SpellShatteringArrow+1","theDuelist:SpellShatteringArrow+1","theDuelist:Metronome+1","theDuelist:GoblinSecret","theDuelist:SpellShatteringArrow+1","theDuelist:SwordsRevealing+1","theDuelist:ForbiddenLance","theDuelist:Nameless:Power:ForbiddenLance","theDuelist:Nameless:Magic:DarkworldThorns+1","theDuelist:WonderWand","theDuelist:SwordsBurning+1","theDuelist:IcyCrevasse+1"],"relics":["theDuelist:MillenniumPuzzle","theDuelist:CardPoolRelic","theDuelist:CardPoolBasicRelic","theDuelist:BoosterPackPoolRelic","theDuelist:CardPoolAddRelic","theDuelist:CardPoolMinusRelic","theDuelist:CardPoolSaveRelic","theDuelist:CardPoolOptionsRelic","Akabeko","Pocketwatch","Mango","Bird Faced Urn","Busted Crown","theDuelist:ResummonBranch","theDuelist:MetronomeRelicB","theSenshi:SailorFukuRelic","theDuelist:Monsterbox","Frozen Egg 2","Black Star","Toxic Egg 2","War Paint","theDuelist:InversionEvokeRelic","theDuelist:MetronomeRelicD"],"acts_visited":["Exordium","TheCity","TheBeyond"],"potions_floor_usage":[13,13,13,18,30,30,33,47,50],"damage_taken":[{"damage":0,"enemies":"Cultist","floor":1,"turns":3},{"damage":0,"enemies":"2 Louse","floor":2,"turns":2},{"damage":0,"enemies":"Jaw Worm","floor":3,"turns":4},{"damage":10,"enemies":"Exordium Thugs","floor":5,"turns":4},{"damage":0,"enemies":"Looter","floor":7,"turns":3},{"damage":4,"enemies":"Blue Slaver","floor":8,"turns":3},{"damage":38,"enemies":"Blue Slaver","floor":13,"turns":8},{"damage":20,"enemies":"Exordium Thugs","floor":14,"turns":5},{"damage":39,"enemies":"Hexaghost","floor":16,"turns":10},{"damage":0,"enemies":"Shell Parasite","floor":18,"turns":4},{"damage":28,"enemies":"Shelled Parasite and Fungi","floor":20,"turns":5},{"damage":15,"enemies":"Centurion and Healer","floor":27,"turns":3},{"damage":21,"enemies":"HollowMod:Nosk","floor":29,"turns":5},{"damage":0,"enemies":"Snecko","floor":30,"turns":3},{"damage":4,"enemies":"Cultist and Chosen","floor":31,"turns":5},{"damage":23,"enemies":"Champ","floor":33,"turns":9},{"damage":21,"enemies":"3 Shapes","floor":35,"turns":4},{"damage":39,"enemies":"3 Darklings","floor":37,"turns":4},{"damage":2,"enemies":"Transient","floor":38,"turns":5},{"damage":18,"enemies":"4 Shapes","floor":44,"turns":3},{"damage":21,"enemies":"3 Darklings","floor":47,"turns":5},{"damage":26,"enemies":"Donu and Deca","floor":50,"turns":8}],"seed_played":"-8010423357379387291","potions_obtained":[{"floor":2,"key":"Guardian:BlockOnCardUsePotion"},{"floor":7,"key":"theDuelist:MillenniumElixir"},{"floor":8,"key":"theDuelist:MayhemPotion"},{"floor":16,"key":"SkillPotion"},{"floor":20,"key":"Fire Potion"},{"floor":29,"key":"Strength Potion"},{"floor":31,"key":"AttackPotion"},{"floor":35,"key":"Block Potion"},{"floor":37,"key":"GamblersBrew"},{"floor":44,"key":"Regen Potion"}],"is_trial":false,"path_per_floor":["M","M","M","$","M","R","M","M","T","$","R","?","?","M","R","B",null,"M","?","M","$","?","R","T","R","T","M","$","E","M","M","R","B",null,"M","?","M","M","T","R","?","R","T","M","T","?","M","$","R","B",null],"character_chosen":"THE_DUELIST","items_purchased":["theDuelist:Metronome","theDuelist:Monsterbox"],"campfire_rested":4,"item_purchase_floors":[4,28],"current_hp_per_floor":[72,72,72,72,62,62,62,58,58,58,58,58,34,16,41,6,86,86,86,58,58,74,74,74,74,74,61,61,44,44,40,70,51,102,83,83,48,48,48,78,78,78,78,60,60,60,55,55,85,61],"gold":138,"neow_bonus":"THREE_RARE_CARDS","is_daily":false,"chose_seed":false,"campfire_upgraded":5,"win_rate":0.0,"timestamp":1610383798,"path_taken":["M","M","M","$","M","R","M","?","T","$","R","?","?","M","R","BOSS","M","?","M","$","?","R","?","R","T","M","$","E","?","M","R","BOSS","M","?","M","?","?","R","?","R","T","M","?","?","M","$","R","BOSS"],"items_purchased_type":["Card","Relic"],"build_version":"2020-12-22","purchased_purges":4,"victory":true,"max_hp_per_floor":[72,72,72,72,72,72,72,72,72,72,72,72,86,86,86,86,86,86,86,86,86,102,102,102,102,102,102,102,102,102,102,102,102,102,102,102,102,102,102,102,102,102,102,102,102,102,102,102,102,102],"card_choices":[{"not_picked":["theDuelist:RainbowDarkDragon","theDuelist:DarkPaladin"],"picked":"theDuelist:Wildfire","floor":0},{"not_picked":["theDuelist:Mudballman","theDuelist:LordD","theDuelist:PowerKaishin","theDuelist:DarkMagician"],"picked":"theDuelist:SpellShatteringArrow","floor":1},{"not_picked":["theDuelist:InfernoFireBlast","theDuelist:OnslaughtFireKings","theDuelist:PowerKaishin","theDuelist:VoidExpansion"],"picked":"theDuelist:SpellShatteringArrow","floor":2},{"not_picked":["theDuelist:AttackTheMoon","theDuelist:PowerGiant","theDuelist:BigEye","theDuelist:DarkCreator","theDuelist:Reload"],"picked":"SKIP","floor":3},{"not_picked":["theDuelist:InariFire","theDuelist:TimeWizard","theDuelist:WonderWand"],"picked":"theDuelist:GoblinSecret","floor":5},{"not_picked":["theDuelist:FrontierWiseman","theDuelist:CrystalWingDragon","theDuelist:AlienTelepath","theDuelist:CharcoalInpachi"],"picked":"theDuelist:SpellShatteringArrow","floor":7},{"not_picked":["theDuelist:MythicalBeast","theDuelist:WitchBlackRose","theDuelist:TimeWizard","theDuelist:SkilledDarkMagician","theDuelist:VoidVanishment"],"picked":"SKIP","floor":8},{"not_picked":["theDuelist:IrisEarthMother","theDuelist:ThousandEyesRestrict"],"picked":"theDuelist:SwordsRevealing","floor":13},{"not_picked":["theDuelist:MudragonSwamp","theDuelist:HaneHane","theDuelist:Kuribohrn","theDuelist:Terraforming","theDuelist:BattleguardKing"],"picked":"SKIP","floor":14},{"not_picked":["Discovery","Finesse"],"picked":"SKIP","floor":18},{"not_picked":["theDuelist:BattleguardKing+1","theDuelist:EarthquakeGiant"],"picked":"theDuelist:ForbiddenLance","floor":20},{"not_picked":["theDuelist:ContractExodia","theDuelist:VoidExpansion","theDuelist:WonderWand"],"picked":"SKIP","floor":27},{"not_picked":["theDuelist:ContractExodia","theDuelist:VoidExpansion"],"picked":"theDuelist:WonderWand","floor":27},{"not_picked":["theDuelist:GraniteLoyalist","theDuelist:GaiaMidNightSun","theDuelist:MillenniumGolem"],"picked":"SKIP","floor":29},{"not_picked":["theDuelist:BlizzardWarrior","theDuelist:DarkMagician","theDuelist:Relinquished"],"picked":"SKIP","floor":30},{"not_picked":["theDuelist:ClearKuriboh","theDuelist:FeatherPho+1","theDuelist:FutureFusion"],"picked":"SKIP","floor":31},{"not_picked":["theDuelist:Wildfire+1","theDuelist:GateGuardian"],"picked":"theDuelist:SwordsBurning+1","floor":33},{"not_picked":["theDuelist:SpellShatteringArrow","theDuelist:ExodiaLL+1","theDuelist:FairyBox+1"],"picked":"SKIP","floor":35},{"not_picked":["theDuelist:BigFire","theDuelist:HaneHane+1","theDuelist:DokiDoki+1"],"picked":"SKIP","floor":37},{"not_picked":["theDuelist:NeoMagic+1","theDuelist:SilentDoom+1","theDuelist:SangaThunder+1"],"picked":"SKIP","floor":38},{"not_picked":["theDuelist:MagiciansRobe+1","theDuelist:InariFire+1","theDuelist:TimeWizard+1","theDuelist:Yami+1"],"picked":"SKIP","floor":44},{"not_picked":["theDuelist:StatueAnguishPattern+1","theDuelist:BadReaction+1"],"picked":"theDuelist:IcyCrevasse+1","floor":47}],"player_experience":222581,"relics_obtained":[{"floor":9,"key":"Akabeko"},{"floor":13,"key":"Pocketwatch"},{"floor":13,"key":"Mango"},{"floor":13,"key":"Bird Faced Urn"},{"floor":24,"key":"theDuelist:MetronomeRelicB"},{"floor":26,"key":"theSenshi:SailorFukuRelic"},{"floor":29,"key":"Frozen Egg 2"},{"floor":39,"key":"War Paint"},{"floor":43,"key":"theDuelist:InversionEvokeRelic"},{"floor":45,"key":"theDuelist:MetronomeRelicD"}],"event_choices":[{"damage_healed":0,"gold_gain":0,"player_choice":"Leave","duelist":true,"damage_taken":0,"max_hp_gain":0,"max_hp_loss":0,"event_name":"Card Trader","floor":12,"gold_loss":0},{"damage_healed":0,"gold_gain":0,"player_choice":"Fight","duelist":true,"damage_taken":0,"max_hp_gain":0,"max_hp_loss":0,"event_name":"Battle City","floor":13,"gold_loss":0},{"damage_healed":0,"gold_gain":0,"player_choice":"Took item - Received: Millennium Branch","duelist":true,"damage_taken":0,"max_hp_gain":0,"max_hp_loss":0,"event_name":"Millennium Items","floor":19,"gold_loss":0},{"power_reward":4,"total_magic_score":62,"gold_gain":0,"duelist":true,"damage_taken":0,"relics_obtained":[],"points":15,"max_hp_gain":16,"max_hp_loss":0,"spent_points":{"magic":4,"greed":0,"war":0,"power":4,"hunger":4},"event_name":"Nameless Tomb","hunger_reward":4,"floor":22,"gold_loss":0,"magic_reward":4,"cards_obtained":["theDuelist:Nameless:Power:ForbiddenLance","theDuelist:Nameless:Magic:DarkworldThorns"]},{"cards_removed":["theDuelist:NeoMagic"],"damage_healed":0,"gold_gain":0,"player_choice":"Gave Card","damage_taken":0,"relics_obtained":["Toxic Egg 2"],"max_hp_gain":0,"max_hp_loss":0,"event_name":"WeMeetAgain","floor":36,"gold_loss":0},{"cards_removed":["theDuelist:CastleWalls"],"damage_healed":0,"gold_gain":0,"player_choice":"Removed Skill","damage_taken":0,"max_hp_gain":0,"max_hp_loss":0,"event_name":"Falling","floor":41,"gold_loss":0},{"damage_healed":0,"gold_gain":0,"player_choice":"Leave","duelist":true,"damage_taken":0,"max_hp_gain":0,"max_hp_loss":0,"event_name":"Tomb of the Nameless","floor":46,"gold_loss":0}],"is_beta":false,"boss_relics":[{"not_picked":["theDuelist:GamblerChip","Fusion Hammer"],"picked":"Busted Crown"},{"not_picked":["SlaversCollar","Philosopher\u0027s Stone"],"picked":"Black Star"}],"items_purged_floors":[10,21,28,48],"is_endless":false,"potions_floor_spawned":[2,7,8,16,20,29,31,35,37,44],"ascension_level":0}}