{"host":"hdafziggwnbzqpcb","time":1610340735,"event":{"mods":["BaseMod","Bestiary","Better Altar","Better Match","Better Note","Better Third Choice","Better Vampires","Colored Map","Colored Powertips","Curses Come First","Duelist Mod","GifTheSpireLib","Hero for Fun","Melee Mod","Minty Spire (QoL Compilation)","Quick Restart","Rare Cards Sparkle","Relic Stats","Spicy Shops","StSLib","Td1madao Mod","The Bug Knight","The Construct","The Cursed","The Kombatant","The Marked","The Runesmith","The Saiyan","The Senshi","The Servant 0.9.4","The Wild Card","TheHero"],"gold_per_floor":[115,132,57,77,27,354,354,354,354,454,454,485,509,532,532,657,657,675,675,166,180,204,204,204,204],"floor_reached":24,"playtime":1273,"items_purged":["meleeMod_Jab","meleeMod_Jab"],"score":206,"play_id":"2135f18f-ee6f-4502-8551-90e8c2831a1a","local_time":"20210110205215","is_ascension_mode":false,"campfire_choices":[{"data":"meleeMod_VCancel","floor":7,"key":"SMITH"},{"floor":11,"key":"REST"},{"data":"meleeMod_UpAir","floor":15,"key":"SMITH"},{"floor":23,"key":"REST"}],"circlet_count":0,"master_deck":["meleeMod_Jab","meleeMod_Jab","meleeMod_Shield","meleeMod_Shield","meleeMod_Shield","meleeMod_NeutralAir","meleeMod_BackAir","meleeMod_Moonwalking","meleeMod_UpAir+1","meleeMod_VCancel+1","meleeMod_NeutralAir","meleeMod_RaptorBoost","meleeMod_MindReader+1","meleeMod_Grab"],"relics":["meleeMod_LosersMang0","NeowsBlessing","Old Coin","Golden Idol","Pantograph","Prayer Wheel","Black Star","meleeMod_NoKnee","Shuriken"],"acts_visited":["Exordium","TheCity"],"potions_floor_usage":[12,14,16,16,16,24],"damage_taken":[{"damage":0,"enemies":"Jaw Worm","floor":1,"turns":1},{"damage":0,"enemies":"2 Louse","floor":2,"turns":1},{"damage":0,"enemies":"Small Slimes","floor":4,"turns":1},{"damage":54,"enemies":"3 Sentries","floor":6,"turns":8},{"damage":22,"enemies":"Lagavulin","floor":12,"turns":4},{"damage":13,"enemies":"Exordium Thugs","floor":13,"turns":3},{"damage":12,"enemies":"Large Slime","floor":14,"turns":5},{"damage":41,"enemies":"The Guardian","floor":16,"turns":7},{"damage":24,"enemies":"Spheric Guardian","floor":18,"turns":4},{"damage":26,"enemies":"2 Thieves","floor":21,"turns":3},{"damage":27,"enemies":"Cultist and Chosen","floor":22,"turns":7},{"damage":30,"enemies":"Book of Stabbing","floor":24,"turns":2}],"seed_played":"-4517169872762212141","potions_obtained":[{"floor":1,"key":"Dexterity Potion"},{"floor":6,"key":"Regen Potion"},{"floor":12,"key":"EssenceOfSteel"},{"floor":13,"key":"AttackPotion"},{"floor":14,"key":"Energy Potion"},{"floor":22,"key":"DistilledChaos"}],"is_trial":false,"path_per_floor":["M","M","$","M","?","E","R","?","T","?","R","E","M","M","R","B",null,"M","?","$","M","M","R","E"],"character_chosen":"FALCON","items_purchased":["meleeMod_NoKnee","Shuriken"],"campfire_rested":2,"item_purchase_floors":[20,20],"current_hp_per_floor":[85,85,85,85,85,31,31,31,31,31,54,44,31,19,19,3,79,55,55,55,29,2,25,0,0],"gold":204,"neow_bonus":"THREE_ENEMY_KILL","is_daily":false,"chose_seed":false,"campfire_upgraded":2,"win_rate":0.0,"timestamp":1610340735,"path_taken":["M","M","$","M","?","E","R","?","T","?","R","E","?","M","R","BOSS","M","?","$","M","M","R","E"],"items_purchased_type":["Relic","Relic"],"build_version":"2020-12-22","purchased_purges":2,"victory":false,"max_hp_per_floor":[85,85,85,85,85,85,85,79,79,79,79,79,79,79,79,79,79,79,79,79,79,79,79,79,79],"relic_stats":{"counters":[12,46],"Golden Idol":53,"Shuriken":[4],"Pantograph":25,"Prayer Wheel":5,"Black Star":0,"obtain_stats":[{"meleeMod_TeamBeerMang0":0,"meleeMod_NoKnee":20,"NeowsBlessing":0,"Golden Idol":8,"Shuriken":20,"Pantograph":9,"Prayer Wheel":12,"Black Star":17,"meleeMod_LosersMang0":24,"Old Coin":6},{"meleeMod_TeamBeerMang0":0,"meleeMod_NoKnee":9,"NeowsBlessing":0,"Golden Idol":4,"Shuriken":9,"Pantograph":4,"Prayer Wheel":5,"Black Star":8,"meleeMod_LosersMang0":12,"Old Coin":4},{"meleeMod_TeamBeerMang0":0,"meleeMod_NoKnee":34,"NeowsBlessing":0,"Golden Idol":11,"Shuriken":34,"Pantograph":11,"Prayer Wheel":15,"Black Star":30,"meleeMod_LosersMang0":46,"Old Coin":11}]},"card_choices":[{"not_picked":["meleeMod_NippleSpike","meleeMod_DownSmash"],"picked":"meleeMod_Moonwalking","floor":1},{"not_picked":["meleeMod_BackAir","meleeMod_Pause"],"picked":"meleeMod_UpAir","floor":2},{"not_picked":["meleeMod_HaxDash","meleeMod_NoDI","meleeMod_UpAir"],"picked":"SKIP","floor":4},{"not_picked":["meleeMod_BMoveSpecialist","meleeMod_ShieldPoke"],"picked":"meleeMod_VCancel","floor":6},{"not_picked":["meleeMod_Gentleman","meleeMod_RapidJabs"],"picked":"meleeMod_NeutralAir","floor":12},{"not_picked":["meleeMod_FireFlower","meleeMod_DownSmash"],"picked":"meleeMod_RaptorBoost","floor":13},{"not_picked":["meleeMod_ShieldPoke","meleeMod_WallJump","meleeMod_FalconKick"],"picked":"SKIP","floor":13},{"not_picked":["meleeMod_DownTilt","meleeMod_UpAir","meleeMod_DIMixUp"],"picked":"SKIP","floor":14},{"not_picked":["meleeMod_VCancel","meleeMod_SweetSpot","meleeMod_BackAir"],"picked":"SKIP","floor":14},{"not_picked":["meleeMod_PhantomHit","meleeMod_UCF"],"picked":"meleeMod_MindReader","floor":16},{"not_picked":["meleeMod_NeutralAir","meleeMod_Knee","meleeMod_Fishing"],"picked":"SKIP","floor":18},{"not_picked":["meleeMod_DIMixUp+1","meleeMod_WallJump","meleeMod_SweetSpot+1"],"picked":"SKIP","floor":18},{"not_picked":["meleeMod_NippleSpike","meleeMod_ForwardTilt"],"picked":"meleeMod_Grab","floor":21},{"not_picked":["meleeMod_DownSmash+1","meleeMod_UnclePunch","meleeMod_DownAir"],"picked":"SKIP","floor":21},{"not_picked":["meleeMod_ForwardSmash","meleeMod_DownAir+1","meleeMod_Gentleman+1"],"picked":"SKIP","floor":22},{"not_picked":["meleeMod_CommandGrab","meleeMod_WaveDash+1","meleeMod_RockCrock+1"],"picked":"SKIP","floor":22}],"player_experience":716028,"relics_obtained":[{"floor":6,"key":"Old Coin"},{"floor":9,"key":"Pantograph"},{"floor":12,"key":"Prayer Wheel"}],"event_choices":[{"cards_removed":["meleeMod_Shield"],"damage_healed":0,"gold_gain":0,"player_choice":"Card Removal","damage_taken":0,"max_hp_gain":0,"max_hp_loss":0,"event_name":"The Cleric","floor":5,"gold_loss":50},{"damage_healed":0,"gold_gain":0,"player_choice":"Lose Max HP","damage_taken":0,"relics_obtained":["Golden Idol"],"max_hp_gain":0,"max_hp_loss":6,"event_name":"Golden Idol","floor":8,"gold_loss":0},{"damage_healed":0,"gold_gain":100,"player_choice":"Gold","damage_taken":0,"max_hp_gain":0,"max_hp_loss":0,"event_name":"Wheel of Change","floor":10,"gold_loss":0},{"damage_healed":0,"gold_gain":0,"player_choice":"Forge","damage_taken":0,"max_hp_gain":0,"max_hp_loss":0,"event_name":"Accursed Blacksmith","floor":19,"gold_loss":0,"cards_upgraded":["meleeMod_MindReader"]}],"is_beta":false,"boss_relics":[{"not_picked":["Snecko Eye","Fusion Hammer"],"picked":"Black Star"}],"items_purged_floors":[3,20],"is_endless":false,"potions_floor_spawned":[1,6,12,13,14,22],"killed_by":"Book of Stabbing","ascension_level":0}}