{"host":"f5n4tidiz2n5sooh","time":1610361890,"event":{"mods":["BaseMod","Colored Map","Minty Spire (QoL Compilation)","Relic Stats","Slay the Relics Exporter","StSLib"],"gold_per_floor":[111,125,138,138,63,77,105,105,105,105,121,121,147,166,166,243,243,259,259,259,87,105,105,139,139,139,153,186,186,86,86,86,163,163,178,190,239,114,114,114,131,141,141,141,141,141,170,184,184,184,184],"floor_reached":50,"playtime":2482,"items_purged":["Strike_P","Strike_P","Collect+1"],"score":1111,"play_id":"bd9c59cb-0f61-4989-8071-d5b2d22edf2e","local_time":"20210111044450","is_ascension_mode":true,"campfire_choices":[{"data":"WheelKick","floor":8,"key":"SMITH"},{"data":"EmptyFist","floor":10,"key":"SMITH"},{"data":"Conclude","floor":12,"key":"SMITH"},{"data":"Halt","floor":15,"key":"SMITH"},{"data":"Blasphemy","floor":23,"key":"SMITH"},{"data":"Meditate","floor":25,"key":"SMITH"},{"data":"Wallop","floor":29,"key":"SMITH"},{"floor":32,"key":"REST"},{"data":"Prostrate","floor":40,"key":"SMITH"},{"floor":45,"key":"REST"},{"floor":49,"key":"RECALL"}],"circlet_count":0,"master_deck":["AscendersBane","Defend_P","Defend_P","Eruption","Vigilance","CutThroughFate+1","WheelKick+1","Weave","Vengeance","BowlingBash+1","EmptyFist+1","Conclude+1","Halt+1","Prostrate+1","Blasphemy+1","Meditate+1","CutThroughFate","Wallop+1","DevaForm+1","FearNoEvil+1","Halt+1","EmptyFist+1","SpiritShield+1","CutThroughFate","Regret","CutThroughFate+1"],"relics":["PureWater","Vajra","White Beast Statue","Prayer Wheel","Cursed Key","Whetstone","Bag of Preparation","Art of War","Astrolabe","StoneCalendar","Toxic Egg 2"],"acts_visited":["Exordium","TheCity","TheBeyond"],"potions_floor_usage":[18,24,28,33,33,42,50,50],"damage_taken":[{"damage":11,"enemies":"2 Louse","floor":1,"turns":2},{"damage":0,"enemies":"Cultist","floor":2,"turns":3},{"damage":0,"enemies":"Small Slimes","floor":3,"turns":2},{"damage":0,"enemies":"Exordium Wildlife","floor":6,"turns":1},{"damage":16,"enemies":"Gremlin Nob","floor":7,"turns":3},{"damage":1,"enemies":"Looter","floor":11,"turns":2},{"damage":25,"enemies":"3 Sentries","floor":13,"turns":4},{"damage":3,"enemies":"Blue Slaver","floor":14,"turns":2},{"damage":3,"enemies":"Hexaghost","floor":16,"turns":7},{"damage":4,"enemies":"3 Byrds","floor":18,"turns":2},{"damage":0,"enemies":"Spheric Guardian","floor":22,"turns":2},{"damage":10,"enemies":"Gremlin Leader","floor":24,"turns":4},{"damage":0,"enemies":"3 Cultists","floor":27,"turns":2},{"damage":6,"enemies":"Book of Stabbing","floor":28,"turns":3},{"damage":35,"enemies":"Automaton","floor":33,"turns":7},{"damage":2,"enemies":"Orb Walker","floor":35,"turns":2},{"damage":4,"enemies":"3 Darklings","floor":36,"turns":4},{"damage":0,"enemies":"2 Orb Walkers","floor":37,"turns":1},{"damage":46,"enemies":"Spire Growth","floor":41,"turns":5},{"damage":0,"enemies":"Maw","floor":42,"turns":4},{"damage":5,"enemies":"Nemesis","floor":47,"turns":5},{"damage":12,"enemies":"Sphere and 2 Shapes","floor":48,"turns":5},{"damage":31,"enemies":"Awakened One","floor":50,"turns":4}],"seed_played":"-4347084628249813549","potions_obtained":[{"floor":1,"key":"PowerPotion"},{"floor":3,"key":"SpeedPotion"},{"floor":14,"key":"AttackPotion"},{"floor":18,"key":"Strength Potion"},{"floor":24,"key":"GamblersBrew"},{"floor":28,"key":"SkillPotion"},{"floor":33,"key":"BlessingOfTheForge"},{"floor":35,"key":"FearPotion"},{"floor":36,"key":"DistilledChaos"},{"floor":42,"key":"Fire Potion"},{"floor":46,"key":"LiquidMemories"}],"is_trial":false,"path_per_floor":["M","M","M","?","$","M","E","R","T","R","M","R","E","M","R","B",null,"M","?","?","$","M","R","E","R","T","M","E","R","$","?","R","B",null,"M","M","?","$","?","R","M","M","T","$","R","?","E","M","R","B"],"character_chosen":"WATCHER","items_purchased":["Whetstone"],"campfire_rested":2,"item_purchase_floors":[21],"current_hp_per_floor":[56,56,56,56,56,56,40,40,40,40,39,39,14,11,11,8,58,54,33,33,33,33,33,23,23,23,23,17,17,17,17,40,5,61,59,55,55,55,55,55,9,9,9,9,32,32,27,15,15,0,0],"gold":184,"neow_bonus":"TEN_PERCENT_HP_BONUS","is_daily":false,"chose_seed":false,"campfire_upgraded":8,"win_rate":0.0,"timestamp":1610361890,"path_taken":["M","M","M","?","$","M","E","R","T","R","?","R","E","M","R","BOSS","M","?","?","$","M","R","E","R","T","M","E","R","$","?","R","BOSS","M","M","?","$","?","R","?","M","T","?","R","?","E","?","R","BOSS"],"items_purchased_type":["Relic"],"build_version":"2020-12-22","purchased_purges":3,"victory":false,"max_hp_per_floor":[74,74,74,74,74,74,74,74,74,74,74,74,74,74,74,74,74,74,79,79,79,79,79,79,79,79,79,79,79,79,79,79,79,79,79,79,79,79,79,79,79,79,79,79,79,79,79,79,79,79,79],"relic_stats":{"counters":[23,76],"Astrolabe":["DevaForm","FearNoEvil","Collect"],"Prayer Wheel":9,"StoneCalendar":[0],"Bag of Preparation":[22],"Art of War":[2],"Whetstone":["CutThroughFate","BowlingBash"],"Cursed Key":1,"obtain_stats":[{"Astrolabe":34,"Vajra":7,"Prayer Wheel":13,"StoneCalendar":37,"Bag of Preparation":24,"Art of War":28,"Whetstone":21,"PureWater":0,"Toxic Egg 2":47,"Cursed Key":17,"White Beast Statue":9},{"Astrolabe":15,"Vajra":5,"Prayer Wheel":7,"StoneCalendar":18,"Bag of Preparation":12,"Art of War":14,"Whetstone":10,"PureWater":0,"Toxic Egg 2":21,"Cursed Key":9,"White Beast Statue":5},{"Astrolabe":46,"Vajra":11,"Prayer Wheel":17,"StoneCalendar":53,"Bag of Preparation":34,"Art of War":39,"Whetstone":28,"PureWater":0,"Toxic Egg 2":67,"Cursed Key":26,"White Beast Statue":11}]},"card_choices":[{"not_picked":["Collect","WheelKick"],"picked":"CutThroughFate","floor":1},{"not_picked":["JustLucky","Pray"],"picked":"WheelKick","floor":2},{"not_picked":["FollowUp","Halt"],"picked":"Weave","floor":3},{"not_picked":["InnerPeace","SignatureMove"],"picked":"BowlingBash","floor":6},{"not_picked":["CutThroughFate","Consecrate"],"picked":"EmptyFist","floor":7},{"not_picked":["ForeignInfluence","Crescendo"],"picked":"Conclude","floor":11},{"not_picked":["Wish","FollowUp","Perseverance"],"picked":"SKIP","floor":13},{"not_picked":["ThirdEye","InnerPeace"],"picked":"Halt","floor":14},{"not_picked":["Perseverance","CarveReality"],"picked":"Prostrate","floor":14},{"not_picked":["Alpha","Brilliance"],"picked":"Blasphemy","floor":16},{"not_picked":["Prostrate","ClearTheMind"],"picked":"Meditate","floor":18},{"not_picked":["Halt","JustLucky","ClearTheMind+1"],"picked":"SKIP","floor":18},{"not_picked":["Protect","Vengeance","Wish"],"picked":"SKIP","floor":22},{"not_picked":["Halt","BowlingBash","FlurryOfBlows"],"picked":"SKIP","floor":22},{"not_picked":["SignatureMove","CrushJoints"],"picked":"CutThroughFate","floor":24},{"not_picked":["BowlingBash","Consecrate"],"picked":"Wallop","floor":27},{"not_picked":["ReachHeaven+1","Crescendo","Study"],"picked":"SKIP","floor":27},{"not_picked":["Vengeance","WreathOfFlame","SignatureMove"],"picked":"SKIP","floor":28},{"not_picked":["PathToVictory+1","FlyingSleeves"],"picked":"Halt+1","floor":35},{"not_picked":["FlurryOfBlows","BowlingBash","JustLucky+1"],"picked":"SKIP","floor":35},{"not_picked":["Protect","PathToVictory+1"],"picked":"EmptyFist+1","floor":36},{"not_picked":["Protect","SashWhip","Swivel"],"picked":"SKIP","floor":36},{"not_picked":["CarveReality","Study"],"picked":"SpiritShield","floor":37},{"not_picked":["ClearTheMind","Nirvana","BowlingBash+1"],"picked":"SKIP","floor":41},{"not_picked":["Halt","SashWhip","CarveReality"],"picked":"SKIP","floor":41},{"not_picked":["WreathOfFlame+1","ClearTheMind"],"picked":"CutThroughFate","floor":42},{"not_picked":["EmptyFist","DeceiveReality","FollowUp"],"picked":"SKIP","floor":42},{"not_picked":["Crescendo+1","Conclude","Nirvana"],"picked":"SKIP","floor":47},{"not_picked":["Swivel+1","FlurryOfBlows+1"],"picked":"CutThroughFate+1","floor":48},{"not_picked":["Protect+1","MasterReality","SashWhip+1"],"picked":"SKIP","floor":48}],"player_experience":1992409,"relics_obtained":[{"floor":7,"key":"Vajra"},{"floor":9,"key":"White Beast Statue"},{"floor":13,"key":"Prayer Wheel"},{"floor":24,"key":"Bag of Preparation"},{"floor":28,"key":"Art of War"},{"floor":37,"key":"StoneCalendar"},{"floor":47,"key":"Toxic Egg 2"}],"event_choices":[{"damage_healed":0,"gold_gain":0,"cards_transformed":["Strike_P"],"player_choice":"Transformed","damage_taken":0,"max_hp_gain":0,"max_hp_loss":0,"event_name":"Transmorgrifier","floor":4,"gold_loss":0,"cards_obtained":["Vengeance"]},{"damage_healed":0,"gold_gain":0,"player_choice":"Shed Blood","damage_taken":26,"max_hp_gain":5,"max_hp_loss":0,"event_name":"Forgotten Altar","floor":19,"gold_loss":0},{"damage_healed":0,"gold_gain":0,"player_choice":"Ignored","damage_taken":0,"max_hp_gain":0,"max_hp_loss":0,"event_name":"The Mausoleum","floor":20,"gold_loss":0},{"damage_healed":0,"gold_gain":0,"player_choice":"Ignored","damage_taken":0,"max_hp_gain":0,"max_hp_loss":0,"event_name":"Vampires","floor":31,"gold_loss":0},{"damage_healed":0,"gold_gain":0,"player_choice":"Fight","damage_taken":0,"max_hp_gain":0,"max_hp_loss":0,"event_name":"Mysterious Sphere","floor":37,"gold_loss":0},{"damage_healed":0,"gold_gain":0,"player_choice":"Upgraded","damage_taken":0,"max_hp_gain":0,"max_hp_loss":0,"event_name":"Upgrade Shrine","floor":39,"gold_loss":0,"cards_upgraded":["SpiritShield"]},{"damage_healed":0,"gold_gain":0,"player_choice":"Got Potions","damage_taken":0,"max_hp_gain":0,"max_hp_loss":0,"event_name":"Lab","floor":46,"gold_loss":0}],"is_beta":false,"boss_relics":[{"not_picked":["Tiny House","Ectoplasm"],"picked":"Cursed Key"},{"not_picked":["Runic Pyramid","Velvet Choker"],"picked":"Astrolabe"}],"items_purged_floors":[5,30,38],"is_endless":false,"potions_floor_spawned":[1,3,11,13,14,16,18,22,24,27,28,33,35,36,37,41,42,47,48],"killed_by":"Awakened One","ascension_level":20}}