{"host":"m1168lp3vv5pgdep","time":1610377214,"event":{"mods":["Act Like it!","Aspiration","BaseMod","Better Altar","Better Match","Better Sensory Stone","Better Skull","Better Third Choice","Block Reminder","CCEM","Curses Come First","Elementarium","Gensokyo","GungeonMod","Hallownest","Hermit","Hubris","Menagerie","Minty Spire (QoL Compilation)","Pale of the Ancients","Permanent Neow","Quick Restart","Small Relic Pack","Spicy Shops","StSLib","The Bug Knight","The Forsaken","The Marked","Wandering Minibosses","WarShipGirlsR/????R mod"],"gold_per_floor":[109,34,54,54,73,99,99,119,119,144,144],"floor_reached":10,"playtime":1022,"items_purged":["Strike_G"],"score":82,"play_id":"1d4bc85b-019c-447e-a0a3-e3cf404952be","local_time":"20210111150014","is_ascension_mode":true,"campfire_choices":[{"floor":7,"key":"RECALL"}],"circlet_count":0,"master_deck":["Strike_G","Strike_G","Strike_G","Strike_G","Defend_G","Defend_G","Defend_G","Defend_G","Defend_G","Survivor","Neutralize","Poisoned Stab","Backflip","Adrenaline","Dash","Bane","Trip+1","Dodge and Roll","The Bomb+1"],"relics":["aspiration:RitualDagger","CCEMRelics:FestiveHat","DemoMod:GlassGuonStoneRelic","CCEMRelics:OrganicArmor"],"acts_visited":["Exordium"],"potions_floor_usage":[10],"damage_taken":[{"damage":20,"enemies":"Cultist","floor":1,"turns":5},{"damage":9,"enemies":"2 Louse","floor":3,"turns":3},{"damage":9,"enemies":"Jaw Worm","floor":5,"turns":3},{"damage":54,"enemies":"Lagavulin","floor":6,"turns":8},{"damage":15,"enemies":"Exordium Thugs","floor":8,"turns":4},{"damage":50,"enemies":"3 Sentries","floor":10,"turns":12}],"seed_played":"-8866150183541798041","potions_obtained":[{"floor":1,"key":"BlessingOfTheForge"},{"floor":6,"key":"Fire Potion"},{"floor":10,"key":"Strength Potion"}],"is_trial":false,"path_per_floor":["M","$","M","?","M","E","R","M","T","E"],"character_chosen":"THE_SILENT","items_purchased":[],"campfire_rested":0,"item_purchase_floors":[],"current_hp_per_floor":[50,50,41,41,32,63,63,57,57,25,25],"gold":144,"neow_bonus":"BOSS_RELIC","is_daily":false,"chose_seed":false,"campfire_upgraded":0,"win_rate":0.0,"timestamp":1610377214,"path_taken":["M","$","M","?","M","E","R","?","T","E"],"items_purchased_type":[],"build_version":"2020-12-22","purchased_purges":1,"victory":false,"max_hp_per_floor":[70,70,70,70,70,70,70,70,70,70,70],"card_choices":[{"not_picked":["Dodge and Roll","Terror"],"picked":"Poisoned Stab","floor":1},{"not_picked":["Prepared","Dodge and Roll"],"picked":"Backflip","floor":3},{"not_picked":[],"picked":"Adrenaline","floor":4},{"not_picked":["Outmaneuver","Deadly Poison"],"picked":"Dash","floor":5},{"not_picked":["Slice","Cloak And Dagger"],"picked":"Bane","floor":6},{"not_picked":["Swift Strike+1","hubris:Ssssneak+1"],"picked":"Trip+1","floor":8},{"not_picked":["All Out Attack","Expertise"],"picked":"Dodge and Roll","floor":8},{"not_picked":["Madness+1","Finesse+1"],"picked":"The Bomb+1","floor":10}],"player_experience":171563,"relics_obtained":[{"floor":6,"key":"CCEMRelics:FestiveHat"},{"floor":10,"key":"CCEMRelics:OrganicArmor"}],"event_choices":[],"is_beta":false,"boss_relics":[],"items_purged_floors":[2],"is_endless":false,"potions_floor_spawned":[1,6,10],"killed_by":"3 Sentries","ascension_level":1}}