{"host":"ci7cmvrwpmzqnw7e","time":1610342110,"event":{"mods":["BaseMod","BetterRewards","Colored Map","Downfall","GungeonMod","Highlight Path","Hubris","Infinite Spire","Minty Spire (QoL Compilation)","Random Character Button","Rare Cards Sparkle","Replay The Spire","Shop Mod","StSLib","The Disciple","The Forsaken","The Necromancer"],"gold_per_floor":[115,36,51,51,51,80,80,94,94,22,51,51,51,65,65,161,161,180,195,195,210,136,136,167,180,226,226,226,243,243,243,243,346,346,388,453,65,80,80,80,119,119,142,163,163,190,218,268,268,268],"floor_reached":51,"playtime":2357,"items_purged":["Strike_B"],"score":903,"play_id":"ae3070a5-f198-4fb1-a1ba-1494407cc9c8","local_time":"20210110221510","is_ascension_mode":false,"campfire_choices":[{"data":"Scrape","floor":7,"key":"SMITH"},{"floor":12,"key":"REST"},{"floor":15,"key":"REST"},{"floor":23,"key":"REST"},{"floor":27,"key":"REST"},{"floor":30,"key":"REST"},{"data":"Defend_B","floor":32,"key":"PURGE"},{"floor":40,"key":"REST"},{"floor":42,"key":"REST"},{"data":"1","floor":49,"key":"LIFT"}],"circlet_count":0,"master_deck":["Strike_B","Strike_B","Defend_B","Defend_B","Defend_B","Zap","Dualcast","FTL+1","Scrape+1","Defragment","Crystallizer","Go for the Eyes","hubris:DoWhile+1","Machine Learning","Gash+1","Panic Button+1","Time Bomb+1","White Noise+1","Scrape+1","FTL","Seek+1","BasicCrystalCard+1","infinitespire:Gouge"],"relics":["Cracked Core","Toxic Egg 2","infinitespire:BottledMercury","Bottled Tornado","Replay:Towering Pillar of Hats","Sozu","hubris:Spice","Dream Catcher","hubris:Backtick","Orichalcum","infinitespire:EvilPickle","Girya","hubris:Towel","Incense Burner"],"acts_visited":["Exordium","TheCity","TheBeyond"],"potions_floor_usage":[16,33],"damage_taken":[{"damage":7,"enemies":"Small Slimes","floor":1,"turns":3},{"damage":5,"enemies":"Jaw Worm","floor":3,"turns":2},{"damage":16,"enemies":"Lagavulin","floor":6,"turns":5},{"damage":0,"enemies":"2 Louse","floor":8,"turns":2},{"damage":25,"enemies":"3 Sentries","floor":11,"turns":6},{"damage":21,"enemies":"Exordium Wildlife","floor":14,"turns":3},{"damage":32,"enemies":"Slime Boss","floor":16,"turns":7},{"damage":10,"enemies":"3 Byrds","floor":18,"turns":5},{"damage":12,"enemies":"Chosen","floor":19,"turns":4},{"damage":26,"enemies":"Snake Plant","floor":21,"turns":4},{"damage":43,"enemies":"Book of Stabbing","floor":24,"turns":6},{"damage":10,"enemies":"Chosen and Byrds","floor":25,"turns":4},{"damage":6,"enemies":"Centurion and Healer","floor":29,"turns":3},{"damage":41,"enemies":"Pondfish","floor":33,"turns":7},{"damage":7,"enemies":"Orb Walker","floor":35,"turns":3},{"damage":15,"enemies":"3 Darklings","floor":38,"turns":5},{"damage":33,"enemies":"Nightmare","floor":41,"turns":6},{"damage":19,"enemies":"Writhing Mass","floor":44,"turns":5},{"damage":8,"enemies":"Maw","floor":46,"turns":4},{"damage":0,"enemies":"Transient","floor":47,"turns":5},{"damage":3,"enemies":"Mind Bloom Boss Battle","floor":48,"turns":4},{"damage":30,"enemies":"Awakened One","floor":50,"turns":7}],"seed_played":"-1400609097801765685","potions_obtained":[{"floor":1,"key":"DuplicationPotion"},{"floor":6,"key":"Adrenaline Potion"}],"is_trial":false,"path_per_floor":["M","$","M","?","T","E","R","M","T","$","E","R","$","M","R_BF","B",null,"M","M","?","M","$","R","E","M","T","R","AVR","M","R","?","R_BF","B",null,"M","?","$","M","AVR","R","NM","R","T","M","?","M","M","?","R_BF","B",null],"character_chosen":"DEFECT","items_purchased":["Scrape","Crystallizer","White Noise+1","hubris:Spice"],"campfire_rested":7,"item_purchase_floors":[2,10,22,37],"current_hp_per_floor":[73,73,68,68,68,52,52,52,52,52,27,51,51,30,54,22,80,70,58,58,32,32,56,21,11,11,37,37,31,57,57,57,16,96,89,89,88,73,73,88,55,79,72,53,53,45,45,42,42,12],"gold":268,"neow_bonus":"RANDOM_EVENT","is_daily":false,"chose_seed":false,"campfire_upgraded":1,"win_rate":0.0,"timestamp":1610342110,"path_taken":["M","$","M","?","?","E","R","M","T","$","E","R","?","M","R_BF","BOSS","M","M","?","M","$","R","E","M","T","R","AVR","M","R","?","R_BF","BOSS","M","?","?","?","AVR","R","NM","R","T","M","?","M","M","?","R_BF","BOSS"],"items_purchased_type":["Card","Card","Card","Relic"],"build_version":"2020-12-22","purchased_purges":1,"victory":true,"max_hp_per_floor":[80,80,80,80,80,80,80,80,80,80,80,80,80,80,80,80,80,80,80,80,80,80,80,88,88,88,88,88,88,88,88,88,88,96,96,96,88,88,88,88,80,80,72,72,72,64,64,64,64,64],"card_choices":[{"not_picked":["Rebound","Auto Shields"],"picked":"FTL","floor":1},{"not_picked":["Barrage","Cold Snap","Hologram"],"picked":"SKIP","floor":3},{"not_picked":["Rip and Tear","Leap+1"],"picked":"Defragment","floor":6},{"not_picked":["Steam Power+1","Barrage","Reinforced Body+1"],"picked":"SKIP","floor":8},{"not_picked":["BasicCrystalCard+1","ReplayTheSpireMod:Reroute Power+1"],"picked":"Go for the Eyes","floor":11},{"not_picked":["Compile Driver","Lockon"],"picked":"hubris:DoWhile+1","floor":14},{"not_picked":["All For One","Rainbow+1"],"picked":"Machine Learning","floor":16},{"not_picked":["ReplaySolidLightProjector+1","BasicCrystalCard+1"],"picked":"Gash+1","floor":18},{"not_picked":["ReplayTheSpireMod:Calculation Training+1","Glacier+1"],"picked":"Panic Button+1","floor":19},{"not_picked":["Stack+1","Ball Lightning+1"],"picked":"Time Bomb+1","floor":21},{"not_picked":["Rebound+1","BasicCrystalCard+1"],"picked":"Scrape+1","floor":24},{"not_picked":["Hologram+1","Doom and Gloom"],"picked":"FTL","floor":25},{"not_picked":["ReplayTheSpireMod:GoodbyeWorld","Aggregate+1","Tempest+1"],"picked":"SKIP","floor":29},{"not_picked":["Biased Cognition","Machine Learning"],"picked":"Seek+1","floor":33},{"not_picked":["Cold Snap","Lockon"],"picked":"BasicCrystalCard+1","floor":35},{"not_picked":["Coolheaded+1","Hello World","Sweeping Beam"],"picked":"SKIP","floor":38},{"not_picked":["ReplayTheSpireMod:??????????????????????","ReplayTheSpireMod:Chaos Vortex"],"picked":"infinitespire:Gouge","floor":41},{"not_picked":["Scrape+1","Go for the Eyes"],"picked":"hubris:SpiceAddiction","floor":41},{"not_picked":["Self Repair+1","ReplayTheSpireMod:GoodbyeWorld+1","Barrage+1"],"picked":"SKIP","floor":44},{"not_picked":["hubris:SpiceAddiction","Hologram+1"],"picked":"hubris:SpiceAddiction","floor":46},{"not_picked":["Stack+1","Ball Lightning","ReplaySolidLightProjector+1"],"picked":"SKIP","floor":47}],"player_experience":45266,"relics_obtained":[{"floor":5,"key":"Toxic Egg 2"},{"floor":6,"key":"infinitespire:BottledMercury"},{"floor":9,"key":"Bottled Tornado"},{"floor":11,"key":"Replay:Towering Pillar of Hats"},{"floor":24,"key":"hubris:Spice"},{"floor":26,"key":"Dream Catcher"},{"floor":41,"key":"Girya"},{"floor":43,"key":"hubris:Spice"},{"floor":48,"key":"Incense Burner"}],"event_choices":[{"damage_healed":0,"gold_gain":0,"player_choice":"Donut","damage_taken":0,"max_hp_gain":5,"max_hp_loss":0,"event_name":"Big Fish","floor":0,"gold_loss":0},{"damage_healed":0,"gold_gain":0,"player_choice":"Ignored","damage_taken":0,"max_hp_gain":0,"max_hp_loss":0,"event_name":"Ghosts","floor":20,"gold_loss":0},{"cards_removed":["Strike_B"],"damage_healed":0,"gold_gain":0,"player_choice":"Elegance","damage_taken":0,"max_hp_gain":0,"max_hp_loss":0,"event_name":"Back to Basics","floor":31,"gold_loss":0},{"damage_healed":0,"gold_gain":0,"player_choice":"Fight","damage_taken":0,"max_hp_gain":0,"max_hp_loss":0,"event_name":"MindBloom","floor":48,"gold_loss":0}],"is_beta":false,"boss_relics":[{"not_picked":["infinitespire:Cupcake","hubris:ScarierMask"],"picked":"Sozu"},{"not_picked":["Velvet Choker","hubris:Spice"],"picked":"hubris:Spice"}],"items_purged_floors":[37],"is_endless":false,"potions_floor_spawned":[1,6,21,24,29,33,35,44,47],"ascension_level":0}}