{"host":"8dj45gzebzp3mv4v","time":1610399832,"event":{"mods":["BaseMod","Better Third Choice","Downfall","Minty Spire (QoL Compilation)","Reworked Bosses","Shade Mod","StSLib","Unceasing Turn Reminder"],"gold_per_floor":[99,99,199,55,155,173,173,23,43,73,86,86,86,98,114,215,215,215,232,232,252,252,252,252,252],"floor_reached":23,"playtime":1678,"items_purged":[],"score":198,"play_id":"b13812e3-972c-4dff-bffd-0f8d932b917c","local_time":"20210111221712","is_ascension_mode":true,"campfire_choices":[{"floor":1,"key":"RECALL"},{"data":"hexamod:UnleashSpirits","floor":8,"key":"SMITH"},{"data":"hexamod:RecurringNightmare","floor":12,"key":"SMITH"},{"data":"hexamod:UnleashSpirits","floor":18,"key":"SMITH"}],"circlet_count":0,"master_deck":["hexamod:Strike","hexamod:Strike","hexamod:Strike","hexamod:Strike","hexamod:Defend","hexamod:Defend","hexamod:Defend","hexamod:Defend","hexamod:Float","hexamod:Hexaguard","hexamod:FastForward","hexamod:NightmareGuise","hexamod:NightmareGuise","hexamod:FourthSeal","hexamod:UnleashSpirits+1","hexamod:NightmareStrike","hexamod:SecondSeal","hexamod:PowerFromBeyond","hexamod:GhostShield","hexamod:GhostShield","hexamod:RecurringNightmare+1","hexamod:UnleashSpirits+1","hexamod:FastForward","hexamod:VolcanoVisage","hexamod:Hexaguard"],"relics":["hexamod:SpiritBrand","downfall:HeartsMalice","Orrery","Toy Ornithopter","downfall:HeartBlessingRed","downfall:HeartBlessingBlue","Pantograph","hexamod:IceCube"],"acts_visited":["Exordium","TheCity"],"potions_floor_usage":[16,23,23],"damage_taken":[{"damage":0,"enemies":"Jaw Worm","floor":2,"turns":1},{"damage":0,"enemies":"downfall:FleeingMerchant","floor":4,"turns":1},{"damage":0,"enemies":"downfall:LadyInBlue","floor":5,"turns":1},{"damage":1,"enemies":"2 Louse","floor":6,"turns":4},{"damage":0,"enemies":"Cultist","floor":9,"turns":5},{"damage":7,"enemies":"3 Sentries","floor":10,"turns":8},{"damage":0,"enemies":"Exordium Thugs","floor":11,"turns":6},{"damage":0,"enemies":"2 Fungi Beasts","floor":14,"turns":4},{"damage":0,"enemies":"Exordium Wildlife","floor":15,"turns":2},{"damage":7,"enemies":"downfall:Watcher","floor":16,"turns":8},{"damage":6,"enemies":"Spheric Guardian","floor":19,"turns":4},{"damage":2,"enemies":"Centurion and Healer","floor":21,"turns":5},{"damage":84,"enemies":"Gremlin Leader","floor":23,"turns":8}],"seed_played":"-8035368336046495239","potions_obtained":[{"floor":5,"key":"Dexterity Potion"},{"floor":5,"key":"LiquidBronze"},{"floor":5,"key":"Swift Potion"},{"floor":9,"key":"Fire Potion"},{"floor":16,"key":"PowerPotion"},{"floor":20,"key":"CultistPotion"}],"is_trial":false,"path_per_floor":["R","M","?","$","?","M","T","R","M","E","M","R","?","M","M","B",null,"R","M","?","M","?","E"],"character_chosen":"THE_SPIRIT","items_purchased":["Orrery"],"campfire_rested":0,"item_purchase_floors":[4],"current_hp_per_floor":[70,70,70,70,70,69,69,79,79,72,72,72,72,72,72,75,80,80,74,74,72,72,0,0,0],"gold":252,"neow_bonus":"THREE_ENEMY_KILL","is_daily":false,"chose_seed":false,"campfire_upgraded":3,"win_rate":0.0,"timestamp":1610399832,"path_taken":["R","M","?","$","?","M","T","R","?","E","M","R","?","M","M","BOSS","R","M","?","M","?","E"],"items_purchased_type":["Relic"],"build_version":"2020-12-22","purchased_purges":0,"victory":false,"max_hp_per_floor":[70,70,70,70,70,70,70,80,80,80,80,80,80,80,80,80,80,80,80,80,80,80,80,80,80],"card_choices":[{"not_picked":["hexamod:GhostflameBarrier","hexamod:EmpoweredFlame"],"picked":"hexamod:Hexaguard","floor":2},{"not_picked":["hexamod:HauntingEcho","hexamod:PhantomFireball"],"picked":"hexamod:FastForward","floor":4},{"not_picked":["hexamod:RainOfEmbers","hexamod:BacktrackSmack"],"picked":"hexamod:NightmareGuise","floor":4},{"not_picked":["hexamod:SwordOfDarkness","hexamod:Haunt"],"picked":"hexamod:NightmareGuise","floor":4},{"not_picked":["hexamod:ThermalTransfer","hexamod:GhostOfSpirePast"],"picked":"hexamod:FourthSeal","floor":4},{"not_picked":["hexamod:HauntingEcho","hexamod:GhostOfSpirePresent"],"picked":"hexamod:UnleashSpirits","floor":4},{"not_picked":["hexamod:RadiantFlame","hexamod:GhostOfSpirePresent"],"picked":"hexamod:NightmareStrike","floor":4},{"not_picked":["hexamod:HauntingEcho","hexamod:NightmareGuise"],"picked":"hexamod:SecondSeal","floor":5},{"not_picked":["hexamod:RetreatToShadows","hexamod:BurningTouch"],"picked":"hexamod:PowerFromBeyond","floor":6},{"not_picked":["hexamod:HeatCrush","hexamod:GhostflameBarrier"],"picked":"hexamod:GhostShield","floor":9},{"not_picked":["hexamod:Firestarter","hexamod:NightmareStrike"],"picked":"hexamod:GhostShield","floor":10},{"not_picked":["hexamod:BacktrackSmack","hexamod:RadiantFlame"],"picked":"hexamod:RecurringNightmare","floor":11},{"not_picked":["hexamod:HeatCrush","hexamod:DynamicBlow"],"picked":"hexamod:UnleashSpirits","floor":14},{"not_picked":["hexamod:ThermalTransfer","hexamod:FourthSeal"],"picked":"hexamod:FastForward","floor":15},{"not_picked":["hexamod:GhostflameInferno","hexamod:EmpoweringStance"],"picked":"hexamod:VolcanoVisage","floor":16},{"not_picked":["hexamod:NightmareGuise","hexamod:AdvancingGuard"],"picked":"hexamod:Hexaguard","floor":19},{"not_picked":["hexamod:BurningTouch","hexamod:SoulSteal","hexamod:Incineration"],"picked":"SKIP","floor":21}],"player_experience":732865,"relics_obtained":[{"floor":5,"key":"Toy Ornithopter"},{"floor":10,"key":"Pantograph"}],"event_choices":[{"cards_removed":["hexamod:Sear"],"damage_healed":0,"gold_gain":0,"player_choice":"Purged","damage_taken":0,"max_hp_gain":0,"max_hp_loss":0,"event_name":"Purifier","floor":13,"gold_loss":0}],"is_beta":false,"boss_relics":[{"not_picked":["Tiny House","Philosopher\u0027s Stone"],"picked":"hexamod:IceCube"}],"items_purged_floors":[],"is_endless":false,"potions_floor_spawned":[9,10,14,16],"killed_by":"Gremlin Leader","ascension_level":1}}