{"host":"7rmsgc3rayi00cdt","time":1610390259,"event":{"mods":["BaseMod","Minty Spire (QoL Compilation)"],"gold_per_floor":[110,185,196,196,212,212,212,230,230,260,280,280,18,18,18,111,174,189,204,223,223,247,247,97,372,372,51,69,113,127,145,145,241,241,260,210,226,141,141,184,131,131,181,225,73,73,91,109,109,109],"floor_reached":51,"playtime":2021,"items_purged":["Regret"],"score":1378,"play_id":"4a37774c-1a8a-4c5f-bc61-038337a02567","local_time":"20210111183739","is_ascension_mode":true,"campfire_choices":[{"floor":6,"key":"REST"},{"floor":12,"key":"REST"},{"data":"Scrape","floor":15,"key":"SMITH"},{"floor":23,"key":"REST"},{"data":"Go for the Eyes","floor":32,"key":"SMITH"},{"data":"Hologram","floor":42,"key":"SMITH"},{"floor":49,"key":"REST"}],"circlet_count":0,"master_deck":["AscendersBane","Strike_B","Strike_B","Strike_B","Strike_B","Defend_B","Defend_B","Defend_B","Defend_B","Zap+1","Dualcast","Scrape+1","BootSequence","Gash","Leap+1","Go for the Eyes","Gash","Machine Learning","Gash","Gash","Chill+1","Streamline","Panache","Scrape","Gash","Go for the Eyes+1","Beam Cell+1","All For One","Stack+1","Go for the Eyes+1","Finesse","Reboot","Hologram+1","Streamline+1"],"relics":["Cracked Core","Pantograph","Darkstone Periapt","Bronze Scales","Ornamental Fan","Golden Idol","Tiny House","Spirit Poop","Pen Nib","Cables","Nunchaku","Nuclear Battery","Mercury Hourglass","White Beast Statue","Centennial Puzzle","Akabeko","Bag of Preparation"],"acts_visited":["TheCity","TheBeyond"],"potions_floor_usage":[10,10,20,20,28,29,31,33,40],"damage_taken":[{"damage":3.0,"enemies":"2 Louse","floor":1.0,"turns":2.0},{"damage":4,"enemies":"Small Slimes","floor":3,"turns":3},{"damage":0,"enemies":"Jaw Worm","floor":5,"turns":2},{"damage":6,"enemies":"3 Louse","floor":8,"turns":3},{"damage":15,"enemies":"Lagavulin","floor":10,"turns":6},{"damage":10,"enemies":"Looter","floor":11,"turns":4},{"damage":61,"enemies":"Hexaghost","floor":16,"turns":10},{"damage":10,"enemies":"2 Thieves","floor":18,"turns":4},{"damage":0,"enemies":"Chosen","floor":19,"turns":4},{"damage":29,"enemies":"Sentry and Sphere","floor":20,"turns":5},{"damage":12,"enemies":"Chosen and Byrds","floor":22,"turns":5},{"damage":18,"enemies":"Snake Plant","floor":28,"turns":5},{"damage":0,"enemies":"Gremlin Leader","floor":29,"turns":4},{"damage":0,"enemies":"Centurion and Healer","floor":30,"turns":4},{"damage":12,"enemies":"Chosen and Byrds","floor":31,"turns":5},{"damage":58,"enemies":"Automaton","floor":33,"turns":8},{"damage":7,"enemies":"3 Shapes","floor":35,"turns":13},{"damage":0,"enemies":"Orb Walker","floor":37,"turns":2},{"damage":19,"enemies":"Reptomancer","floor":40,"turns":5},{"damage":20,"enemies":"Nemesis","floor":44,"turns":5},{"damage":0,"enemies":"Sphere and 2 Shapes","floor":47,"turns":8},{"damage":7,"enemies":"3 Darklings","floor":48,"turns":4},{"damage":44,"enemies":"Donu and Deca","floor":50,"turns":8}],"seed_played":"-8155750316419978220","potions_obtained":[{"floor":5,"key":"FocusPotion"},{"floor":8,"key":"SkillPotion"},{"floor":10,"key":"PotionOfCapacity"},{"floor":11,"key":"SteroidPotion"},{"floor":17,"key":"Regen Potion"},{"floor":18,"key":"Explosive Potion"},{"floor":20,"key":"AttackPotion"},{"floor":22,"key":"Explosive Potion"},{"floor":30,"key":"Fruit Juice"},{"floor":31,"key":"FearPotion"},{"floor":37,"key":"Regen Potion"},{"floor":44,"key":"DuplicationPotion"},{"floor":47,"key":"FairyPotion"}],"is_trial":false,"path_per_floor":["M","?","M","?","M","R","?","M","T","E","M","R","$","?","R","B",null,"M","M","M","?","M","R","$","?","T","$","M","E","M","M","R","B",null,"M","?","M","$","T","E","$","R","T","E","$","?","M","M","R","B",null],"character_chosen":"DEFECT","items_purchased":["Ornamental Fan","Pen Nib","Panache","Scrape","Finesse","Hologram","Bag of Preparation"],"campfire_rested":4,"item_purchase_floors":[13,24,27,27,38,41,45],"current_hp_per_floor":[57,46,42,42,42,67,56,50,50,35,25,50,50,56,56,20,78,68,68,51,51,39,67,67,73,73,73,55,55,55,48,48,15,84,77,77,77,77,77,70,70,70,70,50,50,50,50,43,75,56],"gold":109,"neow_bonus":"TWENTY_PERCENT_HP_BONUS","is_daily":false,"chose_seed":false,"campfire_upgraded":3,"win_rate":0.0,"timestamp":1610390259,"path_taken":["M","?","M","?","M","R","?","M","T","E","M","R","$","?","R","BOSS","M","M","M","?","?","R","?","?","T","$","M","E","?","M","R","BOSS","M","?","M","$","?","E","$","R","T","E","?","?","?","M","R","BOSS"],"items_purchased_type":["Relic","Relic","Card","Card","Card","Card","Relic"],"build_version":"2020-12-22","purchased_purges":1,"victory":true,"max_hp_per_floor":[85,85,85,85,85,85,85,85,85,85,85,85,85,91,91,91,96,96,96,96,96,96,96,96,102,102,102,102,102,102,107,107,107,107,107,107,107,107,107,107,107,107,107,107,107,107,107,107,107,107],"card_choices":[{"not_picked":["Leap","Coolheaded"],"picked":"Scrape","floor":1},{"not_picked":["Chaos","Leap"],"picked":"BootSequence","floor":3},{"not_picked":["Reinforced Body","Rebound"],"picked":"Gash","floor":5},{"not_picked":["Conserve Battery","Cold Snap"],"picked":"Leap","floor":8},{"not_picked":["Seek","Chaos"],"picked":"Go for the Eyes","floor":10},{"not_picked":["Chill","Stack"],"picked":"Gash","floor":11},{"not_picked":["Creative AI","Rainbow"],"picked":"Machine Learning","floor":16},{"not_picked":["Cold Snap","Sunder"],"picked":"Gash","floor":17},{"not_picked":["Cold Snap+1","Leap"],"picked":"Gash","floor":18},{"not_picked":["Turbo","Steam"],"picked":"Chill","floor":19},{"not_picked":["Rip and Tear","Barrage","Skim"],"picked":"SKIP","floor":20},{"not_picked":["Redo","Hologram"],"picked":"Streamline","floor":22},{"not_picked":["Recycle","Steam"],"picked":"Gash","floor":28},{"not_picked":["Steam Power","Blizzard"],"picked":"Go for the Eyes","floor":29},{"not_picked":["Reinforced Body","Defragment+1"],"picked":"Beam Cell","floor":30},{"not_picked":["Fusion","Gash"],"picked":"All For One","floor":31},{"not_picked":["Streamline+1","Recycle"],"picked":"Stack+1","floor":35},{"not_picked":["Double Energy","Coolheaded"],"picked":"Go for the Eyes+1","floor":37},{"not_picked":["Glacier","Compile Driver"],"picked":"Reboot","floor":40},{"not_picked":["Gash","Barrage","Hyperbeam"],"picked":"SKIP","floor":44},{"not_picked":["Hologram","Coolheaded","Reinforced Body"],"picked":"SKIP","floor":47},{"not_picked":["Hologram","Compile Driver"],"picked":"Streamline+1","floor":48}],"player_experience":755871,"relics_obtained":[{"floor":9,"key":"Darkstone Periapt"},{"floor":10,"key":"Bronze Scales"},{"floor":26,"key":"Cables"},{"floor":29,"key":"Nunchaku"},{"floor":39,"key":"Mercury Hourglass"},{"floor":40,"key":"White Beast Statue"},{"floor":43,"key":"Centennial Puzzle"},{"floor":44,"key":"Akabeko"}],"event_choices":[{"damage_healed":0,"gold_gain":75,"player_choice":"Gather Gold","damage_taken":11,"max_hp_gain":0,"max_hp_loss":0,"event_name":"World of Goop","floor":2,"gold_loss":0},{"damage_healed":0,"gold_gain":0,"player_choice":"Grow","damage_taken":0,"max_hp_gain":0,"max_hp_loss":0,"event_name":"Living Wall","floor":4,"gold_loss":0,"cards_upgraded":["Zap"]},{"damage_healed":0,"gold_gain":0,"player_choice":"Success","damage_taken":11,"relics_obtained":["Pantograph"],"max_hp_gain":0,"max_hp_loss":0,"event_name":"Scrap Ooze","floor":7,"gold_loss":0},{"damage_healed":0,"gold_gain":0,"player_choice":"Take Wound","damage_taken":0,"relics_obtained":["Golden Idol"],"max_hp_gain":0,"max_hp_loss":0,"event_name":"Golden Idol","floor":14,"gold_loss":0,"cards_obtained":["Injury"]},{"cards_removed":["Injury"],"damage_healed":0,"gold_gain":0,"player_choice":"Offered Curse","damage_taken":0,"relics_obtained":["Spirit Poop"],"max_hp_gain":0,"max_hp_loss":0,"event_name":"Bonfire Elementals","floor":21,"gold_loss":0},{"damage_healed":0,"gold_gain":275,"player_choice":"Desecrate","damage_taken":0,"max_hp_gain":0,"max_hp_loss":0,"event_name":"Golden Shrine","floor":25,"gold_loss":0,"cards_obtained":["Regret"]},{"damage_healed":0,"gold_gain":0,"player_choice":"Upgraded Two","damage_taken":0,"max_hp_gain":0,"max_hp_loss":0,"event_name":"Designer","floor":36,"gold_loss":50,"cards_upgraded":["Chill","Beam Cell"]},{"damage_healed":0,"gold_gain":0,"player_choice":"Ignored","damage_taken":0,"max_hp_gain":0,"max_hp_loss":0,"event_name":"SecretPortal","floor":46,"gold_loss":0}],"is_beta":false,"boss_relics":[{"not_picked":["Sozu","Ectoplasm"],"picked":"Tiny House"},{"not_picked":["Snecko Eye","Inserter"],"picked":"Nuclear Battery"}],"items_purged_floors":[27],"is_endless":false,"potions_floor_spawned":[5,8,10,11,18,20,22,30,31,37,44,47,48],"ascension_level":15}}