{"host":"v79nb9qnzs8cga96","time":1610397556,"event":{"mods":["BaseMod","Better Note","Block Reminder","GifTheSpireLib","Minty Spire (QoL Compilation)","Small Relic Pack","StSLib","Stuff the Spire"],"gold_per_floor":[112,112,130,150,164,195,195,213,222,236,236,255,273,308,308,415,415,430,430,439,455,455,455,467,494,526,570,147,167,192,132,132,240,240,256,265,265,190,201,201,230,248,248,248,248,262,296,310,310,319],"floor_reached":51,"playtime":2037,"items_purged":[],"score":1079,"play_id":"c8facd6b-712f-410f-8d76-72ec2cdeaeda","local_time":"20210111223916","daily_mods":["Draft","Hoarder","Cursed Run"],"is_ascension_mode":false,"campfire_choices":[{"floor":7.0,"key":"REST"},{"floor":15.0,"key":"REST"},{"data":"StuffTheSpire:CopiaOfFamine","floor":23.0,"key":"SMITH"},{"data":"StuffTheSpire:CopiaOfFamine","floor":32.0,"key":"SMITH"},{"data":"1","floor":40.0,"key":"LIFT"},{"floor":49,"key":"REST"}],"circlet_count":0,"master_deck":["CrushJoints","CrushJoints","CrushJoints","Consecrate","Consecrate","Consecrate","Consecrate","Consecrate","Consecrate","FollowUp","FollowUp","FollowUp","WindmillStrike+1","WindmillStrike","WindmillStrike+1","CrushJoints","CrushJoints","CrushJoints","BattleHymn","BattleHymn","BattleHymn","Protect","Protect","Protect","Prostrate","Prostrate","Prostrate","FlurryOfBlows","FlurryOfBlows","FlurryOfBlows","Prostrate","Prostrate","Prostrate","CutThroughFate","CutThroughFate","CutThroughFate","Halt+1","Halt","Evaluate+1","Evaluate","Evaluate","PathToVictory","PathToVictory","PathToVictory","Blasphemy","Blasphemy","Blasphemy","Writhe","Writhe","Writhe","Decay","Decay","Decay","StuffTheSpire:CopiaOfFamine+1","StuffTheSpire:CopiaOfFamine+1","StuffTheSpire:CopiaOfFamine+1","Parasite","Parasite","Parasite","Prostrate","Prostrate","Prostrate","LessonLearned","LessonLearned","LessonLearned","Normality","StuffTheSpire:Ambrosia","StuffTheSpire:Ambrosia","StuffTheSpire:Ambrosia","Doubt","Doubt","Doubt"],"relics":["Cursed Key","Darkstone Periapt","Du-Vu Doll","CeramicFish","TungstenRod","Mummified Hand","SlaversCollar","Girya","MealTicket","Membership Card","Nunchaku","StuffTheSpire:Expresso","Regal Pillow","Empty Cage","Damaru","InkBottle","relicPack:AllForOne","Anchor"],"acts_visited":["Exordium","TheCity","TheBeyond"],"potions_floor_usage":[],"damage_taken":[{"damage":0.0,"enemies":"Cultist","floor":1.0,"turns":3.0},{"damage":1.0,"enemies":"2 Louse","floor":3.0,"turns":3.0},{"damage":0.0,"enemies":"Small Slimes","floor":4.0,"turns":3.0},{"damage":7.0,"enemies":"Red Slaver","floor":5.0,"turns":2.0},{"damage":12.0,"enemies":"3 Sentries","floor":6.0,"turns":5.0},{"damage":0.0,"enemies":"Looter","floor":8.0,"turns":2.0},{"damage":10.0,"enemies":"2 Fungi Beasts","floor":10.0,"turns":2.0},{"damage":11.0,"enemies":"Blue Slaver","floor":12.0,"turns":2.0},{"damage":0.0,"enemies":"Exordium Thugs","floor":13.0,"turns":3.0},{"damage":5.0,"enemies":"Lagavulin","floor":14.0,"turns":7.0},{"damage":29.0,"enemies":"Hexaghost","floor":16.0,"turns":6.0},{"damage":27.0,"enemies":"2 Thieves","floor":18.0,"turns":4.0},{"damage":4.0,"enemies":"3 Byrds","floor":21.0,"turns":3.0},{"damage":0.0,"enemies":"Snake Plant","floor":24.0,"turns":3.0},{"damage":20.0,"enemies":"Slavers","floor":25.0,"turns":3.0},{"damage":19.0,"enemies":"Gremlin Leader","floor":27.0,"turns":7.0},{"damage":0.0,"enemies":"Snecko","floor":29.0,"turns":4.0},{"damage":0.0,"enemies":"Book of Stabbing","floor":30.0,"turns":5.0},{"damage":11.0,"enemies":"Collector","floor":33.0,"turns":6.0},{"damage":21.0,"enemies":"3 Shapes","floor":35.0,"turns":4.0},{"damage":0.0,"enemies":"Orb Walker","floor":39.0,"turns":4.0},{"damage":18.0,"enemies":"Giant Head","floor":41.0,"turns":7.0},{"damage":9.0,"enemies":"Maw","floor":42.0,"turns":4.0},{"damage":64,"enemies":"4 Shapes","floor":46,"turns":4},{"damage":10,"enemies":"Nemesis","floor":47,"turns":5},{"damage":7,"enemies":"Transient","floor":48,"turns":5},{"damage":10,"enemies":"Time Eater","floor":50,"turns":9}],"seed_played":"3012898929390826586","potions_obtained":[{"floor":1.0,"key":"ColorlessPotion"},{"floor":4.0,"key":"SteroidPotion"},{"floor":5.0,"key":"Strength Potion"},{"floor":25.0,"key":"Ancient Potion"},{"floor":33.0,"key":"EntropicBrew"}],"is_trial":true,"path_per_floor":["M","?","M","M","M","E","R","M","T","M","?","M","M","E","R","B",null,"M","?","?","M","?","R","M","E","T","E","$","M","E","$","R","B",null,"M","?","?","$","M","R","E","M","T","?","?","M","E","M","R","B",null],"character_chosen":"WATCHER","items_purchased":["Membership Card","Fruit Juice","Nunchaku","StuffTheSpire:Expresso","LessonLearned","Damaru"],"campfire_rested":3,"item_purchase_floors":[28,28,28,28,31,38],"current_hp_per_floor":[72,72,71,71,64,52,72,72,90,80,80,69,69,64,90,79,108,81,81,64,60,60,60,60,40,58,41,61,63,65,80,80,89,149,128,128,128,143,146,146,131,125,125,125,125,64,57,53,118,129],"gold":319,"neow_bonus":"","is_daily":false,"chose_seed":false,"campfire_upgraded":2,"win_rate":0.0,"timestamp":1610397556,"path_taken":["M","?","M","M","M","E","R","?","T","M","?","M","M","E","R","BOSS","M","?","?","M","?","R","M","E","T","E","$","M","E","$","R","BOSS","M","?","?","$","?","R","E","M","T","?","?","M","E","?","R","BOSS"],"items_purchased_type":["Relic","Potion","Relic","Relic","Card","Relic"],"build_version":"2020-12-22","purchased_purges":0,"victory":true,"max_hp_per_floor":[72,72,72,72,72,72,72,72,90,90,90,90,90,90,90,108,108,108,108,108,108,108,108,108,108,126,126,131,131,131,131,131,149,149,149,149,149,149,152,152,155,158,158,158,158,161,164,167,167,188],"card_choices":[{"not_picked":["EmptyMind","InnerPeace"],"picked":"CrushJoints","floor":0.0},{"not_picked":["ForeignInfluence","Pray"],"picked":"Consecrate","floor":0.0},{"not_picked":["Evaluate","Fasting2"],"picked":"Consecrate","floor":0.0},{"not_picked":["CrushJoints","ClearTheMind"],"picked":"FollowUp","floor":0.0},{"not_picked":["Meditate","Crescendo"],"picked":"WindmillStrike","floor":0.0},{"not_picked":["Study","JustLucky"],"picked":"CrushJoints","floor":0.0},{"not_picked":["FlyingSleeves","Sanctity"],"picked":"BattleHymn","floor":0.0},{"not_picked":["InnerPeace","ClearTheMind"],"picked":"Protect","floor":0.0},{"not_picked":["WreathOfFlame","Crescendo"],"picked":"Prostrate","floor":0.0},{"not_picked":["Collect","JustLucky"],"picked":"FlurryOfBlows","floor":0.0},{"not_picked":["Halt","WreathOfFlame"],"picked":"Prostrate","floor":0.0},{"not_picked":["EmptyFist","Wallop"],"picked":"CutThroughFate","floor":0.0},{"not_picked":["Study","Sanctity"],"picked":"Halt","floor":0.0},{"not_picked":["FlyingSleeves","ThirdEye"],"picked":"Evaluate","floor":0.0},{"not_picked":["SandsOfTime","Conclude"],"picked":"PathToVictory","floor":0.0},{"not_picked":["Consecrate","Evaluate","SignatureMove"],"picked":"SKIP","floor":1.0},{"not_picked":["WreathOfFlame","Evaluate","SashWhip"],"picked":"SKIP","floor":3.0},{"not_picked":["TalkToTheHand","Crescendo","Perseverance"],"picked":"SKIP","floor":4.0},{"not_picked":["WaveOfTheHand","BowlingBash","Halt"],"picked":"SKIP","floor":5.0},{"not_picked":["ReachHeaven","TalkToTheHand","FlyingSleeves"],"picked":"SKIP","floor":6.0},{"not_picked":["FlyingSleeves","SandsOfTime","Perseverance"],"picked":"SKIP","floor":8.0},{"not_picked":["Protect","LikeWater","Halt"],"picked":"SKIP","floor":10.0},{"not_picked":["EmptyFist","Study","Indignation"],"picked":"SKIP","floor":12.0},{"not_picked":["Adaptation","PathToVictory","Worship"],"picked":"SKIP","floor":13.0},{"not_picked":["Protect","Vault","MentalFortress"],"picked":"SKIP","floor":14.0},{"not_picked":["FlyingSleeves","Crescendo","Worship+1"],"picked":"SKIP","floor":18.0},{"not_picked":["EmptyBody","DeceiveReality","FlyingSleeves"],"picked":"SKIP","floor":21.0},{"not_picked":["Sanctity","ReachHeaven","FearNoEvil"],"picked":"SKIP","floor":24.0},{"not_picked":["Collect","Consecrate","Evaluate+1"],"picked":"SKIP","floor":25.0},{"not_picked":["Swivel","ThirdEye"],"picked":"Prostrate","floor":27.0},{"not_picked":["SandsOfTime","BowlingBash","Swivel+1"],"picked":"SKIP","floor":29.0},{"not_picked":["Worship","EmptyBody","JustLucky"],"picked":"SKIP","floor":30.0},{"not_picked":["EmptyFist+1","Halt+1","Consecrate+1"],"picked":"SKIP","floor":35.0},{"not_picked":["StuffTheSpire:Brawn","StuffTheSpire:Vigor"],"picked":"StuffTheSpire:Ambrosia","floor":36.0},{"not_picked":["Evaluate","LikeWater","Consecrate"],"picked":"SKIP","floor":39.0},{"not_picked":["EmptyBody+1","ThirdEye+1","CrushJoints+1"],"picked":"SKIP","floor":41.0},{"not_picked":["SashWhip+1","Consecrate+1","CrushJoints"],"picked":"SKIP","floor":42.0},{"not_picked":["FearNoEvil+1","CrushJoints","SignatureMove+1"],"picked":"SKIP","floor":46},{"not_picked":["Swivel+1","TalkToTheHand+1","LikeWater+1"],"picked":"SKIP","floor":47},{"not_picked":["CrushJoints","FlyingSleeves","MentalFortress"],"picked":"SKIP","floor":48}],"player_experience":329530,"relics_obtained":[{"floor":6.0,"key":"CeramicFish"},{"floor":9.0,"key":"TungstenRod"},{"floor":14.0,"key":"Mummified Hand"},{"floor":25.0,"key":"Girya"},{"floor":26.0,"key":"Blood Vial"},{"floor":27.0,"key":"MealTicket"},{"floor":30.0,"key":"Regal Pillow"},{"floor":41.0,"key":"InkBottle"},{"floor":47,"key":"Anchor"}],"event_choices":[{"damage_healed":0.0,"max_hp_gain":0.0,"max_hp_loss":0.0,"gold_gain":0.0,"cards_transformed":["Halt"],"event_name":"Transmorgrifier","player_choice":"Transformed","floor":2.0,"gold_loss":0.0,"damage_taken":0.0,"cards_obtained":["Blasphemy"]},{"damage_healed":0.0,"max_hp_gain":0.0,"max_hp_loss":0.0,"gold_gain":0.0,"event_name":"Living Wall","player_choice":"Grow","floor":11.0,"gold_loss":0.0,"damage_taken":0.0,"cards_upgraded":["WindmillStrike"]},{"damage_healed":0.0,"max_hp_gain":0.0,"max_hp_loss":0.0,"gold_gain":0.0,"event_name":"betterNote:BetterNote","player_choice":"Ignored","floor":19.0,"gold_loss":0.0,"damage_taken":0.0,"cards_obtained":["Wish"]},{"damage_healed":0,"gold_gain":0,"player_choice":"Upgraded","damage_taken":0,"max_hp_gain":0,"max_hp_loss":0,"event_name":"Upgrade Shrine","floor":45,"gold_loss":0,"cards_upgraded":["StuffTheSpire:CopiaOfFamine"]}],"is_beta":false,"boss_relics":[{"not_picked":["StuffTheSpire:RunicConfusion","Philosopher\u0027s Stone"],"picked":"SlaversCollar"},{"not_picked":["Busted Crown","Fusion Hammer"],"picked":"Empty Cage"}],"items_purged_floors":[],"is_endless":false,"potions_floor_spawned":[1,4,5,8,10,16,21,24,25,33,39,46],"ascension_level":0}}