{"host":"odz7g4gpgch153rb","time":1610336114,"event":{"mods":["AchievementEnabler","BaseMod","Better Match","Better Third Choice","BetterRewards","GifTheSpireLib","Infinite Spire","Jedi Mod","Minty Spire (QoL Compilation)","Quick Restart","Replay The Spire","Spikes Relics","StSLib","Stuff the Spire","The Blue Laboratory","Trackpad"],"gold_per_floor":[109,121,44,128,108,140,140,140,140],"floor_reached":8,"playtime":239,"items_purged":[],"score":150,"play_id":"52fcbee9-3259-4b97-a6d8-a62f28c2770d","local_time":"20210110223514","is_ascension_mode":true,"campfire_choices":[{"floor":7,"key":"REST"}],"circlet_count":0,"master_deck":["AscendersBane","Strike_G","Strike_G","Strike_G","Strike_G","Strike_G","Defend_G","Defend_G","Defend_G","Defend_G","Defend_G","Survivor","Neutralize","Dagger Throw","Prepared","Footwork","Prepared","Prepared"],"relics":["Ring of the Snake","NeowsBlessing","trackpad:SappingStone","StuffTheSpire:Barrel"],"acts_visited":["Exordium"],"potions_floor_usage":[],"damage_taken":[{"damage":0,"enemies":"Jaw Worm","floor":1,"turns":1},{"damage":0,"enemies":"Small Slimes","floor":2,"turns":1},{"damage":0,"enemies":"Replay:BlueRogue","floor":6,"turns":1},{"damage":21,"enemies":"Lagavulin","floor":8,"turns":6}],"seed_played":"3803368267762776704","potions_obtained":[{"floor":1,"key":"SpeedPotion"},{"floor":5,"key":"blueLaboratory:HeartbeatPotion"}],"is_trial":false,"path_per_floor":["M","M","$","?","?","E","R","E"],"character_chosen":"THE_SILENT","items_purchased":["Footwork"],"campfire_rested":1,"item_purchase_floors":[3],"current_hp_per_floor":[59,59,59,38,38,38,57,36,36],"gold":140,"neow_bonus":"THREE_ENEMY_KILL","is_daily":false,"chose_seed":false,"campfire_upgraded":0,"win_rate":0.0,"timestamp":1610336114,"path_taken":["M","M","$","?","?","E","R","E"],"items_purchased_type":["Card"],"build_version":"2020-12-22","purchased_purges":0,"victory":false,"max_hp_per_floor":[66,66,66,66,66,66,66,66,66],"card_choices":[{"not_picked":["Quick Slash","StuffTheSpire:ClusterCrunch"],"picked":"Dagger Throw","floor":1},{"not_picked":["StuffTheSpire:ClusterCrunch","ReplayTheSpireMod:Tripwire"],"picked":"Prepared","floor":2},{"not_picked":["PiercingWail","Concentrate"],"picked":"Prepared","floor":4},{"not_picked":["Deadly Poison","PiercingWail"],"picked":"Prepared","floor":4},{"not_picked":["jedi:poisonivy","Quick Slash","PiercingWail"],"picked":"SKIP","floor":6}],"player_experience":1030249,"relics_obtained":[{"floor":4,"key":"trackpad:SappingStone"},{"floor":6,"key":"StuffTheSpire:Barrel"}],"event_choices":[{"damage_healed":0,"gold_gain":0,"player_choice":"Bought 1 Potion","damage_taken":0,"max_hp_gain":0,"max_hp_loss":0,"event_name":"The Woman in Blue","floor":5,"gold_loss":0}],"is_beta":false,"boss_relics":[],"items_purged_floors":[],"is_endless":false,"potions_floor_spawned":[1],"killed_by":"Lagavulin","ascension_level":18}}