{"host":"nskcj6qu6rcsb0l3","time":1610344002,"event":{"mods":["BaseMod","Better Match","Better Note","Minty Spire (QoL Compilation)","StSLib"],"gold_per_floor":[116,67,77,91,109,141,141,151,232,248,264,137,157,175,175,279,279,296,314,314,325,325,351,56,56,104,104,24,24,37,47,47,47,47],"floor_reached":33,"playtime":849,"items_purged":[],"score":273,"play_id":"fa2e3cb6-4a68-428a-afba-6434d0adcb64","local_time":"20210111064642","is_ascension_mode":false,"campfire_choices":[{"floor":7,"key":"REST"},{"data":"Accuracy","floor":15,"key":"SMITH"},{"floor":32,"key":"REST"}],"circlet_count":0,"master_deck":["Strike_G","Strike_G","Strike_G","Strike_G","Strike_G","Defend_G","Defend_G","Defend_G","Defend_G","Defend_G","Survivor","Neutralize","Infinite Blades","Blade Dance","Dagger Spray","Blur","Dodge and Roll","Dodge and Roll","Accuracy+1","Backflip+1","Deflect+1","Corpse Explosion+1","Cloak And Dagger+1","Cloak And Dagger+1","Dodge and Roll+1","Noxious Fumes","Noxious Fumes","Accuracy","Deflect+1"],"relics":["NeowsBlessing","Bronze Scales","Toxic Egg 2","SacredBark","Nloth\u0027s Gift","Prayer Wheel","Ninja Scroll","InkBottle","Anchor"],"acts_visited":["Exordium","TheCity"],"potions_floor_usage":[6,16,16,16,23,33,33],"damage_taken":[{"damage":0,"enemies":"Cultist","floor":1,"turns":1},{"damage":0,"enemies":"Jaw Worm","floor":3,"turns":1},{"damage":0,"enemies":"Small Slimes","floor":4,"turns":1},{"damage":8,"enemies":"Exordium Wildlife","floor":5,"turns":6},{"damage":14,"enemies":"Lagavulin","floor":6,"turns":9},{"damage":0,"enemies":"3 Louse","floor":8,"turns":2},{"damage":0,"enemies":"2 Fungi Beasts","floor":10,"turns":3},{"damage":1,"enemies":"Exordium Thugs","floor":11,"turns":6},{"damage":2,"enemies":"Looter","floor":13,"turns":4},{"damage":0,"enemies":"2 Fungi Beasts","floor":14,"turns":4},{"damage":27,"enemies":"Slime Boss","floor":16,"turns":11},{"damage":14,"enemies":"Spheric Guardian","floor":18,"turns":6},{"damage":4,"enemies":"3 Byrds","floor":19,"turns":3},{"damage":0,"enemies":"Centurion and Healer","floor":21,"turns":4},{"damage":21,"enemies":"Book of Stabbing","floor":23,"turns":5},{"damage":12,"enemies":"Sentry and Sphere","floor":30,"turns":5},{"damage":3,"enemies":"Cultist and Chosen","floor":31,"turns":4},{"damage":44,"enemies":"Champ","floor":33,"turns":8}],"seed_played":"6927419205349950113","potions_obtained":[{"floor":1,"key":"Dexterity Potion"},{"floor":6,"key":"DistilledChaos"},{"floor":10,"key":"FearPotion"},{"floor":11,"key":"Explosive Potion"},{"floor":18,"key":"GamblersBrew"},{"floor":21,"key":"Fire Potion"},{"floor":23,"key":"CultistPotion"}],"is_trial":false,"path_per_floor":["M","$","M","M","M","E","R","M","T","M","M","$","M","M","R","B",null,"M","M","?","M","?","E","$","T","T","?","$","?","M","M","R","B"],"character_chosen":"THE_SILENT","items_purchased":["Blade Dance","Accuracy","Backflip+1","Ninja Scroll","Dodge and Roll+1","Noxious Fumes"],"campfire_rested":2,"item_purchase_floors":[2,12,12,24,24,28],"current_hp_per_floor":[70,70,70,70,62,48,69,69,69,69,68,68,66,66,66,39,70,56,52,52,52,52,31,31,31,31,31,31,31,19,16,37,0,0],"gold":47,"neow_bonus":"THREE_ENEMY_KILL","is_daily":false,"chose_seed":false,"campfire_upgraded":1,"win_rate":0.0,"timestamp":1610344002,"path_taken":["M","$","M","?","M","E","R","M","T","M","M","$","M","M","R","BOSS","M","?","?","M","?","E","$","?","T","?","$","?","M","M","R","BOSS"],"items_purchased_type":["Card","Card","Card","Relic","Card","Card"],"build_version":"2020-12-22","purchased_purges":0,"victory":false,"max_hp_per_floor":[70,70,70,70,70,70,70,70,70,70,70,70,70,70,70,70,70,70,70,70,70,70,70,70,70,70,70,70,70,70,70,70,70,70],"card_choices":[{"not_picked":["Dagger Throw","Crippling Poison"],"picked":"Infinite Blades","floor":1},{"not_picked":["Concentrate","Sucker Punch"],"picked":"Dagger Spray","floor":3},{"not_picked":["Acrobatics","Underhanded Strike"],"picked":"Blur","floor":4},{"not_picked":["Acrobatics","Masterful Stab"],"picked":"Dodge and Roll","floor":5},{"not_picked":["Distraction","Backflip"],"picked":"Dodge and Roll","floor":6},{"not_picked":["Flying Knee","Deflect","Underhanded Strike"],"picked":"SKIP","floor":8},{"not_picked":["Well Laid Plans","Wraith Form v2","Masterful Stab"],"picked":"SKIP","floor":10},{"not_picked":["Eviscerate","Prepared+1","Bane"],"picked":"SKIP","floor":11},{"not_picked":["Underhanded Strike","Flying Knee"],"picked":"Deflect+1","floor":13},{"not_picked":["Well Laid Plans","Slice","Reflex+1"],"picked":"SKIP","floor":14},{"not_picked":["Bullet Time+1","Unload"],"picked":"Corpse Explosion+1","floor":16},{"not_picked":["Riddle With Holes","Outmaneuver+1","Sucker Punch"],"picked":"SKIP","floor":18},{"not_picked":["PiercingWail+1","Blade Dance+1"],"picked":"Cloak And Dagger+1","floor":19},{"not_picked":["Dagger Spray","Blade Dance+1"],"picked":"Cloak And Dagger+1","floor":21},{"not_picked":["Deadly Poison+1","Catalyst+1","Quick Slash"],"picked":"SKIP","floor":23},{"not_picked":["Eviscerate","Slice","Poisoned Stab+1"],"picked":"SKIP","floor":30},{"not_picked":["Quick Slash","Accuracy","Dagger Throw+1"],"picked":"SKIP","floor":30},{"not_picked":["Quick Slash","Dagger Throw+1"],"picked":"Accuracy","floor":30},{"not_picked":["Eviscerate","Slice","Poisoned Stab+1"],"picked":"SKIP","floor":30},{"not_picked":["Poisoned Stab","PiercingWail+1"],"picked":"Deflect+1","floor":31},{"not_picked":["Escape Plan+1","Glass Knife","Terror+1"],"picked":"SKIP","floor":31}],"player_experience":996531,"relics_obtained":[{"floor":6,"key":"Bronze Scales"},{"floor":9,"key":"Toxic Egg 2"},{"floor":23,"key":"Prayer Wheel"},{"floor":25,"key":"InkBottle"},{"floor":26,"key":"Anchor"}],"event_choices":[{"damage_healed":0,"gold_gain":0,"player_choice":"Traded Relic","damage_taken":0,"relics_obtained":["Nloth\u0027s Gift"],"max_hp_gain":0,"max_hp_loss":0,"event_name":"N\u0027loth","floor":20,"relics_lost":["Ring of the Snake"],"gold_loss":0},{"damage_healed":0,"gold_gain":0,"player_choice":"Bought 0 Potions","damage_taken":0,"max_hp_gain":0,"max_hp_loss":0,"event_name":"The Woman in Blue","floor":22,"gold_loss":0},{"cards_removed":["Corpse Explosion"],"damage_healed":0,"gold_gain":0,"player_choice":"Take \u0026 Give","damage_taken":0,"max_hp_gain":0,"max_hp_loss":0,"event_name":"betterNote:BetterNote","floor":27,"gold_loss":0,"cards_obtained":["Noxious Fumes"]},{"damage_healed":0,"gold_gain":0,"player_choice":"Ignored","damage_taken":0,"max_hp_gain":0,"max_hp_loss":0,"event_name":"Ghosts","floor":29,"gold_loss":0}],"is_beta":false,"boss_relics":[{"not_picked":["Ectoplasm","Astrolabe"],"picked":"SacredBark"}],"items_purged_floors":[],"is_endless":false,"potions_floor_spawned":[1,6,10,11,18,21,23],"killed_by":"Champ","ascension_level":0}}