{"host":"njruw0b0uprlitpx","time":1610346225,"event":{"mods":["2.2 Compatiblity","Bartender","BaseMod","Better Altar","Better Match","Better Note","Better Sensory Stone","Better Skull","Better Third Choice","BetterRewards","Block Reminder","Colored Map","Colored Powertips","Energized Spire","Jedi Mod","Keyboard Shortcuts","Magitek Elite","Minty Spire (QoL Compilation)","Quick Restart","Rare Cards Sparkle","Relic Stats","Replay The Spire","SacredBarkPlus","Spicy Shops","StSLib","SuperFastMode","The Blackbeard","The Bug Knight","The Construct","The Dragon Tamer","The Mystic","The Runesmith","Wandering Minibosses"],"gold_per_floor":[99,99,99,48,48,48,48,48,48,97,97,97,113,127,127,224,224,235,235,251,5,5,5,34,34,34,62,5,32,32,50,50,150,150,167,167,181,181,181,181,181,215,215,228,248,248,248,248,248,248,248,248],"floor_reached":53,"playtime":1405,"items_purged":["Forgetful"],"score":1537,"play_id":"14062988-05ff-41b2-8e2d-7d9e43678b0b","local_time":"20210111002345","is_ascension_mode":true,"campfire_choices":[{"data":"Raptor_Form","floor":6.0,"key":"SMITH"},{"floor":8.0,"key":"REST"},{"data":"High_Tide","floor":11.0,"key":"SMITH"},{"data":"jedi:forcepull","floor":15.0,"key":"SMITH"},{"floor":23.0,"key":"REST"},{"data":"Dolphin_Blow","floor":25.0,"key":"SMITH"},{"floor":30,"key":"REST"},{"floor":32,"key":"REST"},{"data":"Momentum","floor":40,"key":"SMITH"},{"floor":46,"key":"REST"},{"data":"Beat_Rush","floor":49,"key":"SMITH"},{"floor":51,"key":"DIG"}],"circlet_count":0,"master_deck":["AscendersBane","Strike_Bartender","Strike_Bartender","Strike_Bartender","Strike_Bartender","Defend_Bartender","Defend_Bartender","Defend_Bartender","Somersault","Stick_and_Move","jedi:forcepull+1","ThreeSidedStar","Replay:BasicMightCard+1","Waterkick","Raptor_Form+1","High_Tide+1","Dancing_Jab","Cross","Dolphin_Blow+1","Ball_Of_Ice","Moonsault_Kick","Momentum+1","Scowl","Ripple+1","Form_Shift+1","OpoOpo_Form","Beat_Rush+1","Ball_Of_Ice","Feint","Meteodrive","Perfect_Balance"],"relics":["Sneakers","jedi:ominousloannote","ReplayTheSpireMod:CursedCoin","Singing Bowl","Calipers","Strawberry","Piano_Music","Art of War","Question Card","Shuriken","Genji_Glove","energizedSpire:NeverEndingSparkler","Torii","Matryoshka","Bottled Flame","Lantern","Bird Faced Urn","SlaversCollar","Mummified Hand","White Beast Statue","Golden Egg","Choco_Feather"],"acts_visited":["Exordium","TheCity","TheBeyond"],"potions_floor_usage":[29,42,50,52],"damage_taken":[{"damage":10.0,"enemies":"2 Louse","floor":1.0,"turns":2.0},{"damage":3.0,"enemies":"Small Slimes","floor":3.0,"turns":2.0},{"damage":16.0,"enemies":"Gremlin Nob","floor":7.0,"turns":3.0},{"damage":0.0,"enemies":"Cultist","floor":13.0,"turns":2.0},{"damage":6.0,"enemies":"Blue Slaver","floor":14.0,"turns":2.0},{"damage":32.0,"enemies":"The Guardian","floor":16.0,"turns":5.0},{"damage":12.0,"enemies":"3 Byrds","floor":18.0,"turns":3.0},{"damage":19.0,"enemies":"2 Thieves","floor":20.0,"turns":2.0},{"damage":0.0,"enemies":"Gremlin Leader","floor":24.0,"turns":3.0},{"damage":24.0,"enemies":"Slavers","floor":27.0,"turns":3.0},{"damage":16,"enemies":"Book of Stabbing","floor":29,"turns":2},{"damage":26,"enemies":"Shelled Parasite and Fungi","floor":31,"turns":3},{"damage":32,"enemies":"Collector","floor":33,"turns":4},{"damage":29,"enemies":"3 Darklings","floor":35,"turns":3},{"damage":29,"enemies":"3 Shapes","floor":37,"turns":3},{"damage":20,"enemies":"R_Hoarder","floor":42,"turns":3},{"damage":19,"enemies":"Jaw Worm Horde","floor":44,"turns":2},{"damage":1,"enemies":"3 Darklings","floor":45,"turns":3},{"damage":0,"enemies":"Sphere and 2 Shapes","floor":50,"turns":1},{"damage":8,"enemies":"Awakened One","floor":52,"turns":4}],"seed_played":"7277313306955651631","potions_obtained":[{"floor":16.0,"key":"Weak Potion"},{"floor":20.0,"key":"Flashbang"},{"floor":29,"key":"SpeedPotion"},{"floor":37,"key":"Adrenaline Potion"},{"floor":42,"key":"SmokeBomb"},{"floor":44,"key":"FearPotion"}],"is_trial":false,"path_per_floor":["M","?","M","$","?","R","E","R","T","$","R","?","M","M","R","B",null,"M","?","M","$","?","R","E","R","T","E","$","E","R","M","R","B",null,"M","?","M","?","?","R","?","E","T","M","M","R","PTL","PTL","R","M","R_BF","B",null],"character_chosen":"BARTENDER","items_purchased":["jedi:ominousloannote","ReplayTheSpireMod:CursedCoin","Singing Bowl","Strawberry","Stick_and_Move","jedi:forcepull","Piano_Music","ThreeSidedStar","Replay:BasicMightCard","PowerPotion","AttackPotion","Raptor_Form","Shuriken","Genji_Glove","Moonsault_Kick","Momentum","Scowl","Lantern"],"campfire_rested":5,"item_purchase_floors":[0,0,0,0,0,0,0,0,0,0,0,4,10,10,21,21,21,28],"current_hp_per_floor":[60,60,59,59,64,64,48,73,73,73,73,73,73,67,67,35,72,62,62,43,43,43,68,68,68,68,44,44,30,56,38,64,44,77,54,54,35,35,77,77,77,57,57,50,55,78,78,78,78,78,78,73],"gold":248,"neow_bonus":"","is_daily":false,"chose_seed":false,"campfire_upgraded":6,"win_rate":0.0,"timestamp":1610346225,"path_taken":["M","?","M","$","?","R","E","R","T","$","R","?","?","M","R","BOSS","M","?","?","$","?","R","E","R","T","E","$","E","R","M","R","BOSS","M","?","?","?","?","R","?","E","T","?","M","R","PTL","PTL","R","M","R_BF","BOSS"],"items_purchased_type":["Relic","Relic","Relic","Relic","Card","Card","Relic","Card","Card","Potion","Potion","Card","Relic","Relic","Card","Card","Card","Relic"],"build_version":"2020-12-22","purchased_purges":1,"victory":true,"max_hp_per_floor":[77,77,79,79,84,84,84,84,84,84,84,84,84,84,84,84,84,86,86,86,86,86,86,86,86,86,86,86,88,88,88,88,88,88,88,88,88,88,77,77,77,77,77,79,79,79,79,79,79,79,79,79],"relic_stats":{"Singing Bowl":8,"Torii":5,"counters":[43,128],"Shuriken":[28],"Mummified Hand":[17],"Bird Faced Urn":[55],"Art of War":[0],"Question Card":16,"obtain_stats":[{"Golden Egg":43,"Lantern":28,"Calipers":0,"Singing Bowl":0,"Torii":24,"Piano_Music":0,"Vajra":37,"Blood Vial":6,"Lizard Tail":43,"Dream Catcher":46,"Matryoshka":26,"jedi:paperlyon":34,"Mummified Hand":42,"Strawberry":0,"Genji_Glove":10,"Red Mask":24,"Kunai":26,"Guardian:BottledAnomaly":37,"Replay:Bottled Eggs":37,"Sneakers":0,"ReplayTheSpireMod:Ninjato":19,"NeowsBlessing":0,"ReplayTheSpireMod:CursedCoin":14,"Dead Branch":40,"Counterbalance":42,"Choco_Feather":51,"Letter Opener":9,"energizedSpire:DeadBattery":17,"Question Card":9,"White Beast Statue":43,"Mercury Hourglass":20,"SlaversCollar":34,"Bottled Flame":27,"jedi:ominousloannote":0,"Shuriken":10,"energizedSpire:NeverEndingSparkler":17,"Bird Faced Urn":29,"Turnip":31,"Art of War":7,"Membership Card":14,"hexamod:BolsterEngine":13,"StrikeDummy":31},{"Golden Egg":39,"Lantern":33,"Calipers":23,"Singing Bowl":23,"Torii":32,"Piano_Music":23,"Vajra":17,"Blood Vial":4,"Lizard Tail":21,"Dream Catcher":22,"Matryoshka":32,"jedi:paperlyon":16,"Mummified Hand":39,"Strawberry":23,"Genji_Glove":26,"Red Mask":10,"Kunai":10,"Guardian:BottledAnomaly":17,"Replay:Bottled Eggs":17,"Sneakers":0,"ReplayTheSpireMod:Ninjato":8,"NeowsBlessing":0,"ReplayTheSpireMod:CursedCoin":6,"Dead Branch":20,"Counterbalance":21,"Choco_Feather":42,"Letter Opener":4,"energizedSpire:DeadBattery":7,"Question Card":26,"White Beast Statue":39,"Mercury Hourglass":8,"SlaversCollar":36,"Bottled Flame":33,"jedi:ominousloannote":23,"Shuriken":26,"energizedSpire:NeverEndingSparkler":29,"Bird Faced Urn":34,"Turnip":15,"Art of War":26,"Membership Card":6,"hexamod:BolsterEngine":6,"StrikeDummy":15},{"Golden Egg":118,"Lantern":100,"Calipers":73,"Singing Bowl":73,"Torii":97,"Piano_Music":73,"Vajra":58,"Blood Vial":12,"Lizard Tail":67,"Dream Catcher":70,"Matryoshka":97,"jedi:paperlyon":56,"Mummified Hand":118,"Strawberry":73,"Genji_Glove":80,"Red Mask":39,"Kunai":39,"Guardian:BottledAnomaly":58,"Replay:Bottled Eggs":58,"Sneakers":0,"ReplayTheSpireMod:Ninjato":34,"NeowsBlessing":0,"ReplayTheSpireMod:CursedCoin":22,"Dead Branch":64,"Counterbalance":67,"Choco_Feather":124,"Letter Opener":12,"energizedSpire:DeadBattery":31,"Question Card":80,"White Beast Statue":118,"Mercury Hourglass":34,"SlaversCollar":109,"Bottled Flame":100,"jedi:ominousloannote":73,"Shuriken":80,"energizedSpire:NeverEndingSparkler":89,"Bird Faced Urn":102,"Turnip":52,"Art of War":80,"Membership Card":22,"hexamod:BolsterEngine":22,"StrikeDummy":52}]},"card_choices":[{"not_picked":["Feint","Sucker_Punch"],"picked":"Waterkick","floor":1.0},{"not_picked":["Center_Self","Well_Drinks","Torment"],"picked":"Singing Bowl","floor":3.0},{"not_picked":["Insight_B","Dragonkick"],"picked":"High_Tide","floor":7.0},{"not_picked":["Waterkick","Snap_Punch","Insight_B"],"picked":"Dancing_Jab","floor":13.0},{"not_picked":["Stick_and_Move","Fading_Blow","On_The_Rocks"],"picked":"Cross","floor":14.0},{"not_picked":["Combo_Master","Storage","Breathe_Deep"],"picked":"Dolphin_Blow","floor":16.0},{"not_picked":["Phantom_Blow","Surge","Foot_Thrust","Snap_Punch"],"picked":"Singing Bowl","floor":18.0},{"not_picked":["Vortex","Well_Drinks","Scowl"],"picked":"Ball_Of_Ice","floor":20.0},{"not_picked":["Step_Of_The_Wind","Bouncer","Bloodbath_Bartender"],"picked":"Ripple+1","floor":24.0},{"not_picked":["Ripple","With_A_Twist","Scowl"],"picked":"Form_Shift","floor":27},{"not_picked":["Feint","Bicycle_Kick","Well_Drinks+1","Foot_Thrust"],"picked":"Singing Bowl","floor":29},{"not_picked":["Snap_Punch","Scowl","Elbow_Slash"],"picked":"OpoOpo_Form","floor":31},{"not_picked":["Patience","Liquid_Armor","Spirits_Within"],"picked":"Beat_Rush","floor":33},{"not_picked":["Free_Pour+1","Rising_Crane","Foot_Thrust"],"picked":"Ball_Of_Ice","floor":35},{"not_picked":["Greased_Lightning","Step_Of_The_Wind","Torment"],"picked":"Feint","floor":37},{"not_picked":["Coeurl_Form","Rope_A_Dope","Hook"],"picked":"Meteodrive","floor":42},{"not_picked":["On_The_Rocks","Step_Of_The_Wind+1","Ball_Of_Ice+1","Pony_Shot"],"picked":"Singing Bowl","floor":44},{"not_picked":["Press_Forward","On_The_Rocks","ThreeSidedStar"],"picked":"Perfect_Balance","floor":45}],"player_experience":1632781,"relics_obtained":[{"floor":7.0,"key":"Art of War"},{"floor":9.0,"key":"Question Card"},{"floor":24.0,"key":"Torii"},{"floor":26.0,"key":"Matryoshka"},{"floor":27,"key":"Bottled Flame"},{"floor":29,"key":"Bird Faced Urn"},{"floor":42,"key":"Mummified Hand"},{"floor":43,"key":"White Beast Statue"},{"floor":43,"key":"Golden Egg"},{"floor":51,"key":"Choco_Feather"}],"event_choices":[{"damage_healed":0.0,"max_hp_gain":0.0,"max_hp_loss":0.0,"gold_gain":0.0,"event_name":"Living Wall","player_choice":"Grow","floor":2.0,"gold_loss":0.0,"damage_taken":0.0,"cards_upgraded":["Replay:BasicMightCard"]},{"damage_healed":0.0,"max_hp_gain":5.0,"max_hp_loss":0.0,"gold_gain":0.0,"event_name":"Big Fish","player_choice":"Donut","floor":5.0,"gold_loss":0.0,"damage_taken":0.0},{"cards_removed":["Defend_Bartender"],"damage_healed":0.0,"max_hp_gain":0.0,"max_hp_loss":0.0,"gold_gain":0.0,"event_name":"Purifier","player_choice":"Purged","floor":12.0,"gold_loss":0.0,"damage_taken":0.0},{"cards_removed":["Replay:BasicMightCard"],"damage_healed":0.0,"max_hp_gain":0.0,"max_hp_loss":0.0,"gold_gain":0.0,"event_name":"betterNote:BetterNote","player_choice":"Give","floor":19.0,"gold_loss":0.0,"damage_taken":0.0,"cards_obtained":["None"]},{"damage_healed":0.0,"max_hp_gain":0.0,"max_hp_loss":0.0,"gold_gain":0.0,"event_name":"Vampires","player_choice":"Ignored","floor":22.0,"gold_loss":0.0,"damage_taken":0.0},{"damage_healed":0,"gold_gain":0,"player_choice":"Upgraded","damage_taken":0,"max_hp_gain":0,"max_hp_loss":0,"event_name":"Upgrade Shrine","floor":36,"gold_loss":0,"cards_upgraded":["Form_Shift"]},{"damage_healed":0,"gold_gain":0,"player_choice":"Ignored","damage_taken":0,"max_hp_gain":0,"max_hp_loss":0,"event_name":"Tomb of Lord Red Mask","floor":38,"gold_loss":0},{"damage_healed":77,"gold_gain":0,"player_choice":"Heal","damage_taken":0,"max_hp_gain":0,"max_hp_loss":11,"event_name":"The Moai Head","floor":39,"gold_loss":0},{"cards_removed":["Decay"],"damage_healed":0,"gold_gain":0,"player_choice":"Removed Curses","damage_taken":0,"max_hp_gain":0,"max_hp_loss":0,"event_name":"Fountain of Cleansing","floor":41,"gold_loss":0}],"is_beta":false,"boss_relics":[{"not_picked":["Coffee Dripper","Ectoplasm"],"picked":"energizedSpire:NeverEndingSparkler"},{"not_picked":["jedi:paperlyon","Ring of Chaos"],"picked":"SlaversCollar"}],"items_purged_floors":[0],"is_endless":false,"potions_floor_spawned":[7,13,16,20,24,29,37,42,44,45,50],"ascension_level":12}}