{"host":"fdmexzkyss3ff9bv","time":1610388113,"event":{"mods":["BaseMod","Beaked The Cultist","BetterRewards","Downfall","Glutton Mod","Halation","Hubris","Infinite Spire","Minty Spire (QoL Compilation)","Replay The Spire","StSLib","The Animator","The Blackbeard","The Bug Knight","The Construct","The Mystic","The Servant 0.9.4","The Witch"],"gold_per_floor":[112,112,112,112,127,127,160,174,174,174,200,200,218,293,293,398,398,416,22,22,22,22,48,48,68,68,68,167,186,186,186,186,186,186],"floor_reached":33,"playtime":1886,"items_purged":[],"score":269,"play_id":"ef70c275-de78-4378-bc12-8bf739ba648c","local_time":"20210111190153","is_ascension_mode":false,"campfire_choices":[{"floor":6,"key":"REST"},{"floor":10,"key":"REST"},{"floor":12,"key":"REST"},{"floor":15,"key":"REST"},{"floor":24,"key":"RECALL"},{"floor":30,"key":"REST"},{"data":"Wish","floor":32,"key":"SMITH"}],"circlet_count":0,"master_deck":["Strike_P+1","Strike_P+1","Strike_P+1","Strike_P+1","Defend_P+1","Defend_P+1","Defend_P+1","Defend_P+1","Eruption","Vigilance","Conclude","ClearTheMind+1","Turbo+1","EmptyMind","BowlingBash","BattleHymn","Collect","Wish+1","ClearTheMind+1","FollowUp","EmptyFist","FlurryOfBlows","MasterReality","Consecrate+1","expansioncontent:Chronoboost+1","FollowUp","InnerPeace","DeceiveReality","InnerPeace","CrushJoints"],"relics":["PureWater","halation:PrussianBluePaint","Juzu Bracelet","halation:VictoryRuler","Dream Catcher","Replay:Bottled Eggs","hubris:Reverence","hubris:OldNail","halation:PinkAlligatorPlush","Golden Egg","Mummified Hand","hubris:Icosahedron","Regal Pillow","Bag of Preparation"],"acts_visited":["Exordium","TheCity"],"potions_floor_usage":[16,23,33,33],"damage_taken":[{"damage":6,"enemies":"Cultist","floor":1,"turns":4},{"damage":11,"enemies":"Jaw Worm","floor":5,"turns":3},{"damage":28,"enemies":"Gremlin Nob","floor":7,"turns":4},{"damage":0,"enemies":"2 Louse","floor":8,"turns":1},{"damage":18,"enemies":"3 Sentries","floor":11,"turns":4},{"damage":6,"enemies":"Large Slime","floor":13,"turns":6},{"damage":35,"enemies":"Slime Boss","floor":16,"turns":7},{"damage":44,"enemies":"Chosen","floor":18,"turns":5},{"damage":34,"enemies":"Slavers","floor":23,"turns":2},{"damage":14,"enemies":"2 Thieves","floor":25,"turns":3},{"damage":12,"enemies":"3 Cultists","floor":29,"turns":3},{"damage":87,"enemies":"Collector","floor":33,"turns":6}],"seed_played":"1885300625216207275","potions_obtained":[{"floor":1,"key":"Ancient Potion"},{"floor":7,"key":"Fire Potion"},{"floor":8,"key":"Adrenaline Potion"},{"floor":13,"key":"ColorlessPotion"},{"floor":23,"key":"FearPotion"},{"floor":25,"key":"DuplicationPotion"},{"floor":29,"key":"Fire Potion"}],"is_trial":false,"path_per_floor":["M","?","?","?","M","R","E","M","T","R","E","R","M","?","R","B",null,"M","$","?","?","?","E","R","M","T","?","?","M","R","?","R","B"],"character_chosen":"WATCHER","items_purchased":["halation:PrussianBluePaint","Juzu Bracelet","Dream Catcher","Conclude","Replay:Anticipation","Golden Egg","Consecrate","expansioncontent:Chronoboost"],"campfire_rested":5,"item_purchase_floors":[0,0,0,0,0,19,19,19],"current_hp_per_floor":[34,34,34,34,23,44,16,16,16,37,19,40,34,27,48,13,72,28,28,28,28,28,72,72,58,58,58,58,46,72,72,72,0,0],"gold":186,"neow_bonus":"","is_daily":false,"chose_seed":false,"campfire_upgraded":1,"win_rate":0.0,"timestamp":1610388113,"path_taken":["M","?","?","?","M","R","E","M","T","R","E","R","M","?","R","BOSS","M","?","?","?","?","E","R","M","T","?","?","M","R","?","R","BOSS"],"items_purchased_type":["Relic","Relic","Relic","Card","Card","Relic","Card","Card"],"build_version":"2020-12-13","purchased_purges":0,"victory":false,"max_hp_per_floor":[72,72,72,72,72,72,72,72,72,72,72,72,72,72,72,72,72,72,72,72,72,72,72,72,72,72,72,72,72,72,72,72,72,72],"card_choices":[{"not_picked":["WheelKick","EmptyBody"],"picked":"ClearTheMind","floor":1},{"not_picked":["WaveOfTheHand","Fasting2"],"picked":"EmptyMind","floor":5},{"not_picked":["Replay:AtTheReady","WreathOfFlame"],"picked":"BowlingBash","floor":6},{"not_picked":["WaveOfTheHand","Replay:Cycle"],"picked":"BattleHymn","floor":7},{"not_picked":["WheelKick","PathToVictory"],"picked":"Collect","floor":8},{"not_picked":["ThirdEye","Replay:BluntJabs"],"picked":"Wish","floor":10},{"not_picked":["PathToVictory","Replay:ManipulateFuture"],"picked":"ClearTheMind","floor":11},{"not_picked":["PathToVictory","Halt"],"picked":"FollowUp","floor":12},{"not_picked":["Halt","FlurryOfBlows"],"picked":"EmptyFist","floor":13},{"not_picked":["ThirdEye","EmptyBody"],"picked":"FlurryOfBlows","floor":15},{"not_picked":["Judgement","Replay:AllIn"],"picked":"MasterReality","floor":16},{"not_picked":["WreathOfFlame+1","ThirdEye+1"],"picked":"SashWhip","floor":18},{"not_picked":["CutThroughFate+1","EmptyBody+1"],"picked":"FollowUp","floor":23},{"not_picked":["CutThroughFate+1","Replay:Hum+1"],"picked":"InnerPeace","floor":25},{"not_picked":["Halt","FearNoEvil"],"picked":"InnerPeace","floor":29},{"not_picked":["PathToVictory","Adaptation"],"picked":"CrushJoints","floor":30}],"player_experience":123293,"relics_obtained":[{"floor":7,"key":"Replay:Bottled Eggs"},{"floor":9,"key":"hubris:Reverence"},{"floor":11,"key":"hubris:OldNail"},{"floor":23,"key":"Regal Pillow"}],"event_choices":[{"cards_removed":["Replay:Anticipation"],"damage_healed":0,"gold_gain":0,"player_choice":"Took Card","damage_taken":0,"max_hp_gain":0,"max_hp_loss":0,"event_name":"NoteForYourself","floor":2,"gold_loss":0,"cards_obtained":["Turbo"]},{"damage_healed":0,"gold_gain":0,"player_choice":"Ignored","damage_taken":0,"max_hp_gain":0,"max_hp_loss":0,"event_name":"Purifier","floor":4,"gold_loss":0},{"damage_healed":0,"gold_gain":75,"player_choice":"Touch","damage_taken":7,"max_hp_gain":0,"max_hp_loss":0,"event_name":"FaceTrader","floor":14,"gold_loss":0},{"damage_healed":0,"gold_gain":0,"player_choice":"Gave Potion","damage_taken":0,"relics_obtained":["Mummified Hand"],"max_hp_gain":0,"max_hp_loss":0,"event_name":"WeMeetAgain","floor":20,"gold_loss":0},{"damage_healed":0,"gold_gain":0,"player_choice":"Simplicity","damage_taken":0,"max_hp_gain":0,"max_hp_loss":0,"event_name":"Back to Basics","floor":21,"gold_loss":0,"cards_upgraded":["Strike_P","Strike_P","Strike_P","Strike_P","Defend_P","Defend_P","Defend_P","Defend_P"]},{"damage_healed":0,"gold_gain":0,"cards_transformed":["SashWhip"],"player_choice":"Transformed","damage_taken":0,"max_hp_gain":0,"max_hp_loss":0,"event_name":"Transmorgrifier","floor":27,"gold_loss":0,"cards_obtained":["DeceiveReality"]},{"damage_healed":0,"gold_gain":99,"player_choice":"Stole From Cult","damage_taken":0,"max_hp_gain":0,"max_hp_loss":0,"event_name":"Nest","floor":28,"gold_loss":0}],"is_beta":false,"boss_relics":[{"not_picked":["Replay:Cursed D8","halation:PlatinumPhoenix"],"picked":"halation:PinkAlligatorPlush"}],"items_purged_floors":[],"is_endless":false,"potions_floor_spawned":[1,7,8,13,23,25,29],"killed_by":"Collector","ascension_level":0}}