{"host":"jlz4is0nf6zo9oab","time":1610391661,"event":{"mods":["AchievementEnabler","BaseMod","Colored Map","Colored Powertips","Highlight Path","Minty Spire (QoL Compilation)","StSLib"],"gold_per_floor":[209,209,227,227,8,39,39,56,134,134,151,165,179,144,144,240,240,252,252,270,282,381,381,399,428,455,455,469,469,469,469,469,573,573,589,541,541,551,551,578,578,578],"floor_reached":41,"playtime":1169,"items_purged":[],"score":706,"play_id":"46d3fad8-519d-4eaf-b71e-4811f79b82cc","local_time":"20210111200101","is_ascension_mode":true,"campfire_choices":[{"floor":7,"key":"REST"},{"floor":10,"key":"REST"},{"data":"A Thousand Cuts","floor":15,"key":"SMITH"},{"data":"Infinite Blades","floor":23,"key":"SMITH"},{"floor":27,"key":"REST"},{"floor":29,"key":"REST"},{"floor":32,"key":"REST"}],"circlet_count":0,"master_deck":["AscendersBane","Strike_G+1","Strike_G+1","Strike_G+1","Strike_G+1","Defend_G+1","Defend_G+1","Defend_G+1","Defend_G+1","Defend_G+1","Survivor","Neutralize","Infinite Blades+1","A Thousand Cuts+1","Die Die Die","Blade Dance","Blade Dance","Blade Dance+1","Accuracy","Envenom","Cloak And Dagger","Footwork"],"relics":["Ring of the Snake","Ancient Tea Set","Bag of Marbles","Sundial","Singing Bowl","Cursed Key","HornCleat","Snake Skull","WristBlade","Potion Belt"],"acts_visited":["Exordium","TheCity","TheBeyond"],"potions_floor_usage":[6,16,21,33,41],"damage_taken":[{"damage":0,"enemies":"2 Louse","floor":1,"turns":3},{"damage":0,"enemies":"Cultist","floor":3,"turns":5},{"damage":49,"enemies":"Gremlin Nob","floor":6,"turns":6},{"damage":0,"enemies":"Jaw Worm","floor":8,"turns":2},{"damage":3,"enemies":"Looter","floor":11,"turns":4},{"damage":0,"enemies":"Exordium Wildlife","floor":12,"turns":2},{"damage":18,"enemies":"Large Slime","floor":13,"turns":6},{"damage":26,"enemies":"Hexaghost","floor":16,"turns":7},{"damage":0,"enemies":"3 Byrds","floor":18,"turns":2},{"damage":6,"enemies":"Spheric Guardian","floor":20,"turns":3},{"damage":0,"enemies":"Snecko","floor":21,"turns":2},{"damage":20,"enemies":"Centurion and Healer","floor":24,"turns":5},{"damage":35,"enemies":"Book of Stabbing","floor":25,"turns":5},{"damage":4,"enemies":"Snake Plant","floor":28,"turns":3},{"damage":40,"enemies":"Champ","floor":33,"turns":8},{"damage":24,"enemies":"3 Shapes","floor":35,"turns":3},{"damage":14,"enemies":"3 Darklings","floor":38,"turns":4},{"damage":32,"enemies":"Reptomancer","floor":40,"turns":4},{"damage":16,"enemies":"Spire Growth","floor":41,"turns":3}],"seed_played":"5027190217562002230","potions_obtained":[{"floor":1,"key":"EssenceOfSteel"},{"floor":3,"key":"LiquidMemories"},{"floor":13,"key":"SkillPotion"},{"floor":20,"key":"LiquidMemories"},{"floor":25,"key":"Strength Potion"},{"floor":40,"key":"LiquidMemories"}],"is_trial":false,"path_per_floor":["M","?","M","?","$","E","R","M","T","R","M","M","M","?","R","B",null,"M","?","M","M","?","R","M","E","T","R","M","R","?","?","R","B",null,"M","$","?","M","?","E","M"],"character_chosen":"THE_SILENT","items_purchased":["Bag of Marbles","A Thousand Cuts","Cloak And Dagger"],"campfire_rested":5,"item_purchase_floors":[5,5,36],"current_hp_per_floor":[63,56,56,56,56,7,28,28,28,49,46,46,30,48,48,24,62,64,64,58,60,60,60,42,7,7,31,29,53,53,53,77,37,71,49,49,49,35,35,5,0,0],"gold":578,"neow_bonus":"HUNDRED_GOLD","is_daily":false,"chose_seed":false,"campfire_upgraded":2,"win_rate":0.0,"timestamp":1610391661,"path_taken":["M","?","M","?","$","E","R","M","T","R","M","?","M","?","R","BOSS","M","?","M","M","?","R","M","E","T","R","M","R","?","?","R","BOSS","M","$","?","?","?","E","M"],"items_purchased_type":["Relic","Card","Card"],"build_version":"2020-12-22","purchased_purges":0,"victory":false,"max_hp_per_floor":[70,70,70,70,70,70,70,70,70,70,70,70,72,72,72,74,74,76,76,76,78,78,78,80,80,80,80,82,82,82,82,82,82,82,84,84,81,81,81,83,83,83],"card_choices":[{"not_picked":["Blur","Cloak And Dagger"],"picked":"Infinite Blades","floor":1},{"not_picked":["Bouncing Flask","Sucker Punch","Acrobatics"],"picked":"SKIP","floor":3},{"not_picked":["PiercingWail","Flying Knee"],"picked":"Die Die Die","floor":6},{"not_picked":["Quick Slash","Flechettes","Deflect"],"picked":"SKIP","floor":8},{"not_picked":["Slice","PiercingWail"],"picked":"Blade Dance","floor":11},{"not_picked":["Deflect","Setup"],"picked":"Blade Dance","floor":12},{"not_picked":["Acrobatics","Deflect","Quick Slash"],"picked":"Singing Bowl","floor":13},{"not_picked":["Storm of Steel","Doppelganger","Malaise"],"picked":"Singing Bowl","floor":16},{"not_picked":["Deflect","Catalyst","Slice"],"picked":"Singing Bowl","floor":18},{"not_picked":["Riddle With Holes","Choke+1"],"picked":"Blade Dance+1","floor":20},{"not_picked":["Acrobatics+1","Outmaneuver","Backstab"],"picked":"Singing Bowl","floor":21},{"not_picked":["Dodge and Roll","Quick Slash","Escape Plan"],"picked":"Singing Bowl","floor":24},{"not_picked":["Corpse Explosion","Dodge and Roll+1"],"picked":"Accuracy","floor":25},{"not_picked":["Skewer+1","Blade Dance","Flying Knee"],"picked":"Singing Bowl","floor":28},{"not_picked":["Grand Finale","Corpse Explosion"],"picked":"Envenom","floor":33},{"not_picked":["Quick Slash","Flying Knee","Deflect+1"],"picked":"Singing Bowl","floor":35},{"not_picked":["Terror+1","Blade Dance"],"picked":"Footwork","floor":38},{"not_picked":["Quick Slash","Prepared+1","Leg Sweep"],"picked":"Singing Bowl","floor":40}],"player_experience":941003,"relics_obtained":[{"floor":6,"key":"Sundial"},{"floor":9,"key":"Singing Bowl"},{"floor":25,"key":"HornCleat"},{"floor":26,"key":"Snake Skull"},{"floor":40,"key":"Potion Belt"}],"event_choices":[{"cards_removed":["Strike_G"],"damage_healed":0,"gold_gain":0,"player_choice":"Card Removal","damage_taken":7,"max_hp_gain":0,"max_hp_loss":0,"event_name":"Golden Wing","floor":2,"gold_loss":0},{"damage_healed":0,"gold_gain":0,"player_choice":"Gave Potion","damage_taken":0,"relics_obtained":["Ancient Tea Set"],"max_hp_gain":0,"max_hp_loss":0,"event_name":"WeMeetAgain","floor":4,"gold_loss":0},{"damage_healed":18,"gold_gain":0,"player_choice":"Healed","damage_taken":0,"max_hp_gain":0,"max_hp_loss":0,"event_name":"The Cleric","floor":14,"gold_loss":35},{"damage_healed":0,"gold_gain":0,"player_choice":"Ignored","damage_taken":0,"max_hp_gain":0,"max_hp_loss":0,"event_name":"Ghosts","floor":19,"gold_loss":0},{"damage_healed":0,"gold_gain":99,"player_choice":"Stole From Cult","damage_taken":0,"max_hp_gain":0,"max_hp_loss":0,"event_name":"Nest","floor":22,"gold_loss":0},{"damage_healed":0,"gold_gain":0,"player_choice":"Ignored","damage_taken":0,"max_hp_gain":0,"max_hp_loss":0,"event_name":"Cursed Tome","floor":30,"gold_loss":0},{"damage_healed":0,"gold_gain":0,"player_choice":"Simplicity","damage_taken":0,"max_hp_gain":0,"max_hp_loss":0,"event_name":"Back to Basics","floor":31,"gold_loss":0,"cards_upgraded":["Strike_G","Strike_G","Strike_G","Strike_G","Defend_G","Defend_G","Defend_G","Defend_G","Defend_G"]},{"damage_healed":0,"gold_gain":0,"cards_transformed":["Parasite"],"player_choice":"Transformed","damage_taken":0,"max_hp_gain":0,"max_hp_loss":0,"event_name":"Transmorgrifier","floor":37,"gold_loss":0,"cards_obtained":["Shame"]},{"cards_removed":["Shame"],"damage_healed":0,"gold_gain":0,"player_choice":"Purged","damage_taken":0,"max_hp_gain":0,"max_hp_loss":0,"event_name":"Purifier","floor":39,"gold_loss":0}],"is_beta":false,"boss_relics":[{"not_picked":["Coffee Dripper","Busted Crown"],"picked":"Cursed Key"},{"not_picked":["Calling Bell","Sozu"],"picked":"WristBlade"}],"items_purged_floors":[],"is_endless":false,"potions_floor_spawned":[1,3,12,13,20,25,40],"killed_by":"Spire Growth","ascension_level":12}}