{"host":"c7y19xegjhmhlks5","time":1610391457,"event":{"mods":["AchievementEnabler","BaseMod","Better Note","Block Reminder","Colored Map","Downfall","Highlight Path","Infinite Spire","Minty Spire (QoL Compilation)","Replay The Spire","StSLib","everything is the same but u backflip on backflip"],"gold_per_floor":[99,115,131,35,35,28,80,5,45,65,93,18,40,68,90,188,188,113,136,156,183,183,213,288,288,299,316,316,343,343,357,376,489,489,565,581,601,601,601,298,298,197,223,243,243,277,37,64,84,84,84,118,38,38,38],"floor_reached":56,"playtime":14605,"items_purged":[],"score":1342,"play_id":"c1b7b191-bbfe-4164-9412-b4595e7cc81b","local_time":"20210111135737","is_ascension_mode":true,"campfire_choices":[{"floor":1.0,"key":"DIG"},{"floor":8.0,"key":"RECALL"},{"floor":12.0,"key":"REST"},{"floor":18.0,"key":"DIG"},{"floor":25.0,"key":"REST"},{"floor":28.0,"key":"REST"},{"data":"hexamod:HexaLevel","floor":45.0,"key":"SMITH"},{"floor":54,"key":"REST"}],"circlet_count":0,"master_deck":["hexamod:Strike","hexamod:Strike","hexamod:Strike","hexamod:Strike","hexamod:Defend","hexamod:Defend","hexamod:Defend","hexamod:Sear","hexamod:Float","hexamod:CrushingStance","hexamod:SecondSeal","hexamod:NightmareStrike","hexamod:EtherealExpedition","expansioncontent:Chronoboost","Replay:Bootleg Shield Generator","hexamod:GhostOfSpireFuture","hexamod:ThirdSeal","hexamod:HexaLevel+1","hexamod:Hexaguard","hexamod:GhostOfSpirePresent","hexamod:TimeWarp","hexamod:RainOfEmbers","hexamod:NightmareGuise","hexamod:ChargedBarrage","hexamod:BurningTouch","hexamod:FourthSeal","hexamod:PhantomFireball","hexamod:EmpoweringStance","CurseOfTheBell","hexamod:StepThrough","hexamod:BurningTouch+1","hexamod:FastForward","hexamod:Toasty","hexamod:CatchUp","hexamod:CatchUp","hexamod:GhostflameBarrier","hexamod:Firestarter","hexamod:SpectralAdrenaline","hexamod:GhostflameBarrier+1","ReplayTheSpireMod:Book of Names","infinitespire:TheBestDefense","hexamod:HeatShield","hexamod:NecessarySacrifice","hexamod:FirstSeal","hexamod:VolcanoVisage","hexamod:SearingWound","hexamod:RecurringNightmare+1","hexamod:BacktrackSmack+1","expansioncontent:CaCaw","expansioncontent:FaceSlap","expansioncontent:CaCaw","hexamod:NightmareGuise+1","ReplayTheSpireMod:Necrogeddon","Replay:Dark Deal","expansioncontent:Sear","Replay:SS_fish_2","hexamod:AdvancingGuard+1","hexamod:HauntingEcho+1","hexamod:GhostShield+1","hexamod:SoulSteal+1","hexamod:AdvancingGuard","hexamod:FastForward","hexamod:SkipABeat+1","hexamod:Again"],"relics":["hexamod:SpiritBrand","Pet Ghost","downfall:HeartBlessingBlue","ReplayTheSpireMod:TigerMarble","Lizard Tail","downfall:HeartBlessingRed","infinitespire:PuzzleCube","Calling Bell","Lantern","Divine Protection","Calipers","downfall:HeartBlessingGreen","hexamod:MatchstickCase","Onion Ring","Quantum Egg","Black Star","ReplayTheSpireMod:EnergyBall","Philosopher\u0027s Stone","ReplayTheSpireMod:ShopPack","Garlic","OrangePellets","infinitespire:Golems Mask","White Beast Statue","Replay:Bottled Flurry","Bag of Preparation","Boot","Toy Ornithopter"],"acts_visited":["Exordium","TheCity","TheBeyond","TheEnding"],"potions_floor_usage":[52,55],"damage_taken":[{"damage":1.0,"enemies":"Jaw Worm","floor":2.0,"turns":5.0},{"damage":0.0,"enemies":"Cultist","floor":3.0,"turns":3.0},{"damage":0.0,"enemies":"downfall:FleeingMerchant","floor":4.0,"turns":4.0},{"damage":1.0,"enemies":"downfall:FleeingMerchant","floor":6.0,"turns":4.0},{"damage":16.0,"enemies":"Gremlin Nob","floor":9.0,"turns":5.0},{"damage":4.0,"enemies":"2 Louse","floor":10.0,"turns":2.0},{"damage":17.0,"enemies":"Replay:BlueRogue","floor":11.0,"turns":6.0},{"damage":4.0,"enemies":"Large Slime","floor":13.0,"turns":5.0},{"damage":16.0,"enemies":"3 Sentries","floor":14.0,"turns":9.0},{"damage":11.0,"enemies":"Exordium Wildlife","floor":15.0,"turns":5.0},{"damage":56.0,"enemies":"downfall:Defect","floor":16.0,"turns":8.0},{"damage":6.0,"enemies":"3 Byrds","floor":19.0,"turns":4.0},{"damage":0.0,"enemies":"Spheric Guardian","floor":20.0,"turns":5.0},{"damage":14.0,"enemies":"Snake Plant","floor":21.0,"turns":6.0},{"damage":28.0,"enemies":"Book of Stabbing","floor":23.0,"turns":7.0},{"damage":2.0,"enemies":"Shelled Parasite and Fungi","floor":26.0,"turns":7.0},{"damage":0.0,"enemies":"3 Cultists","floor":27.0,"turns":5.0},{"damage":0.0,"enemies":"Cultist and Chosen","floor":29.0,"turns":4.0},{"damage":0.0,"enemies":"Sentry and Sphere","floor":31.0,"turns":4.0},{"damage":0.0,"enemies":"Centurion and Healer","floor":32.0,"turns":6.0},{"damage":34.0,"enemies":"downfall:Silent","floor":33.0,"turns":7.0},{"damage":0.0,"enemies":"Orb Walker","floor":36.0,"turns":2.0},{"damage":0.0,"enemies":"3 Shapes","floor":37.0,"turns":4.0},{"damage":0.0,"enemies":"downfall:FleeingMerchant","floor":40.0,"turns":4.0},{"damage":0.0,"enemies":"downfall:FleeingMerchant","floor":42.0,"turns":1.0},{"damage":0.0,"enemies":"Transient","floor":43.0,"turns":5.0},{"damage":0.0,"enemies":"Jaw Worm Horde","floor":44.0,"turns":3.0},{"damage":9.0,"enemies":"Reptomancer","floor":46.0,"turns":5.0},{"damage":0.0,"enemies":"4 Shapes","floor":49.0,"turns":6.0},{"damage":19.0,"enemies":"downfall:Ironclad","floor":50.0,"turns":9.0},{"damage":79,"enemies":"downfall:CharBossMerchant","floor":52,"turns":9},{"damage":77,"enemies":"downfall:NeowBoss","floor":55,"turns":20}],"seed_played":"7932374127176745873","potions_obtained":[{"floor":2.0,"key":"Venom Potion"},{"floor":10.0,"key":"Regen Potion"},{"floor":11.0,"key":"Slimebound:ThreeZeroPotion"},{"floor":19.0,"key":"EssenceOfSteel"},{"floor":20.0,"key":"Reflective Coating"},{"floor":20.0,"key":"hexamod:EctoCoolerPotion"},{"floor":21.0,"key":"FairyPotion"},{"floor":26.0,"key":"CultistPotion"},{"floor":26.0,"key":"FearPotion"},{"floor":29.0,"key":"PowerPotion"},{"floor":32.0,"key":"SpeedPotion"},{"floor":32.0,"key":"Dexterity Potion"},{"floor":33.0,"key":"AttackPotion"},{"floor":43.0,"key":"ColorlessPotion"},{"floor":46.0,"key":"SpeedPotion"},{"floor":49.0,"key":"Fire Potion"},{"floor":49.0,"key":"Dexterity Potion"},{"floor":52,"key":"Strength Potion"},{"floor":52,"key":"Block Potion"}],"is_trial":false,"path_per_floor":["R_BF","M","M","$","?","$","T","R","E","M","E","R","M","E","M","B",null,"R_BF","M","M","M","?","E","T","R","M","M","R","M","AVR","M","M","B",null,"R_BF","M","M","?","?","$","T","$","M","M","R","E","$","?","M","B",null,"E","$","R","B",null],"character_chosen":"THE_SPIRIT","items_purchased":["expansioncontent:Chronoboost","ReplayTheSpireMod:ShopPack","ReplayTheSpireMod:Necrogeddon","OrangePellets","infinitespire:Golems Mask","Replay:Bottled Flurry","hexamod:Again"],"campfire_rested":4,"item_purchase_floors":[4,40,40,42,42,47,53],"current_hp_per_floor":[70,69,69,69,69,68,68,78,62,58,41,65,69,68,57,1,80,80,74,74,60,60,32,32,56,54,54,78,78,78,78,78,44,80,80,80,80,80,70,70,70,70,77,80,80,71,71,71,71,52,80,1,1,25,43],"gold":38,"neow_bonus":"TRANSFORM_CARD","is_daily":false,"chose_seed":false,"campfire_upgraded":1,"win_rate":0.0,"timestamp":1610391457,"path_taken":["R_BF","M","M","$","?","?","T","R","E","?","E","R","M","E","M","BOSS","R_BF","M","M","M","?","E","T","R","M","M","R","M","AVR","M","M","BOSS","R_BF","M","M","?","?","$","T","?","M","M","R","E","$","?","M","BOSS","E","$","R","BOSS"],"items_purchased_type":["Card","Relic","Card","Relic","Relic","Relic","Card"],"build_version":"2020-12-22","purchased_purges":0,"victory":true,"max_hp_per_floor":[70,70,70,70,70,70,70,80,80,80,80,80,80,80,80,80,80,80,80,80,80,80,80,80,80,80,80,80,80,80,80,80,80,80,80,80,80,80,80,80,80,80,80,80,80,80,80,80,80,80,80,80,80,80,80],"card_choices":[{"not_picked":["hexamod:Incineration","hexamod:InspiringFlames"],"picked":"hexamod:SecondSeal","floor":2.0},{"not_picked":["hexamod:RainOfEmbers","hexamod:SpectersWail"],"picked":"hexamod:NightmareStrike","floor":3.0},{"not_picked":["hexamod:GhostLash","hexamod:Firestarter"],"picked":"hexamod:EtherealExpedition","floor":4.0},{"not_picked":["hexamod:Firestarter","hexamod:NightmareGuise"],"picked":"hexamod:ThirdSeal","floor":6.0},{"not_picked":["hexamod:NightmareStrike","hexamod:RainOfEmbers"],"picked":"hexamod:HexaLevel","floor":9.0},{"not_picked":["hexamod:NightmareGuise","hexamod:SpectralSpark"],"picked":"hexamod:Hexaguard","floor":10.0},{"not_picked":["hexamod:GhostShield","hexamod:SpectersWail"],"picked":"hexamod:GhostOfSpirePresent","floor":10.0},{"not_picked":["hexamod:GhostLash","hexamod:GhostShield"],"picked":"hexamod:TimeWarp","floor":11.0},{"not_picked":["hexamod:Firestarter","hexamod:CrushingStance"],"picked":"hexamod:RainOfEmbers","floor":13.0},{"not_picked":["hexamod:Hexaguard","hexamod:InspiringFlames"],"picked":"hexamod:NightmareGuise","floor":13.0},{"not_picked":["hexamod:SpectersWail","hexamod:InspiringFlames"],"picked":"hexamod:ChargedBarrage","floor":14.0},{"not_picked":["hexamod:InspiringFlames","hexamod:SpectersWail"],"picked":"hexamod:BurningTouch","floor":14.0},{"not_picked":["hexamod:BacktrackSmack","hexamod:AdvancingGuard"],"picked":"hexamod:FourthSeal","floor":15.0},{"not_picked":["hexamod:InspiringFlames","hexamod:NightmareStrike"],"picked":"hexamod:PhantomFireball","floor":15.0},{"not_picked":["hexamod:WildfireWeapon","hexamod:GiftsFromTheDead"],"picked":"hexamod:EmpoweringStance","floor":16.0},{"not_picked":["hexamod:SpectersWail+1","hexamod:Firestarter"],"picked":"hexamod:StepThrough","floor":19.0},{"not_picked":["hexamod:RainOfEmbers","hexamod:HauntingEcho"],"picked":"hexamod:BurningTouch+1","floor":20.0},{"not_picked":["hexamod:ThirdSeal","hexamod:SwordOfDarkness"],"picked":"hexamod:FastForward","floor":20.0},{"not_picked":["hexamod:RainOfEmbers","hexamod:BurningTouch"],"picked":"hexamod:Toasty","floor":21.0},{"not_picked":["hexamod:RainOfEmbers","hexamod:GhostLash"],"picked":"hexamod:CatchUp","floor":23.0},{"not_picked":["hexamod:GhostLash","hexamod:NightmareGuise"],"picked":"hexamod:CatchUp","floor":26.0},{"not_picked":["hexamod:RainOfEmbers","hexamod:GhostLash"],"picked":"hexamod:GhostflameBarrier","floor":27.0},{"not_picked":["hexamod:CatchUp","hexamod:GhostLash"],"picked":"hexamod:Firestarter","floor":27.0},{"not_picked":["hexamod:ThermalTransfer","hexamod:CatchUp"],"picked":"hexamod:SpectralAdrenaline","floor":29.0},{"not_picked":["hexamod:SpectralSpark","hexamod:CrushingStance"],"picked":"hexamod:GhostflameBarrier+1","floor":29.0},{"not_picked":["hexamod:FlamesFromBeyond","hexamod:SpectralSpark"],"picked":"hexamod:HeatShield","floor":31.0},{"not_picked":["hexamod:Firestarter","hexamod:HauntingEcho"],"picked":"hexamod:NecessarySacrifice","floor":31.0},{"not_picked":["hexamod:GhostShield","hexamod:ChargedBarrage"],"picked":"hexamod:FirstSeal","floor":32.0},{"not_picked":["hexamod:TurnItUp","hexamod:WildfireWeapon"],"picked":"hexamod:VolcanoVisage","floor":33.0},{"not_picked":["hexamod:TurnItUp","hexamod:VolcanoVisage"],"picked":"hexamod:SearingWound","floor":33.0},{"not_picked":["hexamod:RadiantFlame","hexamod:RainOfEmbers+1"],"picked":"hexamod:RecurringNightmare+1","floor":36.0},{"not_picked":["hexamod:NecessarySacrifice+1","hexamod:NightmareStrike+1"],"picked":"hexamod:BacktrackSmack+1","floor":37.0},{"not_picked":["expansioncontent:HyperBeam","expansioncontent:GuardianWhirl"],"picked":"expansioncontent:CaCaw","floor":39.0},{"not_picked":["expansioncontent:GuardianWhirl","expansioncontent:ManipulateTime"],"picked":"expansioncontent:FaceSlap","floor":39.0},{"not_picked":["expansioncontent:LastStand","expansioncontent:GuardianWhirl"],"picked":"expansioncontent:CaCaw","floor":39.0},{"not_picked":["hexamod:GhostOfSpirePast","hexamod:FourthSeal"],"picked":"hexamod:NightmareGuise+1","floor":40.0},{"not_picked":["Chrysalis","Transmutation"],"picked":"Replay:Dark Deal","floor":40.0},{"not_picked":["expansioncontent:Flail","Swift Strike"],"picked":"expansioncontent:Sear","floor":40.0},{"not_picked":["expansioncontent:GoopSpray","expansioncontent:PrepareCrush"],"picked":"Replay:SS_fish_2","floor":40.0},{"not_picked":["hexamod:UnleashSpirits","hexamod:Hexaguard"],"picked":"hexamod:AdvancingGuard+1","floor":42.0},{"not_picked":["hexamod:SpectralSpark+1","hexamod:SpectersWail+1"],"picked":"hexamod:HauntingEcho+1","floor":43.0},{"not_picked":["hexamod:AdvancingGuard","hexamod:NightmareStrike+1"],"picked":"hexamod:GhostShield+1","floor":44.0},{"not_picked":["hexamod:RainOfEmbers+1","hexamod:RadiantFlame+1"],"picked":"hexamod:SoulSteal+1","floor":46.0},{"not_picked":["hexamod:Haunt+1","hexamod:SuperheatedStrike+1"],"picked":"hexamod:AdvancingGuard","floor":49.0},{"not_picked":["hexamod:NecessarySacrifice","hexamod:ThirdSeal"],"picked":"hexamod:FastForward","floor":52},{"not_picked":["hexamod:InspiringFlames","hexamod:GhostLash"],"picked":"hexamod:SkipABeat+1","floor":52}],"player_experience":618079,"relics_obtained":[{"floor":1.0,"key":"Pet Ghost"},{"floor":9.0,"key":"ReplayTheSpireMod:TigerMarble"},{"floor":11.0,"key":"Lizard Tail"},{"floor":14.0,"key":"infinitespire:PuzzleCube"},{"floor":17.0,"key":"Lantern"},{"floor":17.0,"key":"Divine Protection"},{"floor":17.0,"key":"Calipers"},{"floor":18.0,"key":"hexamod:MatchstickCase"},{"floor":23.0,"key":"Onion Ring"},{"floor":24.0,"key":"Quantum Egg"},{"floor":41.0,"key":"Garlic"},{"floor":46.0,"key":"White Beast Statue"},{"floor":48.0,"key":"Bag of Preparation"},{"floor":52,"key":"Boot"},{"floor":52,"key":"Toy Ornithopter"}],"event_choices":[],"is_beta":false,"boss_relics":[{"not_picked":["Astrolabe","Runic Dome"],"picked":"Calling Bell"},{"not_picked":["Kintsugi","Replay:Drink Me"],"picked":"Philosopher\u0027s Stone"}],"items_purged_floors":[],"is_endless":false,"potions_floor_spawned":[2,10,11,13,20,26,27,29,31,32,46,49,52],"ascension_level":1}}