{"host":"zk71suw73lg2r165","time":1610328712,"event":{"mods":["BaseMod","Colored Map","Minty Spire (QoL Compilation)","Permanent Neow","Relic Stats","StSLib"],"gold_per_floor":[109,126,201,216,235,235,269,269,269,269,295,295,37,37,37],"floor_reached":14,"playtime":371,"items_purged":[],"score":196,"play_id":"d421c5e3-efbb-4627-b733-42fdef74a4ab","local_time":"20210110203152","is_ascension_mode":true,"campfire_choices":[{"data":"Infernal Blade","floor":6,"key":"SMITH"},{"data":"Clothesline","floor":8,"key":"SMITH"},{"data":"Bash","floor":10,"key":"SMITH"}],"circlet_count":0,"master_deck":["AscendersBane","Strike_R","Strike_R","Strike_R","Strike_R","Defend_R","Defend_R","Defend_R","Defend_R","Bash+1","Clothesline+1","Infernal Blade+1","Cleave","True Grit","Infernal Blade","Dark Embrace+1","Mayhem+1","Armaments"],"relics":["Runic Pyramid","Bag of Preparation","Boot","Frozen Egg 2"],"acts_visited":["Exordium"],"potions_floor_usage":[11,11,14],"damage_taken":[{"damage":7,"enemies":"Jaw Worm","floor":1,"turns":3},{"damage":2,"enemies":"2 Louse","floor":2,"turns":3},{"damage":0,"enemies":"Cultist","floor":4,"turns":2},{"damage":9,"enemies":"Red Slaver","floor":5,"turns":4},{"damage":33,"enemies":"Gremlin Nob","floor":7,"turns":4},{"damage":18,"enemies":"3 Sentries","floor":11,"turns":11},{"damage":20,"enemies":"Gremlin Nob","floor":14,"turns":3}],"seed_played":"-3224578929893496826","potions_obtained":[{"floor":1,"key":"SteroidPotion"},{"floor":4,"key":"Block Potion"},{"floor":7,"key":"BloodPotion"},{"floor":11,"key":"PowerPotion"}],"is_trial":false,"path_per_floor":["M","M","?","M","M","R","E","R","T","R","E","?","$","E"],"character_chosen":"IRONCLAD","items_purchased":["Mayhem+1","Armaments"],"campfire_rested":0,"item_purchase_floors":[13,13],"current_hp_per_floor":[61,59,48,48,39,39,6,6,6,6,3,3,3,0,0],"gold":37,"neow_bonus":"BOSS_RELIC","is_daily":false,"chose_seed":false,"campfire_upgraded":3,"win_rate":0.0,"timestamp":1610328712,"path_taken":["M","M","?","M","M","R","E","R","T","R","E","?","$","E"],"items_purchased_type":["Card","Card"],"build_version":"2020-12-22","purchased_purges":0,"victory":false,"max_hp_per_floor":[75,75,75,75,75,75,75,75,75,75,75,75,75,75,75],"relic_stats":{"counters":[7,30],"Bag of Preparation":[4],"Boot":[0],"obtain_stats":[{"Bag of Preparation":7,"Frozen Egg 2":11,"Boot":9,"Burning Blood":0,"Runic Pyramid":0},{"Bag of Preparation":5,"Frozen Egg 2":6,"Boot":5,"Burning Blood":0,"Runic Pyramid":0},{"Bag of Preparation":16,"Frozen Egg 2":27,"Boot":16,"Burning Blood":0,"Runic Pyramid":0}]},"card_choices":[{"not_picked":["Combust","Armaments"],"picked":"Clothesline","floor":1},{"not_picked":["Fire Breathing","Clothesline"],"picked":"Infernal Blade","floor":2},{"not_picked":["Sever Soul","Fire Breathing"],"picked":"Cleave","floor":4},{"not_picked":["Combust","Body Slam"],"picked":"True Grit","floor":5},{"not_picked":["Second Wind","Searing Blow"],"picked":"Infernal Blade","floor":7},{"not_picked":["Thunderclap","Dropkick"],"picked":"Dark Embrace+1","floor":11}],"player_experience":1333325,"relics_obtained":[{"floor":7,"key":"Bag of Preparation"},{"floor":9,"key":"Boot"},{"floor":11,"key":"Frozen Egg 2"}],"event_choices":[{"damage_healed":0,"gold_gain":75,"player_choice":"Gather Gold","damage_taken":11,"max_hp_gain":0,"max_hp_loss":0,"event_name":"World of Goop","floor":3,"gold_loss":0},{"cards_removed":["Strike_R"],"damage_healed":0,"gold_gain":0,"player_choice":"Card Removal","damage_taken":0,"max_hp_gain":0,"max_hp_loss":0,"event_name":"Wheel of Change","floor":12,"gold_loss":0}],"is_beta":false,"boss_relics":[],"items_purged_floors":[],"is_endless":false,"potions_floor_spawned":[1,4,7,11],"killed_by":"Gremlin Nob","ascension_level":20}}