{"host":"o2alikb31grvssa9","time":1610402599,"event":{"mods":["BaseMod","BetterRewards","DeckTracker","Downfall","Minty Spire (QoL Compilation)","Quick Restart","StSLib"],"gold_per_floor":[99,99,149,149,149,149,176,101,101,133,152,172,203,18,32,111,111,111,126,138,138,23,52,52,80,80,115,115,145,145,5,18,95,95,95,112,136,147,147,173,173,173,190,190,190,208,219,219,238,238],"floor_reached":51,"playtime":2829,"items_purged":["Guardian:Strike_Guardian","Guardian:Strike_Guardian","Guardian:ShieldSpikes","Guardian:Strike_Guardian+1"],"score":1643,"play_id":"335d71e5-4559-4e6c-b6db-7d5a2f4578dd","local_time":"20210111230319","is_ascension_mode":true,"campfire_choices":[{"floor":1.0,"key":"RECALL"},{"floor":8.0,"key":"REST"},{"data":"Guardian:ArmoredProtocol","floor":18.0,"key":"SMITH"},{"data":"Guardian:PiercingHide","floor":26.0,"key":"SMITH"},{"data":"Guardian:SpikerProtocol","floor":35.0,"key":"SMITH"},{"data":"Guardian:PrismaticBeam","floor":42.0,"key":"SMITH"},{"data":"Guardian:TwinSlam","floor":44.0,"key":"SMITH"}],"circlet_count":0,"master_deck":["AscendersBane","Guardian:Defend_Guardian+1","Guardian:Defend_Guardian+1","Guardian:Defend_Guardian+1","Guardian:CurlUp","Guardian:TwinSlam+1","Guardian:FloatingOrbs","Guardian:PrismaticBeam+1","Guardian:ArmoredProtocol+1","Guardian:PiercingHide+1","Guardian:FloatingOrbs","Guardian:SpikerProtocol+1","Guardian:FloatingOrbs+1","Guardian:ExploitGems","Guardian:Gem_White"],"relics":["Guardian:ModeShifter","downfall:HeartsMalice","Boot","downfall:ShatteredFragment","Bag of Marbles","downfall:HeartBlessingRed","Matryoshka","Ancient Tea Set","Coffee Dripper","Frozen Egg 2","Toy Ornithopter","Whetstone","Regal Pillow","Pen Nib","Singing Bowl","Empty Cage","Oddly Smooth Stone","Lantern","The Courier","Darkstone Periapt"],"acts_visited":["Exordium","TheCity","TheBeyond"],"potions_floor_usage":[50],"damage_taken":[{"damage":0.0,"enemies":"2 Louse","floor":2.0,"turns":1.0},{"damage":0.0,"enemies":"Small Slimes","floor":4.0,"turns":1.0},{"damage":0.0,"enemies":"Gremlin Nob","floor":10.0,"turns":1.0},{"damage":0.0,"enemies":"Jaw Worm","floor":11.0,"turns":2.0},{"damage":0.0,"enemies":"3 Louse","floor":12.0,"turns":3.0},{"damage":5.0,"enemies":"3 Sentries","floor":13.0,"turns":7.0},{"damage":0.0,"enemies":"downfall:FleeingMerchant","floor":14.0,"turns":4.0},{"damage":5.0,"enemies":"Blue Slaver","floor":15.0,"turns":3.0},{"damage":28.0,"enemies":"downfall:Defect","floor":16.0,"turns":9.0},{"damage":0.0,"enemies":"3 Byrds","floor":19.0,"turns":2.0},{"damage":3.0,"enemies":"Centurion and Healer","floor":20.0,"turns":5.0},{"damage":0.0,"enemies":"downfall:FleeingMerchant","floor":22.0,"turns":4.0},{"damage":0.0,"enemies":"Book of Stabbing","floor":23.0,"turns":4.0},{"damage":0.0,"enemies":"Gremlin Leader","floor":25.0,"turns":6.0},{"damage":18.0,"enemies":"Slavers","floor":27.0,"turns":5.0},{"damage":0.0,"enemies":"Book of Stabbing","floor":29.0,"turns":4.0},{"damage":3.0,"enemies":"downfall:FleeingMerchant","floor":31.0,"turns":4.0},{"damage":0.0,"enemies":"Snake Plant","floor":32.0,"turns":3.0},{"damage":3.0,"enemies":"downfall:Silent","floor":33.0,"turns":7.0},{"damage":0.0,"enemies":"Orb Walker","floor":36.0,"turns":3.0},{"damage":0.0,"enemies":"downfall:FleeingMerchant","floor":37.0,"turns":2.0},{"damage":18.0,"enemies":"3 Darklings","floor":38.0,"turns":5.0},{"damage":6.0,"enemies":"Nemesis","floor":40.0,"turns":5.0},{"damage":12.0,"enemies":"4 Shapes","floor":43.0,"turns":8.0},{"damage":4.0,"enemies":"Transient","floor":46.0,"turns":6.0},{"damage":0.0,"enemies":"Maw","floor":47.0,"turns":6.0},{"damage":3.0,"enemies":"4 Shapes","floor":49.0,"turns":4.0},{"damage":11,"enemies":"downfall:Ironclad","floor":50,"turns":17}],"seed_played":"-2839617622549068081","potions_obtained":[{"floor":11.0,"key":"champ:CounterPotion"},{"floor":12.0,"key":"DistilledChaos"},{"floor":13.0,"key":"Strength Potion"},{"floor":16.0,"key":"SpeedPotion"},{"floor":23.0,"key":"Weak Potion"},{"floor":25.0,"key":"Fire Potion"},{"floor":27.0,"key":"Weak Potion"},{"floor":33.0,"key":"Guardian:DefensiveModePotion"},{"floor":43.0,"key":"LiquidMemories"},{"floor":46.0,"key":"Fire Potion"},{"floor":47.0,"key":"FairyPotion"},{"floor":49,"key":"champ:CounterPotion"}],"is_trial":false,"path_per_floor":["R","M","?","M","?","?","T","R","?","E","M","M","E","$","M","B",null,"R","M","M","?","$","E","T","E","R","E","?","E","?","$","M","B",null,"R","M","$","M","?","E","T","R","M","R","?","M","M","?","M","B",null],"character_chosen":"GUARDIAN","items_purchased":["Guardian:ArmoredProtocol","Guardian:Gem_Cyan","Oddly Smooth Stone"],"campfire_rested":1,"item_purchase_floors":[14,14,37],"current_hp_per_floor":[65,65,65,65,47,23,23,44,44,44,44,44,39,39,34,6,56,56,56,53,53,53,53,53,63,63,45,45,47,47,46,46,48,69,69,71,73,57,57,53,53,53,48,48,48,46,48,50,52,46],"gold":238,"neow_bonus":"THREE_ENEMY_KILL","is_daily":false,"chose_seed":false,"campfire_upgraded":5,"win_rate":0.0,"timestamp":1610402599,"path_taken":["R","M","?","M","?","?","T","R","?","E","M","M","E","$","M","BOSS","R","M","M","?","$","E","T","E","R","E","?","E","?","?","M","BOSS","R","M","$","M","?","E","T","R","M","R","?","M","M","?","M","BOSS"],"items_purchased_type":["Card","Card","Relic"],"build_version":"2020-12-22","purchased_purges":4,"victory":true,"max_hp_per_floor":[72,72,72,72,72,72,72,72,72,72,72,72,72,72,72,72,72,72,72,72,72,72,72,72,72,72,72,72,74,74,76,76,76,76,76,78,80,82,82,84,84,84,86,86,86,88,90,92,92,92],"card_choices":[{"not_picked":["Guardian:TimeCapacitor","Guardian:TemporalStrike"],"picked":"Guardian:Gem_Cyan","floor":2.0},{"not_picked":["Guardian:Suspension","Guardian:Gem_Purple"],"picked":"Guardian:FloatingOrbs","floor":4.0},{"not_picked":["Guardian:DecasProtection","Guardian:Gem_Green"],"picked":"Guardian:ShieldSpikes","floor":10.0},{"not_picked":["Guardian:Harden","Guardian:PrismaticBarrier"],"picked":"Guardian:Gem_White","floor":11.0},{"not_picked":["Guardian:Emergency","Guardian:Planning"],"picked":"Guardian:Gem_Cyan","floor":12.0},{"not_picked":["Guardian:Reroute","Guardian:TimeCapacitor","Guardian:MultiBeam"],"picked":"SKIP","floor":13.0},{"not_picked":["Guardian:Gem_Purple","Guardian:FloatingOrbs"],"picked":"Guardian:PrismaticBeam","floor":14.0},{"not_picked":["Guardian:ShieldCharger","Guardian:Gem_Green"],"picked":"Guardian:PiercingHide","floor":15.0},{"not_picked":["Guardian:ShieldCharger","Guardian:Gem_Lightblue","Guardian:RollAttack"],"picked":"SKIP","floor":19.0},{"not_picked":["Guardian:WalkerClaw","Guardian:TemporalStrike"],"picked":"Guardian:FloatingOrbs","floor":20.0},{"not_picked":["Guardian:Preprogram","Guardian:PiercingHide"],"picked":"Guardian:SpikerProtocol","floor":22.0},{"not_picked":["Guardian:Recover+1","Guardian:ConstructionForm+1","Guardian:ChargeUp+1"],"picked":"SKIP","floor":23.0},{"not_picked":["Guardian:DecasProtection","Guardian:ShieldCharger","Guardian:Gem_Red"],"picked":"SKIP","floor":25.0},{"not_picked":["Guardian:VentSteam","Guardian:Gem_Green","Guardian:Reroute"],"picked":"SKIP","floor":27.0},{"not_picked":["Guardian:Reroute","Guardian:CrystalBeam","Guardian:ShieldCharger"],"picked":"Singing Bowl","floor":29.0},{"not_picked":["Guardian:Recover","Guardian:ChargeCore","Guardian:Gem_Lightblue"],"picked":"Singing Bowl","floor":31.0},{"not_picked":["Guardian:Gem_Lightblue","Guardian:PrimingBeam"],"picked":"Guardian:FloatingOrbs+1","floor":32.0},{"not_picked":["Guardian:FierceBash","Guardian:HyperBeam_Guardian"],"picked":"Guardian:ExploitGems","floor":33.0},{"not_picked":["Guardian:ShieldSpikes","Guardian:Gem_Green","Guardian:Planning+1"],"picked":"Singing Bowl","floor":36.0},{"not_picked":["Guardian:ShieldSpikes","Guardian:Repulse+1","Guardian:VentSteam+1"],"picked":"Singing Bowl","floor":37.0},{"not_picked":["Guardian:VentSteam","Guardian:Preprogram","Guardian:Gem_Red"],"picked":"Singing Bowl","floor":38.0},{"not_picked":["Guardian:Gem_Blue","Guardian:Gem_Crimson","Guardian:CrystalBeam"],"picked":"Singing Bowl","floor":40.0},{"not_picked":["Guardian:Gem_Cyan","Guardian:TemporalShield+1","Guardian:BaubleBeam"],"picked":"Singing Bowl","floor":43.0},{"not_picked":["Guardian:Gem_Lightblue","Guardian:ShieldCharger","Guardian:TemporalStrike"],"picked":"Singing Bowl","floor":46.0},{"not_picked":["Guardian:RollAttack+1","Guardian:WalkerClaw","Guardian:BronzeArmor+1"],"picked":"Singing Bowl","floor":47.0},{"not_picked":["expansioncontent:PolyBeam","expansioncontent:Chronoboost+1","expansioncontent:SuperHexaguard"],"picked":"Singing Bowl","floor":48.0},{"not_picked":["Guardian:PrimingBeam","Guardian:PiercingHide+1"],"picked":"Guardian:Gem_White","floor":49}],"player_experience":285251,"relics_obtained":[{"floor":7.0,"key":"Bag of Marbles"},{"floor":10.0,"key":"Matryoshka"},{"floor":13.0,"key":"Ancient Tea Set"},{"floor":23.0,"key":"Frozen Egg 2"},{"floor":24.0,"key":"Toy Ornithopter"},{"floor":24.0,"key":"Whetstone"},{"floor":25.0,"key":"Regal Pillow"},{"floor":27.0,"key":"Pen Nib"},{"floor":29.0,"key":"Singing Bowl"},{"floor":40.0,"key":"Lantern"},{"floor":41.0,"key":"The Courier"},{"floor":41.0,"key":"Darkstone Periapt"}],"event_choices":[{"damage_healed":0.0,"max_hp_gain":0.0,"max_hp_loss":0.0,"gold_gain":0.0,"event_name":"Scrap Ooze","player_choice":"Success","floor":5.0,"gold_loss":0.0,"damage_taken":18.0,"relics_obtained":["Boot"]},{"damage_healed":0.0,"max_hp_gain":0.0,"max_hp_loss":0.0,"gold_gain":0.0,"event_name":"Back to Basics","player_choice":"Simplicity","floor":28.0,"gold_loss":0.0,"damage_taken":0.0,"cards_upgraded":["Guardian:Defend_Guardian","Guardian:Defend_Guardian","Guardian:Defend_Guardian","Guardian:Defend_Guardian"]},{"damage_healed":0.0,"max_hp_gain":0.0,"max_hp_loss":0.0,"gold_gain":0.0,"event_name":"The Library","player_choice":"Read","floor":30.0,"gold_loss":0.0,"damage_taken":0.0,"cards_obtained":["Guardian:Gem_White"]}],"is_beta":false,"boss_relics":[{"not_picked":["Runic Pyramid","Pandora\u0027s Box"],"picked":"Coffee Dripper"},{"not_picked":["Calling Bell","Astrolabe"],"picked":"Empty Cage"}],"items_purged_floors":[14,22,31,37],"is_endless":false,"potions_floor_spawned":[11,12,13,15,16,23,25,27,29,32,33,36,43,46,47,49],"ascension_level":20}}