{"host":"miejrq8yypas90n2","time":1610354970,"event":{"mods":["100% Spire Juice","Act Like it!","BaseMod","Colored Powertips","Gensokyo","Marisa£®ÏF”Í°°ƒß¿Ì…≥£©","Minty Spire (QoL Compilation)","Reimu£®≤©¿ˆ¡È√Œ£©","StSLib","The Gatherer","The Poker Player","The Servant 0.9.4"],"gold_per_floor":[109,109,127,52,52,52,87,87,87,106,124,142,142,161,161,161,161],"floor_reached":16,"playtime":557,"items_purged":["Moonworks:Strike"],"score":127,"play_id":"4965baf1-9783-4f47-b842-5c944c9b694d","local_time":"20210111164930","is_ascension_mode":false,"campfire_choices":[{"data":"Moonworks:Heat300Percent","floor":6,"key":"SMITH"},{"data":"Moonworks:RocketCannon","floor":13,"key":"SMITH"},{"floor":15,"key":"REST"}],"circlet_count":0,"master_deck":["Moonworks:Strike","Moonworks:Defend","Moonworks:Defend","Moonworks:Defend","Moonworks:Defend","Moonworks:Ambush","Moonworks:LongDistanceShot","Moonworks:DeployBits","Moonworks:StiffCrystal","Moonworks:Heat300Percent+1","Moonworks:Wanted","Moonworks:AwakeningOfTalent","Moonworks:NicePresent","Moonworks:RocketCannon+1"],"relics":["Moonworks:BrokenBomb","Moonworks:Homemark","NeowsBlessing","Toy Ornithopter","Golden Idol","The Courier"],"acts_visited":["Exordium"],"potions_floor_usage":[16],"damage_taken":[{"damage":0,"enemies":"Small Slimes","floor":1,"turns":2},{"damage":0,"enemies":"Jaw Worm","floor":3,"turns":1},{"damage":0,"enemies":"3 Sentries","floor":7,"turns":2},{"damage":0,"enemies":"2 Louse","floor":10,"turns":5},{"damage":11,"enemies":"Blue Slaver","floor":11,"turns":5},{"damage":2,"enemies":"Exordium Thugs","floor":12,"turns":4},{"damage":11,"enemies":"Lots of Slimes","floor":14,"turns":5},{"damage":41,"enemies":"Slime Boss","floor":16,"turns":9}],"seed_played":"-4798464500320429364","potions_obtained":[{"floor":3,"key":"Weak Potion"},{"floor":10,"key":"AttackPotion"},{"floor":14,"key":"GamblersBrew"}],"is_trial":false,"path_per_floor":["M","?","M","$","?","R","E","?","T","M","M","M","R","M","R","B"],"character_chosen":"THE_STARBREAKER","items_purchased":[],"campfire_rested":1,"item_purchase_floors":[],"current_hp_per_floor":[60,60,60,60,53,53,53,38,38,38,27,25,25,14,32,0,0],"gold":161,"neow_bonus":"THREE_ENEMY_KILL","is_daily":false,"chose_seed":false,"campfire_upgraded":2,"win_rate":0.0,"timestamp":1610354970,"path_taken":["M","?","M","$","?","R","E","?","T","?","M","M","R","M","R","BOSS"],"items_purchased_type":[],"build_version":"2020-12-22","purchased_purges":1,"victory":false,"max_hp_per_floor":[60,60,60,60,60,60,60,60,60,60,60,60,60,60,60,60,60],"card_choices":[{"not_picked":["Moonworks:NicePresent","Moonworks:IndiscriminateFireSupport"],"picked":"Moonworks:DeployBits","floor":1},{"not_picked":["Moonworks:RedAndBlue","Moonworks:Flamethrower"],"picked":"Moonworks:Heat300Percent","floor":3},{"not_picked":["Moonworks:DeployBits","Moonworks:NicePresent"],"picked":"Moonworks:Wanted","floor":7},{"not_picked":["Moonworks:Assault","Moonworks:NicePresent"],"picked":"Moonworks:AwakeningOfTalent","floor":10},{"not_picked":["Moonworks:JonathanRush","Moonworks:ImOnFire"],"picked":"Moonworks:NicePresent","floor":11},{"not_picked":["Moonworks:NicePresent","Moonworks:ImOnFire"],"picked":"Moonworks:RocketCannon","floor":12},{"not_picked":["Moonworks:JonathanRush","Moonworks:Assault","Moonworks:NicePresent"],"picked":"SKIP","floor":14}],"player_experience":236659,"relics_obtained":[{"floor":7,"key":"Toy Ornithopter"},{"floor":9,"key":"The Courier"}],"event_choices":[{"damage_healed":0,"gold_gain":0,"cards_transformed":["Moonworks:Strike"],"player_choice":"Change","damage_taken":0,"max_hp_gain":0,"max_hp_loss":0,"event_name":"Living Wall","floor":2,"gold_loss":0,"cards_obtained":["Moonworks:StiffCrystal"]},{"cards_removed":["Moonworks:Strike"],"damage_healed":0,"gold_gain":0,"player_choice":"Card Removal","damage_taken":7,"max_hp_gain":0,"max_hp_loss":0,"event_name":"Golden Wing","floor":5,"gold_loss":0},{"damage_healed":0,"gold_gain":0,"player_choice":"Take Damage","damage_taken":15,"relics_obtained":["Golden Idol"],"max_hp_gain":0,"max_hp_loss":0,"event_name":"Golden Idol","floor":8,"gold_loss":0}],"is_beta":false,"boss_relics":[],"items_purged_floors":[4],"is_endless":false,"potions_floor_spawned":[3,10,14],"killed_by":"Slime Boss","ascension_level":0}}