{"host":"op7lvjy5lsqtpdgx","time":1610349652,"event":{"mods":["BaseMod","Minty Spire (QoL Compilation)","StSLib"],"gold_per_floor":[115,132,145,160,173,173,188,223,223,38,38,54,64,139,139,139,139],"floor_reached":16,"playtime":1017,"items_purged":["Strike_G"],"score":127,"play_id":"ab947035-6833-46ed-817e-4868237b8e9b","local_time":"20210111202052","is_ascension_mode":true,"campfire_choices":[{"floor":6,"key":"REST"},{"floor":11,"key":"REST"},{"floor":15,"key":"REST"}],"circlet_count":0,"master_deck":["Strike_G","Strike_G","Strike_G","Strike_G","Defend_G","Defend_G","Defend_G","Defend_G","Defend_G","Survivor","Neutralize","Panacea","Dagger Throw","Footwork","Acrobatics","Tactician","Finisher","Quick Slash","PiercingWail","Concentrate","Reflex","Prepared"],"relics":["Ring of the Snake","Centennial Puzzle","Lizard Tail"],"acts_visited":["Exordium"],"potions_floor_usage":[8,8,16],"damage_taken":[{"damage":1,"enemies":"Cultist","floor":1,"turns":5},{"damage":0,"enemies":"2 Louse","floor":2,"turns":3},{"damage":0,"enemies":"Small Slimes","floor":3,"turns":3},{"damage":37,"enemies":"Exordium Thugs","floor":4,"turns":8},{"damage":11,"enemies":"3 Louse","floor":5,"turns":5},{"damage":4,"enemies":"Blue Slaver","floor":7,"turns":4},{"damage":6,"enemies":"Gremlin Nob","floor":8,"turns":3},{"damage":14,"enemies":"Lots of Slimes","floor":12,"turns":3},{"damage":0,"enemies":"Red Slaver","floor":13,"turns":3},{"damage":92,"enemies":"Slime Boss","floor":16,"turns":8}],"seed_played":"-360275928276065710","potions_obtained":[{"floor":1,"key":"DistilledChaos"},{"floor":2,"key":"Energy Potion"},{"floor":8,"key":"BlessingOfTheForge"},{"floor":13,"key":"Ancient Potion"}],"is_trial":false,"path_per_floor":["M","M","M","M","M","R","M","E","T","$","R","M","M","?","R","B"],"character_chosen":"THE_SILENT","items_purchased":["Concentrate","Reflex"],"campfire_rested":3,"item_purchase_floors":[10,10],"current_hp_per_floor":[69,69,69,32,21,42,38,32,32,32,53,39,39,28,49,0,0],"gold":139,"neow_bonus":"RANDOM_COLORLESS","is_daily":false,"chose_seed":false,"campfire_upgraded":0,"win_rate":0.0,"timestamp":1610349652,"path_taken":["M","M","M","M","M","R","M","E","T","?","R","?","?","?","R","BOSS"],"items_purchased_type":["Card","Card"],"build_version":"2020-12-22","purchased_purges":1,"victory":false,"max_hp_per_floor":[70,70,70,70,70,70,70,70,70,70,70,70,70,70,70,70,70],"card_choices":[{"not_picked":["Trip","Enlightenment"],"picked":"Panacea","floor":0},{"not_picked":["Concentrate","Riddle With Holes"],"picked":"Dagger Throw","floor":1},{"not_picked":["Blade Dance","Eviscerate"],"picked":"Footwork","floor":2},{"not_picked":["Underhanded Strike","Blade Dance"],"picked":"Acrobatics","floor":3},{"not_picked":["Noxious Fumes","Backflip"],"picked":"Tactician","floor":4},{"not_picked":["Predator","Deflect"],"picked":"Finisher","floor":5},{"not_picked":["Sucker Punch","Infinite Blades"],"picked":"Quick Slash","floor":7},{"not_picked":["Terror","Dagger Spray"],"picked":"PiercingWail","floor":8},{"not_picked":["Burst","Concentrate","Dagger Throw"],"picked":"SKIP","floor":12},{"not_picked":["Dagger Throw","Blade Dance"],"picked":"Prepared","floor":13}],"player_experience":152827,"relics_obtained":[{"floor":8,"key":"Centennial Puzzle"},{"floor":9,"key":"Lizard Tail"}],"event_choices":[{"damage_healed":0,"gold_gain":75,"player_choice":"Gather Gold","damage_taken":11,"max_hp_gain":0,"max_hp_loss":0,"event_name":"World of Goop","floor":14,"gold_loss":0}],"is_beta":false,"boss_relics":[],"items_purged_floors":[10],"is_endless":false,"potions_floor_spawned":[1,2,8,13],"killed_by":"Slime Boss","ascension_level":4}}