{"host":"Terry","time":1610375920,"event":{"mods":["BaseMod","Downfall","Hubris","Minty Spire (QoL Compilation)","Replay The Spire","StSLib"],"gold_per_floor":[99,115,127,127,138,138,138,156,66,96,96,126,126,126,145,250,250,250,338,353,353,366,366,366,408,405,417,429,429,429],"floor_reached":28,"playtime":2490,"items_purged":["hexamod:Strike"],"score":281,"play_id":"af948ac4-18ce-4581-9909-c71966739bd9","local_time":"20210111093840","is_ascension_mode":true,"campfire_choices":[{"floor":1,"key":"DIG"},{"data":"hexamod:GhostflameInferno","floor":6,"key":"SMITH"},{"floor":11,"key":"REST"},{"data":"hexamod:UnlimitedPower","floor":13,"key":"SMITH"},{"data":"hexamod:TimeOfNeed","floor":18,"key":"SMITH"},{"floor":27,"key":"REST"}],"circlet_count":0,"master_deck":["hexamod:Strike","hexamod:Strike","hexamod:Defend","hexamod:Defend+1","hexamod:Defend","hexamod:Defend","hexamod:Sear","hexamod:Float","hexamod:GhostflameInferno+1","hexamod:InspiringFlames","hexamod:HauntingEcho+1","hexamod:HauntingEcho+1","hexamod:Hexaguard","hexamod:BacktrackSmack","hexamod:BurningTouch","hexamod:UnlimitedPower+1","Regret","hexamod:RetreatToShadows","hexamod:TimeOfNeed+1","hexamod:SpectersWail","hexamod:Again+1","hexamod:ThermalTransfer+1","hexamod:RecurringNightmare","hexamod:Hexaguard","hexamod:UnlimitedPower+1","hexamod:PowerFromBeyond+1","hexamod:InspiringFlames+1"],"relics":["hexamod:SpiritBrand","hubris:MysteriousPyramids","Boot","Letter Opener","hubris:DisguiseKit","Velvet Choker","MawBank","Calipers"],"acts_visited":["Exordium","TheCity"],"potions_floor_usage":[10,10,25],"damage_taken":[{"damage":0,"enemies":"Cultist","floor":2,"turns":3},{"damage":6,"enemies":"Small Slimes","floor":3,"turns":6},{"damage":6,"enemies":"Jaw Worm","floor":5,"turns":3},{"damage":17,"enemies":"3 Louse","floor":8,"turns":3},{"damage":0,"enemies":"downfall:FleeingMerchant","floor":9,"turns":4},{"damage":10,"enemies":"Gremlin Nob","floor":10,"turns":3},{"damage":11,"enemies":"Replay:BlueRogue","floor":12,"turns":5},{"damage":4,"enemies":"Blue Slaver","floor":15,"turns":4},{"damage":24,"enemies":"downfall:Watcher","floor":16,"turns":7},{"damage":22,"enemies":"3 Byrds","floor":20,"turns":3},{"damage":9,"enemies":"Shell Parasite","floor":22,"turns":4},{"damage":10,"enemies":"Book of Stabbing","floor":25,"turns":4},{"damage":3,"enemies":"downfall:FleeingMerchant","floor":26,"turns":4},{"damage":33,"enemies":"Centurion and Healer","floor":28,"turns":2}],"seed_played":"-4115657893410533695","potions_obtained":[{"floor":2,"key":"LiquidMemories"},{"floor":5,"key":"PowerPotion"},{"floor":21,"key":"downfall:CursedFountainPotion"},{"floor":25,"key":"EssenceOfSteel"}],"is_trial":false,"path_per_floor":["R","M","M","?","M","R","T","M","$","E","R","E","R","?","M","B",null,"R","?","M","?","M","?","T","E","$","R","M"],"character_chosen":"THE_SPIRIT","items_purchased":[],"campfire_rested":2,"item_purchase_floors":[],"current_hp_per_floor":[63,63,57,57,51,51,51,34,34,24,42,31,31,31,27,3,63,63,48,26,26,17,17,17,7,4,22,0,0,0],"gold":429,"neow_bonus":"THREE_RARE_CARDS","is_daily":false,"chose_seed":false,"campfire_upgraded":3,"win_rate":0.0,"timestamp":1610375920,"path_taken":["R","M","M","?","M","R","T","M","?","E","R","E","R","?","M","BOSS","R","?","M","?","?","?","T","E","$","R","M"],"items_purchased_type":[],"build_version":"2020-12-18","purchased_purges":1,"victory":false,"max_hp_per_floor":[63,63,63,63,63,63,63,63,63,63,63,63,63,63,63,63,63,63,63,63,63,63,63,63,63,63,63,63,63,63],"card_choices":[{"not_picked":["hexamod:TurnItUp","hexamod:ApocalypseNow"],"picked":"hexamod:GhostflameInferno","floor":0},{"not_picked":["hexamod:BacktrackSmack","hexamod:NightmareStrike"],"picked":"hexamod:InspiringFlames","floor":2},{"not_picked":["hexamod:Firestarter","hexamod:NightmareGuise"],"picked":"hexamod:HauntingEcho","floor":3},{"not_picked":["hexamod:GhostLash","hexamod:InspiringFlames"],"picked":"hexamod:HauntingEcho","floor":5},{"not_picked":["hexamod:RadiantFlame","hexamod:InspiringFlames"],"picked":"hexamod:Hexaguard","floor":8},{"not_picked":["hexamod:Firestarter","hexamod:SpectralSpark"],"picked":"hexamod:BacktrackSmack","floor":9},{"not_picked":["hexamod:RainOfEmbers","hexamod:SpectralSpark"],"picked":"hexamod:BurningTouch","floor":10},{"not_picked":["hexamod:SpectralSpark","hexamod:GhostLash"],"picked":"hexamod:UnlimitedPower","floor":12},{"not_picked":["hexamod:RainOfEmbers","hexamod:GhostShield","Guardian:ShieldCharger"],"picked":"hexamod:RetreatToShadows","floor":15},{"not_picked":["hexamod:WildfireWeapon","hexamod:EmpoweringStance","Guardian:RevengeProtocol"],"picked":"hexamod:TimeOfNeed","floor":16},{"not_picked":["hexamod:FastForward+1","hexamod:BurningTouch","Guardian:VentSteam"],"picked":"hexamod:SpectersWail","floor":19},{"not_picked":["hexamod:RainOfEmbers+1","hexamod:AdvancingGuard","Guardian:Gem_Red"],"picked":"hexamod:Again+1","floor":19},{"not_picked":["hexamod:SpectersWail","hexamod:NightmareGuise","Guardian:BronzeArmor"],"picked":"hexamod:ThermalTransfer+1","floor":19},{"not_picked":["hexamod:SixthSeal","hexamod:FastForward","Guardian:Incinerate"],"picked":"hexamod:RecurringNightmare","floor":20},{"not_picked":["hexamod:ThirdSeal","hexamod:Again+1","Guardian:BronzeArmor"],"picked":"hexamod:Hexaguard","floor":22},{"not_picked":["hexamod:AdvancingGuard","hexamod:HauntingEcho","Guardian:Gem_Yellow"],"picked":"hexamod:PowerFromBeyond+1","floor":25},{"not_picked":["hexamod:BurningTouch","hexamod:FirstSeal","Guardian:Gem_Green"],"picked":"hexamod:InspiringFlames+1","floor":26}],"player_experience":591592,"relics_obtained":[{"floor":1,"key":"hubris:MysteriousPyramids"},{"floor":7,"key":"Boot"},{"floor":10,"key":"Letter Opener"},{"floor":12,"key":"hubris:DisguiseKit"},{"floor":24,"key":"MawBank"},{"floor":25,"key":"Calipers"}],"event_choices":[{"cards_removed":["hexamod:Strike"],"damage_healed":0,"gold_gain":0,"player_choice":"Offered Basic","damage_taken":0,"max_hp_gain":0,"max_hp_loss":0,"event_name":"Bonfire Elementals","floor":4,"gold_loss":0},{"damage_healed":0,"gold_gain":0,"player_choice":"Copied","damage_taken":0,"max_hp_gain":0,"max_hp_loss":0,"event_name":"Duplicator","floor":23,"gold_loss":0,"cards_obtained":["hexamod:UnlimitedPower"]}],"is_beta":true,"boss_relics":[{"not_picked":["Runic Pyramid","Philosopher\u0027s Stone"],"picked":"Velvet Choker"}],"items_purged_floors":[9],"is_endless":false,"potions_floor_spawned":[2,5,25],"killed_by":"Centurion and Healer","ascension_level":3}}