{"host":"ko4b5atusvmax52d","time":1610400383,"event":{"mods":["AchievementEnabler","Act Like it!","BaseMod","Better Third Choice","BetterRewards","Friendly Minions","Hermit","Hubris","Marisa????????","Minty Spire (QoL Compilation)","Permanent Neow","Prisma Mod","Quick Restart","Rare Cards Sparkle","Shade Mod","Spicy Shops","Spikes Relics","StSLib","SuperFastMode","The Animator","The Bug Knight","The Runesmith","vexMod"],"gold_per_floor":[526,526,549,549,229,269,269,289,315,333,333,357,67,93,93,230,230,263,178,178,178,211,221,221],"floor_reached":23,"playtime":1057,"items_purged":["Clumsy"],"score":191,"play_id":"1736b83e-f609-47f9-89da-d73e055f9182","local_time":"20210111222623","is_ascension_mode":false,"campfire_choices":[{"floor":11,"key":"REST"},{"data":"animator:Strike_Kancolle","floor":15,"key":"SMITH"}],"circlet_count":0,"master_deck":["animator:Strike_Kancolle+1","animator:Defend_Kancolle","animator:Strike","animator:Strike","animator:Strike","animator:Defend","animator:Defend","animator:Defend","animator:Shimakaze+1","animator:YunYun+1","animator:Kazuma+1","animator:Geryuganshoop","Injury","animator:Togame","animator:Togame","animator:Ainz+1","Writhe","animator:Mikaela","animator:MisaKurobane"],"relics":["animator:LivingPicture","animator:ColorlessFragment","animator:PurgingStone","Frozen Egg 2","vexMod:PaidLearning","Art of War","Golden Idol","animator:Buoy","SlaversCollar","Runesmith:Nanobots","hubris:DeckOfHolding"],"acts_visited":["Exordium","TheCity"],"potions_floor_usage":[6,6,12,12,16],"damage_taken":[{"damage":7,"enemies":"Jaw Worm","floor":1,"turns":6},{"damage":1,"enemies":"Cultist","floor":3,"turns":3},{"damage":15,"enemies":"Lagavulin","floor":6,"turns":6},{"damage":0,"enemies":"2 Louse","floor":8,"turns":2},{"damage":0,"enemies":"Blue Slaver","floor":10,"turns":4},{"damage":4,"enemies":"Large Slime","floor":12,"turns":6},{"damage":2,"enemies":"Looter","floor":14,"turns":3},{"damage":36,"enemies":"The Guardian","floor":16,"turns":12},{"damage":10,"enemies":"3 Byrds","floor":18,"turns":5},{"damage":7,"enemies":"Chosen","floor":22,"turns":6},{"damage":51,"enemies":"Slavers","floor":23,"turns":4}],"seed_played":"2969947514992545626","potions_obtained":[{"floor":1,"key":"PowerPotion"},{"floor":2,"key":"DistilledChaos"},{"floor":2,"key":"Swift Potion"},{"floor":6,"key":"Strength Potion"},{"floor":10,"key":"Energy Potion"}],"is_trial":false,"path_per_floor":["M","?","M","?","$","E","?","M","T","M","R","M","$","M","R","B",null,"M","?","?","?","M","E"],"character_chosen":"THE_ANIMATOR","items_purchased":["Frozen Egg 2","vexMod:PaidLearning","animator:Togame","animator:ColorlessFragment","animator:Buoy"],"campfire_rested":1,"item_purchase_floors":[5,5,13,13,13],"current_hp_per_floor":[41,41,40,40,40,25,25,25,25,25,44,40,40,38,38,2,66,56,56,56,56,49,0,0],"gold":221,"neow_bonus":"TWO_FIFTY_GOLD","is_daily":false,"chose_seed":false,"campfire_upgraded":1,"win_rate":0.0,"timestamp":1610400383,"path_taken":["M","?","?","?","$","E","?","M","T","M","R","M","$","M","R","BOSS","M","?","?","?","M","E"],"items_purchased_type":["Relic","Relic","Card","Relic","Relic"],"build_version":"2020-12-22","purchased_purges":1,"victory":false,"max_hp_per_floor":[66,66,66,66,66,66,66,66,66,66,66,66,66,66,66,66,66,66,66,66,66,66,66,66],"card_choices":[{"not_picked":["animator:FielNirvalen","animator:RoyMustang"],"picked":"animator:YunYun","floor":1},{"not_picked":["animator:Illya","animator:Shigure"],"picked":"animator:Kazuma","floor":3},{"not_picked":["animator:IzunaHatsuse","animator:Yoichi"],"picked":"animator:Geryuganshoop","floor":6},{"not_picked":["animator:YunYun","animator:Demiurge","animator:MumenRider"],"picked":"SKIP","floor":10},{"not_picked":["animator:Verdia","animator:Emonzaemon","animator:TsurugaMeisai"],"picked":"SKIP","floor":12},{"not_picked":["animator:Mitsuba","animator:Megumin"],"picked":"animator:Togame","floor":14},{"not_picked":["animator:Albedo","animator:Guren"],"picked":"animator:Ainz+1","floor":16},{"not_picked":["animator:Entoma","animator:Togame","animator:FielNirvalen+1"],"picked":"SKIP","floor":18},{"not_picked":["animator:Kagari+1","animator:Kuroyukihime"],"picked":"animator:MisaKurobane","floor":22}],"player_experience":272491,"relics_obtained":[{"floor":6,"key":"Art of War"}],"event_choices":[{"damage_healed":0,"gold_gain":0,"player_choice":"Got Potions","damage_taken":0,"max_hp_gain":0,"max_hp_loss":0,"event_name":"Lab","floor":2,"gold_loss":0},{"damage_healed":0,"gold_gain":0,"player_choice":"Take Wound","damage_taken":0,"relics_obtained":["Golden Idol"],"max_hp_gain":0,"max_hp_loss":0,"event_name":"Golden Idol","floor":7,"gold_loss":0,"cards_obtained":["Injury"]},{"damage_healed":0,"gold_gain":0,"player_choice":"Obtained Relic","damage_taken":0,"relics_obtained":["Runesmith:Nanobots"],"max_hp_gain":0,"max_hp_loss":0,"event_name":"Addict","floor":19,"gold_loss":85},{"damage_healed":0,"gold_gain":0,"player_choice":"Opened","damage_taken":0,"relics_obtained":["hubris:DeckOfHolding"],"max_hp_gain":0,"max_hp_loss":0,"event_name":"The Mausoleum","floor":20,"gold_loss":0,"cards_obtained":["Writhe"]},{"damage_healed":0,"gold_gain":0,"player_choice":"Read","damage_taken":0,"max_hp_gain":0,"max_hp_loss":0,"event_name":"The Library","floor":21,"gold_loss":0,"cards_obtained":["animator:Mikaela"]}],"is_beta":false,"boss_relics":[{"not_picked":["hubris:GrandSneckoEye","Busted Crown"],"picked":"SlaversCollar"}],"items_purged_floors":[5],"is_endless":false,"potions_floor_spawned":[1,6,10],"killed_by":"Slavers","ascension_level":0}}