{"host":"91blwi3hgehj6ch9","time":1610368818,"event":{"mods":["2.2 Compatiblity","AchievementEnabler","BaseMod","Colored Map","DeckTracker","Keyboard Shortcuts","Minty Spire (QoL Compilation)","Permanent Neow","Quick Restart","StSLib","SuperFastMode"],"gold_per_floor":[113,113,38,49,63,63,82,82,157,157,170,202,202,202,202,277,277,252,252,265,295,310,310,310,310,310,310,360,376,376,376,376],"floor_reached":31,"playtime":1080,"items_purged":["Strike_G"],"score":443,"play_id":"160a1000-2bc6-4d91-af86-07daa5ebe3e5","local_time":"20210111214018","is_ascension_mode":true,"campfire_choices":[{"data":"Prepared","floor":6.0,"key":"SMITH"},{"data":"Noxious Fumes","floor":8.0,"key":"SMITH"},{"data":"Reflex","floor":10.0,"key":"SMITH"},{"floor":13.0,"key":"REST"},{"data":"Leg Sweep","floor":15.0,"key":"SMITH"},{"data":"Acrobatics","floor":23.0,"key":"SMITH"},{"floor":25.0,"key":"REST"}],"circlet_count":0,"master_deck":["AscendersBane","Strike_G","Strike_G","Strike_G","Defend_G","Defend_G","Defend_G","Defend_G","Survivor","Neutralize","Reflex+1","Noxious Fumes+1","Prepared+1","Dagger Throw","Leg Sweep+1","Eviscerate","Acrobatics+1","After Image","Reflex","Concentrate"],"relics":["Sozu","Ornamental Fan","Regal Pillow","Cursed Key","Red Mask","Bottled Tornado"],"acts_visited":["Exordium","TheCity"],"potions_floor_usage":[],"damage_taken":[{"damage":3.0,"enemies":"Jaw Worm","floor":1.0,"turns":6.0},{"damage":0.0,"enemies":"2 Louse","floor":4.0,"turns":3.0},{"damage":0.0,"enemies":"Cultist","floor":5.0,"turns":4.0},{"damage":10.0,"enemies":"2 Fungi Beasts","floor":7.0,"turns":5.0},{"damage":6.0,"enemies":"Large Slime","floor":11.0,"turns":6.0},{"damage":37.0,"enemies":"Gremlin Nob","floor":12.0,"turns":6.0},{"damage":10.0,"enemies":"The Guardian","floor":16.0,"turns":12.0},{"damage":9.0,"enemies":"2 Thieves","floor":18.0,"turns":5.0},{"damage":0.0,"enemies":"3 Byrds","floor":20.0,"turns":5.0},{"damage":4.0,"enemies":"Masked Bandits","floor":21.0,"turns":4.0},{"damage":0.0,"enemies":"Cultist and Chosen","floor":22.0,"turns":8.0},{"damage":57.0,"enemies":"Slavers","floor":27.0,"turns":8.0},{"damage":6,"enemies":"Centurion and Healer","floor":29,"turns":6},{"damage":8,"enemies":"Snake Plant","floor":31,"turns":4}],"seed_played":"5394108735071296115","potions_obtained":[],"is_trial":false,"path_per_floor":["M","?","$","M","M","R","M","R","T","R","M","E","R","?","R","B",null,"M","?","M","?","M","R","?","R","T","E","?","M","?","M"],"character_chosen":"THE_SILENT","items_purchased":[],"campfire_rested":2,"item_purchase_floors":[],"current_hp_per_floor":[56,56,56,56,56,56,46,46,46,46,40,3,37,37,37,27,56,47,47,47,43,43,43,43,66,66,9,9,3,3,0,0],"gold":376,"neow_bonus":"BOSS_RELIC","is_daily":false,"chose_seed":false,"campfire_upgraded":5,"win_rate":0.0,"timestamp":1610368818,"path_taken":["M","?","$","M","M","R","M","R","T","R","M","E","R","?","R","BOSS","M","?","?","?","M","R","?","R","T","E","?","M","?","M"],"items_purchased_type":[],"build_version":"2020-12-22","purchased_purges":1,"victory":false,"max_hp_per_floor":[66,66,66,66,66,66,66,66,66,66,66,66,66,66,66,66,66,66,66,66,66,66,66,66,66,66,66,66,66,66,66,66],"card_choices":[{"not_picked":["Cloak And Dagger","Bane"],"picked":"Reflex","floor":1.0},{"not_picked":["Endless Agony","Backflip"],"picked":"Noxious Fumes","floor":4.0},{"not_picked":["Dodge and Roll","Noxious Fumes"],"picked":"Prepared","floor":5.0},{"not_picked":["Deadly Poison","Infinite Blades"],"picked":"Dagger Throw","floor":7.0},{"not_picked":["Calculated Gamble","PiercingWail"],"picked":"Leg Sweep","floor":11.0},{"not_picked":["Backflip","Riddle With Holes","Sucker Punch"],"picked":"SKIP","floor":12.0},{"not_picked":["Cloak And Dagger","Underhanded Strike","Eviscerate"],"picked":"SKIP","floor":18.0},{"not_picked":["Setup","Accuracy"],"picked":"Acrobatics","floor":20.0},{"not_picked":["Flying Knee","Bane","Blade Dance"],"picked":"SKIP","floor":22.0},{"not_picked":["Well Laid Plans","Prepared+1"],"picked":"After Image","floor":27},{"not_picked":["Deflect","Quick Slash"],"picked":"Reflex","floor":29}],"player_experience":157570,"relics_obtained":[{"floor":9.0,"key":"Ornamental Fan"},{"floor":12.0,"key":"Regal Pillow"},{"floor":21.0,"key":"Red Mask"},{"floor":27,"key":"Bottled Tornado"}],"event_choices":[{"cards_removed":["Defend_G"],"damage_healed":0.0,"max_hp_gain":0.0,"max_hp_loss":0.0,"gold_gain":0.0,"event_name":"Living Wall","player_choice":"Forget","floor":2.0,"gold_loss":0.0,"damage_taken":0.0},{"damage_healed":0.0,"max_hp_gain":0.0,"max_hp_loss":0.0,"gold_gain":0.0,"event_name":"Dead Adventurer","player_choice":"Searched \u00270\u0027 times","floor":14.0,"gold_loss":0.0,"damage_taken":0.0},{"damage_healed":0.0,"max_hp_gain":0.0,"max_hp_loss":0.0,"gold_gain":0.0,"cards_transformed":["Strike_G"],"event_name":"Transmorgrifier","player_choice":"Transformed","floor":19.0,"gold_loss":0.0,"damage_taken":0.0,"cards_obtained":["Eviscerate"]},{"damage_healed":0.0,"max_hp_gain":0.0,"max_hp_loss":0.0,"gold_gain":0.0,"event_name":"Masked Bandits","player_choice":"Fought Bandits","floor":21.0,"gold_loss":0.0,"damage_taken":0.0},{"damage_healed":0.0,"max_hp_gain":0.0,"max_hp_loss":0.0,"gold_gain":0.0,"event_name":"Cursed Tome","player_choice":"Ignored","floor":24.0,"gold_loss":0.0,"damage_taken":0.0},{"damage_healed":0,"gold_gain":50,"player_choice":"Stole From Cult","damage_taken":0,"max_hp_gain":0,"max_hp_loss":0,"event_name":"Nest","floor":28,"gold_loss":0},{"damage_healed":0,"gold_gain":0,"player_choice":"Read","damage_taken":0,"max_hp_gain":0,"max_hp_loss":0,"event_name":"The Library","floor":30,"gold_loss":0,"cards_obtained":["Concentrate"]}],"is_beta":false,"boss_relics":[{"not_picked":["Runic Dome","Coffee Dripper"],"picked":"Cursed Key"}],"items_purged_floors":[3],"is_endless":false,"potions_floor_spawned":[4,7,12,16,20,27,29],"killed_by":"Snake Plant","ascension_level":15}}