{"host":"8lgo2trwv2o0qyml","time":1610394455,"event":{"mods":["BaseMod","Colored Map","Colored Powertips","DeckTracker","Highlight Path","Hubris","Infinite Spire","Minty Spire (QoL Compilation)","Quick Restart","Random Character Button","Relic Sorter","Replay The Spire","StSLib","SuperFastMode","Synergy Search"],"gold_per_floor":[109,109,109,127,144,179,193,193,193,193,208,11,44,44,44,139,139,157,157,172,172,188,220,220,135,212,212,285,482,494,494],"floor_reached":30,"playtime":1193,"items_purged":[],"score":326,"play_id":"df59561a-7df1-43b6-ab9c-664d83fa22a1","local_time":"20210111144735","is_ascension_mode":false,"campfire_choices":[{"floor":8,"key":"REST"},{"data":"BasicCrystalCard","floor":10,"key":"SMITH"},{"floor":15,"key":"DIG"},{"floor":24,"key":"REST"},{"data":"White Noise","floor":27,"key":"SMITH"}],"circlet_count":0,"master_deck":["Strike_B","Strike_B","Strike_B+1","Strike_B","Defend_B","Defend_B","Defend_B","Defend_B+1","Zap+1","Dualcast","Sweeping Beam+1","Melter","BasicCrystalCard+1","Rebound","BasicCrystalCard","White Noise+1","BasicCrystalCard","Electrodynamics","Sweeping Beam+1","Electrodynamics","Steam","Languid","Machine Learning","Streamline+1","Loop","Sweeping Beam","hubris:Envy"],"relics":["Cracked Core","Replay:Accelerometer","NeowsBlessing","Ancient Tea Set","infinitespire:ShieldingShard","Lee\u0027s Waffle","ReplayFunnel","InkBottle","Nuclear Battery","Prayer Wheel","ReplayTheSpireMod:Ring of Collecting","Ring of Shattering","Replay:Bottled Snecko","hubris:MysteriousPyramids","infinitespire:EmpoweringShard","Ring of Fury","infinitespire:Freezer","Ring of Greed","hubris:MobiusCoin","MawBank","Simple Rune"],"acts_visited":["Exordium","TheCity"],"potions_floor_usage":[13,23,23,23],"damage_taken":[{"damage":0,"enemies":"2 Louse","floor":1,"turns":1},{"damage":0,"enemies":"Jaw Worm","floor":4,"turns":1},{"damage":0,"enemies":"Cultist","floor":5,"turns":1},{"damage":38,"enemies":"Gremlin Nob","floor":6,"turns":4},{"damage":0,"enemies":"Large Slime","floor":7,"turns":4},{"damage":4,"enemies":"Blue Slaver","floor":11,"turns":3},{"damage":23,"enemies":"3 Sentries","floor":13,"turns":5},{"damage":0,"enemies":"Slime Boss","floor":16,"turns":6},{"damage":34,"enemies":"Shell Parasite","floor":18,"turns":5},{"damage":4,"enemies":"Chosen","floor":20,"turns":3},{"damage":11,"enemies":"Snake Plant","floor":22,"turns":4},{"damage":13,"enemies":"Gremlin Leader","floor":23,"turns":5},{"damage":18,"enemies":"Nightmare","floor":29,"turns":6},{"damage":28,"enemies":"Shelled Parasite and Fungi","floor":30,"turns":4}],"seed_played":"5533600139511946253","potions_obtained":[{"floor":1,"key":"LiquidBronze"},{"floor":4,"key":"LifebloodPotion"},{"floor":6,"key":"Block Potion"},{"floor":22,"key":"Energy Potion"},{"floor":23,"key":"BlessingOfTheForge"}],"is_trial":false,"path_per_floor":["M","?","?","M","M","E","M","R","T","R","M","$","E","T","R_BF","B",null,"M","AVR","M","?","M","E","R","?","T","R","T","NM","M"],"character_chosen":"DEFECT","items_purchased":["Lee\u0027s Waffle","BasicCrystalCard"],"campfire_rested":2,"item_purchase_floors":[12,12],"current_hp_per_floor":[75,75,60,60,60,22,22,44,44,44,40,82,59,59,59,59,82,48,48,44,44,33,20,44,44,44,44,44,26,0,0],"gold":494,"neow_bonus":"THREE_ENEMY_KILL","is_daily":false,"chose_seed":false,"campfire_upgraded":2,"win_rate":0.0,"timestamp":1610394455,"path_taken":["M","?","?","M","M","E","M","R","T","R","M","$","E","?","R_BF","BOSS","M","AVR","?","?","M","E","R","?","T","R","?","NM","M"],"items_purchased_type":["Relic","Card"],"build_version":"2020-12-22","purchased_purges":0,"victory":false,"max_hp_per_floor":[75,75,75,75,75,75,75,75,75,75,75,82,82,82,82,82,82,82,82,82,82,82,82,82,82,82,82,82,82,82,82],"card_choices":[{"not_picked":["Rebound","Time Bomb"],"picked":"Sweeping Beam","floor":1},{"not_picked":["Beam Cell","Stack"],"picked":"Melter","floor":4},{"not_picked":["hubris:Ukulele","Rebound"],"picked":"BasicCrystalCard","floor":5},{"not_picked":["Aggregate","Steam Power"],"picked":"Rebound","floor":6},{"not_picked":["ReplayTheSpireMod:Calculation Training","Redo"],"picked":"BasicCrystalCard","floor":7},{"not_picked":["Leap","hubris:DoWhile"],"picked":"White Noise","floor":11},{"not_picked":["Hologram","Compile Driver"],"picked":"Electrodynamics","floor":13},{"not_picked":["Buffer","hubris:Prefetch"],"picked":"ReplayTheSpireMod:Fabricate Wheel","floor":16},{"not_picked":["Hologram","Static Discharge"],"picked":"Sweeping Beam+1","floor":18},{"not_picked":["Go for the Eyes","Streamline","Reinforced Body"],"picked":"SKIP","floor":18},{"not_picked":["Coolheaded","Panic Button+1"],"picked":"Electrodynamics","floor":20},{"not_picked":["Blizzard","Reprogram"],"picked":"Steam","floor":20},{"not_picked":["Sweeping Beam+1","Redo"],"picked":"Machine Learning","floor":22},{"not_picked":["Turbo","Rebound"],"picked":"Streamline+1","floor":22},{"not_picked":["Beam Cell","Defragment"],"picked":"Loop","floor":23},{"not_picked":["Sweeping Beam","Streamline","Coolheaded"],"picked":"SKIP","floor":29},{"not_picked":["Streamline","Coolheaded"],"picked":"Sweeping Beam","floor":29}],"player_experience":64485,"relics_obtained":[{"floor":6,"key":"Ancient Tea Set"},{"floor":9,"key":"infinitespire:ShieldingShard"},{"floor":13,"key":"ReplayFunnel"},{"floor":14,"key":"InkBottle"},{"floor":15,"key":"Replay:Accelerometer"},{"floor":21,"key":"ReplayTheSpireMod:Ring of Collecting"},{"floor":21,"key":"Ring of Shattering"},{"floor":23,"key":"Replay:Bottled Snecko"},{"floor":26,"key":"infinitespire:EmpoweringShard"},{"floor":26,"key":"Ring of Fury"},{"floor":28,"key":"infinitespire:Freezer"},{"floor":28,"key":"Ring of Greed"},{"floor":28,"key":"hubris:MobiusCoin"},{"floor":28,"key":"MawBank"},{"floor":29,"key":"Simple Rune"}],"event_choices":[{"damage_healed":0,"gold_gain":0,"player_choice":"Ignored","damage_taken":0,"max_hp_gain":0,"max_hp_loss":0,"event_name":"Golden Wing","floor":2,"gold_loss":0},{"damage_healed":0,"gold_gain":0,"player_choice":"Entered Light","damage_taken":15,"max_hp_gain":0,"max_hp_loss":0,"event_name":"Shining Light","floor":3,"gold_loss":0,"cards_upgraded":["Zap","Sweeping Beam"]},{"damage_healed":0,"gold_gain":0,"player_choice":"Obtained Relic","damage_taken":0,"relics_obtained":["hubris:MysteriousPyramids"],"max_hp_gain":0,"max_hp_loss":0,"event_name":"Addict","floor":25,"gold_loss":85}],"is_beta":false,"boss_relics":[{"not_picked":["Replay:Bronze Core","hubris:Backtick"],"picked":"Nuclear Battery"}],"items_purged_floors":[],"is_endless":true,"potions_floor_spawned":[1,4,6,22,23],"killed_by":"Shelled Parasite and Fungi","ascension_level":0}}