{"host":"sav7uxregyirlf69","time":1610371965,"event":{"mods":["AchievementEnabler","BaseMod","Colored Map","DeckTracker","Keyboard Shortcuts","Minty Spire (QoL Compilation)","READ ME - Guardian Mod","StSLib","SuperFastMode"],"gold_per_floor":[118,43,43,57,67,94,94,112,112,37,37,113,123,136,136,211,211,221,221,237,137,52,52,52,64,64,76,76,76],"floor_reached":28,"playtime":516,"items_purged":["Defend_G","Strike_G"],"score":440,"play_id":"383b87b6-ac3a-4f6b-b5e3-d928b0498601","local_time":"20210111223245","is_ascension_mode":true,"campfire_choices":[{"data":"Dash","floor":7,"key":"SMITH"},{"data":"Dagger Spray","floor":11,"key":"SMITH"},{"data":"Noxious Fumes","floor":15,"key":"SMITH"},{"data":"Malaise","floor":23,"key":"SMITH"}],"circlet_count":0,"master_deck":["AscendersBane","Strike_G","Strike_G","Defend_G","Defend_G","Defend_G","Defend_G","Survivor","Neutralize","Dagger Throw","Dagger Spray+1","Dash+1","Noxious Fumes+1","Malaise+1","Ghostly","Ghostly","Ghostly","Deadly Poison","Bouncing Flask","Reflex"],"relics":["Ring of the Snake","Orichalcum","StrikeDummy","HoveringKite","Kunai","Darkstone Periapt"],"acts_visited":["Exordium","TheCity"],"potions_floor_usage":[6,13,16,16,25,28],"damage_taken":[{"damage":0,"enemies":"2 Louse","floor":1,"turns":3},{"damage":0,"enemies":"Jaw Worm","floor":4,"turns":3},{"damage":0,"enemies":"Cultist","floor":5,"turns":3},{"damage":20,"enemies":"3 Sentries","floor":6,"turns":8},{"damage":11,"enemies":"Large Slime","floor":8,"turns":6},{"damage":3,"enemies":"Gremlin Gang","floor":13,"turns":3},{"damage":0,"enemies":"Blue Slaver","floor":14,"turns":3},{"damage":14,"enemies":"Slime Boss","floor":16,"turns":9},{"damage":16,"enemies":"Chosen","floor":18,"turns":6},{"damage":14,"enemies":"Spheric Guardian","floor":20,"turns":6},{"damage":12,"enemies":"Chosen and Byrds","floor":25,"turns":7},{"damage":3,"enemies":"Snecko","floor":27,"turns":6},{"damage":25,"enemies":"3 Cultists","floor":28,"turns":5}],"seed_played":"8229931013536614879","potions_obtained":[{"floor":1,"key":"GamblersBrew"},{"floor":5,"key":"Poison Potion"},{"floor":6,"key":"Poison Potion"},{"floor":14,"key":"Weak Potion"},{"floor":16,"key":"Regen Potion"},{"floor":18,"key":"GamblersBrew"},{"floor":25,"key":"PowerPotion"}],"is_trial":false,"path_per_floor":["M","?","?","M","M","E","R","M","T","$","R","?","M","M","R","B",null,"M","?","M","$","?","R","?","M","T","M","M"],"character_chosen":"THE_SILENT","items_purchased":[],"campfire_rested":0,"item_purchase_floors":[],"current_hp_per_floor":[59,59,59,59,59,39,39,28,28,28,28,28,25,25,25,11,52,36,33,19,19,19,19,19,21,21,18,0,0],"gold":76,"neow_bonus":"RANDOM_COMMON_RELIC","is_daily":false,"chose_seed":false,"campfire_upgraded":4,"win_rate":0.0,"timestamp":1610371965,"path_taken":["M","?","?","M","M","E","R","M","T","$","R","?","M","M","R","BOSS","M","?","M","$","?","R","?","?","T","M","M"],"items_purchased_type":[],"build_version":"2020-12-22","purchased_purges":2,"victory":false,"max_hp_per_floor":[66,66,66,66,66,66,66,66,66,66,66,66,66,66,66,66,66,66,33,33,33,33,33,33,33,33,33,33,33],"card_choices":[{"not_picked":["Flechettes","Dodge and Roll"],"picked":"Dagger Throw","floor":1},{"not_picked":["Unload","Cloak And Dagger"],"picked":"Dagger Spray","floor":4},{"not_picked":["Expertise","Backflip"],"picked":"Dash","floor":5},{"not_picked":["Eviscerate","Flechettes","Riddle With Holes"],"picked":"SKIP","floor":6},{"not_picked":["Dodge and Roll","All Out Attack","Dash"],"picked":"SKIP","floor":8},{"not_picked":["Finisher","Sucker Punch"],"picked":"Noxious Fumes","floor":13},{"not_picked":["Backflip","Cloak And Dagger","Deadly Poison"],"picked":"SKIP","floor":14},{"not_picked":["Venomology","Unload"],"picked":"Malaise","floor":16},{"not_picked":["Outmaneuver","Bane","PiercingWail"],"picked":"SKIP","floor":18},{"not_picked":["Blade Dance","Skewer"],"picked":"Deadly Poison","floor":20},{"not_picked":["Backflip","Wraith Form v2"],"picked":"Reflex","floor":25},{"not_picked":["Bouncing Flask+1","Deadly Poison","All Out Attack"],"picked":"SKIP","floor":27}],"player_experience":1251739,"relics_obtained":[{"floor":6,"key":"StrikeDummy"},{"floor":26,"key":"Darkstone Periapt"}],"event_choices":[{"cards_removed":["Strike_G"],"damage_healed":0,"gold_gain":0,"player_choice":"Card Removal","damage_taken":0,"max_hp_gain":0,"max_hp_loss":0,"event_name":"The Cleric","floor":2,"gold_loss":75},{"damage_healed":0,"gold_gain":0,"player_choice":"Ignored","damage_taken":0,"max_hp_gain":0,"max_hp_loss":0,"event_name":"Liars Game","floor":3,"gold_loss":0},{"damage_healed":0,"gold_gain":76,"player_choice":"Gained Gold","damage_taken":0,"max_hp_gain":0,"max_hp_loss":0,"event_name":"Golden Wing","floor":12,"gold_loss":0},{"damage_healed":0,"gold_gain":0,"player_choice":"Became a Ghost","damage_taken":0,"max_hp_gain":0,"max_hp_loss":33,"event_name":"Ghosts","floor":19,"gold_loss":0,"cards_obtained":["Ghostly","Ghostly","Ghostly"]},{"damage_healed":0,"gold_gain":0,"player_choice":"Obtained Relic","damage_taken":0,"relics_obtained":["Kunai"],"max_hp_gain":0,"max_hp_loss":0,"event_name":"Addict","floor":22,"gold_loss":85},{"damage_healed":0,"gold_gain":0,"cards_transformed":["Strike_G"],"player_choice":"Transformed","damage_taken":0,"max_hp_gain":0,"max_hp_loss":0,"event_name":"Transmorgrifier","floor":24,"gold_loss":0,"cards_obtained":["Bouncing Flask"]}],"is_beta":false,"boss_relics":[{"not_picked":["Busted Crown","Tiny House"],"picked":"HoveringKite"}],"items_purged_floors":[10,21],"is_endless":false,"potions_floor_spawned":[1,5,6,14,16,18,25],"killed_by":"3 Cultists","ascension_level":20}}