{"host":"y89x8uui45kcjy42","time":1610374464,"event":{"mods":["2.2 Compatiblity","BaseMod","CapriCore","Colored Map","Colored Powertips","Custom Start","Friendly Minions","Keyboard Shortcuts","Minty Spire (QoL Compilation)","Relic Stats","Slay the Relics Exporter","StSLib","SuperFastMode","Uncapped"],"gold_per_floor":[15,15,15,15,15,15,15,15],"floor_reached":7,"playtime":133,"items_purged":[],"score":74,"play_id":"498c4224-f420-4276-b0af-9798e229ac81","local_time":"20210111231424","is_ascension_mode":true,"campfire_choices":[{"data":"Apotheosis","floor":6,"key":"SMITH"}],"circlet_count":0,"master_deck":["Strike_B","Strike_B","Strike_B","Defend_B","Defend_B","Defend_B","Defend_B","Reprogram+1","Reprogram+1","Apotheosis+1","Reinforced Body"],"relics":["Cracked Core","CaptainsWheel"],"acts_visited":["Exordium"],"potions_floor_usage":[],"damage_taken":[{"damage":6,"enemies":"Cultist","floor":1,"turns":4},{"damage":53,"enemies":"3 Sentries","floor":7,"turns":10}],"seed_played":"-5203641993823486351","potions_obtained":[],"is_trial":false,"path_per_floor":["M","$","?","?","?","R","E"],"character_chosen":"DEFECT","items_purchased":[],"campfire_rested":0,"item_purchase_floors":[],"current_hp_per_floor":[58,58,47,52,45,45,0,0],"gold":15,"neow_bonus":"RANDOM_COLORLESS_2","is_daily":false,"chose_seed":false,"campfire_upgraded":1,"win_rate":0.0,"timestamp":1610374464,"path_taken":["M","?","?","?","?","R","E"],"items_purchased_type":[],"build_version":"2020-12-22","purchased_purges":0,"victory":false,"max_hp_per_floor":[71,71,71,76,76,76,76,76],"relic_stats":{"counters":[2,14],"obtain_stats":[{"CaptainsWheel":3,"Cracked Core":0},{"CaptainsWheel":1,"Cracked Core":0},{"CaptainsWheel":4,"Cracked Core":0}]},"card_choices":[{"not_picked":["Secret Weapon","Chrysalis"],"picked":"Apotheosis","floor":0},{"not_picked":["Barrage","Rebound"],"picked":"Reinforced Body","floor":1}],"player_experience":593570,"relics_obtained":[],"event_choices":[{"damage_healed":0,"gold_gain":0,"player_choice":"Success","damage_taken":11,"relics_obtained":["CaptainsWheel"],"max_hp_gain":0,"max_hp_loss":0,"event_name":"Scrap Ooze","floor":3,"gold_loss":0},{"damage_healed":0,"gold_gain":0,"player_choice":"Donut","damage_taken":0,"max_hp_gain":5,"max_hp_loss":0,"event_name":"Big Fish","floor":4,"gold_loss":0},{"cards_removed":["Strike_B"],"damage_healed":0,"gold_gain":0,"player_choice":"Card Removal","damage_taken":7,"max_hp_gain":0,"max_hp_loss":0,"event_name":"Golden Wing","floor":5,"gold_loss":0}],"is_beta":false,"boss_relics":[],"items_purged_floors":[],"is_endless":false,"potions_floor_spawned":[],"killed_by":"3 Sentries","ascension_level":20}}