{"host":"eu5wvbbtjeiar27l","time":1610386032,"event":{"mods":["BaseMod","Colored Powertips","Infinite Spire","Minty Spire (QoL Compilation)","Rare Cards Sparkle","StSLib","vexMod"],"gold_per_floor":[118,131,143,143,161,190,190,190,190],"floor_reached":8,"playtime":717,"items_purged":[],"score":58,"play_id":"1e53583c-0fc6-4d28-abe5-65eb9657519d","local_time":"20210111172712","is_ascension_mode":false,"campfire_choices":[{"floor":7,"key":"REST"}],"circlet_count":0,"master_deck":["Strike_B","Strike_B","Defend_B","Defend_B","Defend_B","Defend_B","Zap","Dualcast","Recycle","Reprogram","Heatsinks","Sweeping Beam+1","Capacitor","Consume","Defragment"],"relics":["Cracked Core","infinitespire:Joker Card"],"acts_visited":["Exordium"],"potions_floor_usage":[6,8],"damage_taken":[{"damage":6,"enemies":"2 Louse","floor":1,"turns":5},{"damage":16,"enemies":"Cultist","floor":2,"turns":6},{"damage":2,"enemies":"Small Slimes","floor":3,"turns":3},{"damage":14,"enemies":"Exordium Thugs","floor":5,"turns":5},{"damage":21,"enemies":"3 Sentries","floor":6,"turns":6},{"damage":35,"enemies":"Lagavulin","floor":8,"turns":6}],"seed_played":"-8997220145748405261","potions_obtained":[{"floor":2,"key":"ColorlessPotion"},{"floor":6,"key":"ColorlessPotion"}],"is_trial":false,"path_per_floor":["M","M","M","?","M","E","R","E"],"character_chosen":"DEFECT","items_purchased":[],"campfire_rested":1,"item_purchase_floors":[],"current_hp_per_floor":[62,46,44,44,30,9,29,0,0],"gold":190,"neow_bonus":"TRANSFORM_TWO_CARDS","is_daily":false,"chose_seed":false,"campfire_upgraded":0,"win_rate":0.0,"timestamp":1610386032,"path_taken":["M","M","M","?","M","E","R","E"],"items_purchased_type":[],"build_version":"2020-12-22","purchased_purges":0,"victory":false,"max_hp_per_floor":[68,68,68,68,68,68,68,68,68],"card_choices":[{"not_picked":["Redo","Lockon"],"picked":"Heatsinks","floor":1},{"not_picked":["Conserve Battery","Storm"],"picked":"Sweeping Beam","floor":2},{"not_picked":["Redo","Loop"],"picked":"Capacitor","floor":3},{"not_picked":["Hologram","Buffer"],"picked":"Consume","floor":5},{"not_picked":["Auto Shields","Redo"],"picked":"Defragment","floor":6}],"player_experience":63329,"relics_obtained":[{"floor":6,"key":"infinitespire:Joker Card"}],"event_choices":[{"damage_healed":0,"gold_gain":0,"player_choice":"Forge","damage_taken":0,"max_hp_gain":0,"max_hp_loss":0,"event_name":"Accursed Blacksmith","floor":4,"gold_loss":0,"cards_upgraded":["Sweeping Beam"]}],"is_beta":false,"boss_relics":[],"items_purged_floors":[],"is_endless":false,"potions_floor_spawned":[2,6],"killed_by":"Lagavulin","ascension_level":0}}