{"host":"5apxsqgkueisybsc","time":1610346399,"event":{"mods":["A Magickal Journey","BaseMod","Better Third Choice","DeckTracker","GungeonMod","Hermit","Hero for Fun","Hubris","Hunter ??","Kratos Character Expansion","Mimic Mod","Minty Spire (QoL Compilation)","Random Character Button","Rare Cards Sparkle","Replay The Spire","Robot Space Explorer","SOS???????","Shade Mod","StSLib","The Blackbeard","The Bladedancer","The Bug Knight","The Clintock","The Cursed","The Disciple","The Dragon Tamer","The Druid","The Exalted","The Forsaken","The Kombatant","The Servant 0.9.4","The Valiant","The Witch","[IsaacMod]????"],"gold_per_floor":[110,125,125,144,157,183,183,27,27,27,27,91,117,135,135,240,340,355,31,47,47,82,113,113,123,150,150,150,150,150,168,168,284,284,305,305,325,325,344,344,366,381,381,401,401,401,425,453,453,453,453],"floor_reached":50,"playtime":3098,"items_purged":["DemoMod:Strike_Huntress"],"score":541,"play_id":"4bc0db47-2206-4bbb-83da-317262e4c4f4","local_time":"20210111012639","is_ascension_mode":false,"campfire_choices":[{"data":"DemoMod:PotionOfGunFriendShip","floor":15,"key":"SMITH"},{"floor":24,"key":"REST"},{"data":"DemoMod:ChanceBullets","floor":27,"key":"SMITH"},{"floor":29,"key":"REST"},{"floor":32,"key":"REST"},{"floor":40,"key":"REST"},{"floor":49,"key":"REST"}],"circlet_count":0,"master_deck":["DemoMod:Strike_Huntress+1","DemoMod:Strike_Huntress+1","DemoMod:Defend_Huntress+1","DemoMod:Defend_Huntress+1","DemoMod:Defend_Huntress+1","DemoMod:Defend_Huntress+1","DemoMod:Roll","DemoMod:ManualReload","DemoMod:RustySidearm","DemoMod:CrossBow","DemoMod:AWP","DemoMod:SniperShot","DemoMod:FinishedGun","DemoMod:PotionOfGunFriendShip+1","DemoMod:MachoBrace","DemoMod:ShadowBullets","DemoMod:HuntsMan","DemoMod:StickyCrossBow","DemoMod:FullFirepower+1","DemoMod:ChanceBullets+1","DemoMod:TeaPot","Writhe","DemoMod:CombinedRifle","DemoMod:TableSutra","DemoMod:Unmoved","DemoMod:ShadowBullets","DemoMod:GunShield","Hallucinations","Good Instincts","DemoMod:Unmoved","DemoMod:MachoBrace+1","Writhe","DemoMod:DoubleSwitch+1","DemoMod:TripleGun"],"relics":["DemoMod:Dog","HushsDoor","MoneyPower","ReplayTheSpireMod:TigerMarble","hubris:Towel","Singing Bowl","Replay:Multitool","Replay:Wanted Poster","Replay:Bottled Eggs","GuppysHead","DemoMod:RingOfEthereal","DemoMod:LamentConfigurum","Bronze Scales","hubris:VirtuousBlindfold","Ring of Hypnosis","ReplayTheSpireMod:Ring of Exchange","DoctorsRemote","theForsaken:Gavel","White Beast Statue"],"acts_visited":["Exordium","TheCity","TheBeyond"],"potions_floor_usage":[6,16,16,16,20,23,23,25,28,28,31,35,37,47],"damage_taken":[{"damage":0,"enemies":"Cultist","floor":1,"turns":2},{"damage":0,"enemies":"Jaw Worm","floor":2,"turns":2},{"damage":0,"enemies":"Small Slimes","floor":4,"turns":3},{"damage":0,"enemies":"2 Fungi Beasts","floor":5,"turns":2},{"damage":13,"enemies":"Gremlin Nob","floor":6,"turns":3},{"damage":0,"enemies":"Gremlin Nob","floor":12,"turns":2},{"damage":0,"enemies":"Exordium Wildlife","floor":13,"turns":2},{"damage":5,"enemies":"Red Slaver","floor":14,"turns":3},{"damage":15,"enemies":"Hexaghost","floor":16,"turns":8},{"damage":0,"enemies":"Spheric Guardian","floor":18,"turns":3},{"damage":11,"enemies":"3 Byrds","floor":20,"turns":4},{"damage":75,"enemies":"Replay:Snechameleon","floor":23,"turns":5},{"damage":0,"enemies":"Snake Plant","floor":25,"turns":3},{"damage":28,"enemies":"Colosseum Slavers","floor":28,"turns":4},{"damage":0,"enemies":"Centurion and Healer","floor":31,"turns":3},{"damage":42,"enemies":"Automaton","floor":33,"turns":7},{"damage":4,"enemies":"3 Darklings","floor":35,"turns":4},{"damage":20,"enemies":"3 Shapes","floor":37,"turns":5},{"damage":34,"enemies":"Sphere and 2 Shapes","floor":39,"turns":6},{"damage":29,"enemies":"Spire Growth","floor":41,"turns":4},{"damage":9,"enemies":"Transient","floor":42,"turns":5},{"damage":19,"enemies":"Maw","floor":44,"turns":5},{"damage":0,"enemies":"Transient","floor":47,"turns":5},{"damage":2,"enemies":"4 Shapes","floor":48,"turns":5},{"damage":75,"enemies":"Time Eater","floor":50,"turns":6}],"seed_played":"-7289939900828740557","potions_obtained":[{"floor":2,"key":"Swift Potion"},{"floor":5,"key":"Elixir"},{"floor":12,"key":"EntropicBrew"},{"floor":14,"key":"SteroidPotion"},{"floor":20,"key":"Energy Potion"},{"floor":23,"key":"FearPotion"},{"floor":25,"key":"Milkshake"},{"floor":33,"key":"Explosive Potion"},{"floor":35,"key":"SkillPotion"},{"floor":39,"key":"GamblersBrew"},{"floor":44,"key":"PowerPotion"},{"floor":48,"key":"Reflective Coating"}],"is_trial":false,"path_per_floor":["M","M","?","M","M","E","?","$","T","$","?","?","M","M","R","B",null,"M","$","M","?","?","E","R","M","T","R","?","R","?","M","R","B",null,"M","?","M","?","M","R","M","M","T","M","?","?","M","M","R","B"],"character_chosen":"HUNTRESS","items_purchased":["DemoMod:ShadowBullets","DemoMod:ChanceBullets","Replay:Bottled Eggs"],"campfire_rested":5,"item_purchase_floors":[8,19,19],"current_hp_per_floor":[74,74,84,84,84,71,71,71,71,71,71,71,71,68,68,53,86,88,88,77,77,77,2,28,30,30,30,2,28,28,28,54,14,90,86,86,68,62,30,59,32,23,23,4,29,29,29,27,57,0,0],"gold":453,"neow_bonus":"TEN_PERCENT_HP_BONUS","is_daily":false,"chose_seed":false,"campfire_upgraded":2,"win_rate":0.0,"timestamp":1610346399,"path_taken":["M","?","?","M","M","E","?","?","T","$","?","?","M","M","R","BOSS","M","$","M","?","?","E","R","M","T","R","?","R","?","M","R","BOSS","M","?","M","?","M","R","M","M","T","M","?","?","M","M","R","BOSS"],"items_purchased_type":["Card","Card","Relic"],"build_version":"2020-12-22","purchased_purges":1,"victory":false,"max_hp_per_floor":[74,74,84,84,84,84,84,84,84,84,84,84,84,86,86,86,86,88,88,88,88,88,88,88,90,90,90,88,88,88,88,88,90,90,90,90,92,96,98,98,100,100,100,100,100,100,100,100,100,100,100],"card_choices":[{"not_picked":[],"picked":"BloodyBrimstone","floor":0},{"not_picked":["DemoMod:HungryBullets","DemoMod:Unmoved"],"picked":"DemoMod:AWP","floor":1},{"not_picked":["DemoMod:DoubleSwitch","DemoMod:FastSwitch"],"picked":"DemoMod:SniperShot","floor":2},{"not_picked":["DemoMod:BoxingGlove","DemoMod:FeignSurrender"],"picked":"DemoMod:FinishedGun","floor":4},{"not_picked":["DemoMod:Camera","DemoMod:HardPowerCard"],"picked":"DemoMod:PotionOfGunFriendShip","floor":5},{"not_picked":["Bomb","DemoMod:JK47"],"picked":"DemoMod:MachoBrace","floor":6},{"not_picked":["DemoMod:HighKaliber","DemoMod:FinishedGun"],"picked":"DemoMod:HuntsMan","floor":12},{"not_picked":["DemoMod:AWP","DemoMod:SAA"],"picked":"DemoMod:StickyCrossBow","floor":13},{"not_picked":["DemoMod:HuntsMan","DemoMod:HardPowerCard","DemoMod:AC15"],"picked":"Singing Bowl","floor":14},{"not_picked":["DemoMod:BlackHoleGun","DemoMod:DoubleVision"],"picked":"DemoMod:FullFirepower","floor":16},{"not_picked":["DemoMod:PotionOfGunFriendShip","DemoMod:SAA","DemoMod:Purify"],"picked":"Singing Bowl","floor":18},{"not_picked":["DemoMod:HuntsMan","DemoMod:Polaris"],"picked":"DemoMod:TeaPot","floor":20},{"not_picked":["DemoMod:PotionOfGunFriendShip","DemoMod:GunstockTap+1"],"picked":"DemoMod:CombinedRifle","floor":22},{"not_picked":["DemoMod:TeaPot","DemoMod:EasyReloadBullets"],"picked":"DemoMod:TableSutra","floor":23},{"not_picked":["DemoMod:AbyssalTentacle","DemoMod:DoubleSwitch"],"picked":"DemoMod:Unmoved","floor":25},{"not_picked":["DemoMod:RadGun","DemoMod:PotionOfGunFriendShip","DemoMod:TeaPot"],"picked":"Singing Bowl","floor":25},{"not_picked":["DemoMod:HardPowerCard","DemoMod:PotionOfGunFriendShip"],"picked":"DemoMod:ShadowBullets","floor":31},{"not_picked":["DemoMod:FullFirepower","DemoMod:BlankBullets","DemoMod:Spice"],"picked":"Singing Bowl","floor":33},{"not_picked":["DemoMod:SniperShot","DemoMod:DirectionalPad+1"],"picked":"DemoMod:GunShield","floor":35},{"not_picked":["DemoMod:Spice+1","DemoMod:GunShield+1","DemoMod:GunstockTap"],"picked":"Singing Bowl","floor":37},{"not_picked":["Mind Blast","Deep Breath","Swift Strike"],"picked":"Singing Bowl","floor":38},{"not_picked":["Dramatic Entrance","Replay:Parry","Magnetism"],"picked":"Singing Bowl","floor":38},{"not_picked":["Purity","Dramatic Entrance"],"picked":"Good Instincts","floor":38},{"not_picked":["DemoMod:FastSwitch","DemoMod:Ejector+1","DemoMod:Polaris"],"picked":"Singing Bowl","floor":39},{"not_picked":["DemoMod:PotionOfGunFriendShip","DemoMod:Spice+1","DemoMod:HuntsMan+1"],"picked":"Singing Bowl","floor":41},{"not_picked":["DemoMod:Spice","DemoMod:AC15+1"],"picked":"DemoMod:Unmoved","floor":42},{"not_picked":["DemoMod:Spice","DemoMod:HighKaliber"],"picked":"DemoMod:MachoBrace+1","floor":44},{"not_picked":["DemoMod:FeignSurrender+1","DemoMod:Spice"],"picked":"DemoMod:DoubleSwitch+1","floor":47},{"not_picked":["DemoMod:JK47","DemoMod:DoubleSwitch+1"],"picked":"DemoMod:TripleGun","floor":48}],"player_experience":124563,"relics_obtained":[{"floor":6,"key":"ReplayTheSpireMod:TigerMarble"},{"floor":9,"key":"Singing Bowl"},{"floor":12,"key":"Replay:Multitool"},{"floor":22,"key":"DemoMod:RingOfEthereal"},{"floor":23,"key":"DemoMod:LamentConfigurum"},{"floor":26,"key":"Bronze Scales"},{"floor":36,"key":"Ring of Hypnosis"},{"floor":36,"key":"ReplayTheSpireMod:Ring of Exchange"},{"floor":43,"key":"theForsaken:Gavel"}],"event_choices":[{"cards_removed":["BloodyBrimstone"],"damage_healed":0,"gold_gain":0,"player_choice":"Offered Rare","damage_taken":0,"max_hp_gain":10,"max_hp_loss":0,"event_name":"Bonfire Elementals","floor":3,"gold_loss":0},{"damage_healed":0,"gold_gain":30,"player_choice":"Searched \u00273\u0027 times","damage_taken":0,"max_hp_gain":0,"max_hp_loss":0,"event_name":"Dead Adventurer","floor":12,"gold_loss":0},{"damage_healed":0,"gold_gain":0,"player_choice":"Opened","damage_taken":0,"relics_obtained":["GuppysHead"],"max_hp_gain":0,"max_hp_loss":0,"event_name":"The Mausoleum","floor":21,"gold_loss":0,"cards_obtained":["Writhe"]},{"damage_healed":0,"gold_gain":0,"player_choice":"Fight","damage_taken":0,"max_hp_gain":0,"max_hp_loss":0,"event_name":"Colosseum","floor":28,"gold_loss":0},{"damage_healed":0,"gold_gain":0,"player_choice":"Fled From Nobs","damage_taken":0,"max_hp_gain":0,"max_hp_loss":0,"event_name":"Colosseum","floor":28,"gold_loss":0},{"damage_healed":0,"gold_gain":0,"player_choice":"Simplicity","damage_taken":0,"max_hp_gain":0,"max_hp_loss":6,"event_name":"betterThird:BetterWriting","floor":30,"gold_loss":0},{"damage_healed":0,"gold_gain":0,"player_choice":"Memory 3","damage_taken":10,"max_hp_gain":0,"max_hp_loss":0,"event_name":"SensoryStone","floor":38,"gold_loss":0},{"damage_healed":25,"gold_gain":0,"player_choice":"Writhe","damage_taken":0,"max_hp_gain":0,"max_hp_loss":0,"event_name":"Winding Halls","floor":45,"gold_loss":0,"cards_obtained":["Writhe"]}],"is_beta":false,"boss_relics":[{"not_picked":["Runic Pyramid","hubris:BlackHole"],"picked":"Replay:Wanted Poster"},{"not_picked":[]},{"not_picked":["SacredBark","Calling Bell"],"picked":"hubris:VirtuousBlindfold"},{"not_picked":[]}],"items_purged_floors":[8],"is_endless":false,"potions_floor_spawned":[2,5,12,14,20,23,25,28,33,35,39,44,48],"killed_by":"Time Eater","ascension_level":0}}