{"host":"oigynbtg272c19pw","time":1610357259,"event":{"mods":["BaseMod","Colored Map","Minty Spire (QoL Compilation)","Relic Stats","StSLib"],"gold_per_floor":[117,117,267,267,283,314,66,91,170,202,202,233,233,257,257,330,330,343,343,353,366,385,414,424,450,498,526,526,544,193,206,206,206,206],"floor_reached":33,"playtime":1937,"items_purged":["Doubt","Strike_R"],"score":716,"play_id":"9bb44b5f-3e5d-45a9-8202-7495060ecd4c","local_time":"20210111102739","is_ascension_mode":true,"campfire_choices":[{"floor":11.0,"key":"REST"},{"floor":13.0,"key":"REST"},{"data":"Inflame","floor":15.0,"key":"SMITH"},{"floor":28.0,"key":"REST"},{"data":"Whirlwind","floor":32,"key":"SMITH"}],"circlet_count":0,"master_deck":["AscendersBane","Strike_R","Strike_R","Strike_R+1","Defend_R","Defend_R+1","Defend_R","Defend_R","Bash","Disarm","Shockwave","Reaper","Offering","Whirlwind+1","Fire Breathing","Inflame+1","Double Tap","Twin Strike","Second Wind","Sentinel","Shrug It Off","Power Through+1","Pummel","Demon Form","Disarm+1","Shrug It Off","Uppercut","Pummel","Entrench"],"relics":["Burning Blood","NeowsBlessing","Anchor","Self Forming Clay","Mercury Hourglass","Tiny Chest","The Courier","Odd Mushroom","Runic Cube","Centennial Puzzle","Regal Pillow","Boot","Chemical X"],"acts_visited":["Exordium","TheCity"],"potions_floor_usage":[],"damage_taken":[{"damage":0.0,"enemies":"2 Louse","floor":1.0,"turns":1.0},{"damage":0.0,"enemies":"Small Slimes","floor":5.0,"turns":1.0},{"damage":0.0,"enemies":"3 Sentries","floor":6.0,"turns":2.0},{"damage":45.0,"enemies":"Gremlin Nob","floor":8.0,"turns":4.0},{"damage":17.0,"enemies":"Lagavulin","floor":10.0,"turns":7.0},{"damage":39.0,"enemies":"Gremlin Nob","floor":12.0,"turns":4.0},{"damage":8.0,"enemies":"The Mushroom Lair","floor":14.0,"turns":4.0},{"damage":26.0,"enemies":"Slime Boss","floor":16.0,"turns":8.0},{"damage":10.0,"enemies":"3 Byrds","floor":18.0,"turns":3.0},{"damage":19.0,"enemies":"Shell Parasite","floor":20.0,"turns":6.0},{"damage":12.0,"enemies":"Snake Plant","floor":21.0,"turns":4.0},{"damage":24.0,"enemies":"Shelled Parasite and Fungi","floor":22.0,"turns":5.0},{"damage":44.0,"enemies":"Gremlin Leader","floor":23.0,"turns":8.0},{"damage":20.0,"enemies":"Centurion and Healer","floor":24.0,"turns":8.0},{"damage":40.0,"enemies":"Book of Stabbing","floor":25.0,"turns":7.0},{"damage":44.0,"enemies":"Slavers","floor":27.0,"turns":7.0},{"damage":22.0,"enemies":"Snecko","floor":29.0,"turns":6.0},{"damage":20,"enemies":"Cultist and Chosen","floor":31,"turns":7},{"damage":62,"enemies":"Automaton","floor":33,"turns":6}],"seed_played":"-4814684779732832113","potions_obtained":[{"floor":1.0,"key":"DistilledChaos"},{"floor":8.0,"key":"Block Potion"},{"floor":12.0,"key":"SmokeBomb"},{"floor":14.0,"key":"Swift Potion"},{"floor":16.0,"key":"FearPotion"},{"floor":20.0,"key":"Fruit Juice"},{"floor":21.0,"key":"BloodPotion"},{"floor":22.0,"key":"AttackPotion"},{"floor":24.0,"key":"Ancient Potion"},{"floor":29.0,"key":"BlessingOfTheForge"}],"is_trial":false,"path_per_floor":["M","?","?","?","M","E","$","E","T","E","R","E","R","?","R","B",null,"M","?","M","M","M","E","M","E","T","E","R","M","$","M","R","B"],"character_chosen":"IRONCLAD","items_purchased":["Offering","Shrug It Off","Chemical X","Uppercut","Pummel"],"campfire_rested":3,"item_purchase_floors":[7,30,30,30,30],"current_hp_per_floor":[74,67,67,44,50,56,56,23,23,18,40,12,34,50,50,42,67,75,75,69,63,61,48,41,33,33,7,46,46,46,42,42,0,0],"gold":206,"neow_bonus":"THREE_ENEMY_KILL","is_daily":false,"chose_seed":false,"campfire_upgraded":2,"win_rate":0.0,"timestamp":1610357259,"path_taken":["M","?","?","?","?","E","$","E","T","E","R","E","R","?","R","BOSS","M","?","M","M","M","E","M","E","T","E","R","M","$","M","R","BOSS"],"items_purchased_type":["Card","Card","Relic","Card","Card"],"build_version":"2020-12-13","purchased_purges":2,"victory":false,"max_hp_per_floor":[75,75,75,75,75,75,75,75,75,75,75,75,75,75,75,75,75,75,75,75,75,80,80,80,80,80,80,80,80,80,80,80,80,80],"relic_stats":{"Centennial Puzzle":[18],"Regal Pillow":15,"counters":[19,97],"Self Forming Clay":[192],"Tiny Chest":0,"Chemical X":[4],"Boot":[22],"obtain_stats":[{"Regal Pillow":25,"NeowsBlessing":0,"Self Forming Clay":8,"The Courier":12,"Odd Mushroom":14,"Boot":27,"Burning Blood":0,"Mercury Hourglass":9,"Anchor":6,"Centennial Puzzle":23,"Tiny Chest":10,"Chemical X":30,"Runic Cube":17},{"Regal Pillow":15,"NeowsBlessing":0,"Self Forming Clay":4,"The Courier":6,"Odd Mushroom":7,"Boot":16,"Burning Blood":0,"Mercury Hourglass":4,"Anchor":3,"Centennial Puzzle":13,"Tiny Chest":5,"Chemical X":17,"Runic Cube":8},{"Regal Pillow":71,"NeowsBlessing":0,"Self Forming Clay":8,"The Courier":19,"Odd Mushroom":23,"Boot":78,"Burning Blood":0,"Mercury Hourglass":8,"Anchor":4,"Centennial Puzzle":57,"Tiny Chest":15,"Chemical X":84,"Runic Cube":31}],"Burning Blood":106,"Mercury Hourglass":[375],"Runic Cube":[54]},"card_choices":[{"not_picked":["Whirlwind","Perfected Strike"],"picked":"Disarm","floor":1.0},{"not_picked":["Clash","Fire Breathing"],"picked":"Shockwave","floor":5.0},{"not_picked":["Rage","Entrench"],"picked":"Reaper","floor":6.0},{"not_picked":["Warcry","Reckless Charge"],"picked":"Whirlwind","floor":8.0},{"not_picked":["Perfected Strike","Dark Embrace"],"picked":"Fire Breathing","floor":10.0},{"not_picked":["Body Slam","Thunderclap","Havoc"],"picked":"SKIP","floor":12.0},{"not_picked":["Headbutt","Rampage"],"picked":"Inflame","floor":14.0},{"not_picked":["Offering","Corruption"],"picked":"Double Tap","floor":16.0},{"not_picked":["Sword Boomerang","Flex"],"picked":"Twin Strike","floor":18.0},{"not_picked":["Twin Strike","Iron Wave"],"picked":"Sentinel","floor":20.0},{"not_picked":["Havoc","Rupture"],"picked":"Shrug It Off","floor":21.0},{"not_picked":["Iron Wave","Combust+1"],"picked":"Power Through+1","floor":22.0},{"not_picked":["Shockwave","Perfected Strike"],"picked":"Pummel","floor":23.0},{"not_picked":["Body Slam+1","Sword Boomerang","Armaments"],"picked":"SKIP","floor":24.0},{"not_picked":["Inflame","Sword Boomerang"],"picked":"Demon Form","floor":25.0},{"not_picked":["Wild Strike","Armaments","Fire Breathing"],"picked":"SKIP","floor":27.0},{"not_picked":["Intimidate","Body Slam"],"picked":"Disarm+1","floor":29.0},{"not_picked":["Perfected Strike","Iron Wave"],"picked":"Entrench","floor":31}],"player_experience":1362229,"relics_obtained":[{"floor":6.0,"key":"Anchor"},{"floor":8.0,"key":"Self Forming Clay"},{"floor":9.0,"key":"Mercury Hourglass"},{"floor":10.0,"key":"Tiny Chest"},{"floor":12.0,"key":"The Courier"},{"floor":14.0,"key":"Odd Mushroom"},{"floor":23.0,"key":"Centennial Puzzle"},{"floor":25.0,"key":"Regal Pillow"},{"floor":27.0,"key":"Boot"}],"event_choices":[{"cards_removed":["Strike_R"],"damage_healed":0.0,"max_hp_gain":0.0,"max_hp_loss":0.0,"gold_gain":0.0,"event_name":"Golden Wing","player_choice":"Card Removal","floor":2.0,"gold_loss":0.0,"damage_taken":7.0},{"damage_healed":0.0,"max_hp_gain":0.0,"max_hp_loss":0.0,"gold_gain":150.0,"event_name":"Liars Game","player_choice":"AGREE","floor":3.0,"gold_loss":0.0,"damage_taken":0.0,"cards_obtained":["Doubt"]},{"damage_healed":0.0,"max_hp_gain":0.0,"max_hp_loss":0.0,"gold_gain":0.0,"event_name":"Shining Light","player_choice":"Entered Light","floor":4.0,"gold_loss":0.0,"damage_taken":23.0,"cards_upgraded":["Strike_R","Defend_R"]},{"damage_healed":0.0,"max_hp_gain":0.0,"max_hp_loss":0.0,"gold_gain":0.0,"event_name":"Mushrooms","player_choice":"Fought Mushrooms","floor":14.0,"gold_loss":0.0,"damage_taken":0.0},{"damage_healed":0.0,"max_hp_gain":0.0,"max_hp_loss":0.0,"gold_gain":0.0,"event_name":"The Library","player_choice":"Read","floor":19.0,"gold_loss":0.0,"damage_taken":0.0,"cards_obtained":["Second Wind"]}],"is_beta":false,"boss_relics":[{"not_picked":["Busted Crown","SlaversCollar"],"picked":"Runic Cube"}],"items_purged_floors":[7,30],"is_endless":false,"potions_floor_spawned":[1,8,12,14,16,20,21,22,24,29],"killed_by":"Automaton","ascension_level":20}}