{"host":"9kesdg97wkrx2bva","time":1610399760,"event":{"mods":["AchievementEnabler","BaseMod","Colored Map","Downfall","GifTheSpireLib","Infinite Spire","Minty Spire (QoL Compilation)","Replay The Spire","StSLib"],"gold_per_floor":[109,129,54,70,90,90,118,149,149,149,49,49,75,89,89,167,167,179,199,469,469,469],"floor_reached":21,"playtime":601,"items_purged":["Strike_B","Strike_B"],"score":430,"play_id":"3193f58f-eed6-4b7e-98e0-026b110a647f","local_time":"20210111161600","is_ascension_mode":true,"campfire_choices":[{"data":"Gash","floor":6,"key":"SMITH"},{"floor":12,"key":"REST"},{"data":"Defend_B","floor":15,"key":"SMITH"}],"circlet_count":0,"master_deck":["AscendersBane","Defend_B+1","Defend_B","Defend_B","Defend_B","Zap","Dualcast","Gash+1","Conserve Battery","Beam Cell","Ball Lightning","Go for the Eyes","ReplayTheSpireMod:Calculation Training","Electrodynamics","Capacitor","Leap","Machine Learning","Gash"],"relics":["Cracked Core","Odd Mushroom","Replay:Kaleidoscope","Divine Protection","Darkstone Periapt","Philosopher\u0027s Stone"],"acts_visited":["Exordium","TheCity"],"potions_floor_usage":[5,13,16,16],"damage_taken":[{"damage":6,"enemies":"Cultist","floor":1,"turns":3},{"damage":4,"enemies":"2 Louse","floor":2,"turns":3},{"damage":4,"enemies":"Small Slimes","floor":4,"turns":3},{"damage":0,"enemies":"Gremlin Gang","floor":5,"turns":1},{"damage":8,"enemies":"The Mushroom Lair","floor":7,"turns":4},{"damage":20,"enemies":"Gremlin Nob","floor":8,"turns":4},{"damage":1,"enemies":"Lagavulin","floor":13,"turns":4},{"damage":0,"enemies":"2 Fungi Beasts","floor":14,"turns":2},{"damage":0,"enemies":"Fading Forest","floor":16,"turns":11},{"damage":8,"enemies":"Spheric Guardian","floor":18,"turns":4},{"damage":5,"enemies":"Shell Parasite","floor":19,"turns":5},{"damage":33,"enemies":"Snecko","floor":21,"turns":7}],"seed_played":"7039093434663584009","potions_obtained":[{"floor":2,"key":"PowerPotion"},{"floor":7,"key":"Elixir"},{"floor":8,"key":"infinitespire:BlackPotion"},{"floor":13,"key":"champ:CounterPotion"}],"is_trial":false,"path_per_floor":["M","M","$","M","M","R","?","E","T","?","$","R","E","M","R","B",null,"M","M","?","M"],"character_chosen":"DEFECT","items_purchased":[],"campfire_rested":1,"item_purchase_floors":[],"current_hp_per_floor":[58,54,54,50,50,50,42,22,22,22,22,43,42,42,42,42,64,56,51,24,0,0],"gold":469,"neow_bonus":"REMOVE_CARD","is_daily":false,"chose_seed":false,"campfire_upgraded":2,"win_rate":0.0,"timestamp":1610399760,"path_taken":["M","M","$","?","M","R","?","E","T","?","$","R","E","M","R","BOSS","M","?","?","?"],"items_purchased_type":[],"build_version":"2020-12-22","purchased_purges":2,"victory":false,"max_hp_per_floor":[71,71,71,71,71,71,71,71,71,71,71,71,71,71,71,71,71,71,71,71,71,71],"card_choices":[{"not_picked":["BasicCrystalCard","Genetic Algorithm"],"picked":"Gash","floor":1},{"not_picked":["Aggregate","Hyperbeam"],"picked":"Conserve Battery","floor":2},{"not_picked":["Turbo","Conserve Battery"],"picked":"Beam Cell","floor":4},{"not_picked":["Steam","Turbo"],"picked":"Ball Lightning","floor":5},{"not_picked":["Sweeping Beam","BasicCrystalCard"],"picked":"Go for the Eyes","floor":7},{"not_picked":["Sweeping Beam","Doom and Gloom"],"picked":"ReplayTheSpireMod:Calculation Training","floor":8},{"not_picked":["ReplayTheSpireMod:GoodbyeWorld","Genetic Algorithm"],"picked":"Capacitor","floor":13},{"not_picked":["Barrage","FTL"],"picked":"Leap","floor":14},{"not_picked":["ReplayTheSpireMod:Fabricate Wheel","Seek"],"picked":"Machine Learning","floor":16},{"not_picked":["ReplaySolidLightProjector","Sweeping Beam+1"],"picked":"Gash","floor":18},{"not_picked":["Hello World","BasicCrystalCard","Sweeping Beam+1"],"picked":"SKIP","floor":19}],"player_experience":927016,"relics_obtained":[{"floor":7,"key":"Odd Mushroom"},{"floor":8,"key":"Replay:Kaleidoscope"},{"floor":9,"key":"Divine Protection"},{"floor":13,"key":"Darkstone Periapt"}],"event_choices":[{"damage_healed":0,"gold_gain":0,"player_choice":"Fought Mushrooms","damage_taken":0,"max_hp_gain":0,"max_hp_loss":0,"event_name":"Mushrooms","floor":7,"gold_loss":0},{"damage_healed":0,"gold_gain":0,"cards_transformed":["Strike_B"],"player_choice":"Transformed","damage_taken":0,"max_hp_gain":0,"max_hp_loss":0,"event_name":"Transmorgrifier","floor":10,"gold_loss":0,"cards_obtained":["Electrodynamics"]},{"damage_healed":0,"gold_gain":270,"player_choice":"GOLD GOLD GOLD ","damage_taken":27,"max_hp_gain":0,"max_hp_loss":0,"event_name":"Knowing Skull","floor":20,"potions_obtained":[],"gold_loss":0,"cards_obtained":[]}],"is_beta":false,"boss_relics":[{"not_picked":["Honey Jar","Abe\u0027s Treasure"],"picked":"Philosopher\u0027s Stone"}],"items_purged_floors":[3,11],"is_endless":false,"potions_floor_spawned":[2,7,8,13],"killed_by":"Snecko","ascension_level":16}}