{"host":"zekcc3vicrep0och","time":1610353418,"event":{"mods":["AchievementEnabler","BaseMod","Colored Map","Colored Powertips","Displayed Cursed Tome","Highlight Path","Minty Spire (QoL Compilation)","Quick Restart","Relic Stats","StSLib","The Cursed"],"gold_per_floor":[119,119,136,136,136,168,168,203,226,242,258,127,152,167,167,244,244,261,18,90,90,90,116,135,135,135,149,164,179,179,179],"floor_reached":30,"playtime":1162,"items_purged":["Strike_R","Strike_R"],"score":656,"play_id":"8e485959-ba66-493f-8b21-0493041bec01","local_time":"20210111112338","is_ascension_mode":true,"campfire_choices":[{"data":"Cleave","floor":7.0,"key":"SMITH"},{"data":"Armaments","floor":15.0,"key":"SMITH"},{"floor":25.0,"key":"REST"}],"circlet_count":0,"master_deck":["AscendersBane","Strike_R+1","Strike_R+1","Strike_R+1","Defend_R","Defend_R","Defend_R","Defend_R+1","Bash+1","Cleave+1","Inflame","Twin Strike","Shrug It Off","Twin Strike","Armaments+1","Impervious","Shrug It Off","PanicButton","Spot Weakness","Whirlwind+1","Ghostly Armor","Shrug It Off","Sword Boomerang+1"],"relics":["Burning Blood","Mango","Toy Ornithopter","WingedGreaves","Whetstone","Ice Cream","SlaversCollar","Sundial","Letter Opener","Bottled Lightning","Nunchaku"],"acts_visited":["Exordium","TheCity"],"potions_floor_usage":[],"damage_taken":[{"damage":3.0,"enemies":"2 Louse","floor":1.0,"turns":4.0},{"damage":2.0,"enemies":"Jaw Worm","floor":3.0,"turns":3.0},{"damage":0.0,"enemies":"Gremlin Nob","floor":6.0,"turns":3.0},{"damage":12.0,"enemies":"3 Sentries","floor":8.0,"turns":6.0},{"damage":0.0,"enemies":"Cultist","floor":10.0,"turns":3.0},{"damage":6.0,"enemies":"Looter","floor":11.0,"turns":2.0},{"damage":8.0,"enemies":"Gremlin Nob","floor":13.0,"turns":3.0},{"damage":3.0,"enemies":"Blue Slaver","floor":14.0,"turns":4.0},{"damage":0.0,"enemies":"Slime Boss","floor":16.0,"turns":7.0},{"damage":48.0,"enemies":"3 Byrds","floor":18.0,"turns":8.0},{"damage":22.0,"enemies":"Book of Stabbing","floor":23.0,"turns":6.0},{"damage":19.0,"enemies":"Spheric Guardian","floor":24.0,"turns":9.0},{"damage":5.0,"enemies":"Snecko","floor":27.0,"turns":4.0},{"damage":26.0,"enemies":"Sentry and Sphere","floor":28.0,"turns":8.0},{"damage":27.0,"enemies":"Shelled Parasite and Fungi","floor":29.0,"turns":8.0},{"damage":36,"enemies":"Snecko","floor":30,"turns":5}],"seed_played":"-8209746547791980429","potions_obtained":[{"floor":5.0,"key":"SneckoOil"},{"floor":5.0,"key":"EntropicBrew"},{"floor":6.0,"key":"Strength Potion"},{"floor":8.0,"key":"BloodPotion"},{"floor":13.0,"key":"Strength Potion"},{"floor":23.0,"key":"FearPotion"},{"floor":27.0,"key":"Swift Potion"}],"is_trial":false,"path_per_floor":["M","?","M","?","?","E","R","E","T","M","M","$","E","M","R","B",null,"M","$","T","?","T","E","M","R","T","M","M","M","M"],"character_chosen":"IRONCLAD","items_purchased":["Twin Strike","Shrug It Off","PanicButton"],"campfire_rested":1,"item_purchase_floors":[12,19,19],"current_hp_per_floor":[82,57,61,61,61,67,67,71,71,77,77,77,75,78,78,82,82,61,61,61,61,61,45,32,56,56,62,47,26,0,0],"gold":179,"neow_bonus":"ONE_RARE_RELIC","is_daily":false,"chose_seed":false,"campfire_upgraded":2,"win_rate":0.0,"timestamp":1610353418,"path_taken":["M","?","M","?","?","E","R","E","T","M","M","$","E","M","R","BOSS","M","$","?","?","?","E","M","R","T","?","M","M","?"],"items_purchased_type":["Card","Card","Card"],"build_version":"2020-12-22","purchased_purges":2,"victory":false,"max_hp_per_floor":[82,82,82,82,82,82,82,82,82,82,82,82,82,82,82,82,82,82,82,82,82,82,82,82,82,82,82,82,82,82,82],"relic_stats":{"Nunchaku":[2],"counters":[16,83],"Sundial":[4],"Whetstone":["Strike_R","Strike_R"],"Letter Opener":[25],"obtain_stats":[{"Ice Cream":13,"SlaversCollar":17,"Nunchaku":26,"Sundial":20,"Mango":0,"WingedGreaves":8,"Whetstone":9,"Letter Opener":22,"Bottled Lightning":23,"Burning Blood":0,"Toy Ornithopter":6},{"Ice Cream":7,"SlaversCollar":9,"Nunchaku":12,"Sundial":10,"Mango":0,"WingedGreaves":4,"Whetstone":4,"Letter Opener":10,"Bottled Lightning":11,"Burning Blood":0,"Toy Ornithopter":3},{"Ice Cream":24,"SlaversCollar":35,"Nunchaku":58,"Sundial":43,"Mango":0,"WingedGreaves":16,"Whetstone":16,"Letter Opener":43,"Bottled Lightning":49,"Burning Blood":0,"Toy Ornithopter":10}],"Burning Blood":81,"Toy Ornithopter":29},"card_choices":[{"not_picked":["Body Slam","Clash","Reckless Charge"],"picked":"SKIP","floor":1.0},{"not_picked":["True Grit","Wild Strike","Infernal Blade"],"picked":"SKIP","floor":3.0},{"not_picked":["Headbutt","Wild Strike"],"picked":"Cleave","floor":6.0},{"not_picked":["Barricade","Warcry"],"picked":"Inflame","floor":8.0},{"not_picked":["Sword Boomerang","Warcry"],"picked":"Twin Strike","floor":10.0},{"not_picked":["Thunderclap","Armaments"],"picked":"Shrug It Off","floor":11.0},{"not_picked":["Bloodletting","Burning Pact","Cleave"],"picked":"SKIP","floor":13.0},{"not_picked":["Heavy Blade","Clothesline"],"picked":"Armaments","floor":14.0},{"not_picked":["Bludgeon","Double Tap"],"picked":"Impervious","floor":16.0},{"not_picked":["Dark Embrace","Infernal Blade","Sword Boomerang"],"picked":"SKIP","floor":18.0},{"not_picked":["Iron Wave","Burning Pact"],"picked":"Whirlwind+1","floor":23.0},{"not_picked":["Twin Strike","Anger"],"picked":"Ghostly Armor","floor":24.0},{"not_picked":["Heavy Blade","Hemokinesis+1"],"picked":"Shrug It Off","floor":27.0},{"not_picked":["Iron Wave","Armaments+1","Hemokinesis"],"picked":"SKIP","floor":28.0},{"not_picked":["Flex","Reckless Charge"],"picked":"Sword Boomerang+1","floor":29.0}],"player_experience":508424,"relics_obtained":[{"floor":6.0,"key":"Toy Ornithopter"},{"floor":8.0,"key":"WingedGreaves"},{"floor":9.0,"key":"Whetstone"},{"floor":13.0,"key":"Ice Cream"},{"floor":20.0,"key":"Sundial"},{"floor":22.0,"key":"Letter Opener"},{"floor":23.0,"key":"Bottled Lightning"},{"floor":26.0,"key":"Nunchaku"}],"event_choices":[{"damage_healed":0.0,"max_hp_gain":0.0,"max_hp_loss":0.0,"gold_gain":0.0,"event_name":"Shining Light","player_choice":"Entered Light","floor":2.0,"gold_loss":0.0,"damage_taken":25.0,"cards_upgraded":["Strike_R","Defend_R"]},{"damage_healed":0.0,"max_hp_gain":0.0,"max_hp_loss":0.0,"gold_gain":0.0,"event_name":"Living Wall","player_choice":"Grow","floor":4.0,"gold_loss":0.0,"damage_taken":0.0,"cards_upgraded":["Bash"]},{"damage_healed":0.0,"max_hp_gain":0.0,"max_hp_loss":0.0,"gold_gain":0.0,"event_name":"Lab","player_choice":"Got Potions","floor":5.0,"gold_loss":0.0,"damage_taken":0.0},{"damage_healed":0.0,"max_hp_gain":0.0,"max_hp_loss":0.0,"gold_gain":0.0,"event_name":"The Library","player_choice":"Read","floor":21.0,"gold_loss":0.0,"damage_taken":0.0,"cards_obtained":["Spot Weakness"]}],"is_beta":false,"boss_relics":[{"not_picked":["Mark of Pain","Runic Cube"],"picked":"SlaversCollar"}],"items_purged_floors":[12,19],"is_endless":false,"potions_floor_spawned":[6,8,13,14,23,27],"killed_by":"Snecko","ascension_level":18}}