{"host":"dfyfjscm69glluav","time":1610339492,"event":{"mods":["BaseMod","Minty Spire (QoL Compilation)","Replay The Spire","StSLib"],"gold_per_floor":[109,127,225,225,70,70,98,109,109,126,145,171,171,185,185,285,285,296,270,270,195,120,151,171,171,243,243,261,16,16,16],"floor_reached":30,"playtime":3616,"items_purged":["Writhe","Strike_G"],"score":289,"play_id":"5517267d-1092-4732-8759-fffdcd3a39ba","local_time":"20210111133132","is_ascension_mode":true,"campfire_choices":[{"data":"Malaise","floor":6,"key":"SMITH"},{"data":"Infinite Blades","floor":6,"key":"SMITH"},{"floor":15,"key":"REST"},{"data":"ReplayTheSpireMod:Shiv Toss","floor":25,"key":"SMITH"},{"data":"Cloak And Dagger","floor":25,"key":"SMITH"},{"data":"Cloak And Dagger","floor":27,"key":"SMITH"},{"data":"Adrenaline","floor":27,"key":"SMITH"}],"circlet_count":0,"master_deck":["Strike_G","Strike_G","Strike_G+1","Strike_G","Defend_G","Defend_G","Defend_G","Defend_G","Defend_G","Survivor","Neutralize","Infinite Blades+1","Cloak And Dagger+1","Escape Plan+1","Deflect","Malaise+1","ReplayTheSpireMod:Shiv Toss+1","Terror","Cloak And Dagger+1","ReplayTheSpireMod:The Works","Endless Agony","Outmaneuver","Adrenaline+1","Clumsy","Backflip+1","Cloak And Dagger+1","Necronomicurse","Calculated Gamble+1","Noxious Fumes"],"relics":["Ring of the Snake","Replay:Arrowhead","Chemical X","Toy Ornithopter","HornCleat","Odd Mushroom","Replay:Ancient Bell","Dream Catcher","Toxic Egg 2","CaptainsWheel","Necronomicon","Replay:Wax Seal","Molten Egg 2","Snake Skull"],"acts_visited":["Exordium","TheCity"],"potions_floor_usage":[12,23,23,23],"damage_taken":[{"damage":0,"enemies":"Small Slimes","floor":1,"turns":3},{"damage":0,"enemies":"Jaw Worm","floor":2,"turns":5},{"damage":23,"enemies":"Lagavulin","floor":7,"turns":13},{"damage":0,"enemies":"Cultist","floor":8,"turns":5},{"damage":1,"enemies":"3 Louse","floor":10,"turns":6},{"damage":0,"enemies":"Blue Slaver","floor":11,"turns":4},{"damage":8,"enemies":"The Mushroom Lair","floor":12,"turns":7},{"damage":0,"enemies":"Exordium Wildlife","floor":14,"turns":4},{"damage":17,"enemies":"The Guardian","floor":16,"turns":18},{"damage":11,"enemies":"Chosen","floor":18,"turns":9},{"damage":12,"enemies":"2 Thieves","floor":19,"turns":5},{"damage":0,"enemies":"Book of Stabbing","floor":23,"turns":6},{"damage":9,"enemies":"Centurion and Healer","floor":24,"turns":10},{"damage":31,"enemies":"Snake Plant","floor":28,"turns":8},{"damage":15,"enemies":"Slavers","floor":30,"turns":1}],"seed_played":"6307590755874294362","potions_obtained":[{"floor":1,"key":"Block Potion"},{"floor":2,"key":"DuplicationPotion"},{"floor":10,"key":"Block Potion"},{"floor":16,"key":"Block Potion"},{"floor":18,"key":"FearPotion"}],"is_trial":false,"path_per_floor":["M","M","?","?","$","R","E","M","T","M","M","?","?","M","R","B",null,"M","M","?","?","$","E","M","R","T","R","M","$","E"],"character_chosen":"THE_SILENT","items_purchased":["Chemical X","Snake Skull"],"campfire_rested":1,"item_purchase_floors":[5,29],"current_hp_per_floor":[70,70,53,53,53,53,30,30,30,29,29,26,12,12,33,16,70,59,47,31,31,31,46,37,37,37,37,6,6,0,0],"gold":16,"neow_bonus":"THREE_CARDS","is_daily":false,"chose_seed":false,"campfire_upgraded":6,"win_rate":0.0,"timestamp":1610339492,"path_taken":["M","M","?","?","$","R","E","M","T","M","?","?","?","M","R","BOSS","M","M","?","?","?","E","?","R","T","R","M","$","E"],"items_purchased_type":["Relic","Relic"],"build_version":"2020-12-22","purchased_purges":2,"victory":false,"max_hp_per_floor":[70,70,70,70,70,70,70,70,70,70,70,70,70,70,70,70,70,70,70,70,70,70,70,70,70,70,70,70,70,70,70],"card_choices":[{"not_picked":["Deflect","Backstab"],"picked":"Infinite Blades","floor":1},{"not_picked":["Dagger Spray","Backflip"],"picked":"Cloak And Dagger","floor":2},{"not_picked":["Riddle With Holes","Backstab"],"picked":"Escape Plan","floor":3},{"not_picked":["Prepared","Predator"],"picked":"Deflect","floor":3},{"not_picked":["Underhanded Strike","Concentrate"],"picked":"Malaise","floor":3},{"not_picked":["Bane","Acrobatics"],"picked":"ReplayTheSpireMod:Shiv Toss","floor":7},{"not_picked":["Finisher","Eviscerate"],"picked":"Terror","floor":8},{"not_picked":["Flying Knee","ReplayTheSpireMod:The Works"],"picked":"Cloak And Dagger","floor":10},{"not_picked":["Prepared","Slice"],"picked":"ReplayTheSpireMod:The Works","floor":11},{"not_picked":["Deflect","Sucker Punch"],"picked":"Endless Agony","floor":12},{"not_picked":["Quick Slash","PiercingWail"],"picked":"Outmaneuver","floor":14},{"not_picked":["Replay:Bag of Tricks","Unload"],"picked":"Adrenaline","floor":16},{"not_picked":["CurseOfTheBell","Looming Evil"],"picked":"Clumsy","floor":17},{"not_picked":["Overencumbered","Regret"],"picked":"Replay:Hysterical Blindness","floor":17},{"not_picked":["Regret","ReplayTheSpireMod:IOU"],"picked":"Writhe","floor":17},{"not_picked":["Deflect+1","Backstab"],"picked":"Backflip+1","floor":18},{"not_picked":["Crippling Poison+1","Distraction+1"],"picked":"Cloak And Dagger+1","floor":19},{"not_picked":["Unload","Outmaneuver+1"],"picked":"Calculated Gamble+1","floor":23},{"not_picked":["Prepared+1","Dodge and Roll+1","Setup+1"],"picked":"SKIP","floor":24},{"not_picked":["Backflip+1","Prepared+1"],"picked":"Noxious Fumes","floor":28}],"player_experience":161458,"relics_obtained":[{"floor":7,"key":"Toy Ornithopter"},{"floor":9,"key":"HornCleat"},{"floor":12,"key":"Odd Mushroom"},{"floor":20,"key":"Necronomicon"},{"floor":23,"key":"Replay:Wax Seal"},{"floor":26,"key":"Molten Egg 2"}],"event_choices":[{"damage_healed":0,"gold_gain":0,"player_choice":"Gave Potion","damage_taken":0,"relics_obtained":["Replay:Arrowhead"],"max_hp_gain":0,"max_hp_loss":0,"event_name":"WeMeetAgain","floor":4,"gold_loss":0},{"damage_healed":0,"gold_gain":0,"player_choice":"Fought Mushrooms","damage_taken":0,"max_hp_gain":0,"max_hp_loss":0,"event_name":"Mushrooms","floor":12,"gold_loss":0},{"damage_healed":0,"gold_gain":0,"player_choice":"Entered Light","damage_taken":14,"max_hp_gain":0,"max_hp_loss":0,"event_name":"Shining Light","floor":13,"gold_loss":0,"cards_upgraded":["Escape Plan","Strike_G"]},{"damage_healed":0,"gold_gain":0,"player_choice":"Obtained Book","damage_taken":16,"max_hp_gain":0,"max_hp_loss":0,"event_name":"Cursed Tome","floor":20,"gold_loss":0},{"cards_removed":["Replay:Hysterical Blindness"],"damage_healed":0,"gold_gain":0,"player_choice":"Gave Gold","damage_taken":0,"max_hp_gain":0,"max_hp_loss":0,"event_name":"Beggar","floor":21,"gold_loss":75}],"is_beta":false,"boss_relics":[{"not_picked":["Painkiller Herb","Replay:Bronze Core"],"picked":"Replay:Ancient Bell"},{"not_picked":["Blood Vial","Strawberry"],"picked":"Dream Catcher"},{"not_picked":["Pantograph","Onion Ring"],"picked":"Toxic Egg 2"},{"not_picked":["WingedGreaves","Du-Vu Doll"],"picked":"CaptainsWheel"}],"items_purged_floors":[22,29],"is_endless":false,"potions_floor_spawned":[1,2,10,16,18,19],"killed_by":"Slavers","ascension_level":1}}