{"host":"op7lvjy5lsqtpdgx","time":1610352435,"event":{"mods":["BaseMod","Minty Spire (QoL Compilation)","StSLib"],"gold_per_floor":[114,129,142,157,127,161,175,175,175,175,175,350,381,401,401,531,531,545,84,109,109,24,24,42,42,67,67,67,67,67,80,80,200,200,215,228,52,52,52],"floor_reached":38,"playtime":2769,"items_purged":["Doubt","Defend_G"],"score":486,"play_id":"8eed7561-1d39-497f-8b66-6c4b054fbd37","local_time":"20210111210715","is_ascension_mode":true,"campfire_choices":[{"floor":8,"key":"REST"},{"floor":15,"key":"REST"},{"floor":23,"key":"REST"},{"data":"Envenom","floor":25,"key":"SMITH"},{"floor":27,"key":"REST"},{"data":"Infinite Blades","floor":30,"key":"SMITH"},{"data":"Neutralize","floor":32,"key":"SMITH"}],"circlet_count":0,"master_deck":["Defend_G","Defend_G","Defend_G","Survivor","Neutralize+1","Flash of Steel","Quick Slash","Malaise","Backflip+1","Escape Plan","Noxious Fumes","Heel Hook","Bane","Cloak And Dagger","Envenom+1","Bullet Time+1","Backstab+1","Underhanded Strike+1","Sadistic Nature","Infinite Blades+1","Poisoned Stab","Escape Plan+1","Bite","Bite","Bite","Bite","Bite","Blade Dance","A Thousand Cuts","Accuracy"],"relics":["Ring of the Snake","Regal Pillow","Mummified Hand","Golden Idol","Kunai","Pantograph","Astrolabe","Potion Belt","War Paint","Coffee Dripper"],"acts_visited":["Exordium","TheCity","TheBeyond"],"potions_floor_usage":[5,33,33],"damage_taken":[{"damage":4,"enemies":"Small Slimes","floor":1,"turns":4},{"damage":0,"enemies":"2 Louse","floor":2,"turns":3},{"damage":2,"enemies":"Jaw Worm","floor":3,"turns":6},{"damage":4,"enemies":"3 Louse","floor":4,"turns":6},{"damage":4,"enemies":"Looter","floor":5,"turns":4},{"damage":14,"enemies":"Lagavulin","floor":6,"turns":9},{"damage":15,"enemies":"Lots of Slimes","floor":7,"turns":4},{"damage":32,"enemies":"3 Sentries","floor":13,"turns":9},{"damage":2,"enemies":"Red Slaver","floor":14,"turns":4},{"damage":31,"enemies":"The Guardian","floor":16,"turns":14},{"damage":23,"enemies":"3 Byrds","floor":18,"turns":7},{"damage":36,"enemies":"2 Thieves","floor":20,"turns":4},{"damage":12,"enemies":"Cultist and Chosen","floor":24,"turns":6},{"damage":31,"enemies":"Snake Plant","floor":31,"turns":5},{"damage":15,"enemies":"Automaton","floor":33,"turns":8},{"damage":7,"enemies":"Orb Walker","floor":35,"turns":3},{"damage":37,"enemies":"3 Darklings","floor":36,"turns":3},{"damage":48,"enemies":"Writhing Mass","floor":38,"turns":3}],"seed_played":"450526475317123829","potions_obtained":[{"floor":4,"key":"ColorlessPotion"},{"floor":6,"key":"SpeedPotion"},{"floor":13,"key":"Ancient Potion"},{"floor":16,"key":"SpeedPotion"},{"floor":24,"key":"Explosive Potion"},{"floor":29,"key":"GamblersBrew"},{"floor":29,"key":"SteroidPotion"},{"floor":29,"key":"BlessingOfTheForge"},{"floor":36,"key":"FearPotion"}],"is_trial":false,"path_per_floor":["M","M","M","M","M","E","M","R","T","?","?","?","E","M","R","B",null,"M","$","M","?","?","R","M","R","T","R","?","?","R","M","R","B",null,"M","M","$","M"],"character_chosen":"THE_SILENT","items_purchased":["Sadistic Nature","Infinite Blades","Blood Vial","Accuracy"],"campfire_rested":4,"item_purchase_floors":[19,19,19,37],"current_hp_per_floor":[66,66,64,60,56,42,27,63,63,46,39,39,7,5,41,35,70,47,47,13,4,4,40,30,30,30,66,66,66,66,45,45,64,70,65,34,34,0,0],"gold":52,"neow_bonus":"RANDOM_COLORLESS","is_daily":false,"chose_seed":false,"campfire_upgraded":3,"win_rate":0.0,"timestamp":1610352435,"path_taken":["M","M","M","M","M","E","M","R","T","?","?","?","E","M","R","BOSS","M","$","M","?","?","R","M","R","T","R","?","?","R","M","R","BOSS","M","M","$","M"],"items_purchased_type":["Card","Card","Relic","Card"],"build_version":"2020-12-22","purchased_purges":2,"victory":false,"max_hp_per_floor":[70,70,70,70,70,70,70,70,70,70,70,70,70,70,70,70,70,70,70,70,70,70,70,70,70,70,70,70,70,70,70,70,70,70,70,70,70,70,70],"card_choices":[{"not_picked":["Panacea","Swift Strike"],"picked":"Flash of Steel","floor":0},{"not_picked":["PiercingWail","Dash"],"picked":"Quick Slash","floor":1},{"not_picked":["Dagger Spray","Slice"],"picked":"Malaise","floor":2},{"not_picked":["Quick Slash","Caltrops"],"picked":"Backflip","floor":3},{"not_picked":["Accuracy","Reflex"],"picked":"Escape Plan","floor":4},{"not_picked":["Endless Agony","Dodge and Roll"],"picked":"Noxious Fumes","floor":5},{"not_picked":["Dash","Wraith Form v2"],"picked":"Heel Hook","floor":6},{"not_picked":["Skewer","Slice","Dodge and Roll"],"picked":"SKIP","floor":7},{"not_picked":["Quick Slash","Flying Knee"],"picked":"Bane","floor":13},{"not_picked":["Eviscerate","Dagger Throw"],"picked":"Cloak And Dagger","floor":14},{"not_picked":["Adrenaline","Unload"],"picked":"Envenom","floor":16},{"not_picked":["Eviscerate+1","Sucker Punch","Caltrops"],"picked":"SKIP","floor":18},{"not_picked":["Calculated Gamble","Dodge and Roll"],"picked":"Poisoned Stab","floor":20},{"not_picked":["Slice+1","Dodge and Roll+1"],"picked":"Escape Plan","floor":24},{"not_picked":["Reflex","Prepared"],"picked":"Blade Dance","floor":31},{"not_picked":["Burst","Night Terror"],"picked":"A Thousand Cuts","floor":33},{"not_picked":["Deadly Poison+1","Leg Sweep+1","Crippling Poison+1"],"picked":"SKIP","floor":35},{"not_picked":["Acrobatics","Deadly Poison+1","Caltrops"],"picked":"SKIP","floor":36}],"player_experience":153844,"relics_obtained":[{"floor":6,"key":"Regal Pillow"},{"floor":9,"key":"Mummified Hand"},{"floor":13,"key":"Pantograph"},{"floor":26,"key":"War Paint"}],"event_choices":[{"damage_healed":0,"gold_gain":0,"player_choice":"Take Damage","damage_taken":17,"relics_obtained":["Golden Idol"],"max_hp_gain":0,"max_hp_loss":0,"event_name":"Golden Idol","floor":10,"gold_loss":0},{"damage_healed":0,"gold_gain":0,"player_choice":"Success","damage_taken":7,"relics_obtained":["Kunai"],"max_hp_gain":0,"max_hp_loss":0,"event_name":"Scrap Ooze","floor":11,"gold_loss":0},{"damage_healed":0,"gold_gain":175,"player_choice":"AGREE","damage_taken":0,"max_hp_gain":0,"max_hp_loss":0,"event_name":"Liars Game","floor":12,"gold_loss":0,"cards_obtained":["Doubt"]},{"damage_healed":0,"gold_gain":0,"player_choice":"Stopped","damage_taken":9,"max_hp_gain":0,"max_hp_loss":0,"event_name":"Cursed Tome","floor":21,"gold_loss":0},{"damage_healed":0,"gold_gain":0,"player_choice":"Obtained Relic","damage_taken":0,"relics_obtained":["Potion Belt"],"max_hp_gain":0,"max_hp_loss":0,"event_name":"Addict","floor":22,"gold_loss":85},{"damage_healed":0,"gold_gain":0,"player_choice":"Became a vampire (Vial)","damage_taken":0,"max_hp_gain":0,"max_hp_loss":0,"event_name":"Vampires","floor":28,"relics_lost":["Blood Vial"],"gold_loss":0,"cards_obtained":["Bite","Bite","Bite","Bite","Bite"]},{"damage_healed":0,"gold_gain":0,"player_choice":"Got Potions","damage_taken":0,"max_hp_gain":0,"max_hp_loss":0,"event_name":"Lab","floor":29,"gold_loss":0}],"is_beta":false,"boss_relics":[{"not_picked":["Sozu","Tiny House"],"picked":"Astrolabe"},{"not_picked":["Empty Cage","Pandora\u0027s Box"],"picked":"Coffee Dripper"}],"items_purged_floors":[19,37],"is_endless":false,"potions_floor_spawned":[4,6,13,16,24,31,36],"killed_by":"Writhing Mass","ascension_level":4}}