{"host":"d66n7ln59ex8canu","time":1610395035,"event":{"mods":["AchievementEnabler","BaseMod","Colored Map","Minty Spire (QoL Compilation)","Quick Restart","StSLib"],"gold_per_floor":[114,125,125,125,141,141,153,153,201,201,119,119,150,162,162,259,259,276,309,116,132,142,174,190,190,190,203,236,246,256,11,11,11,11],"floor_reached":33,"playtime":1050,"items_purged":[],"score":347,"play_id":"7b7b3814-5e10-413e-97bc-86155bc40a22","local_time":"20210111145715","is_ascension_mode":true,"campfire_choices":[{"data":"Noxious Fumes","floor":6,"key":"SMITH"},{"data":"Poisoned Stab","floor":8,"key":"SMITH"},{"data":"Deadly Poison","floor":10,"key":"SMITH"},{"data":"Backstab","floor":15,"key":"SMITH"},{"floor":25,"key":"REST"},{"floor":32,"key":"REST"}],"circlet_count":0,"master_deck":["Strike_G","Strike_G","Strike_G","Strike_G","Strike_G","Defend_G","Defend_G","Defend_G","Defend_G","Survivor","Neutralize","Sucker Punch","Noxious Fumes+1","Poisoned Stab+1","Deadly Poison+1","Dagger Spray","Backstab+1","PiercingWail","Adrenaline","Dash+1","Crippling Poison","Footwork","Endless Agony+1","Deflect+1","Well Laid Plans+1","Deadly Poison","Footwork"],"relics":["Ring of the Snake","NeowsBlessing","Ninja Scroll","Juzu Bracelet","Fusion Hammer","Red Mask","MealTicket","Matryoshka","Vajra","Eternal Feather","Bottled Lightning","Kunai"],"acts_visited":["Exordium","TheCity"],"potions_floor_usage":[1,13,16,27,29,30],"damage_taken":[{"damage":0,"enemies":"Small Slimes","floor":1,"turns":1},{"damage":0,"enemies":"2 Louse","floor":2,"turns":1},{"damage":0,"enemies":"Cultist","floor":5,"turns":1},{"damage":1,"enemies":"Red Slaver","floor":7,"turns":4},{"damage":17,"enemies":"Lagavulin","floor":13,"turns":4},{"damage":7,"enemies":"3 Louse","floor":14,"turns":2},{"damage":23,"enemies":"Hexaghost","floor":16,"turns":7},{"damage":3,"enemies":"2 Thieves","floor":18,"turns":3},{"damage":36,"enemies":"Masked Bandits","floor":19,"turns":4},{"damage":1,"enemies":"Chosen","floor":21,"turns":4},{"damage":3,"enemies":"Snake Plant","floor":22,"turns":3},{"damage":16,"enemies":"Slavers","floor":23,"turns":5},{"damage":14,"enemies":"Shelled Parasite and Fungi","floor":24,"turns":5},{"damage":2,"enemies":"Centurion and Healer","floor":27,"turns":4},{"damage":7,"enemies":"Gremlin Leader","floor":28,"turns":6},{"damage":9,"enemies":"Snake Plant","floor":29,"turns":3},{"damage":3,"enemies":"Cultist and Chosen","floor":30,"turns":4},{"damage":58,"enemies":"Automaton","floor":33,"turns":6}],"seed_played":"3784820212297191053","potions_obtained":[{"floor":1,"key":"Fruit Juice"},{"floor":7,"key":"AttackPotion"},{"floor":14,"key":"SkillPotion"},{"floor":18,"key":"CunningPotion"},{"floor":22,"key":"BlessingOfTheForge"},{"floor":24,"key":"LiquidMemories"}],"is_trial":false,"path_per_floor":["M","M","?","?","M","R","M","R","T","R","$","T","E","M","R","B",null,"M","?","$","M","M","E","M","R","T","M","E","M","M","$","R","B"],"character_chosen":"THE_SILENT","items_purchased":["Backstab","MealTicket","Footwork","Kunai"],"campfire_rested":2,"item_purchase_floors":[11,20,20,31],"current_hp_per_floor":[75,75,75,75,75,75,74,74,74,74,74,74,57,50,50,27,75,72,36,36,35,32,16,2,24,24,22,15,6,3,18,55,0,0],"gold":11,"neow_bonus":"THREE_ENEMY_KILL","is_daily":false,"chose_seed":false,"campfire_upgraded":4,"win_rate":0.0,"timestamp":1610395035,"path_taken":["M","M","?","?","?","R","M","R","T","R","$","?","E","M","R","BOSS","M","?","$","M","M","E","M","R","T","M","E","M","M","$","R","BOSS"],"items_purchased_type":["Card","Relic","Card","Relic"],"build_version":"2020-12-22","purchased_purges":0,"victory":false,"max_hp_per_floor":[75,75,75,75,75,75,75,75,75,75,75,75,75,75,75,75,75,75,75,75,75,75,75,75,75,75,75,75,75,75,75,75,75,75],"card_choices":[{"not_picked":["Leg Sweep","Deflect"],"picked":"Sucker Punch","floor":1},{"not_picked":["Escape Plan","Dodge and Roll"],"picked":"Noxious Fumes","floor":2},{"not_picked":["Infinite Blades","Backstab"],"picked":"Deadly Poison","floor":5},{"not_picked":["Sucker Punch","Dodge and Roll"],"picked":"Dagger Spray","floor":7},{"not_picked":["Sucker Punch","Blade Dance","Blur"],"picked":"SKIP","floor":13},{"not_picked":["Tactician","Dagger Throw"],"picked":"PiercingWail","floor":14},{"not_picked":["Night Terror","A Thousand Cuts"],"picked":"Adrenaline","floor":16},{"not_picked":["Prepared","Underhanded Strike+1"],"picked":"Dash+1","floor":18},{"not_picked":["Outmaneuver+1","Slice"],"picked":"Crippling Poison","floor":19},{"not_picked":["Bouncing Flask","Blade Dance"],"picked":"Endless Agony+1","floor":21},{"not_picked":["Calculated Gamble","Prepared","Riddle With Holes"],"picked":"SKIP","floor":22},{"not_picked":["Prepared","Riddle With Holes","Concentrate"],"picked":"SKIP","floor":23},{"not_picked":["Flying Knee+1","Dagger Spray"],"picked":"Deflect+1","floor":24},{"not_picked":["Blade Dance","Concentrate"],"picked":"Well Laid Plans+1","floor":27},{"not_picked":["Finisher","Dagger Spray"],"picked":"Deadly Poison","floor":28},{"not_picked":["Deadly Poison+1","Escape Plan+1"],"picked":"Footwork","floor":29},{"not_picked":["Expertise","Caltrops","Riddle With Holes"],"picked":"SKIP","floor":30}],"player_experience":312379,"relics_obtained":[{"floor":12,"key":"Ninja Scroll"},{"floor":13,"key":"Juzu Bracelet"},{"floor":19,"key":"Red Mask"},{"floor":23,"key":"Matryoshka"},{"floor":26,"key":"Vajra"},{"floor":26,"key":"Eternal Feather"},{"floor":28,"key":"Bottled Lightning"}],"event_choices":[{"damage_healed":0,"gold_gain":0,"player_choice":"Leave","damage_taken":0,"max_hp_gain":0,"max_hp_loss":0,"event_name":"The Cleric","floor":3,"gold_loss":0},{"damage_healed":0,"gold_gain":0,"cards_transformed":["Defend_G"],"player_choice":"Transformed","damage_taken":0,"max_hp_gain":0,"max_hp_loss":0,"event_name":"Transmorgrifier","floor":4,"gold_loss":0,"cards_obtained":["Poisoned Stab"]},{"damage_healed":0,"gold_gain":0,"player_choice":"Fought Bandits","damage_taken":0,"max_hp_gain":0,"max_hp_loss":0,"event_name":"Masked Bandits","floor":19,"gold_loss":0}],"is_beta":false,"boss_relics":[{"not_picked":["Busted Crown","Runic Dome"],"picked":"Fusion Hammer"}],"items_purged_floors":[],"is_endless":false,"potions_floor_spawned":[1,7,14,18,22,24],"killed_by":"Automaton","ascension_level":4}}