{"host":"df48i9djcn92c5sx","time":1610362215,"event":{"mods":["BaseMod","Downfall","Marisa（F雨　魔理沙）","Minty Spire (QoL Compilation)","READ ME - Guardian Mod","READ ME - Snecko Mod","Reimu（博丽灵梦）","Remilia（蕾米莉亚）","Replay The Spire","Shop Mod","StSLib","The Jungle","The Servant 0.9.4"],"gold_per_floor":[99,113,288,288,288,288,288,365,365,355,353,353,351,349,354,331,331,331],"floor_reached":16,"playtime":3579,"items_purged":[],"score":92,"play_id":"1c018ffb-d838-4516-bb04-ef7b320c7afd","local_time":"20210111185015","is_ascension_mode":false,"campfire_choices":[{"data":"hexamod:DynamicBlow","floor":1.0,"key":"SMITH"},{"data":"hexamod:SkipABeat","floor":6.0,"key":"SMITH"},{"data":"hexamod:TimeWarp","floor":9.0,"key":"SMITH"},{"data":"hexamod:GhostOfSpireFuture","floor":12.0,"key":"SMITH"}],"circlet_count":0,"master_deck":["hexamod:Strike","hexamod:Strike+1","hexamod:Strike","hexamod:Defend+1","hexamod:Defend","hexamod:Defend","hexamod:Defend+1","hexamod:Sear+1","hexamod:Float+1","hexamod:DynamicBlow+1","hexamod:SkipABeat+1","Poor:ReiMu","hexamod:FifthSeal","hexamod:TimeWarp+1","hexamod:SixthSeal","hexamod:PhantomFireball","hexamod:SecondSeal","hexamod:GhostOfSpireFuture+1","hexamod:HexaLevel","hexamod:ThirdSeal","hexamod:AdvancingGuard","hexamod:TimeOfNeed"],"relics":["hexamod:SpiritBrand","YidongShenshe:ReiMu","Orichalcum","Mummified Hand"],"acts_visited":["Exordium"],"potions_floor_usage":[],"damage_taken":[{"damage":1.0,"enemies":"Jaw Worm","floor":2.0,"turns":4.0},{"damage":22.0,"enemies":"downfall:Heads","floor":8.0,"turns":7.0},{"damage":0.0,"enemies":"Small Slimes","floor":10.0,"turns":3.0},{"damage":3.0,"enemies":"2 Louse","floor":11.0,"turns":4.0},{"damage":0.0,"enemies":"Large Slime","floor":13.0,"turns":7.0},{"damage":1.0,"enemies":"3 Louse","floor":14.0,"turns":4.0},{"damage":22,"enemies":"Gremlin Gang","floor":15,"turns":5},{"damage":18,"enemies":"downfall:Ironclad","floor":16,"turns":5}],"seed_played":"2013371721117501206","potions_obtained":[{"floor":2.0,"key":"AttackPotion"},{"floor":8.0,"key":"PowerPotion"},{"floor":11.0,"key":"Weak Potion"}],"is_trial":false,"path_per_floor":["R","M","?","?","?","R","T","?","R","M","M","R","M","M","M","B"],"character_chosen":"THE_SPIRIT","items_purchased":[],"campfire_rested":0,"item_purchase_floors":[],"current_hp_per_floor":[70,69,69,69,62,62,62,40,40,40,37,37,37,36,14,0,0,0],"gold":331,"neow_bonus":"THREE_CARDS","is_daily":false,"chose_seed":false,"campfire_upgraded":4,"win_rate":0.0,"timestamp":1610362215,"path_taken":["R","M","?","?","?","R","T","?","R","M","M","R","M","M","M","BOSS"],"items_purchased_type":[],"build_version":"2020-12-22","purchased_purges":0,"victory":false,"max_hp_per_floor":[70,70,70,70,70,70,70,70,70,70,70,70,70,70,70,70,70,70],"card_choices":[{"not_picked":["hexamod:Hexaguard","hexamod:Rewind"],"picked":"hexamod:DynamicBlow","floor":0.0},{"not_picked":["hexamod:FastForward","hexamod:EmpoweredFlame"],"picked":"hexamod:SkipABeat","floor":2.0},{"not_picked":["hexamod:HauntingEcho","hexamod:FourthSeal"],"picked":"hexamod:FifthSeal","floor":8.0},{"not_picked":["hexamod:ThirdSeal","hexamod:SecondSeal"],"picked":"hexamod:SixthSeal","floor":10.0},{"not_picked":["hexamod:InspiringFlames","hexamod:ThermalTransfer"],"picked":"hexamod:PhantomFireball","floor":10.0},{"not_picked":["hexamod:SixthSeal","hexamod:FourthSeal"],"picked":"hexamod:SecondSeal","floor":11.0},{"not_picked":["hexamod:SoulSteal","hexamod:BurningTouch"],"picked":"hexamod:GhostOfSpireFuture","floor":11.0},{"not_picked":["hexamod:HauntingEcho","hexamod:NightmareGuise"],"picked":"hexamod:HexaLevel","floor":13.0},{"not_picked":["hexamod:SecondSeal","hexamod:FourthSeal"],"picked":"hexamod:ThirdSeal","floor":13.0},{"not_picked":["hexamod:DynamicBlow","hexamod:ShieldOfDarkness"],"picked":"hexamod:AdvancingGuard","floor":14},{"not_picked":["hexamod:AdvancingGuard","hexamod:Haunt"],"picked":"hexamod:TimeOfNeed","floor":15},{"not_picked":["hexamod:GhostLash","hexamod:InspiringFlames","hexamod:BurningTouch"],"picked":"SKIP","floor":15}],"player_experience":1420999,"relics_obtained":[{"floor":7.0,"key":"Mummified Hand"}],"event_choices":[{"damage_healed":0.0,"max_hp_gain":0.0,"max_hp_loss":0.0,"gold_gain":0.0,"event_name":"yidonshenshe","player_choice":"带走神社","floor":4.0,"gold_loss":0.0,"damage_taken":0.0,"relics_obtained":["YidongShenshe:ReiMu"],"cards_obtained":["Poor:ReiMu"]},{"damage_healed":0.0,"max_hp_gain":0.0,"max_hp_loss":0.0,"gold_gain":0.0,"event_name":"Scrap Ooze","player_choice":"Success","floor":5.0,"gold_loss":0.0,"damage_taken":7.0,"relics_obtained":["Orichalcum"]}],"is_beta":false,"boss_relics":[],"items_purged_floors":[],"is_endless":false,"potions_floor_spawned":[2,8,11],"killed_by":"downfall:Ironclad","ascension_level":0}}