{"host":"qq27suot6m8koe0b","time":1610352011,"event":{"mods":["Act Like it!","BaseMod","CapriCore","GifTheSpireLib","Lobotomy","Minty Spire (QoL Compilation)","StSLib"],"gold_per_floor":[109,128,128,138,152,178,353,386,436,436,448,460,491,522,534,669,681,707,734,184,99,99,99],"floor_reached":22,"playtime":1134,"items_purged":["Regret"],"score":196,"play_id":"281975da-9d5e-4260-906f-97307ecc06f4","local_time":"20210111160011","is_ascension_mode":false,"campfire_choices":[{"floor":12,"key":"REST"},{"floor":15,"key":"RECALL"}],"circlet_count":0,"master_deck":["Strike_R","Strike_R","Strike_R","Strike_R","Strike_R","Defend_R","Defend_R","Defend_R","Defend_R","Bash","Yin","Clothesline","Pummel","MeatLantern","Armaments","Scorched","Berserk","MHz","Double Tap","Doubt","UniverseFragment","Dark Embrace","OSAHOGD","Iron Wave","QueenOfHatred","Fire Breathing","Demon Form","Twin Strike+1","Armaments","Flex"],"relics":["Burning Blood","CogitoBucket","Yang_Lob","Boot","Sundial","Art of War","Red Skull","MawBank","Golden Idol","AspirationHeart","Velvet Choker","Sling","Anchor","Pen Nib","Du-Vu Doll"],"acts_visited":["Exordium","TheCity"],"potions_floor_usage":[18,22],"damage_taken":[{"damage":1,"enemies":"Jaw Worm","floor":1,"turns":5},{"damage":12,"enemies":"Small Slimes","floor":2,"turns":5},{"damage":11,"enemies":"2 Louse","floor":4,"turns":2},{"damage":23,"enemies":"Large Slime","floor":5,"turns":5},{"damage":14,"enemies":"3 Sentries","floor":6,"turns":7},{"damage":10,"enemies":"Gremlin Nob","floor":8,"turns":4},{"damage":28,"enemies":"3 Louse","floor":13,"turns":11},{"damage":4,"enemies":"Exordium Thugs","floor":14,"turns":3},{"damage":15,"enemies":"Slime Boss","floor":16,"turns":5},{"damage":14,"enemies":"2 Thieves","floor":18,"turns":4},{"damage":8,"enemies":"Shell Parasite","floor":19,"turns":5},{"damage":96,"enemies":"Chosen and Byrds","floor":22,"turns":6}],"seed_played":"-1930727941556161496","potions_obtained":[{"floor":2,"key":"BloodPotion"},{"floor":4,"key":"Energy Potion"},{"floor":13,"key":"AttackPotion"},{"floor":18,"key":"GamblersBrew"}],"is_trial":false,"path_per_floor":["M","M","?","M","M","E","?","E","T","?","?","R","M","M","R","B",null,"M","M","$","?","M"],"character_chosen":"IRONCLAD","items_purchased":["Sling","Anchor","Pen Nib","Flex"],"campfire_rested":1,"item_purchase_floors":[20,20,20,20],"current_hp_per_floor":[80,74,74,69,52,44,44,40,40,28,28,50,38,40,40,37,84,76,80,80,80,0,0],"gold":99,"neow_bonus":"","is_daily":false,"chose_seed":false,"campfire_upgraded":0,"win_rate":0.0,"timestamp":1610352011,"path_taken":["M","M","?","M","M","E","?","E","T","?","?","R","M","M","R","BOSS","M","M","$","?","M"],"items_purchased_type":["Relic","Relic","Relic","Card"],"build_version":"2020-12-22","purchased_purges":1,"victory":false,"max_hp_per_floor":[80,80,80,80,80,80,80,80,80,80,74,74,84,84,84,84,84,84,84,84,84,84,84],"card_choices":[{"not_picked":["CherryBlossoms","SpiderBud"],"picked":"Yin","floor":1},{"not_picked":["Sentinel","Perfected Strike"],"picked":"Clothesline","floor":1},{"not_picked":["Sword Boomerang","Rage"],"picked":"Pummel","floor":2},{"not_picked":["ShyLook","PunishingBird","WallGazer"],"picked":"Singing Bowl","floor":4},{"not_picked":["SnowQueen","BigBird"],"picked":"MeatLantern","floor":4},{"not_picked":["Brutality","Wild Strike"],"picked":"Armaments","floor":4},{"not_picked":["PunishingBird","Woodsman","CherryBlossoms"],"picked":"Singing Bowl","floor":5},{"not_picked":["SpiderBud","OSAHOGD"],"picked":"Scorched","floor":5},{"not_picked":["Twin Strike","Rampage"],"picked":"Berserk","floor":5},{"not_picked":["VoidDream","Laetitia"],"picked":"MHz","floor":6},{"not_picked":["Flame Barrier","Anger"],"picked":"Double Tap","floor":6},{"not_picked":["Laetitia","PunishingBird"],"picked":"UniverseFragment","floor":8},{"not_picked":["Anger","Exhume"],"picked":"Dark Embrace","floor":8},{"not_picked":["HeroicMonk","BeautyBeast"],"picked":"OSAHOGD","floor":13},{"not_picked":["Thunderclap","Warcry"],"picked":"Iron Wave","floor":13},{"not_picked":["OldLady","Rudolta"],"picked":"QueenOfHatred","floor":14},{"not_picked":["Dropkick","Clash"],"picked":"Fire Breathing","floor":14},{"not_picked":["SpiderBud","BigBadWolf","LittlePrince"],"picked":"Singing Bowl","floor":16},{"not_picked":["Feed","Limit Break"],"picked":"Demon Form","floor":16},{"not_picked":["CrumblingArmor","SingingMachine","Bloodbath"],"picked":"Singing Bowl","floor":18},{"not_picked":["Reckless Charge","Bloodletting"],"picked":"Twin Strike+1","floor":18},{"not_picked":["FairyFestival","WhitesApple","Variant"],"picked":"Singing Bowl","floor":19},{"not_picked":["Headbutt+1","Reaper"],"picked":"Armaments","floor":19}],"player_experience":271368,"relics_obtained":[{"floor":6,"key":"Sundial"},{"floor":8,"key":"Art of War"},{"floor":9,"key":"Red Skull"}],"event_choices":[{"damage_healed":0,"gold_gain":0,"player_choice":"Box","damage_taken":0,"relics_obtained":["Boot"],"max_hp_gain":0,"max_hp_loss":0,"event_name":"Big Fish","floor":3,"gold_loss":0,"cards_obtained":["Regret"]},{"damage_healed":0,"gold_gain":175,"player_choice":"AGREE","damage_taken":0,"max_hp_gain":0,"max_hp_loss":0,"event_name":"Liars Game","floor":7,"gold_loss":0,"cards_obtained":["Doubt"]},{"damage_healed":0,"gold_gain":0,"player_choice":"Success","damage_taken":12,"relics_obtained":["MawBank"],"max_hp_gain":0,"max_hp_loss":0,"event_name":"Scrap Ooze","floor":10,"gold_loss":0},{"damage_healed":0,"gold_gain":0,"player_choice":"Lose Max HP","damage_taken":0,"relics_obtained":["Golden Idol"],"max_hp_gain":0,"max_hp_loss":6,"event_name":"Golden Idol","floor":11,"gold_loss":0},{"damage_healed":0,"gold_gain":0,"player_choice":"Obtained Relic","damage_taken":0,"relics_obtained":["Du-Vu Doll"],"max_hp_gain":0,"max_hp_loss":0,"event_name":"Addict","floor":21,"gold_loss":85}],"is_beta":false,"boss_relics":[{"not_picked":["Sozu","Fusion Hammer"],"picked":"Velvet Choker"}],"items_purged_floors":[20],"is_endless":false,"potions_floor_spawned":[2,4,13,14,18],"killed_by":"Chosen and Byrds","ascension_level":0}}