{"host":"cs25agt3z9hf1693","time":1610349752,"event":{"mods":["Abigail Mod","Act Like it!","BaseMod","CapriCore","ChefMod","Gensokyo","Minty Spire (QoL Compilation)","Remilia_Scarlet MoedÅiÂQïƒ‰ª?ÅEéz?óãì¡Åj3.3.5","Shop Mod","StSLib","The Immortal","The Marked","Yakumo Yukari mod"],"gold_per_floor":[112,128,128,3,3,3,35,35,60,92,92,105,105,115,115,214,214,234,43,57,70,283,309,309,336,359,373,385,181,197,181,181,181,181],"floor_reached":33,"playtime":2686,"items_purged":["chefmod:Strike","Injury"],"score":397,"play_id":"ed82dc5d-eda9-4921-999e-7933985ec4de","local_time":"20210111022232","is_ascension_mode":false,"campfire_choices":[{"data":"chefmod:TodaysSpecial","floor":6.0,"key":"SMITH"},{"data":"chefmod:CleanHouse","floor":11.0,"key":"SMITH"},{"data":"chefmod:NoSoupForYou","floor":15.0,"key":"SMITH"},{"data":"chefmod:DoubleChop","floor":24,"key":"SMITH"},{"data":"chefmod:SushiPlatter","floor":32,"key":"SMITH"}],"circlet_count":0,"master_deck":["chefmod:Strike","chefmod:Strike","chefmod:Strike","chefmod:Strike","chefmod:Defend","chefmod:Defend","chefmod:Defend","chefmod:TodaysSpecial+1","chefmod:IcePick","chefmod:ColdSteel","chefmod:CleanHouse+1","chefmod:CleanHouse","chefmod:NoSoupForYou+1","chefmod:ColdSteel","chefmod:DimSum","chefmod:RaidPantry","chefmod:ColdSteel","chefmod:FireUp+1","chefmod:DoubleChop+1","chefmod:SushiPlatter+1","chefmod:HotSoup","chefmod:NoSoupForYou+1"],"relics":["chefmod:TrustyPot","NeowsBlessing","Gensokyo:OccultBall","Gensokyo:Justice","Nunchaku","Bag of Preparation","Pen Nib","CaptainsWheel","Sozu","chefmod:CookieJar","HornCleat","Smiling Mask","DollysMirror"],"acts_visited":["Gensokyo:Gensokyo","Gensokyo:Gensokyoer"],"potions_floor_usage":[],"damage_taken":[{"damage":0.0,"enemies":"Gensokyo:Gryphon","floor":1.0,"turns":1.0},{"damage":0.0,"enemies":"Gensokyo:Python","floor":2.0,"turns":1.0},{"damage":0.0,"enemies":"Gensokyo:Mamizou","floor":7.0,"turns":1.0},{"damage":0.0,"enemies":"Gensokyo:Aya","floor":10.0,"turns":5.0},{"damage":0.0,"enemies":"Gensokyo:2_Kodama","floor":12.0,"turns":2.0},{"damage":3.0,"enemies":"Gensokyo:Kitsune","floor":14.0,"turns":4.0},{"damage":11.0,"enemies":"Gensokyo:Yukari","floor":16.0,"turns":13.0},{"damage":0,"enemies":"Gensokyo:2_Gloops","floor":18,"turns":4},{"damage":0,"enemies":"Gensokyo:CosmicMonolith","floor":20,"turns":8},{"damage":0,"enemies":"Gensokyo:Mirror_and_Dog","floor":21,"turns":3},{"damage":10,"enemies":"Gensokyo:Wraith","floor":22,"turns":5},{"damage":0,"enemies":"Gensokyo:Tenshi","floor":23,"turns":4},{"damage":0,"enemies":"Gensokyo:Reisen","floor":25,"turns":5},{"damage":13,"enemies":"Gensokyo:Swordslinger","floor":27,"turns":5},{"damage":1,"enemies":"Gensokyo:Chomper_and_Gloop","floor":28,"turns":4},{"damage":43,"enemies":"Gensokyo:3_Gloops","floor":30,"turns":5},{"damage":63,"enemies":"Gensokyo:Eternal_Rivals","floor":33,"turns":4}],"seed_played":"6410273004774025586","potions_obtained":[{"floor":1.0,"key":"SmokeBomb"},{"floor":10.0,"key":"Fruit Juice"},{"floor":14.0,"key":"Energy Potion"},{"floor":16.0,"key":"AttackPotion"}],"is_trial":false,"path_per_floor":["M","M","?","$","?","R","E","?","T","E","R","M","?","M","R","B",null,"M","COS","M","M","M","E","R","E","T","M","M","$","M","?","R","B"],"character_chosen":"THE_CHEF","items_purchased":["chefmod:ColdSteel","DollysMirror"],"campfire_rested":0,"item_purchase_floors":[4,29],"current_hp_per_floor":[76,76,76,76,76,76,76,76,76,76,76,76,76,73,73,67,81,81,81,81,81,71,71,71,71,71,58,57,57,14,57,57,0,0],"gold":181,"neow_bonus":"THREE_ENEMY_KILL","is_daily":false,"chose_seed":false,"campfire_upgraded":5,"win_rate":0.0,"timestamp":1610349752,"path_taken":["M","M","?","?","?","R","E","?","T","E","R","M","?","?","R","BOSS","M","COS","M","M","M","E","R","E","T","M","M","$","M","?","R","BOSS"],"items_purchased_type":["Card","Relic"],"build_version":"2020-12-22","purchased_purges":2,"victory":false,"max_hp_per_floor":[76,76,76,76,76,76,76,76,76,76,76,76,76,76,76,81,81,81,81,81,81,81,81,81,81,81,81,81,81,81,81,81,81,81],"card_choices":[{"not_picked":["chefmod:Defrost","chefmod:FryPan"],"picked":"chefmod:IcePick","floor":1.0},{"not_picked":["chefmod:DinoKale","chefmod:FireUp"],"picked":"chefmod:Cleavers","floor":2.0},{"not_picked":["chefmod:OldCookbook","chefmod:NewMenu"],"picked":"chefmod:CleanHouse","floor":7.0},{"not_picked":["chefmod:Escargot","chefmod:Granita"],"picked":"chefmod:CleanHouse","floor":10.0},{"not_picked":["chefmod:IcePick","chefmod:NewMenu"],"picked":"chefmod:NoSoupForYou","floor":12.0},{"not_picked":["chefmod:PotatoGratin","chefmod:Sorbet"],"picked":"chefmod:ColdSteel","floor":13.0},{"not_picked":["chefmod:SearedScallops","chefmod:DinoKale"],"picked":"chefmod:DimSum","floor":14.0},{"not_picked":["chefmod:CandyBowl","chefmod:DeepFreeze"],"picked":"chefmod:RaidPantry","floor":16.0},{"not_picked":["chefmod:Sorbet","chefmod:BleedOut"],"picked":"chefmod:ColdSteel","floor":18},{"not_picked":["chefmod:BaoBuns","chefmod:FryPan","chefmod:DinoKale"],"picked":"SKIP","floor":20},{"not_picked":["chefmod:MonsterBait","chefmod:BaoBuns"],"picked":"chefmod:FireUp+1","floor":21},{"not_picked":["chefmod:LocoMoco","chefmod:NewMenu","chefmod:Omelette"],"picked":"SKIP","floor":22},{"not_picked":["chefmod:Gelato+1","chefmod:TonkotsuRamen"],"picked":"chefmod:DoubleChop","floor":23},{"not_picked":["chefmod:Flambe+1","chefmod:FarmersMarket"],"picked":"chefmod:SushiPlatter","floor":25},{"not_picked":["chefmod:Chop+1","chefmod:IcePick","chefmod:Defrost"],"picked":"SKIP","floor":27},{"not_picked":["chefmod:Sorbet","chefmod:DinoKale"],"picked":"chefmod:HotSoup","floor":28},{"not_picked":["chefmod:CuttingBoard","chefmod:ColdSteel"],"picked":"chefmod:HotSoup","floor":30}],"player_experience":138589,"relics_obtained":[{"floor":7.0,"key":"Gensokyo:OccultBall"},{"floor":7.0,"key":"Nunchaku"},{"floor":9.0,"key":"Pen Nib"},{"floor":10.0,"key":"CaptainsWheel"},{"floor":16.0,"key":"Gensokyo:OccultBall"},{"floor":21,"key":"Gensokyo:OccultBall"},{"floor":23,"key":"HornCleat"},{"floor":25,"key":"Smiling Mask"}],"event_choices":[],"is_beta":false,"boss_relics":[{"not_picked":["Empty Cage","SacredBark"],"picked":"Sozu"}],"items_purged_floors":[4,29],"is_endless":false,"potions_floor_spawned":[1,10,14,16,18,23,27,28],"killed_by":"Gensokyo:Eternal_Rivals","ascension_level":0}}