{"host":"r6da5kb9dzaaglw2","time":1610375503,"event":{"mods":["AchievementEnabler","BaseMod","Colored Powertips","Duelist Mod","GifTheSpireLib","Minty Spire (QoL Compilation)","StSLib"],"gold_per_floor":[136,136,136,160,185,221,237,250,302,326,326,362,382,425,425,545,545,569,569,569],"floor_reached":19,"playtime":1334,"items_purged":[],"score":299,"play_id":"be05a744-eb92-4359-8d65-69c660ed8480","local_time":"20210111153143","is_ascension_mode":true,"campfire_choices":[{"data":"theDuelist:FiendMegacyber","floor":11.0,"key":"SMITH"},{"data":"theDuelist:RedMirror","floor":15,"key":"SMITH"}],"circlet_count":0,"master_deck":["theDuelist:ArchfiendSoldier","theDuelist:ArchfiendSoldier","theDuelist:ArchfiendSoldier","theDuelist:FiendMegacyber","theDuelist:SummonedSkull","theDuelist:ArchfiendHeiress","theDuelist:ArchfiendCommander","theDuelist:DarkEnergy+1","theDuelist:FiendMegacyber+1","theDuelist:RedMirror+1","theDuelist:SilverApples","theDuelist:DarkMasterZorc","theDuelist:WanderingKing","theDuelist:UmbralHorrorGhoul","theDuelist:Tierra","theDuelist:CheerfulCoffin","theDuelist:FabledAshenveil","theDuelist:FiendMegacyber+1"],"relics":["theDuelist:MillenniumPuzzle","theDuelist:CardPoolRelic","theDuelist:CardPoolBasicRelic","theDuelist:BoosterPackPoolRelic","theDuelist:CardPoolAddRelic","theDuelist:CardPoolMinusRelic","theDuelist:CardPoolSaveRelic","theDuelist:CardPoolOptionsRelic","NeowsBlessing","Golden Idol","Tiny Chest","theDuelist:ElectricToken","Blood Vial","StoneCalendar","Meat on the Bone","Pandora\u0027s Box"],"acts_visited":["Exordium","TheCity"],"potions_floor_usage":[19],"damage_taken":[{"damage":0.0,"enemies":"Cultist","floor":1.0,"turns":1.0},{"damage":0.0,"enemies":"Jaw Worm","floor":5.0,"turns":1.0},{"damage":0.0,"enemies":"3 Sentries","floor":6.0,"turns":1.0},{"damage":1.0,"enemies":"Small Slimes","floor":7.0,"turns":2.0},{"damage":0.0,"enemies":"2 Fungi Beasts","floor":8.0,"turns":2.0},{"damage":0.0,"enemies":"Looter","floor":10.0,"turns":1.0},{"damage":12.0,"enemies":"Gremlin Nob","floor":12.0,"turns":5.0},{"damage":0.0,"enemies":"Blue Slaver","floor":13.0,"turns":1.0},{"damage":0,"enemies":"Lagavulin","floor":14,"turns":3},{"damage":11,"enemies":"Hexaghost","floor":16,"turns":6},{"damage":11,"enemies":"Spheric Guardian","floor":18,"turns":3},{"damage":28,"enemies":"Shell Parasite","floor":19,"turns":5}],"seed_played":"2225935166528751500","potions_obtained":[{"floor":1.0,"key":"SpeedPotion"},{"floor":8.0,"key":"theDuelist:TokenPotion"},{"floor":12.0,"key":"theDuelist:SummonArmorPotion"},{"floor":13.0,"key":"Fruit Juice"},{"floor":14,"key":"theDuelist:MegaupgradePotion"}],"is_trial":false,"path_per_floor":["M","?","?","T","M","E","M","M","T","M","R","E","M","E","R","B",null,"M","M"],"character_chosen":"THE_DUELIST","items_purchased":[],"campfire_rested":0,"item_purchase_floors":[],"current_hp_per_floor":[80,60,48,48,48,48,47,47,47,49,49,39,41,43,43,46,72,63,42,42],"gold":569,"neow_bonus":"THREE_ENEMY_KILL","is_daily":false,"chose_seed":false,"campfire_upgraded":2,"win_rate":0.0,"timestamp":1610375503,"path_taken":["M","?","?","?","M","E","M","M","T","?","R","E","M","E","R","BOSS","M","?"],"items_purchased_type":[],"build_version":"2020-12-22","purchased_purges":0,"victory":false,"max_hp_per_floor":[80,80,80,80,80,80,80,80,80,80,80,80,80,80,80,80,80,80,85,85],"card_choices":[{"not_picked":["theDuelist:DarklordMarie","theDuelist:BlackPendant","theDuelist:PotDichotomy","theDuelist:WanderingKing"],"picked":"theDuelist:ArchfiendHeiress","floor":1.0},{"not_picked":["theDuelist:AttackTheMoon","theDuelist:Sangan","theDuelist:DropOff","theDuelist:FutureFusion","theDuelist:GemArmadillo"],"picked":"SKIP","floor":5.0},{"not_picked":["theDuelist:Wildfire","theDuelist:PutridPudding"],"picked":"theDuelist:ArchfiendCommander","floor":6.0},{"not_picked":["theDuelist:FiendSkull+1","theDuelist:VanityFiend+1"],"picked":"theDuelist:DarkEnergy+1","floor":7.0},{"not_picked":["theDuelist:WanderingKing","theDuelist:FabledAshenveil","theDuelist:FlyingSaucer","theDuelist:UmbralHorrorGhost"],"picked":"theDuelist:FiendMegacyber","floor":8.0},{"not_picked":["theDuelist:ClearKuriboh","theDuelist:FuryFire+1","theDuelist:Hinotama+1","theDuelist:MagicalStone+1","theDuelist:RedMedicine+1"],"picked":"SKIP","floor":10.0},{"not_picked":["theDuelist:AlienTelepath","theDuelist:FlyingSaucer","theDuelist:TributeDoomed","theDuelist:GrossGhost","theDuelist:AmbitiousGofer"],"picked":"SKIP","floor":12.0},{"not_picked":["theDuelist:DoomDonuts","theDuelist:DarknessNeosphere","theDuelist:Doomdog","theDuelist:CallGrave"],"picked":"theDuelist:RedMirror","floor":13.0},{"not_picked":["theDuelist:DarkMirrorForce","theDuelist:PowerWall","theDuelist:RadiantMirrorForce","theDuelist:DestructPotion"],"picked":"theDuelist:SilverApples","floor":14},{"not_picked":["theDuelist:CallGrave","theDuelist:Wildfire","theDuelist:FeatherShot","theDuelist:DarkCubicLord"],"picked":"theDuelist:DarkMasterZorc","floor":16},{"not_picked":["theDuelist:SummonedSkull","theDuelist:ArchfiendCommander","theDuelist:WanderingKing","theDuelist:FabledAshenveil+1"],"picked":"theDuelist:FiendMegacyber+1","floor":18}],"player_experience":508306,"relics_obtained":[{"floor":6.0,"key":"theDuelist:ElectricToken"},{"floor":9.0,"key":"Blood Vial"},{"floor":12.0,"key":"StoneCalendar"},{"floor":14,"key":"Meat on the Bone"}],"event_choices":[{"damage_healed":0.0,"max_hp_gain":0.0,"max_hp_loss":0.0,"gold_gain":0.0,"event_name":"Golden Idol","player_choice":"Take Damage","floor":2.0,"gold_loss":0.0,"damage_taken":20.0,"relics_obtained":["Golden Idol"]},{"damage_healed":0.0,"max_hp_gain":0.0,"max_hp_loss":0.0,"gold_gain":0.0,"event_name":"Scrap Ooze","player_choice":"Success","floor":3.0,"gold_loss":0.0,"damage_taken":12.0,"relics_obtained":["Tiny Chest"]}],"is_beta":false,"boss_relics":[{"not_picked":["Runic Dome","Inserter"],"picked":"Pandora\u0027s Box"}],"items_purged_floors":[],"is_endless":false,"potions_floor_spawned":[1,8,12,13,14,18],"killed_by":"Shell Parasite","ascension_level":5}}