{"host":"4328iixd8pca51w5","time":1610363827,"event":{"mods":["2.2 Compatiblity","AchievementEnabler","BaseMod","CapriCore","Colored Map","KOR Keyword Fix","Minty Spire (QoL Compilation)","StSLib","The Immortal"],"gold_per_floor":[212,67,86,86,101,18,18,18,44,75,75,75,127,144,144,246,246,262,277,177,177,193,193,193,203,229,229,263,64,79,79,79,79],"floor_reached":31,"playtime":1370,"items_purged":["MokouMod:Defend","MokouMod:HeatTransfer","MokouMod:FusionFlare"],"score":395,"play_id":"c10c7a70-dc05-47ab-810a-55b82d073dcb","local_time":"20210111201707","is_ascension_mode":true,"campfire_choices":[{"data":"MokouMod:RisingSunBarrier","floor":7.0,"key":"SMITH"},{"data":"MokouMod:FujiyamaVolcano","floor":11.0,"key":"SMITH"},{"data":"MokouMod:HeatSpark","floor":15.0,"key":"SMITH"},{"data":"MokouMod:InfernalWave","floor":23.0,"key":"PURGE"}],"circlet_count":0,"master_deck":["AscendersBane","MokouMod:HeatSpark+1","MokouMod:RisingSunBarrier+1","MokouMod:BurningDraft","MokouMod:ScorchedEarth","MokouMod:FujiyamaVolcano+1","MokouMod:FujiyamaVolcano","MokouMod:ResoluteFlare","MokouMod:RadiantBlade","MokouMod:CrimsonFlare","MokouMod:Ventilation","MokouMod:SearingShot","MokouMod:FlickeringFlame","MokouMod:Geothermal","MokouMod:ResonanceReactor","MokouMod:Overheat+1"],"relics":["MokouMod:PhoenixFeather","Boot","Peace Pipe","Whetstone","Pandora\u0027s Box","Vajra","Blue Candle"],"acts_visited":["Exordium","TheCity"],"potions_floor_usage":[30],"damage_taken":[{"damage":6.0,"enemies":"Cultist","floor":1.0,"turns":3.0},{"damage":8.0,"enemies":"2 Louse","floor":3.0,"turns":3.0},{"damage":12.0,"enemies":"Small Slimes","floor":5.0,"turns":5.0},{"damage":6.0,"enemies":"Gremlin Nob","floor":10.0,"turns":5.0},{"damage":9.0,"enemies":"Blue Slaver","floor":14.0,"turns":4.0},{"damage":34.0,"enemies":"Hexaghost","floor":16.0,"turns":11.0},{"damage":22.0,"enemies":"Chosen","floor":18.0,"turns":4.0},{"damage":0.0,"enemies":"Spheric Guardian","floor":19.0,"turns":2.0},{"damage":0.0,"enemies":"Chosen and Byrds","floor":21.0,"turns":1.0},{"damage":22.0,"enemies":"Snake Plant","floor":22.0,"turns":3.0},{"damage":10,"enemies":"3 Cultists","floor":25,"turns":4},{"damage":38,"enemies":"Slavers","floor":28,"turns":5},{"damage":26,"enemies":"Centurion and Healer","floor":30,"turns":3},{"damage":16,"enemies":"Snake Plant","floor":31,"turns":1}],"seed_played":"341000650389996023","potions_obtained":[{"floor":4.0,"key":"FairyPotion"},{"floor":4.0,"key":"SmokeBomb"},{"floor":18.0,"key":"DistilledChaos"},{"floor":28,"key":"PowerPotion"},{"floor":30,"key":"Fruit Juice"}],"is_trial":false,"path_per_floor":["M","$","M","?","M","$","R","$","T","E","R","?","T","M","R","B",null,"M","M","$","M","M","R","?","M","T","?","E","$","M","M"],"character_chosen":"MKU","items_purchased":["MokouMod:RisingSunBarrier","MokouMod:ScorchedEarth","MokouMod:FujiyamaVolcano","MokouMod:ResonanceReactor"],"campfire_rested":0,"item_purchase_floors":[2,6,6,29],"current_hp_per_floor":[62,62,54,54,42,42,42,42,42,36,36,36,36,27,27,16,60,38,38,38,38,16,16,16,6,6,6,12,12,11,0,0,0],"gold":79,"neow_bonus":"HUNDRED_GOLD","is_daily":false,"chose_seed":false,"campfire_upgraded":3,"win_rate":0.0,"timestamp":1610363827,"path_taken":["M","?","?","?","?","?","R","$","T","E","R","?","?","?","R","BOSS","M","M","$","M","M","R","?","M","T","?","E","$","M","M"],"items_purchased_type":["Card","Card","Card","Card"],"build_version":"2020-12-22","purchased_purges":3,"victory":false,"max_hp_per_floor":[75,75,75,75,75,75,75,75,75,75,75,75,75,75,75,75,75,75,75,75,75,75,75,75,75,75,75,75,75,80,80,80,80],"card_choices":[{"not_picked":["MokouMod:Stoke","MokouMod:InfernalWave","MokouMod:CrimsonArmoury"],"picked":"SKIP","floor":1.0},{"not_picked":["MokouMod:UncontrollableSolarReaction","MokouMod:Singe","MokouMod:Wildfire"],"picked":"SKIP","floor":3.0},{"not_picked":["MokouMod:GuidingSmoke","MokouMod:IgneousBlow"],"picked":"MokouMod:BurningDraft","floor":5.0},{"not_picked":["MokouMod:RoaringFlare","MokouMod:ProfanedFlare","MokouMod:Afterburner"],"picked":"SKIP","floor":10.0},{"not_picked":["MokouMod:IgnitionBlast","MokouMod:Overheat"],"picked":"MokouMod:FujiyamaVolcano","floor":14.0},{"not_picked":["MokouMod:Ember","MokouMod:AdaptivePyromancy"],"picked":"MokouMod:SearingShot","floor":18.0},{"not_picked":["MokouMod:Overheat","MokouMod:Firecracker"],"picked":"MokouMod:FlickeringFlame","floor":19.0},{"not_picked":["MokouMod:RoaringFlare","MokouMod:BurningDraft","MokouMod:Meltdown"],"picked":"SKIP","floor":22.0},{"not_picked":["MokouMod:Ember","MokouMod:BurningHiddenBullet","MokouMod:WarmUp"],"picked":"SKIP","floor":25},{"not_picked":["MokouMod:SubterraneanCore","MokouMod:BurningDraft"],"picked":"MokouMod:Geothermal","floor":28},{"not_picked":["MokouMod:AdaptivePyromancy","MokouMod:Wildfire+1"],"picked":"MokouMod:Overheat+1","floor":30}],"player_experience":223033,"relics_obtained":[{"floor":9.0,"key":"Boot"},{"floor":10.0,"key":"Peace Pipe"},{"floor":13.0,"key":"Whetstone"},{"floor":26,"key":"Vajra"},{"floor":28,"key":"Blue Candle"}],"event_choices":[{"damage_healed":0.0,"max_hp_gain":0.0,"max_hp_loss":0.0,"gold_gain":0.0,"event_name":"Lab","player_choice":"Got Potions","floor":4.0,"gold_loss":0.0,"damage_taken":0.0},{"damage_healed":0.0,"max_hp_gain":0.0,"max_hp_loss":0.0,"gold_gain":0.0,"event_name":"Liars Game","player_choice":"Ignored","floor":12.0,"gold_loss":0.0,"damage_taken":0.0},{"cards_removed":["MokouMod:FlamingFireTalons"],"damage_healed":0.0,"max_hp_gain":0.0,"max_hp_loss":0.0,"gold_gain":0.0,"event_name":"Back to Basics","player_choice":"Elegance","floor":24.0,"gold_loss":0.0,"damage_taken":0.0},{"damage_healed":0,"gold_gain":0,"player_choice":"Ignored","damage_taken":0,"max_hp_gain":0,"max_hp_loss":0,"event_name":"Ghosts","floor":27,"gold_loss":0}],"is_beta":false,"boss_relics":[{"not_picked":["Black Star","Busted Crown"],"picked":"Pandora\u0027s Box"}],"items_purged_floors":[2,20,29],"is_endless":false,"potions_floor_spawned":[5,14,18,21,28,30],"killed_by":"Snake Plant","ascension_level":11}}