{"host":"nwtxriuk34b069je","time":1610338740,"event":{"mods":["AchievementEnabler","BaseMod","Better Skull","Colored Map","Colored Powertips","Hermit","Minty Spire (QoL Compilation)","Relic Stats","Replay The Spire","StSLib"],"gold_per_floor":[217,51,51,51,78,78,103,119,119,119,119,131,146,72,72,172,172,192,192,205,205,225,225,240,240,285,285,285,47,57,73,73,169,169,189,189,205,224,121,121,140,140,140,153,173,173,193,221,221,221],"floor_reached":51,"playtime":2668,"items_purged":["Strike_B"],"score":604,"play_id":"16945ef6-885a-4fd7-a467-dce88a409ec5","local_time":"20210110221900","is_ascension_mode":false,"campfire_choices":[{"data":"Redo","floor":6,"key":"SMITH"},{"floor":11,"key":"REST"},{"data":"Doom and Gloom","floor":15,"key":"SMITH"},{"floor":23,"key":"REST"},{"floor":25,"key":"REST"},{"data":"Electrodynamics","floor":27,"key":"SMITH"},{"floor":32,"key":"REST"},{"floor":40,"key":"REST"},{"data":"Crystallizer","floor":42,"key":"SMITH"},{"data":"Barrage","floor":46,"key":"SMITH"},{"floor":49,"key":"REST"}],"circlet_count":0,"master_deck":["Strike_B","Strike_B","Defend_B","Defend_B","Defend_B","Zap+1","Dualcast","Redo+1","Rebound+1","Conserve Battery","Reinforced Body","Redo","Panic Button","Doom and Gloom+1","BasicCrystalCard","Static Discharge","Sunder","Streamline","Electrodynamics+1","Turbo","Glacier","Capacitor","Melter","Barrage","Core Surge","Darkness+1","Beam Cell","Ball Lightning","Crystallizer+1","Barrage+1","Chaos","Beam Cell+1"],"relics":["Cracked Core","Membership Card","Bag of Preparation","Replay:WaspNest","Mango","Orrery","Replay:Grab Bag","Painkiller Herb","Philosopher\u0027s Stone","SacredBark","Ring of Misfortune","Lantern","Lee\u0027s Waffle","Bronze Scales","Inserter","BargainBundle","Solar Panel","Darkstone Periapt"],"acts_visited":["Exordium","TheCity","TheBeyond"],"potions_floor_usage":[33,33,41,50,50],"damage_taken":[{"damage":1,"enemies":"Cultist","floor":1,"turns":3},{"damage":26,"enemies":"Lagavulin","floor":7,"turns":5},{"damage":2,"enemies":"Small Slimes","floor":8,"turns":2},{"damage":6,"enemies":"Jaw Worm","floor":12,"turns":2},{"damage":6,"enemies":"2 Fungi Beasts","floor":13,"turns":2},{"damage":47,"enemies":"The Guardian","floor":16,"turns":8},{"damage":21,"enemies":"2 Thieves","floor":18,"turns":3},{"damage":10,"enemies":"3 Byrds","floor":20,"turns":2},{"damage":5,"enemies":"Snake Plant","floor":22,"turns":4},{"damage":34,"enemies":"Shelled Parasite and Fungi","floor":24,"turns":5},{"damage":14,"enemies":"Centurion and Healer","floor":30,"turns":4},{"damage":17,"enemies":"Snecko","floor":31,"turns":4},{"damage":29,"enemies":"Collector","floor":33,"turns":8},{"damage":15,"enemies":"3 Shapes","floor":35,"turns":2},{"damage":18,"enemies":"3 Darklings","floor":37,"turns":2},{"damage":77,"enemies":"Spire Growth","floor":38,"turns":5},{"damage":28,"enemies":"4 Shapes","floor":41,"turns":2},{"damage":21,"enemies":"Maw","floor":44,"turns":6},{"damage":0,"enemies":"Sphere and 2 Shapes","floor":45,"turns":2},{"damage":2,"enemies":"Transient","floor":47,"turns":5},{"damage":117,"enemies":"Reptomancer","floor":48,"turns":5},{"damage":101,"enemies":"Replay:Hell Engine","floor":50,"turns":9}],"seed_played":"-2939476187198513003","potions_obtained":[{"floor":1,"key":"Explosive Potion"},{"floor":8,"key":"Explosive Potion"},{"floor":13,"key":"Block Potion"},{"floor":16,"key":"Block Potion"},{"floor":18,"key":"Block Potion"},{"floor":38,"key":"FairyPotion"},{"floor":41,"key":"FairyPotion"},{"floor":48,"key":"Death Potion"}],"is_trial":false,"path_per_floor":["M","$","?","?","T","R","E","M","T","?","R","M","M","$","R","B",null,"?","?","?","?","?","T","?","T","T","T","?","T","?","?","T","B",null,"?","?","?","?","T","T","?","T","T","?","?","T","?","E","T","B",null],"character_chosen":"DEFECT","items_purchased":["Membership Card","Rebound+1","Orrery","FairyPotion","Lee\u0027s Waffle","Bronze Scales","Melter","BargainBundle","BlessingOfTheForge","AttackPotion","Beam Cell","Ball Lightning","Crystallizer"],"campfire_rested":6,"item_purchase_floors":[2,2,14,29,29,29,29,39,39,39,39,39,39],"current_hp_per_floor":[74,74,74,79,79,79,53,51,65,65,93,87,81,81,81,34,94,73,54,44,44,39,68,34,63,63,63,63,106,92,75,106,77,106,91,91,73,63,63,94,66,66,66,45,45,45,43,75,106,19],"gold":221,"neow_bonus":"HUNDRED_GOLD","is_daily":false,"chose_seed":false,"campfire_upgraded":5,"win_rate":0.0,"timestamp":1610338740,"path_taken":["M","$","?","?","?","R","E","M","T","?","R","?","M","$","R","BOSS","?","?","?","?","?","T","?","T","T","T","?","?","?","?","T","BOSS","?","?","?","?","T","T","?","T","T","?","?","T","?","E","T","BOSS"],"items_purchased_type":["Relic","Card","Relic","Potion","Relic","Relic","Card","Relic","Potion","Potion","Card","Card","Card"],"build_version":"2020-12-22","purchased_purges":1,"victory":true,"max_hp_per_floor":[75,75,75,80,80,80,80,80,94,94,94,94,94,94,94,94,94,94,99,99,99,99,99,99,99,99,99,99,106,106,106,106,106,106,106,106,106,106,106,106,106,106,106,106,106,106,106,106,106,106],"relic_stats":{"Darkstone Periapt":0,"Lee\u0027s Waffle":43,"Inserter":[19],"counters":[22,90],"Bronze Scales":[143],"Bag of Preparation":[42],"obtain_stats":[{"Solar Panel":43,"Darkstone Periapt":48,"Lantern":26,"Lee\u0027s Waffle":29,"BargainBundle":39,"Inserter":34,"Replay:Grab Bag":17,"SacredBark":17,"Mango":9,"Painkiller Herb":17,"Replay:WaspNest":7,"Bag of Preparation":5,"Ring of Misfortune":21,"Bronze Scales":29,"Orrery":14,"Philosopher\u0027s Stone":17,"Membership Card":2,"Cracked Core":0},{"Solar Panel":17,"Darkstone Periapt":21,"Lantern":10,"Lee\u0027s Waffle":10,"BargainBundle":16,"Inserter":13,"Replay:Grab Bag":6,"SacredBark":6,"Mango":3,"Painkiller Herb":6,"Replay:WaspNest":2,"Bag of Preparation":1,"Ring of Misfortune":8,"Bronze Scales":10,"Orrery":5,"Philosopher\u0027s Stone":6,"Membership Card":1,"Cracked Core":0},{"Solar Panel":63,"Darkstone Periapt":81,"Lantern":36,"Lee\u0027s Waffle":36,"BargainBundle":61,"Inserter":52,"Replay:Grab Bag":22,"SacredBark":22,"Mango":10,"Painkiller Herb":22,"Replay:WaspNest":8,"Bag of Preparation":3,"Ring of Misfortune":27,"Bronze Scales":36,"Orrery":14,"Philosopher\u0027s Stone":22,"Membership Card":3,"Cracked Core":0}]},"card_choices":[{"not_picked":["Double Energy","Barrage"],"picked":"Redo","floor":1},{"not_picked":["Cold Snap","Skim"],"picked":"Conserve Battery","floor":7},{"not_picked":["Compile Driver","Gash"],"picked":"Reinforced Body","floor":8},{"not_picked":["Cold Snap","Compile Driver"],"picked":"Redo","floor":12},{"not_picked":["Recycle","Rebound"],"picked":"Panic Button","floor":13},{"not_picked":["Storm","Conserve Battery"],"picked":"Doom and Gloom","floor":14},{"not_picked":["Recycle","Turbo"],"picked":"BasicCrystalCard","floor":14},{"not_picked":["Sweeping Beam","Reinforced Body"],"picked":"Static Discharge","floor":14},{"not_picked":["Streamline","Amplify"],"picked":"Sunder","floor":14},{"not_picked":["Conserve Battery","Skim"],"picked":"Streamline","floor":14},{"not_picked":["Biased Cognition","Multi-Cast"],"picked":"Electrodynamics","floor":16},{"not_picked":["Panic Button","BasicCrystalCard"],"picked":"Turbo","floor":18},{"not_picked":["Coolheaded","Beam Cell+1"],"picked":"Glacier","floor":20},{"not_picked":["Coolheaded+1","Undo"],"picked":"Capacitor","floor":22},{"not_picked":["Conserve Battery","ReplaySolidLightProjector","ReplayTheSpireMod:Calculation Training+1"],"picked":"SKIP","floor":24},{"not_picked":["Rebound","Cold Snap+1"],"picked":"Barrage","floor":30},{"not_picked":["Panic Button","Streamline","Steam"],"picked":"SKIP","floor":31},{"not_picked":["Meteor Strike","Creative AI"],"picked":"Core Surge","floor":33},{"not_picked":["Doom and Gloom","Go for the Eyes+1","Hologram"],"picked":"SKIP","floor":35},{"not_picked":["Steam","BasicCrystalCard","Force Field"],"picked":"SKIP","floor":37},{"not_picked":["Recycle+1","Conserve Battery+1"],"picked":"Darkness+1","floor":38},{"not_picked":["Doom and Gloom+1","Streamline","Coolheaded"],"picked":"SKIP","floor":41},{"not_picked":["Sunder","Rebound+1","Steam"],"picked":"SKIP","floor":44},{"not_picked":["Glacier+1","Steam"],"picked":"Barrage","floor":45},{"not_picked":["Steam+1","Conserve Battery+1"],"picked":"Chaos","floor":47},{"not_picked":["Barrage","Streamline"],"picked":"Beam Cell+1","floor":48}],"player_experience":510745,"relics_obtained":[{"floor":5,"key":"Bag of Preparation"},{"floor":7,"key":"Replay:WaspNest"},{"floor":9,"key":"Mango"},{"floor":21,"key":"Ring of Misfortune"},{"floor":26,"key":"Lantern"},{"floor":43,"key":"Solar Panel"},{"floor":48,"key":"Darkstone Periapt"}],"event_choices":[{"damage_healed":0,"gold_gain":0,"player_choice":"Grow","damage_taken":0,"max_hp_gain":0,"max_hp_loss":0,"event_name":"Living Wall","floor":3,"gold_loss":0,"cards_upgraded":["Zap"]},{"damage_healed":0,"gold_gain":0,"player_choice":"Donut","damage_taken":0,"max_hp_gain":5,"max_hp_loss":0,"event_name":"Big Fish","floor":4,"gold_loss":0},{"cards_removed":["Defend_B"],"damage_healed":0,"gold_gain":0,"player_choice":"Offered Basic","damage_taken":0,"max_hp_gain":0,"max_hp_loss":0,"event_name":"Bonfire Elementals","floor":10,"gold_loss":0},{"damage_healed":0,"gold_gain":0,"player_choice":"Shed Blood","damage_taken":24,"max_hp_gain":5,"max_hp_loss":0,"event_name":"Forgotten Altar","floor":19,"gold_loss":0},{"damage_healed":0,"gold_gain":0,"player_choice":"Ignored","damage_taken":0,"max_hp_gain":0,"max_hp_loss":0,"event_name":"Vampires","floor":28,"gold_loss":0},{"cards_removed":["Strike_B"],"damage_healed":0,"gold_gain":0,"player_choice":"Removed Attack","damage_taken":0,"max_hp_gain":0,"max_hp_loss":0,"event_name":"Falling","floor":36,"gold_loss":0}],"is_beta":false,"boss_relics":[{"not_picked":["Replay:Bronze Core","Astrolabe"],"picked":"Replay:Grab Bag"},{"not_picked":["ReplayTheSpireMod:Onyx Gauntlets","Fusion Hammer"],"picked":"Painkiller Herb"},{"not_picked":["ReplayTheSpireMod:DimensionalGlitch","Velvet Choker"],"picked":"Philosopher\u0027s Stone"},{"not_picked":["Pandora\u0027s Box","Kintsugi"],"picked":"SacredBark"},{"not_picked":["Ring of Chaos","Snecko Eye"],"picked":"Inserter"}],"items_purged_floors":[39],"is_endless":false,"potions_floor_spawned":[1,8,13,16,18,24,30,38,41,48],"ascension_level":0}}