{"host":"jlz4is0nf6zo9oab","time":1610394618,"event":{"mods":["AchievementEnabler","BaseMod","Colored Map","Colored Powertips","Highlight Path","Minty Spire (QoL Compilation)","StSLib"],"gold_per_floor":[13,24,44,44,44,44,64,64,64,64,83,96,96,106,106,106,106],"floor_reached":16,"playtime":439,"items_purged":[],"score":150,"play_id":"23996852-46ae-4aa5-9a0a-ff6e6e1120b7","local_time":"20210111205018","is_ascension_mode":true,"campfire_choices":[{"data":"Static Discharge","floor":6,"key":"SMITH"},{"floor":8,"key":"REST"},{"data":"Dualcast","floor":10,"key":"SMITH"},{"floor":13,"key":"REST"},{"floor":15,"key":"REST"}],"circlet_count":0,"master_deck":["AscendersBane","Strike_B","Strike_B","Strike_B","Strike_B","Defend_B","Defend_B","Defend_B","Defend_B","Zap","Dualcast+1","Chaos","Sweeping Beam","Static Discharge+1","Defragment"],"relics":["Cracked Core","Kunai","Ornamental Fan"],"acts_visited":["Exordium"],"potions_floor_usage":[14],"damage_taken":[{"damage":4,"enemies":"Small Slimes","floor":1,"turns":3},{"damage":3,"enemies":"Cultist","floor":2,"turns":4},{"damage":1,"enemies":"2 Louse","floor":3,"turns":2},{"damage":31,"enemies":"Large Slime","floor":7,"turns":5},{"damage":23,"enemies":"Lots of Slimes","floor":11,"turns":3},{"damage":9,"enemies":"3 Louse","floor":12,"turns":3},{"damage":29,"enemies":"Exordium Thugs","floor":14,"turns":3},{"damage":60,"enemies":"The Guardian","floor":16,"turns":10}],"seed_played":"2194915546939542254","potions_obtained":[{"floor":2,"key":"PowerPotion"},{"floor":7,"key":"PotionOfCapacity"}],"is_trial":false,"path_per_floor":["M","M","M","$","?","R","M","R","T","R","M","M","R","M","R","B"],"character_chosen":"DEFECT","items_purchased":[],"campfire_rested":3,"item_purchase_floors":[],"current_hp_per_floor":[78,75,74,74,74,74,43,69,69,69,46,37,63,34,60,0,0],"gold":106,"neow_bonus":"TWENTY_PERCENT_HP_BONUS","is_daily":false,"chose_seed":false,"campfire_upgraded":2,"win_rate":0.0,"timestamp":1610394618,"path_taken":["M","M","M","$","?","R","?","R","T","R","M","M","R","M","R","BOSS"],"items_purchased_type":[],"build_version":"2020-12-22","purchased_purges":0,"victory":false,"max_hp_per_floor":[89,89,89,89,89,89,89,89,89,89,89,89,89,89,89,89,89],"card_choices":[{"not_picked":["Barrage","Steam"],"picked":"Chaos","floor":1},{"not_picked":["Cold Snap","Reinforced Body"],"picked":"Sweeping Beam","floor":2},{"not_picked":["Sunder","Cold Snap"],"picked":"Static Discharge","floor":3},{"not_picked":["Scrape","Blizzard","Sweeping Beam"],"picked":"SKIP","floor":7},{"not_picked":["Fusion","Go for the Eyes"],"picked":"Defragment","floor":11},{"not_picked":["Stack","Aggregate","Hologram"],"picked":"SKIP","floor":12},{"not_picked":["Chill","FTL","Gash"],"picked":"SKIP","floor":14}],"player_experience":944642,"relics_obtained":[{"floor":9,"key":"Ornamental Fan"}],"event_choices":[{"damage_healed":0,"gold_gain":0,"player_choice":"Gave Potion","damage_taken":0,"relics_obtained":["Kunai"],"max_hp_gain":0,"max_hp_loss":0,"event_name":"WeMeetAgain","floor":5,"gold_loss":0}],"is_beta":false,"boss_relics":[],"items_purged_floors":[],"is_endless":false,"potions_floor_spawned":[2,7],"killed_by":"The Guardian","ascension_level":12}}