{"host":"opg65mucj6ra7dr1","time":1610352947,"event":{"mods":["BaseMod","DeckTracker","Keyboard Shortcuts","Minty Spire (QoL Compilation)","Permanent Neow","Quick Restart","everything is the same but u backflip on backflip"],"gold_per_floor":[115,132,232,246,265,265,295,295,295,295,306,323,352,370,370,468,468,480,480,497,512,530,530,558,833,858,874,509,509,363,396,396,493,493,513,513,40,51,66,66,92,92,92,118,132,132,145,0,0,0,0,0,0,35,35],"floor_reached":56,"playtime":2146,"items_purged":["Regret","Strike_G","Defend_G"],"score":1405,"play_id":"12bf25c2-ac2a-4bb1-9965-14b0d2423067","local_time":"20210111171547","is_ascension_mode":true,"campfire_choices":[{"floor":6.0,"key":"REST"},{"data":"Noxious Fumes","floor":8.0,"key":"SMITH"},{"data":"Footwork","floor":10.0,"key":"SMITH"},{"floor":15.0,"key":"REST"},{"floor":23.0,"key":"REST"},{"floor":32.0,"key":"REST"},{"data":"Footwork","floor":40.0,"key":"SMITH"},{"data":"Envenom","floor":46.0,"key":"SMITH"},{"floor":49.0,"key":"RECALL"},{"data":"Poisoned Stab","floor":52.0,"key":"SMITH"}],"circlet_count":0,"master_deck":["Strike_G","Strike_G","Defend_G","Defend_G","Defend_G","Survivor","Noxious Fumes+1","Footwork+1","PiercingWail","All Out Attack","Poisoned Stab+1","Bane","Blur+1","Dodge and Roll+1","Bouncing Flask+1","Bane","Envenom+1","Corpse Explosion+1","Catalyst+1","Prepared+1","Escape Plan+1","Deflect+1","Bouncing Flask+1","Noxious Fumes","Tactician+1","Blur+1","Noxious Fumes","Prepared+1","Footwork+1","Adrenaline+1","Acrobatics+1","Crippling Poison+1","Adrenaline+1","Tactician+1","Tactician+1","PiercingWail+1"],"relics":["Ring of the Snake","Bottled Lightning","Toxic Egg 2","White Beast Statue","Astrolabe","Singing Bowl","Molten Egg 2","Bronze Scales","Strawberry","Potion Belt","Gambling Chip","SacredBark","Eternal Feather","Ornamental Fan","Sundial","MealTicket","Red Mask","Oddly Smooth Stone"],"acts_visited":["Exordium","TheCity","TheBeyond","TheEnding"],"potions_floor_usage":[55,55],"damage_taken":[{"damage":0.0,"enemies":"2 Louse","floor":1.0,"turns":4.0},{"damage":10.0,"enemies":"Cultist","floor":2.0,"turns":5.0},{"damage":6.0,"enemies":"Jaw Worm","floor":4.0,"turns":6.0},{"damage":20.0,"enemies":"Exordium Thugs","floor":5.0,"turns":6.0},{"damage":11.0,"enemies":"3 Sentries","floor":7.0,"turns":4.0},{"damage":6.0,"enemies":"Large Slime","floor":11.0,"turns":4.0},{"damage":0.0,"enemies":"Looter","floor":12.0,"turns":3.0},{"damage":14.0,"enemies":"Lagavulin","floor":13.0,"turns":8.0},{"damage":18.0,"enemies":"Exordium Thugs","floor":14.0,"turns":5.0},{"damage":28.0,"enemies":"The Guardian","floor":16.0,"turns":9.0},{"damage":6.0,"enemies":"3 Byrds","floor":18.0,"turns":3.0},{"damage":32.0,"enemies":"2 Thieves","floor":20.0,"turns":3.0},{"damage":22.0,"enemies":"Sentry and Sphere","floor":21.0,"turns":5.0},{"damage":4.0,"enemies":"Cultist and Chosen","floor":22.0,"turns":5.0},{"damage":2.0,"enemies":"Book of Stabbing","floor":24.0,"turns":7.0},{"damage":12.0,"enemies":"Snecko","floor":27.0,"turns":3.0},{"damage":6.0,"enemies":"Gremlin Leader","floor":31.0,"turns":6.0},{"damage":37.0,"enemies":"Automaton","floor":33.0,"turns":7.0},{"damage":30.0,"enemies":"3 Darklings","floor":35.0,"turns":4.0},{"damage":13.0,"enemies":"Orb Walker","floor":38.0,"turns":3.0},{"damage":8.0,"enemies":"Jaw Worm Horde","floor":39.0,"turns":4.0},{"damage":17.0,"enemies":"Giant Head","floor":41.0,"turns":6.0},{"damage":12.0,"enemies":"Reptomancer","floor":44.0,"turns":5.0},{"damage":0.0,"enemies":"Sphere and 2 Shapes","floor":45.0,"turns":4.0},{"damage":0.0,"enemies":"3 Darklings","floor":47.0,"turns":2.0},{"damage":60.0,"enemies":"Awakened One","floor":50.0,"turns":11.0},{"damage":28.0,"enemies":"Shield and Spear","floor":54.0,"turns":5.0},{"damage":36,"enemies":"The Heart","floor":55,"turns":7}],"seed_played":"-6155204140593375416","potions_obtained":[{"floor":1.0,"key":"Ancient Potion"},{"floor":2.0,"key":"BlessingOfTheForge"},{"floor":5.0,"key":"DuplicationPotion"},{"floor":7.0,"key":"Regen Potion"},{"floor":11.0,"key":"CunningPotion"},{"floor":14.0,"key":"Regen Potion"},{"floor":16.0,"key":"Fire Potion"},{"floor":18.0,"key":"DistilledChaos"},{"floor":20.0,"key":"Block Potion"},{"floor":21.0,"key":"Energy Potion"},{"floor":22.0,"key":"SneckoOil"},{"floor":24.0,"key":"Regen Potion"},{"floor":27.0,"key":"LiquidBronze"},{"floor":31.0,"key":"Regen Potion"},{"floor":33.0,"key":"GamblersBrew"},{"floor":35.0,"key":"ColorlessPotion"},{"floor":38.0,"key":"GamblersBrew"},{"floor":39.0,"key":"PowerPotion"},{"floor":41.0,"key":"LiquidMemories"},{"floor":44.0,"key":"DistilledChaos"},{"floor":45.0,"key":"Fire Potion"},{"floor":47.0,"key":"BlessingOfTheForge"},{"floor":54.0,"key":"Energy Potion"}],"is_trial":false,"path_per_floor":["M","M","?","M","M","R","E","R","T","R","M","M","E","M","R","B",null,"M","T","M","M","M","R","E","?","T","M","$","?","$","E","R","B",null,"M","?","$","M","M","R","E","T","T","E","M","R","M","?","R","B",null,"R","$","E","B",null],"character_chosen":"THE_SILENT","items_purchased":["Strawberry","Blur+1","Noxious Fumes","Prepared+1","Eternal Feather","Swift Potion","Block Potion"],"campfire_rested":4,"item_purchase_floors":[28,28,28,30,37,37,37],"current_hp_per_floor":[70,60,60,54,34,55,44,44,44,44,38,38,39,21,42,29,70,64,64,34,12,8,29,27,27,27,27,34,34,34,28,51,29,79,49,49,49,36,28,46,29,29,29,19,19,40,42,42,63,3,83,83,83,55,19],"gold":35,"neow_bonus":"THREE_CARDS","is_daily":false,"chose_seed":false,"campfire_upgraded":5,"win_rate":0.0,"timestamp":1610352947,"path_taken":["M","M","?","?","M","R","E","R","T","R","M","?","E","M","R","BOSS","M","?","M","?","M","R","E","?","T","?","$","?","?","E","R","BOSS","M","?","$","M","M","R","E","?","T","E","?","R","M","?","R","BOSS","R","$","E","BOSS"],"items_purchased_type":["Relic","Card","Card","Card","Relic","Potion","Potion"],"build_version":"2020-12-22","purchased_purges":3,"victory":true,"max_hp_per_floor":[70,70,70,70,70,70,70,70,70,70,70,70,70,70,70,70,70,70,70,72,72,72,72,72,72,72,72,79,79,79,79,79,79,79,79,79,79,79,79,79,79,79,79,81,81,81,83,83,83,83,83,83,83,83,83],"card_choices":[{"not_picked":["Acrobatics","PiercingWail"],"picked":"Noxious Fumes","floor":0.0},{"not_picked":["Backflip","Dash"],"picked":"Footwork","floor":1.0},{"not_picked":["Calculated Gamble","Outmaneuver"],"picked":"PiercingWail","floor":2.0},{"not_picked":["Blade Dance","Eviscerate"],"picked":"All Out Attack","floor":4.0},{"not_picked":["Quick Slash","PiercingWail"],"picked":"Poisoned Stab","floor":5.0},{"not_picked":["Finisher","Underhanded Strike"],"picked":"Bane","floor":7.0},{"not_picked":["Infinite Blades","Dash"],"picked":"Blur+1","floor":11.0},{"not_picked":["Blade Dance+1","Quick Slash"],"picked":"Dodge and Roll+1","floor":12.0},{"not_picked":["Endless Agony","All Out Attack"],"picked":"Bouncing Flask+1","floor":13.0},{"not_picked":["Dagger Spray","Distraction+1"],"picked":"Bane","floor":14.0},{"not_picked":["A Thousand Cuts","Grand Finale"],"picked":"Envenom","floor":16.0},{"not_picked":["Setup+1","Quick Slash"],"picked":"Escape Plan+1","floor":18.0},{"not_picked":["Slice","Cloak And Dagger+1","Choke"],"picked":"Singing Bowl","floor":20.0},{"not_picked":["Underhanded Strike","Dodge and Roll+1"],"picked":"Deflect+1","floor":21.0},{"not_picked":["Prepared+1","Caltrops"],"picked":"Bouncing Flask+1","floor":22.0},{"not_picked":["Masterful Stab+1","Cloak And Dagger+1"],"picked":"Noxious Fumes","floor":24.0},{"not_picked":["Terror+1","Poisoned Stab+1"],"picked":"Tactician+1","floor":27.0},{"not_picked":["Outmaneuver+1","Malaise+1"],"picked":"Footwork","floor":31.0},{"not_picked":["Die Die Die+1","Corpse Explosion+1"],"picked":"Adrenaline+1","floor":33.0},{"not_picked":["Escape Plan+1","Sucker Punch+1"],"picked":"Acrobatics+1","floor":35.0},{"not_picked":["PiercingWail+1","Prepared+1"],"picked":"Crippling Poison+1","floor":38.0},{"not_picked":["PiercingWail+1","Choke+1"],"picked":"Adrenaline+1","floor":39.0},{"not_picked":["Bane+1","Endless Agony+1"],"picked":"Tactician+1","floor":41.0},{"not_picked":["Infinite Blades+1","Quick Slash+1","Dagger Spray+1"],"picked":"Singing Bowl","floor":44.0},{"not_picked":["Deflect+1","Outmaneuver+1"],"picked":"Tactician+1","floor":45.0},{"not_picked":["Bane+1","Dagger Spray+1","Underhanded Strike+1"],"picked":"Singing Bowl","floor":47.0},{"not_picked":["Storm of Steel+1","Prepared+1"],"picked":"PiercingWail+1","floor":54.0}],"player_experience":89499,"relics_obtained":[{"floor":7.0,"key":"Bottled Lightning"},{"floor":9.0,"key":"Toxic Egg 2"},{"floor":13.0,"key":"White Beast Statue"},{"floor":19.0,"key":"Singing Bowl"},{"floor":24.0,"key":"Molten Egg 2"},{"floor":26.0,"key":"Bronze Scales"},{"floor":31.0,"key":"Gambling Chip"},{"floor":41.0,"key":"Ornamental Fan"},{"floor":43.0,"key":"Sundial"},{"floor":44.0,"key":"MealTicket"},{"floor":54.0,"key":"Oddly Smooth Stone"}],"event_choices":[{"damage_healed":0.0,"max_hp_gain":0.0,"max_hp_loss":0.0,"gold_gain":100.0,"event_name":"Golden Shrine","player_choice":"Pray","floor":3.0,"gold_loss":0.0,"damage_taken":0.0},{"damage_healed":0.0,"max_hp_gain":0.0,"max_hp_loss":0.0,"gold_gain":275.0,"event_name":"Golden Shrine","player_choice":"Desecrate","floor":25.0,"gold_loss":0.0,"damage_taken":0.0,"cards_obtained":["Regret"]},{"damage_healed":0.0,"max_hp_gain":0.0,"max_hp_loss":0.0,"gold_gain":0.0,"event_name":"WeMeetAgain","player_choice":"Gave Potion","floor":29.0,"gold_loss":0.0,"damage_taken":0.0,"relics_obtained":["Potion Belt"]},{"cards_removed":["Neutralize"],"damage_healed":0.0,"max_hp_gain":0.0,"max_hp_loss":0.0,"gold_gain":0.0,"event_name":"Falling","player_choice":"Removed Attack","floor":36.0,"gold_loss":0.0,"damage_taken":0.0},{"damage_healed":0.0,"max_hp_gain":0.0,"max_hp_loss":0.0,"gold_gain":0.0,"event_name":"Tomb of Lord Red Mask","player_choice":"Paid","floor":48.0,"gold_loss":145.0,"damage_taken":0.0,"relics_obtained":["Red Mask"]}],"is_beta":false,"boss_relics":[{"not_picked":["HoveringKite","Calling Bell"],"picked":"Astrolabe"},{"not_picked":["Ring of the Serpent","Coffee Dripper"],"picked":"SacredBark"}],"items_purged_floors":[28,30,37],"is_endless":false,"potions_floor_spawned":[1,2,5,7,11,14,16,18,20,21,22,24,27,31,33,35,38,39,41,44,45,47,54],"ascension_level":2}}