{"host":"k7udt7atmcuzf6l0","time":1610391798,"event":{"mods":["AchievementEnabler","BaseMod","Colored Map","Colored Powertips","Highlight Path","Minty Spire (QoL Compilation)","Quick Restart","Rare Cards Sparkle","StSLib","UnlockEverythingMod"],"gold_per_floor":[114,114,132,79,254,286,286,312,312,312,328,338,1,1,1,99,99,119,136,152,152,152],"floor_reached":21,"playtime":553,"items_purged":["Doubt"],"score":214,"play_id":"97519a35-0922-425b-add8-7325651427af","local_time":"20210112030318","is_ascension_mode":false,"campfire_choices":[{"data":"Rupture","floor":7,"key":"SMITH"},{"data":"Rage","floor":10,"key":"SMITH"},{"data":"Body Slam","floor":15,"key":"SMITH"}],"circlet_count":0,"master_deck":["Strike_R","Strike_R","Strike_R","Strike_R","Strike_R","Defend_R","Defend_R","Defend_R","Defend_R","Bash","Cleave+1","Rupture+1","Headbutt","Bloodletting","Rage+1","Body Slam+1","Flex+1","Battle Trance","Offering","Pommel Strike","Warcry+1","Rupture+1"],"relics":["Burning Blood","NeowsBlessing","Lantern","Charon\u0027s Ashes","Shuriken","Sling","Runic Pyramid"],"acts_visited":["Exordium","TheCity"],"potions_floor_usage":[12,19,19,21],"damage_taken":[{"damage":0,"enemies":"Small Slimes","floor":1,"turns":1},{"damage":0,"enemies":"Jaw Worm","floor":3,"turns":1},{"damage":0,"enemies":"3 Sentries","floor":6,"turns":2},{"damage":35,"enemies":"Lagavulin","floor":8,"turns":5},{"damage":3,"enemies":"Cultist","floor":11,"turns":2},{"damage":1,"enemies":"Exordium Wildlife","floor":12,"turns":3},{"damage":38,"enemies":"Slime Boss","floor":16,"turns":8},{"damage":30,"enemies":"Spheric Guardian","floor":18,"turns":4},{"damage":3,"enemies":"3 Byrds","floor":19,"turns":4},{"damage":43,"enemies":"Shelled Parasite and Fungi","floor":20,"turns":4},{"damage":26,"enemies":"Sentry and Sphere","floor":21,"turns":3}],"seed_played":"2732459307045702363","potions_obtained":[{"floor":11,"key":"Fire Potion"},{"floor":12,"key":"HeartOfIron"},{"floor":16,"key":"Strength Potion"},{"floor":18,"key":"AttackPotion"},{"floor":20,"key":"PowerPotion"}],"is_trial":false,"path_per_floor":["M","?","M","$","?","E","R","E","T","R","M","M","$","?","R","B",null,"M","M","M","M"],"character_chosen":"IRONCLAD","items_purchased":["Headbutt","Sling","Flex","Battle Trance"],"campfire_rested":0,"item_purchase_floors":[4,13,13,13],"current_hp_per_floor":[80,80,80,80,80,80,80,51,51,51,54,59,59,59,59,27,80,56,59,22,0,0],"gold":152,"neow_bonus":"THREE_ENEMY_KILL","is_daily":false,"chose_seed":false,"campfire_upgraded":3,"win_rate":0.0,"timestamp":1610391798,"path_taken":["M","?","M","$","?","E","R","E","T","R","M","M","$","?","R","BOSS","M","?","M","M"],"items_purchased_type":["Card","Relic","Card","Card"],"build_version":"2020-12-22","purchased_purges":1,"victory":false,"max_hp_per_floor":[80,80,80,80,80,80,80,80,80,80,80,80,80,80,80,80,80,80,80,80,80,80],"card_choices":[{"not_picked":["Sword Boomerang","Shrug It Off"],"picked":"Cleave","floor":1},{"not_picked":["Anger","Searing Blow"],"picked":"Rupture","floor":3},{"not_picked":["Hemokinesis","Rampage"],"picked":"Bloodletting","floor":6},{"not_picked":["Twin Strike","Heavy Blade"],"picked":"Rage","floor":8},{"not_picked":["Evolve","Carnage","Shrug It Off"],"picked":"SKIP","floor":11},{"not_picked":["Ghostly Armor","Shrug It Off"],"picked":"Body Slam","floor":12},{"not_picked":["Exhume","Barricade"],"picked":"Offering","floor":16},{"not_picked":["Cleave","Rage+1"],"picked":"Pommel Strike","floor":18},{"not_picked":["Wild Strike","Rage+1"],"picked":"Warcry+1","floor":19},{"not_picked":["Anger+1","Twin Strike+1"],"picked":"Rupture+1","floor":20}],"player_experience":58045,"relics_obtained":[{"floor":6,"key":"Lantern"},{"floor":8,"key":"Charon\u0027s Ashes"},{"floor":9,"key":"Shuriken"}],"event_choices":[{"damage_healed":0,"gold_gain":0,"player_choice":"Grow","damage_taken":0,"max_hp_gain":0,"max_hp_loss":0,"event_name":"Living Wall","floor":2,"gold_loss":0,"cards_upgraded":["Cleave"]},{"damage_healed":0,"gold_gain":175,"player_choice":"AGREE","damage_taken":0,"max_hp_gain":0,"max_hp_loss":0,"event_name":"Liars Game","floor":5,"gold_loss":0,"cards_obtained":["Doubt"]},{"damage_healed":0,"gold_gain":0,"player_choice":"Upgraded","damage_taken":0,"max_hp_gain":0,"max_hp_loss":0,"event_name":"Upgrade Shrine","floor":14,"gold_loss":0,"cards_upgraded":["Flex"]}],"is_beta":false,"boss_relics":[{"not_picked":["Ectoplasm","Astrolabe"],"picked":"Runic Pyramid"}],"items_purged_floors":[13],"is_endless":false,"potions_floor_spawned":[11,12,16,18,20],"killed_by":"Sentry and Sphere","ascension_level":0}}