{"host":"l84l8xigz5v5foa2","time":1610355960,"event":{"mods":["2.2 Compatiblity","AchievementEnabler","BaseMod","Better Note","Better Vampires","Card Filter","Colored Map","DeckTracker","Downfall","Gremlin Skip","Highlight Path","Keyboard Shortcuts","Minty Spire (QoL Compilation)","Permanent Neow","Quick Restart","Relic Filter","Relic Stats","StSLib","SuperFastMode","Transform Curses","Unknown Chances"],"gold_per_floor":[99,115,133,149,163,163,186,221,221,238,238,64,64,97,107,184,184,109,127,127,141,153,153,180,196,46,63,63,75,75,92,105,179,179,179,197,207,207,226,359,359,359,380,413,288,288,326,349,369,369,369,404,48,48,48],"floor_reached":56,"playtime":3306,"items_purged":["hexamod:Strike","hexamod:Strike+1","hexamod:Strike+1","hexamod:Strike+1"],"score":2500,"play_id":"10d44239-255e-429e-98b2-2dc75ce88ac4","local_time":"20210111180600","is_ascension_mode":true,"campfire_choices":[{"data":"hexamod:Float","floor":1.0,"key":"SMITH"},{"data":"hexamod:RainOfEmbers","floor":6.0,"key":"SMITH"},{"data":"hexamod:FastForward","floor":9.0,"key":"SMITH"},{"data":"hexamod:NecessarySacrifice","floor":18.0,"key":"SMITH"},{"floor":23.0,"key":"RECALL"},{"floor":26.0,"key":"REST"},{"floor":28.0,"key":"REST"},{"floor":35.0,"key":"REST"},{"floor":42,"key":"REST"},{"floor":46,"key":"REST"},{"floor":54,"key":"REST"}],"circlet_count":0,"master_deck":["AscendersBane","hexamod:Defend+1","hexamod:Defend+1","hexamod:Defend+1","hexamod:Defend+1","hexamod:Float+1","hexamod:FastForward+1","hexamod:RainOfEmbers+1","hexamod:SoulSteal+1","hexamod:SpectersWail+1","hexamod:WildfireWeapon+1","hexamod:NecessarySacrifice+1","hexamod:CrushingStance+1","hexamod:NightmareGuise+1","hexamod:TimeWarp+1","hexamod:Hexaguard+1","hexamod:GhostShield+1","hexamod:EmpoweringStance+1","hexamod:GhostShield+1","hexamod:PowerFromBeyond+1","hexamod:HauntingEcho+1","hexamod:TimeWarp+1","hexamod:AdvancingGuard+1","hexamod:Haunt+1","hexamod:GiftsFromTheDead+1","hexamod:Haunt+1","hexamod:RecurringNightmare+1","hexamod:StepThrough+1","hexamod:Haunt+1","hexamod:Incineration+1","hexamod:RainOfEmbers+1","hexamod:StepThrough"],"relics":["hexamod:SpiritBrand","Lantern","Kunai","Sundial","Philosopher\u0027s Stone","downfall:HeartBlessingGreen","downfall:HeartBlessingBlue","downfall:HeartBlessingRed","Fusion Hammer","hexamod:TheBrokenSeal","hexamod:SoulOfChaos","Bird Faced Urn","Oddly Smooth Stone","hexamod:TheBrokenSeal","Toy Ornithopter","Membership Card","Centennial Puzzle"],"acts_visited":["TheCity","TheBeyond","TheEnding"],"potions_floor_usage":[40,55],"damage_taken":[{"damage":0.0,"enemies":"2 Louse","floor":2.0,"turns":3.0},{"damage":1.0,"enemies":"Jaw Worm","floor":3.0,"turns":3.0},{"damage":0.0,"enemies":"Cultist","floor":4.0,"turns":3.0},{"damage":6.0,"enemies":"Red Slaver","floor":5.0,"turns":5.0},{"damage":0.0,"enemies":"Lagavulin","floor":8.0,"turns":6.0},{"damage":0.0,"enemies":"Exordium Wildlife","floor":10.0,"turns":4.0},{"damage":0.0,"enemies":"downfall:FleeingMerchant","floor":12.0,"turns":4.0},{"damage":0.0,"enemies":"Gremlin Nob","floor":14.0,"turns":3.0},{"damage":0.0,"enemies":"Lots of Slimes","floor":15.0,"turns":4.0},{"damage":5.0,"enemies":"downfall:Watcher","floor":16.0,"turns":10.0},{"damage":16.0,"enemies":"Shell Parasite","floor":19.0,"turns":4.0},{"damage":5.0,"enemies":"Spheric Guardian","floor":21.0,"turns":5.0},{"damage":4.0,"enemies":"Snake Plant","floor":22.0,"turns":4.0},{"damage":27.0,"enemies":"Shelled Parasite and Fungi","floor":25.0,"turns":6.0},{"damage":4.0,"enemies":"Centurion and Healer","floor":27.0,"turns":7.0},{"damage":12.0,"enemies":"Snake Plant","floor":29.0,"turns":5.0},{"damage":34.0,"enemies":"Cultist and Chosen","floor":31.0,"turns":7.0},{"damage":8.0,"enemies":"Centurion and Healer","floor":32.0,"turns":7.0},{"damage":17.0,"enemies":"downfall:Ironclad","floor":33.0,"turns":8.0},{"damage":1.0,"enemies":"3 Shapes","floor":36.0,"turns":6.0},{"damage":55.0,"enemies":"3 Darklings","floor":37.0,"turns":7.0},{"damage":9.0,"enemies":"Maw","floor":39.0,"turns":7.0},{"damage":3,"enemies":"downfall:FleeingMerchant","floor":40,"turns":4},{"damage":0,"enemies":"Sphere and 2 Shapes","floor":43,"turns":5},{"damage":3,"enemies":"Giant Head","floor":44,"turns":5},{"damage":12,"enemies":"Nemesis","floor":47,"turns":5},{"damage":0,"enemies":"4 Shapes","floor":48,"turns":3},{"damage":7,"enemies":"3 Darklings","floor":49,"turns":5},{"damage":1,"enemies":"downfall:Defect","floor":50,"turns":6},{"damage":0,"enemies":"downfall:CharBossMerchant","floor":52,"turns":5},{"damage":0,"enemies":"downfall:NeowBoss","floor":55,"turns":14}],"seed_played":"-2761731535943691228","potions_obtained":[{"floor":3.0,"key":"hexamod:EctoCoolerPotion"},{"floor":5.0,"key":"Strength Potion"},{"floor":8.0,"key":"Explosive Potion"},{"floor":15.0,"key":"Explosive Potion"},{"floor":16.0,"key":"DistilledChaos"},{"floor":19.0,"key":"Strength Potion"},{"floor":21.0,"key":"SpeedPotion"},{"floor":25.0,"key":"SmokeBomb"},{"floor":27.0,"key":"CultistPotion"},{"floor":27.0,"key":"Weak Potion"},{"floor":29.0,"key":"Block Potion"},{"floor":31.0,"key":"EssenceOfSteel"},{"floor":31.0,"key":"Slimebound:ThreeZeroPotion"},{"floor":32.0,"key":"LiquidMemories"},{"floor":32.0,"key":"BlessingOfTheForge"},{"floor":33.0,"key":"FairyPotion"},{"floor":36.0,"key":"SkillPotion"},{"floor":37.0,"key":"champ:CounterPotion"},{"floor":37.0,"key":"Weak Potion"},{"floor":39.0,"key":"EssenceOfSteel"},{"floor":39.0,"key":"Strength Potion"},{"floor":40,"key":"Regen Potion"},{"floor":43,"key":"PowerPotion"},{"floor":44,"key":"GamblersBrew"}],"is_trial":false,"path_per_floor":["R","M","M","M","M","R","T","E","R","M","?","$","?","E","M","B",null,"R","M","?","M","M","R","T","M","R","M","R","M","?","M","M","B",null,"R","M","M","?","M","$","T","R","M","E","$","R","E","M","M","B",null,"E","$","R","B",null],"character_chosen":"THE_SPIRIT","items_purchased":["hexamod:NecessarySacrifice","hexamod:StepThrough","Membership Card","hexamod:StepThrough","Centennial Puzzle"],"campfire_rested":6,"item_purchase_floors":[12,40,53,53,53],"current_hp_per_floor":[54,54,53,53,47,47,47,47,47,47,47,47,47,47,47,42,67,67,51,51,46,42,42,42,15,50,46,71,66,66,39,45,35,73,85,85,44,44,95,92,92,95,95,95,95,95,83,95,95,105,105,105,105,105,105],"gold":48,"neow_bonus":"TWENTY_PERCENT_HP_BONUS","is_daily":false,"chose_seed":false,"campfire_upgraded":4,"win_rate":0.0,"timestamp":1610355960,"path_taken":["R","M","M","M","M","R","T","E","R","M","?","$","?","E","M","BOSS","R","M","?","M","M","R","T","M","R","?","R","M","?","M","M","BOSS","R","M","M","?","M","$","T","R","M","E","$","R","E","M","M","BOSS","E","$","R","BOSS"],"items_purchased_type":["Card","Card","Relic","Card","Relic"],"build_version":"2020-12-22","purchased_purges":4,"victory":true,"max_hp_per_floor":[75,75,75,75,75,75,75,75,75,75,75,75,75,75,75,75,75,75,75,75,75,75,75,75,75,85,85,85,85,85,85,85,85,85,85,85,85,85,95,95,95,95,95,95,95,95,95,95,95,105,105,105,105,105,105],"relic_stats":{"Centennial Puzzle":[0],"counters":[31,170],"Sundial":[16],"Bird Faced Urn":[20],"Kunai":[53],"obtain_stats":[{"Lantern":7,"downfall:HeartBlessingRed":26,"hexamod:TheBrokenSeal":39,"Oddly Smooth Stone":47,"downfall:HeartBlessingGreen":18,"Centennial Puzzle":53,"Sundial":14,"downfall:HeartBlessingBlue":26,"hexamod:SoulOfChaos":41,"Bird Faced Urn":44,"Philosopher\u0027s Stone":17,"Fusion Hammer":34,"Kunai":8,"Membership Card":53,"hexamod:SpiritBrand":0,"Toy Ornithopter":52},{"Lantern":4,"downfall:HeartBlessingRed":14,"hexamod:TheBrokenSeal":22,"Oddly Smooth Stone":26,"downfall:HeartBlessingGreen":10,"Centennial Puzzle":30,"Sundial":8,"downfall:HeartBlessingBlue":14,"hexamod:SoulOfChaos":23,"Bird Faced Urn":25,"Philosopher\u0027s Stone":10,"Fusion Hammer":19,"Kunai":5,"Membership Card":30,"hexamod:SpiritBrand":0,"Toy Ornithopter":30},{"Lantern":14,"downfall:HeartBlessingRed":64,"hexamod:TheBrokenSeal":117,"Oddly Smooth Stone":137,"downfall:HeartBlessingGreen":45,"Centennial Puzzle":156,"Sundial":31,"downfall:HeartBlessingBlue":64,"hexamod:SoulOfChaos":122,"Bird Faced Urn":132,"Philosopher\u0027s Stone":45,"Fusion Hammer":98,"Kunai":20,"Membership Card":156,"hexamod:SpiritBrand":0,"Toy Ornithopter":156}],"Toy Ornithopter":0},"card_choices":[{"not_picked":["hexamod:Hexaguard","hexamod:ThermalTransfer"],"picked":"hexamod:FastForward","floor":2.0},{"not_picked":["hexamod:InspiringFlames","hexamod:CatchUp"],"picked":"hexamod:RainOfEmbers","floor":3.0},{"not_picked":["hexamod:RainOfEmbers","hexamod:ThermalTransfer"],"picked":"hexamod:SoulSteal","floor":4.0},{"not_picked":["hexamod:FastForward","hexamod:RainOfEmbers"],"picked":"hexamod:NightmareGuise","floor":5.0},{"not_picked":["hexamod:PhantomFireball","hexamod:GhostLash"],"picked":"hexamod:SpectersWail","floor":8.0},{"not_picked":["hexamod:Hexaguard","hexamod:RainOfEmbers"],"picked":"hexamod:WildfireWeapon","floor":10.0},{"not_picked":["hexamod:SpectersWail","hexamod:ShieldOfDarkness"],"picked":"hexamod:SixthSeal","floor":12.0},{"not_picked":["hexamod:SwordOfDarkness","hexamod:NightmareStrike","hexamod:ExtraCrispy"],"picked":"SKIP","floor":12.0},{"not_picked":["hexamod:SwordOfDarkness","hexamod:GhostOfSpirePresent"],"picked":"hexamod:NightmareGuise","floor":14.0},{"not_picked":["hexamod:SwordOfDarkness","hexamod:NecessarySacrifice","hexamod:BurningTouch"],"picked":"SKIP","floor":14.0},{"not_picked":["hexamod:GhostLash","hexamod:NightmareGuise","hexamod:BurningTouch"],"picked":"SKIP","floor":15.0},{"not_picked":["hexamod:NightmareGuise","hexamod:ThermalTransfer","hexamod:SwordOfDarkness"],"picked":"SKIP","floor":15.0},{"not_picked":["hexamod:EmpoweringStance","hexamod:WildfireWeapon"],"picked":"hexamod:TimeWarp","floor":16.0},{"not_picked":["hexamod:SixthSeal","hexamod:HexaLevel"],"picked":"hexamod:FifthSeal","floor":16.0},{"not_picked":["hexamod:SixthSeal","hexamod:SecondSeal"],"picked":"hexamod:FourthSeal","floor":19.0},{"not_picked":["hexamod:SuperheatedStrike+1","hexamod:BurningTouch"],"picked":"hexamod:Hexaguard+1","floor":19.0},{"not_picked":["hexamod:PhantomCloak+1","hexamod:GhostLash","hexamod:Firestarter"],"picked":"SKIP","floor":19.0},{"not_picked":["hexamod:SecondSeal","hexamod:FourthSeal"],"picked":"hexamod:ThirdSeal","floor":21.0},{"not_picked":["hexamod:ShieldOfDarkness","hexamod:BacktrackSmack"],"picked":"hexamod:GhostShield","floor":21.0},{"not_picked":["hexamod:Firestarter","hexamod:SoulSteal","hexamod:ShieldOfDarkness"],"picked":"SKIP","floor":21.0},{"not_picked":["hexamod:FastForward","hexamod:EmpoweredFlame"],"picked":"hexamod:SixthSeal","floor":22.0},{"not_picked":["hexamod:HeatCrush","hexamod:GhostShield"],"picked":"hexamod:EmpoweringStance","floor":25.0},{"not_picked":["hexamod:NightmareStrike","hexamod:GhostLash"],"picked":"hexamod:GhostShield","floor":25.0},{"not_picked":["hexamod:SpectralAdrenaline","hexamod:DynamicBlow"],"picked":"hexamod:PowerFromBeyond","floor":25.0},{"not_picked":["hexamod:ShieldOfDarkness+1","hexamod:BacktrackSmack+1"],"picked":"hexamod:HauntingEcho","floor":27.0},{"not_picked":["hexamod:ThirdSeal","hexamod:FourthSeal"],"picked":"hexamod:FirstSeal","floor":27.0},{"not_picked":["hexamod:SwordOfDarkness","hexamod:SixthSeal","hexamod:Hexaguard"],"picked":"SKIP","floor":27.0},{"not_picked":["hexamod:HeatMetal","hexamod:InspiringFlames","hexamod:NightmareStrike"],"picked":"SKIP","floor":27.0},{"not_picked":["hexamod:FourthSeal","hexamod:SixthSeal"],"picked":"hexamod:FirstSeal","floor":29.0},{"not_picked":["hexamod:FlamesFromBeyond","hexamod:GhostLash"],"picked":"hexamod:TimeWarp","floor":29.0},{"not_picked":["hexamod:PowerFromBeyond","hexamod:GhostShield"],"picked":"hexamod:AdvancingGuard","floor":29.0},{"not_picked":["hexamod:AdvancingGuard","hexamod:GhostShield"],"picked":"hexamod:Haunt","floor":29.0},{"not_picked":["hexamod:HauntingEcho+1","hexamod:Firestarter","hexamod:GhostLash"],"picked":"SKIP","floor":31.0},{"not_picked":["hexamod:SwordOfDarkness","hexamod:ChargedBarrage","hexamod:GhostOfSpirePresent"],"picked":"SKIP","floor":31.0},{"not_picked":["hexamod:FastForward","hexamod:GhostShield+1","hexamod:NightmareStrike"],"picked":"SKIP","floor":31.0},{"not_picked":["hexamod:HauntingEcho+1","hexamod:Firestarter","hexamod:GhostLash"],"picked":"SKIP","floor":31.0},{"not_picked":["hexamod:SwordOfDarkness","hexamod:ChargedBarrage","hexamod:GhostOfSpirePresent"],"picked":"SKIP","floor":31.0},{"not_picked":["hexamod:FastForward","hexamod:GhostShield+1","hexamod:NightmareStrike"],"picked":"SKIP","floor":31.0},{"not_picked":["hexamod:FirstSeal","hexamod:ThirdSeal"],"picked":"hexamod:FourthSeal","floor":32.0},{"not_picked":["hexamod:ChargedBarrage","hexamod:RainOfEmbers","hexamod:ThermalTransfer"],"picked":"SKIP","floor":32.0},{"not_picked":["hexamod:GhostShield","hexamod:Again","hexamod:SpectralSpark"],"picked":"SKIP","floor":32.0},{"not_picked":["hexamod:SpectersWail","hexamod:GhostLash","hexamod:GhostflameBarrier"],"picked":"SKIP","floor":32.0},{"not_picked":["hexamod:CrushingStance","hexamod:EmpoweringStance"],"picked":"hexamod:GiftsFromTheDead","floor":33.0},{"not_picked":["hexamod:PhantomCloak","hexamod:InspiringFlames","hexamod:NightmareStrike+1"],"picked":"SKIP","floor":36.0},{"not_picked":["hexamod:SpectersWail","hexamod:InspiringFlames","hexamod:Hexaguard"],"picked":"SKIP","floor":36.0},{"not_picked":["hexamod:ThirdSeal","hexamod:FourthSeal","hexamod:SixthSeal"],"picked":"SKIP","floor":36.0},{"not_picked":["hexamod:RainOfEmbers","hexamod:CatchUp+1","hexamod:HeatShield+1"],"picked":"SKIP","floor":36.0},{"not_picked":["hexamod:FourthSeal","hexamod:FirstSeal"],"picked":"hexamod:SecondSeal","floor":37.0},{"not_picked":["hexamod:NightmareGuise","hexamod:Firestarter","hexamod:HauntingEcho"],"picked":"SKIP","floor":37.0},{"not_picked":["hexamod:GiftsFromTheDead","hexamod:SwordOfDarkness","hexamod:InspiringFlames"],"picked":"SKIP","floor":37.0},{"not_picked":["hexamod:FirstSeal","hexamod:ThirdSeal","hexamod:HauntingEcho"],"picked":"SKIP","floor":37.0},{"not_picked":["hexamod:FirstSeal","hexamod:AdvancingGuard+1"],"picked":"hexamod:RecurringNightmare","floor":39.0},{"not_picked":["hexamod:FirstSeal","hexamod:FourthSeal"],"picked":"hexamod:SecondSeal","floor":39.0},{"not_picked":["hexamod:HauntingEcho","hexamod:RainOfEmbers","hexamod:ThirdSeal"],"picked":"SKIP","floor":39.0},{"not_picked":["hexamod:SoulSteal+1","hexamod:FourthSeal","hexamod:WildfireWeapon"],"picked":"SKIP","floor":40},{"not_picked":["hexamod:GhostLash","hexamod:BurningTouch","hexamod:NightmareGuise"],"picked":"SKIP","floor":43},{"not_picked":["hexamod:Again","hexamod:ChargedBarrage","hexamod:Firestarter"],"picked":"SKIP","floor":43},{"not_picked":["hexamod:SpectersWail","hexamod:ApocalypticArmor"],"picked":"hexamod:Haunt+1","floor":44},{"not_picked":["hexamod:SwordOfDarkness","hexamod:ThermalTransfer","hexamod:FastForward"],"picked":"SKIP","floor":44},{"not_picked":["hexamod:RainOfEmbers","hexamod:Firestarter+1"],"picked":"hexamod:Incineration","floor":47},{"not_picked":["hexamod:ExtraCrispy+1","hexamod:GhostOfSpirePresent","hexamod:Haunt+1"],"picked":"SKIP","floor":47},{"not_picked":["hexamod:FastForward","hexamod:EmpoweredFlame+1","hexamod:Firestarter+1"],"picked":"SKIP","floor":48},{"not_picked":["hexamod:GhostShield","hexamod:SwordOfDarkness+1","hexamod:SpectersWail"],"picked":"SKIP","floor":48},{"not_picked":["hexamod:BacktrackSmack+1","hexamod:HeatMetal"],"picked":"hexamod:FifthSeal","floor":49},{"not_picked":["hexamod:FastForward+1","hexamod:NightmareStrike+1","hexamod:ThirdSeal"],"picked":"SKIP","floor":49},{"not_picked":["hexamod:SkipABeat+1","hexamod:GhostShield+1"],"picked":"hexamod:RainOfEmbers+1","floor":52}],"player_experience":3082824,"relics_obtained":[{"floor":7.0,"key":"Lantern"},{"floor":8.0,"key":"Kunai"},{"floor":14.0,"key":"Sundial"},{"floor":41,"key":"hexamod:SoulOfChaos"},{"floor":44,"key":"Bird Faced Urn"},{"floor":47,"key":"Oddly Smooth Stone"},{"floor":52,"key":"Toy Ornithopter"}],"event_choices":[{"damage_healed":0.0,"max_hp_gain":0.0,"max_hp_loss":0.0,"gold_gain":0.0,"cards_transformed":["hexamod:Sear"],"event_name":"Transmorgrifier","player_choice":"Transformed","floor":13.0,"gold_loss":0.0,"damage_taken":0.0,"cards_obtained":["hexamod:CrushingStance"]},{"damage_healed":0.0,"max_hp_gain":0.0,"max_hp_loss":0.0,"gold_gain":0.0,"event_name":"Upgrade Shrine","player_choice":"Upgraded","floor":20.0,"gold_loss":0.0,"damage_taken":0.0,"cards_upgraded":["hexamod:NightmareGuise"]},{"damage_healed":0.0,"max_hp_gain":0.0,"max_hp_loss":0.0,"gold_gain":0.0,"event_name":"Duplicator","player_choice":"Copied","floor":38.0,"gold_loss":0.0,"damage_taken":0.0,"cards_obtained":["hexamod:Haunt"]}],"is_beta":false,"boss_relics":[{"not_picked":["sneckomod:SneckoTalon","Empty Cage"],"picked":"Philosopher\u0027s Stone"},{"not_picked":["Astrolabe","hexamod:IceCube"],"picked":"Fusion Hammer"}],"items_purged_floors":[12,40,45,53],"is_endless":false,"potions_floor_spawned":[3,5,8,10,15,16,19,27,29,31,32,39,44,47,49,52],"ascension_level":20}}