{"host":"l84l8xigz5v5foa2","time":1610373347,"event":{"mods":["2.2 Compatiblity","AchievementEnabler","BaseMod","Better Note","Better Vampires","Card Filter","Colored Map","DeckTracker","Downfall","Gremlin Skip","Highlight Path","Keyboard Shortcuts","Minty Spire (QoL Compilation)","Permanent Neow","Quick Restart","Relic Filter","Relic Stats","StSLib","SuperFastMode","Transform Curses","Unknown Chances"],"gold_per_floor":[99,112,122,32,32,32,32,47,61,73,73,85,96,123,136,210,210,210,224,324,344,363,363,363,378,160,160,160,160,160],"floor_reached":28,"playtime":1612,"items_purged":["Guardian:Strike_Guardian","Guardian:Defend_Guardian"],"score":498,"play_id":"e0376259-444b-4d3f-9b87-05157bccc2c7","local_time":"20210111225547","is_ascension_mode":true,"campfire_choices":[{"data":"Guardian:TwinSlam","floor":1.0,"key":"SMITH"},{"data":"Guardian:Suspension","floor":11.0,"key":"SMITH"},{"data":"Guardian:StasisEngine","floor":18.0,"key":"SMITH"},{"data":"Guardian:CurlUp","floor":23.0,"key":"SMITH"},{"data":"Guardian:EvasiveProtocol","floor":27,"key":"SMITH"}],"circlet_count":0,"master_deck":["AscendersBane","Guardian:Strike_Guardian","Guardian:Strike_Guardian","Guardian:Strike_Guardian","Guardian:Defend_Guardian","Guardian:Defend_Guardian","Guardian:Defend_Guardian","Guardian:CurlUp+1","Guardian:TwinSlam+1","Guardian:PrimingBeam","Guardian:GemFinder","Guardian:EvasiveProtocol+1","Guardian:Reroute","Guardian:Suspension+1","Guardian:PrismaticBarrier","Guardian:GemFinder","Guardian:StasisEngine+1","Guardian:Recover","Guardian:Suspension+1","Guardian:DonusPower+1","Guardian:ShieldCharger+1","Guardian:PrismaticBeam"],"relics":["Runic Pyramid","Guardian:PickAxe","Question Card","Letter Opener","expansioncontent:StudyCardRelic","Toxic Egg 2"],"acts_visited":["Exordium","TheCity"],"potions_floor_usage":[25],"damage_taken":[{"damage":0.0,"enemies":"Cultist","floor":2.0,"turns":3.0},{"damage":0.0,"enemies":"Small Slimes","floor":3.0,"turns":3.0},{"damage":0.0,"enemies":"downfall:FleeingMerchant","floor":4.0,"turns":4.0},{"damage":3.0,"enemies":"downfall:FleeingMerchant","floor":5.0,"turns":5.0},{"damage":0.0,"enemies":"2 Louse","floor":8.0,"turns":3.0},{"damage":6.0,"enemies":"Lots of Slimes","floor":9.0,"turns":5.0},{"damage":0.0,"enemies":"2 Fungi Beasts","floor":10.0,"turns":4.0},{"damage":10.0,"enemies":"Exordium Thugs","floor":12.0,"turns":6.0},{"damage":10.0,"enemies":"Blue Slaver","floor":13.0,"turns":3.0},{"damage":0.0,"enemies":"Lagavulin","floor":14.0,"turns":7.0},{"damage":0.0,"enemies":"2 Fungi Beasts","floor":15.0,"turns":2.0},{"damage":29.0,"enemies":"downfall:Defect","floor":16.0,"turns":6.0},{"damage":35.0,"enemies":"Chosen","floor":19.0,"turns":7.0},{"damage":2.0,"enemies":"Shell Parasite","floor":21.0,"turns":3.0},{"damage":0.0,"enemies":"3 Cultists","floor":22.0,"turns":4.0},{"damage":0,"enemies":"Centurion and Healer","floor":25,"turns":4},{"damage":0,"enemies":"downfall:FleeingMerchant","floor":26,"turns":4},{"damage":21,"enemies":"Shelled Parasite and Fungi","floor":28,"turns":2}],"seed_played":"-2476086483635222931","potions_obtained":[{"floor":3.0,"key":"hexamod:EctoCoolerPotion"},{"floor":8.0,"key":"SteroidPotion"},{"floor":10.0,"key":"Ancient Potion"},{"floor":16.0,"key":"EssenceOfSteel"},{"floor":21.0,"key":"Dexterity Potion"},{"floor":22.0,"key":"Strength Potion"}],"is_trial":false,"path_per_floor":["R","M","M","$","?","?","T","M","M","M","R","M","M","E","M","B",null,"R","M","?","M","M","R","T","M","$","R","M"],"character_chosen":"GUARDIAN","items_purchased":["Guardian:PrismaticBeam","Guardian:Gem_Red"],"campfire_rested":0,"item_purchase_floors":[26,26],"current_hp_per_floor":[65,65,65,65,62,62,62,62,56,56,56,46,36,36,36,7,56,56,21,21,19,19,19,19,19,19,19,0,0,0],"gold":160,"neow_bonus":"BOSS_RELIC","is_daily":false,"chose_seed":false,"campfire_upgraded":5,"win_rate":0.0,"timestamp":1610373347,"path_taken":["R","M","M","$","?","?","T","?","M","M","R","M","M","E","M","BOSS","R","M","?","M","?","R","T","M","$","R","M"],"items_purchased_type":["Card","Card"],"build_version":"2020-12-22","purchased_purges":2,"victory":false,"max_hp_per_floor":[72,72,72,72,72,72,72,72,72,72,72,72,72,72,72,72,72,72,72,72,72,72,72,72,72,72,72,72,72,72],"relic_stats":{"counters":[18,75],"Letter Opener":[81],"Question Card":29,"obtain_stats":[{"Guardian:PickAxe":5,"Guardian:ModeShifter":0,"expansioncontent:StudyCardRelic":17,"Letter Opener":14,"Toxic Egg 2":24,"Question Card":7,"Runic Pyramid":0},{"Guardian:PickAxe":4,"Guardian:ModeShifter":0,"expansioncontent:StudyCardRelic":12,"Letter Opener":10,"Toxic Egg 2":15,"Question Card":4,"Runic Pyramid":0},{"Guardian:PickAxe":15,"Guardian:ModeShifter":0,"expansioncontent:StudyCardRelic":51,"Letter Opener":43,"Toxic Egg 2":65,"Question Card":15,"Runic Pyramid":0}]},"card_choices":[{"not_picked":["Guardian:Recover","Guardian:ChargeCore"],"picked":"Guardian:PrimingBeam","floor":2.0},{"not_picked":["Guardian:PrismaticBarrier","Guardian:TemporalStrike","Guardian:Gem_Red"],"picked":"SKIP","floor":3.0},{"not_picked":["Guardian:Gem_Blue","Guardian:Gem_Purple"],"picked":"Guardian:Gem_Fragmented","floor":4.0},{"not_picked":["Guardian:VentSteam","Guardian:PrimingBeam","Guardian:Incinerate"],"picked":"Guardian:EvasiveProtocol","floor":8.0},{"not_picked":["Guardian:Gem_Lightblue","Guardian:Gem_Red"],"picked":"Guardian:Gem_Cyan","floor":8.0},{"not_picked":["Guardian:TemporalShield","Guardian:PrimingBeam","Guardian:Gem_Red"],"picked":"Guardian:Reroute","floor":9.0},{"not_picked":["Guardian:Incinerate","Guardian:TimeCapacitor","Guardian:RollAttack"],"picked":"Guardian:Suspension","floor":10.0},{"not_picked":["Guardian:DecasProtection","Guardian:Planning","Guardian:TemporalShield"],"picked":"Guardian:PrismaticBarrier","floor":12.0},{"not_picked":["Guardian:Gem_Green","Guardian:Gem_Cyan","Guardian:Suspension"],"picked":"Guardian:Gem_Blue","floor":13.0},{"not_picked":["Guardian:ShieldCharger","Guardian:Recover","Guardian:RollAttack"],"picked":"Guardian:GemFinder","floor":14.0},{"not_picked":["Guardian:Emergency","Guardian:VentSteam","Guardian:Repulse","Guardian:Gem_Blue"],"picked":"SKIP","floor":15.0},{"not_picked":["Guardian:FastForward","Guardian:BaubleBeam","Guardian:ExploitGems"],"picked":"Guardian:StasisEngine","floor":16.0},{"not_picked":["Guardian:Gem_Red","Guardian:Gem_Green"],"picked":"Guardian:Gem_Cyan","floor":16.0},{"not_picked":["Guardian:Gem_Red","Guardian:Gem_Lightblue"],"picked":"Guardian:Gem_Cyan","floor":16.0},{"not_picked":["Guardian:SentryBeam","Guardian:ShieldSpikes","Guardian:Gem_Cyan"],"picked":"Guardian:Recover","floor":19.0},{"not_picked":["Guardian:Harden","Guardian:Recover","Guardian:GuardianWhirl"],"picked":"Guardian:Suspension+1","floor":21.0},{"not_picked":["Guardian:WalkerClaw","Guardian:MultiBeam","Guardian:Planning","Guardian:Incinerate"],"picked":"SKIP","floor":22.0},{"not_picked":["Guardian:TemporalShield+1","Guardian:Reroute","Guardian:TimeCapacitor"],"picked":"Guardian:DonusPower+1","floor":25},{"not_picked":["Guardian:CrystalBeam","Guardian:PolyBeam","Guardian:TimeSifter"],"picked":"Guardian:ShieldCharger+1","floor":26}],"player_experience":3094201,"relics_obtained":[{"floor":7.0,"key":"Question Card"},{"floor":14.0,"key":"Letter Opener"},{"floor":24.0,"key":"Toxic Egg 2"}],"event_choices":[],"is_beta":false,"boss_relics":[{"not_picked":["downfall:Hecktoplasm","Fusion Hammer"],"picked":"expansioncontent:StudyCardRelic"}],"items_purged_floors":[4,26],"is_endless":false,"potions_floor_spawned":[3,5,8,10,16,21,22],"killed_by":"Shelled Parasite and Fungi","ascension_level":20}}