{"host":"rolltorest","time":1610337783,"event":{"mods":["BaseMod","Minty Spire (QoL Compilation)","Relic Stats","Slay the Relics Exporter","StSLib","The Bladedancer"],"gold_per_floor":[111,2,2,12,12,12,38,50,62,100,129,157,179,0,0,0,0],"floor_reached":16,"playtime":372,"items_purged":["blademaster:Strike","blademaster:Strike"],"score":209,"play_id":"31e60f6e-b203-4e6d-9ed9-78eb8d5432af","local_time":"20210110200303","is_ascension_mode":true,"campfire_choices":[{"data":"blademaster:RagingBlow","floor":6,"key":"SMITH"},{"data":"blademaster:FuriousStrike","floor":8,"key":"SMITH"},{"data":"blademaster:DancingEdge","floor":15,"key":"SMITH"}],"circlet_count":0,"master_deck":["AscendersBane","blademaster:Strike","blademaster:Defend","blademaster:Defend","blademaster:Defend","blademaster:Defend","blademaster:RagingBlow+1","blademaster:HighVoltage","blademaster:FuriousStrike+1","blademaster:ThunderingOpener","blademaster:ChargingUp","blademaster:Discharge","blademaster:LeechingStrike","blademaster:WindSlash","blademaster:Stormstrike","blademaster:DancingEdge+1","blademaster:Havoc","blademaster:Thrust"],"relics":["blademaster:DancersAmulet","NeowsBlessing","MawBank","InkBottle","StrikeDummy"],"acts_visited":["Exordium"],"potions_floor_usage":[16],"damage_taken":[{"damage":0,"enemies":"Cultist","floor":1,"turns":1},{"damage":0,"enemies":"2 Louse","floor":4,"turns":1},{"damage":0,"enemies":"3 Sentries","floor":7,"turns":1},{"damage":18,"enemies":"Gremlin Nob","floor":10,"turns":4},{"damage":7,"enemies":"Jaw Worm","floor":11,"turns":3},{"damage":6,"enemies":"Exordium Thugs","floor":12,"turns":3},{"damage":9,"enemies":"Blue Slaver","floor":13,"turns":3},{"damage":32,"enemies":"Slime Boss","floor":16,"turns":6}],"seed_played":"-388734099539408709","potions_obtained":[{"floor":5,"key":"Ancient Potion"},{"floor":5,"key":"EssenceOfSteel"},{"floor":13,"key":"LiquidMemories"}],"is_trial":false,"path_per_floor":["M","$","?","M","?","R","E","R","T","E","M","M","M","$","R","B"],"character_chosen":"THE_BLADEMASTER","items_purchased":["blademaster:ThunderingOpener","blademaster:Havoc","blademaster:Thrust"],"campfire_rested":0,"item_purchase_floors":[2,14,14],"current_hp_per_floor":[68,68,68,68,68,68,68,68,68,50,43,40,31,31,31,0,0],"gold":0,"neow_bonus":"THREE_ENEMY_KILL","is_daily":false,"chose_seed":false,"campfire_upgraded":3,"win_rate":0.0,"timestamp":1610337783,"path_taken":["M","?","?","?","?","R","E","R","T","E","M","?","M","$","R","BOSS"],"items_purchased_type":["Card","Card","Card"],"build_version":"2020-12-18","purchased_purges":2,"victory":false,"max_hp_per_floor":[75,75,75,75,75,75,75,75,75,75,75,75,75,75,75,75,75],"relic_stats":{"counters":[8,22],"MawBank":84,"obtain_stats":[{"NeowsBlessing":0,"blademaster:BonusFuryPerk":7,"blademaster:OnAttackedChargePerk":10,"blademaster:DancersAmulet":0,"MawBank":7,"StrikeDummy":10,"InkBottle":9},{"NeowsBlessing":0,"blademaster:BonusFuryPerk":3,"blademaster:OnAttackedChargePerk":4,"blademaster:DancersAmulet":0,"MawBank":3,"StrikeDummy":4,"InkBottle":3},{"NeowsBlessing":0,"blademaster:BonusFuryPerk":3,"blademaster:OnAttackedChargePerk":7,"blademaster:DancersAmulet":0,"MawBank":3,"StrikeDummy":7,"InkBottle":3}],"InkBottle":[6]},"card_choices":[{"not_picked":["blademaster:AwakeningDefend","blademaster:CullingStrike"],"picked":"blademaster:FuriousStrike","floor":1},{"not_picked":["blademaster:Blockade","blademaster:BladeCross"],"picked":"blademaster:ChargingUp","floor":4},{"not_picked":["blademaster:ParryingStrike","blademaster:AwakeningDefend"],"picked":"blademaster:Discharge","floor":7},{"not_picked":["blademaster:Sunder","blademaster:Momentum"],"picked":"blademaster:LeechingStrike","floor":10},{"not_picked":["blademaster:Cut","blademaster:ChargingUp"],"picked":"blademaster:WindSlash","floor":11},{"not_picked":["blademaster:AspectOfWind","blademaster:AwakeningDefend"],"picked":"blademaster:Stormstrike","floor":12},{"not_picked":["blademaster:Slice","blademaster:Momentum"],"picked":"blademaster:DancingEdge","floor":13}],"player_experience":1746242,"relics_obtained":[{"floor":7,"key":"MawBank"},{"floor":7,"key":"blademaster:BonusFuryPerk"},{"floor":9,"key":"InkBottle"},{"floor":10,"key":"StrikeDummy"},{"floor":10,"key":"blademaster:OnAttackedChargePerk"}],"event_choices":[{"cards_removed":["blademaster:Strike"],"damage_healed":0,"gold_gain":0,"player_choice":"Offered Basic","damage_taken":0,"max_hp_gain":0,"max_hp_loss":0,"event_name":"Bonfire Elementals","floor":3,"gold_loss":0},{"damage_healed":0,"gold_gain":0,"player_choice":"Got Potions","damage_taken":0,"max_hp_gain":0,"max_hp_loss":0,"event_name":"Lab","floor":5,"gold_loss":0}],"is_beta":true,"boss_relics":[],"items_purged_floors":[2,14],"is_endless":false,"potions_floor_spawned":[7,10,11,12,13],"killed_by":"Slime Boss","ascension_level":11}}