{"host":"ucb2bgl3b4dpz2q7","time":1610382115,"event":{"mods":["Act Like it!","BaseMod","Custom Start","Gensokyo","Hallownest","Hermit","Koishi","Lobotomy","LobotomyExtend","Marisa£®ÏF”Í°°ƒß¿Ì…≥£©","Minty Spire (QoL Compilation)","Reimu£®≤©¿ˆ¡È√Œ£©","Remilia£®¿Ÿ√◊¿Ú—«£©","StSLib","The Administrix","The Bug Knight","The Servant 0.9.4","Waifu the Spire","Yakumo Yukari mod","Youmu£®ªÍ∆«—˝√Œ£©"],"gold_per_floor":[138,138,29,46,60,12,12,22,103,121,132,132,162,174,174,270,270,270,170,182,201,219,253,268,268,294,329,329,363,363,393,393,492,492,506,506,529,578,578,578,595,595,595,614,614,614],"floor_reached":45,"playtime":3579,"items_purged":["Decay","AT_purpleEX"],"score":523,"play_id":"49616992-5c3b-4d85-828f-1540e783b0f5","local_time":"20210112002155","is_ascension_mode":false,"campfire_choices":[{"data":"WorldDissolvedintheRealm_purple","floor":7.0,"key":"SMITH"},{"floor":15.0,"key":"REST"},{"floor":28.0,"key":"REST"},{"data":"BarrageBoundary_PipeDream_purple","floor":32.0,"key":"SMITH"},{"data":"WingOfChimera_purple","floor":40.0,"key":"SMITH"},{"data":"Mirror_TwoAndThreeElementRealm_purple","floor":42.0,"key":"SMITH"}],"circlet_count":0,"master_deck":["AT_purpleEX","AT_purpleEX","AT_purpleEX","Defend_purpleEX","Defend_purpleEX","Defend_purpleEX","Observe_purple_1","Observe_purple_2","CommonSense_AntiCommonSense_purple","WorldDissolvedintheRealm_purple+1","WingOfChimera_purple+1","Bait_Toxicbait_purple+1","ExternalForce_HighSpeedFlying_purple","Mirror_WaveAndshot_purple","Boundary_LifeAndDeath_purple","BarrageBoundary_PipeDream_purple+1","Mirror_TwoAndThreeElementRealm_purple+1","Finesse"],"relics":["Boundary_crack","Memoryfragments_purpleEX","RabbitCall","LetterFromLob","Regal Pillow","Seventeenyearold_girl_Forever","Gaze_r","Juzu Bracelet","Art of War","Centennial Puzzle","Red Mask","HollowMod:LifeEnderRelic","Busted Crown","Smiling Mask","CatCart","Darkstone Periapt"],"acts_visited":["Exordium","TheCity","TheBeyond"],"potions_floor_usage":[45,45,45],"damage_taken":[{"damage":10.0,"enemies":"Jaw Worm","floor":1.0,"turns":6.0},{"damage":5.0,"enemies":"Cultist","floor":4.0,"turns":5.0},{"damage":6.0,"enemies":"Small Slimes","floor":5.0,"turns":3.0},{"damage":3.0,"enemies":"2 Fungi Beasts","floor":8.0,"turns":3.0},{"damage":5.0,"enemies":"Looter","floor":10.0,"turns":3.0},{"damage":4.0,"enemies":"Exordium Thugs","floor":11.0,"turns":4.0},{"damage":42.0,"enemies":"Gremlin Nob","floor":13.0,"turns":5.0},{"damage":0.0,"enemies":"Blue Slaver","floor":14.0,"turns":3.0},{"damage":11.0,"enemies":"Hexaghost","floor":16.0,"turns":6.0},{"damage":0.0,"enemies":"Spheric Guardian","floor":18.0,"turns":3.0},{"damage":0.0,"enemies":"Spheric Guardian","floor":20.0,"turns":3.0},{"damage":0.0,"enemies":"Shell Parasite","floor":21.0,"turns":3.0},{"damage":14.0,"enemies":"Snecko","floor":22.0,"turns":5.0},{"damage":24.0,"enemies":"Book of Stabbing","floor":23.0,"turns":4.0},{"damage":19.0,"enemies":"Shelled Parasite and Fungi","floor":24.0,"turns":3.0},{"damage":2.0,"enemies":"HollowMod:Nosk","floor":27.0,"turns":5.0},{"damage":8.0,"enemies":"Masked Bandits","floor":29.0,"turns":3.0},{"damage":8.0,"enemies":"Book of Stabbing","floor":31.0,"turns":4.0},{"damage":21.0,"enemies":"Champ","floor":33.0,"turns":8.0},{"damage":1.0,"enemies":"3 Shapes","floor":35.0,"turns":3.0},{"damage":0.0,"enemies":"Orin","floor":38.0,"turns":6.0},{"damage":0.0,"enemies":"Orb Walker","floor":41.0,"turns":2.0},{"damage":0.0,"enemies":"4 Shapes","floor":44.0,"turns":1.0},{"damage":190,"enemies":"4 Shapes","floor":45,"turns":12}],"seed_played":"3154001487753712919","potions_obtained":[{"floor":4.0,"key":"Dexterity Potion"},{"floor":13.0,"key":"AttackPotion"},{"floor":16.0,"key":"FearPotion"},{"floor":20.0,"key":"LiquidBronze"},{"floor":31.0,"key":"FearPotion"},{"floor":33.0,"key":"PowerPotion"}],"is_trial":false,"path_per_floor":["M","?","$","M","M","$","R","M","T","M","M","?","E","M","R","B",null,"M","$","M","M","M","E","M","?","T","E","R","?","?","E","R","B",null,"M","?","T","?","?","R","M","R","T","M","?"],"character_chosen":"Youkari","items_purchased":["CommonSense_AntiCommonSense_purple","PowerPotion"],"campfire_rested":2,"item_purchase_floors":[3,6],"current_hp_per_floor":[63,63,63,63,62,62,62,59,59,58,56,56,19,23,59,53,70,70,70,70,72,60,37,18,18,18,18,54,48,72,64,64,45,72,71,71,71,72,72,72,74,74,74,74,0,0],"gold":614,"neow_bonus":"","is_daily":false,"chose_seed":false,"campfire_upgraded":4,"win_rate":0.0,"timestamp":1610382115,"path_taken":["M","?","$","?","?","$","R","M","T","M","M","?","E","M","R","BOSS","M","$","M","M","?","E","M","?","T","E","R","?","?","E","R","BOSS","M","?","?","?","?","R","M","R","T","M","?"],"items_purchased_type":["Card","Potion"],"build_version":"2020-12-22","purchased_purges":2,"victory":false,"max_hp_per_floor":[70,70,70,70,70,70,70,70,70,70,70,70,70,70,70,70,70,70,70,70,72,72,72,72,72,72,72,72,72,72,72,72,72,72,72,72,72,72,72,72,74,74,74,74,74,74],"card_choices":[{"not_picked":["Line_surface_state_purple","StretchesForeverDream_purple","SfantasyHide_purple"],"picked":"SKIP","floor":1.0},{"not_picked":["Boundary_ObjectiveBoundary_purple","Worldmountain_purple"],"picked":"WorldDissolvedintheRealm_purple","floor":4.0},{"not_picked":["Extrememeaning_purpleEX","OpenedBox_purple","DimensionStaggered_purple"],"picked":"SKIP","floor":5.0},{"not_picked":["Mirror_WaveAndshot_purple","Line_surface_state_purple"],"picked":"WingOfChimera_purple","floor":8.0},{"not_picked":["SharpContractionReality_purple","Extrememeaning_purpleEX","Shallow_ocean_purpleEX"],"picked":"SKIP","floor":10.0},{"not_picked":["MeetDecomposer_purple","Anti_communist_purple"],"picked":"Bait_Toxicbait_purple","floor":11.0},{"not_picked":["ExistenceContinue_purple","Line_surface_state_purple"],"picked":"ExternalForce_HighSpeedFlying_purple","floor":13.0},{"not_picked":["StateDuplicate_purple","Worldmountain_purple"],"picked":"Mirror_WaveAndshot_purple","floor":14.0},{"not_picked":["Price_of_realm_purpleEX","GluttonyofRealm_purpleEX"],"picked":"Boundary_LifeAndDeath_purple","floor":16.0},{"not_picked":["Realm_recovery_purpleEX","Shallow_ocean_purpleEX","Erosivefilter_purple"],"picked":"SKIP","floor":20.0},{"not_picked":["Mirror_FourBoundary_purple","Line_surface_state_purple","Yakumo_Ran_purple"],"picked":"SKIP","floor":21.0},{"not_picked":["Mirror_FormAndEmptin_purple","Photoelasticity_Doppler_Effect_purple","Boundary_LightAndDark_purple"],"picked":"SKIP","floor":22.0},{"not_picked":["Extrememeaning_purpleEX+1","ButterflyHabitatTemple_purple+1"],"picked":"BarrageBoundary_PipeDream_purple","floor":23.0},{"not_picked":["MetroBOOM_purple","OmniscientAndOmnipotent_Monster_purple+1","Mirror_Drifter_purple"],"picked":"SKIP","floor":24.0},{"not_picked":["Worldmountain_purple+1","StateDuplicate_purple","EighthInstrument_OneDividesIntoTwo_purple"],"picked":"SKIP","floor":27.0},{"not_picked":["Worldmountain_purple+1","Photoelasticity_Doppler_Effect_purple","AdvanceAttack_purple"],"picked":"SKIP","floor":31.0},{"not_picked":["WasteWire_Metro_purple","GluttonyofRealm_purpleEX"],"picked":"Mirror_TwoAndThreeElementRealm_purple","floor":33.0},{"not_picked":["OmniscientAndOmnipotent_Monster_purple+1"],"picked":"SKIP","floor":35.0},{"not_picked":[],"picked":"Finesse","floor":39.0},{"not_picked":["Realm_recovery_purpleEX"],"picked":"SKIP","floor":41.0},{"not_picked":["Worldmountain_purple+1"],"picked":"SKIP","floor":44.0}],"player_experience":601734,"relics_obtained":[{"floor":1.0,"key":"LetterFromLob"},{"floor":13.0,"key":"Regal Pillow"},{"floor":23.0,"key":"Juzu Bracelet"},{"floor":26.0,"key":"Art of War"},{"floor":27.0,"key":"Centennial Puzzle"},{"floor":29.0,"key":"Red Mask"},{"floor":31.0,"key":"HollowMod:LifeEnderRelic"},{"floor":37.0,"key":"Smiling Mask"},{"floor":38.0,"key":"CatCart"},{"floor":43.0,"key":"Darkstone Periapt"}],"event_choices":[{"damage_healed":0.0,"max_hp_gain":0.0,"max_hp_loss":0.0,"gold_gain":0.0,"event_name":"Wheel of Change","player_choice":"Cursed","floor":2.0,"gold_loss":0.0,"damage_taken":0.0,"cards_obtained":["Decay"]},{"damage_healed":0.0,"max_hp_gain":0.0,"max_hp_loss":0.0,"gold_gain":0.0,"event_name":"Accursed Blacksmith","player_choice":"Forge","floor":12.0,"gold_loss":0.0,"damage_taken":0.0,"cards_upgraded":["Bait_Toxicbait_purple"]},{"damage_healed":0.0,"max_hp_gain":0.0,"max_hp_loss":0.0,"gold_gain":0.0,"event_name":"Masked Bandits","player_choice":"Fought Bandits","floor":29.0,"gold_loss":0.0,"damage_taken":0.0},{"damage_healed":24.0,"max_hp_gain":0.0,"max_hp_loss":0.0,"gold_gain":0.0,"event_name":"TheLibraryeventEX","player_choice":"Heal","floor":30.0,"gold_loss":0.0,"damage_taken":0.0},{"cards_removed":["Defend_purpleEX"],"damage_healed":0.0,"max_hp_gain":0.0,"max_hp_loss":0.0,"gold_gain":0.0,"event_name":"Falling","player_choice":"Removed Skill","floor":36.0,"gold_loss":0.0,"damage_taken":0.0},{"damage_healed":0.0,"max_hp_gain":0.0,"max_hp_loss":0.0,"gold_gain":0.0,"event_name":"OrinTheCat","player_choice":"Fight","floor":38.0,"gold_loss":0.0,"damage_taken":0.0},{"damage_healed":0.0,"max_hp_gain":0.0,"max_hp_loss":0.0,"gold_gain":0.0,"event_name":"SensoryStone","player_choice":"Memory 1","floor":39.0,"gold_loss":0.0,"damage_taken":0.0}],"is_beta":false,"boss_relics":[{"not_picked":["Calling Bell","Astrolabe"],"picked":"Seventeenyearold_girl_Forever"},{"not_picked":["Black Star","Cursed Key"],"picked":"Busted Crown"}],"items_purged_floors":[3,19],"is_endless":false,"potions_floor_spawned":[4,13,16,18,20,31,33,41],"killed_by":"4 Shapes","ascension_level":0}}