{"host":"vddkjx04kiwje1tk","time":1610375069,"event":{"mods":["AchievementEnabler","BaseMod","Colored Map","Minty Spire (QoL Compilation)","Quick Restart","SuperFastMode"],"gold_per_floor":[109,184,184,109,109,109,153,153,153,196,196,211,131,150,150,279,279,302,135,66,36,36],"floor_reached":21,"playtime":305,"items_purged":["Defend_R","Defend_R"],"score":326,"play_id":"3fdaa1f1-7488-49b0-8369-bdc4b7659530","local_time":"20210111232429","is_ascension_mode":true,"campfire_choices":[{"data":"Bash","floor":6,"key":"SMITH"},{"floor":8,"key":"REST"},{"data":"Strike_R","floor":11,"key":"PURGE"},{"data":"Strike_R","floor":15,"key":"PURGE"}],"circlet_count":0,"master_deck":["Strike_R","Strike_R","Defend_R","Defend_R","Bash+1","Fire Breathing","Barricade","Entrench","Metallicize"],"relics":["Burning Blood","NeowsBlessing","Golden Idol","Bronze Scales","Sundial","Peace Pipe","Busted Crown"],"acts_visited":["Exordium","TheCity"],"potions_floor_usage":[16,16],"damage_taken":[{"damage":0,"enemies":"Small Slimes","floor":1,"turns":1},{"damage":0,"enemies":"3 Sentries","floor":7,"turns":2},{"damage":0,"enemies":"Gremlin Nob","floor":10,"turns":1},{"damage":12,"enemies":"Jaw Worm","floor":12,"turns":2},{"damage":6,"enemies":"2 Louse","floor":14,"turns":2},{"damage":65,"enemies":"The Guardian","floor":16,"turns":10},{"damage":54,"enemies":"Spheric Guardian","floor":18,"turns":6},{"damage":19,"enemies":"2 Thieves","floor":21,"turns":1}],"seed_played":"2170441919700379688","potions_obtained":[{"floor":10,"key":"LiquidBronze"},{"floor":14,"key":"SpeedPotion"}],"is_trial":false,"path_per_floor":["M","?","?","$","?","R","E","R","T","E","R","M","$","M","R","B",null,"M","$","$","M"],"character_chosen":"IRONCLAD","items_purchased":["Fire Breathing","Entrench","Metallicize"],"campfire_rested":1,"item_purchase_floors":[13,19,20],"current_hp_per_floor":[78,67,60,60,40,40,46,70,70,76,76,70,70,70,70,11,63,15,15,15,0,0],"gold":36,"neow_bonus":"THREE_ENEMY_KILL","is_daily":false,"chose_seed":false,"campfire_upgraded":1,"win_rate":0.0,"timestamp":1610375069,"path_taken":["M","?","?","$","?","R","E","R","T","E","R","M","?","?","R","BOSS","M","?","$","M"],"items_purchased_type":["Card","Card","Card"],"build_version":"2020-12-22","purchased_purges":2,"victory":false,"max_hp_per_floor":[80,80,80,80,80,80,80,80,80,80,80,80,80,80,80,80,80,80,80,80,80,80],"card_choices":[{"not_picked":["Clash","Seeing Red","Iron Wave"],"picked":"SKIP","floor":1},{"not_picked":["Metallicize","Cleave","Blood for Blood"],"picked":"SKIP","floor":7},{"not_picked":["Corruption","Flex","Clothesline"],"picked":"SKIP","floor":10},{"not_picked":["Clothesline","Armaments","Headbutt"],"picked":"SKIP","floor":12},{"not_picked":["Perfected Strike","Corruption","Dual Wield"],"picked":"SKIP","floor":14},{"not_picked":["Bludgeon","Immolate"],"picked":"Barricade","floor":16},{"not_picked":["Sword Boomerang"],"picked":"SKIP","floor":18}],"player_experience":255224,"relics_obtained":[{"floor":7,"key":"Bronze Scales"},{"floor":9,"key":"Sundial"},{"floor":10,"key":"Peace Pipe"}],"event_choices":[{"damage_healed":0,"gold_gain":75,"player_choice":"Gather Gold","damage_taken":11,"max_hp_gain":0,"max_hp_loss":0,"event_name":"World of Goop","floor":2,"gold_loss":0},{"cards_removed":["Strike_R"],"damage_healed":0,"gold_gain":0,"player_choice":"Card Removal","damage_taken":7,"max_hp_gain":0,"max_hp_loss":0,"event_name":"Golden Wing","floor":3,"gold_loss":0},{"damage_healed":0,"gold_gain":0,"player_choice":"Take Damage","damage_taken":20,"relics_obtained":["Golden Idol"],"max_hp_gain":0,"max_hp_loss":0,"event_name":"Golden Idol","floor":5,"gold_loss":0}],"is_beta":false,"boss_relics":[{"not_picked":["Black Star","Ectoplasm"],"picked":"Busted Crown"}],"items_purged_floors":[4,19],"is_endless":false,"potions_floor_spawned":[10,14],"killed_by":"2 Thieves","ascension_level":8}}