{"host":"2p2urjtdoqk7wfo5","time":1610324051,"event":{"mods":["AchievementEnabler","BaseMod","Colored Powertips","Minty Spire (QoL Compilation)"],"gold_per_floor":[115,127,127,127,143,143,31,59,359,376,395,411,426,426,426],"floor_reached":14,"playtime":1069,"items_purged":[],"score":94,"play_id":"41b3083c-3f76-49df-aa21-9f706c941738","local_time":"20210110161411","is_ascension_mode":false,"campfire_choices":[{"data":"Tempest","floor":6,"key":"SMITH"}],"circlet_count":0,"master_deck":["Strike_B","Strike_B","Strike_B","Strike_B","Defend_B","Defend_B","Zap","Dualcast","Auto Shields","BootSequence","Beam Cell","Tempest+1","Heatsinks","Rip and Tear","Static Discharge","Hello World","Ball Lightning","Ball Lightning","Force Field"],"relics":["Cracked Core","Girya","Old Coin"],"acts_visited":["Exordium"],"potions_floor_usage":[],"damage_taken":[{"damage":0,"enemies":"Small Slimes","floor":1,"turns":3},{"damage":0,"enemies":"Cultist","floor":2,"turns":3},{"damage":1,"enemies":"Jaw Worm","floor":5,"turns":2},{"damage":21,"enemies":"Gremlin Nob","floor":8,"turns":4},{"damage":5,"enemies":"3 Louse","floor":10,"turns":3},{"damage":9,"enemies":"2 Fungi Beasts","floor":11,"turns":3},{"damage":0,"enemies":"Large Slime","floor":12,"turns":4},{"damage":28,"enemies":"Exordium Thugs","floor":13,"turns":4},{"damage":31,"enemies":"Lagavulin","floor":14,"turns":3}],"seed_played":"7727732409207491085","potions_obtained":[{"floor":1,"key":"Explosive Potion"},{"floor":10,"key":"GamblersBrew"},{"floor":11,"key":"FocusPotion"}],"is_trial":false,"path_per_floor":["M","M","?","?","M","R","$","E","T","M","M","M","M","E"],"character_chosen":"DEFECT","items_purchased":["Heatsinks","Rip and Tear"],"campfire_rested":0,"item_purchase_floors":[7,7],"current_hp_per_floor":[82,82,82,82,81,81,81,60,60,55,46,46,18,0,0],"gold":426,"neow_bonus":"TEN_PERCENT_HP_BONUS","is_daily":false,"chose_seed":false,"campfire_upgraded":1,"win_rate":0.0,"timestamp":1610324051,"path_taken":["M","M","?","?","M","R","$","E","T","?","?","M","M","E"],"items_purchased_type":["Card","Card"],"build_version":"2020-12-22","purchased_purges":0,"victory":false,"max_hp_per_floor":[82,82,82,82,82,82,82,82,82,82,82,82,82,82,82],"card_choices":[{"not_picked":["Conserve Battery","Gash"],"picked":"Auto Shields","floor":1},{"not_picked":["Double Energy","Conserve Battery"],"picked":"BootSequence","floor":2},{"not_picked":["Sweeping Beam","Doom and Gloom"],"picked":"Tempest","floor":5},{"not_picked":["Fission","Beam Cell"],"picked":"Static Discharge","floor":8},{"not_picked":["Compile Driver","Double Energy"],"picked":"Hello World","floor":10},{"not_picked":["Steam","Rebound"],"picked":"Ball Lightning","floor":11},{"not_picked":["Barrage","Coolheaded"],"picked":"Ball Lightning","floor":12},{"not_picked":["Glacier","Ball Lightning"],"picked":"Force Field","floor":13}],"player_experience":100796,"relics_obtained":[{"floor":8,"key":"Girya"},{"floor":9,"key":"Old Coin"}],"event_choices":[{"damage_healed":0,"gold_gain":0,"cards_transformed":["Defend_B"],"player_choice":"Change","damage_taken":0,"max_hp_gain":0,"max_hp_loss":0,"event_name":"Living Wall","floor":3,"gold_loss":0,"cards_obtained":["Beam Cell"]},{"cards_removed":["Defend_B"],"damage_healed":0,"gold_gain":0,"player_choice":"Purged","damage_taken":0,"max_hp_gain":0,"max_hp_loss":0,"event_name":"Purifier","floor":4,"gold_loss":0}],"is_beta":false,"boss_relics":[],"items_purged_floors":[],"is_endless":false,"potions_floor_spawned":[1,10,11],"killed_by":"Lagavulin","ascension_level":0}}