{"host":"oehe2dxjvdgux73m","time":1610354688,"event":{"mods":["AchievementEnabler","BaseMod","Colored Map","Colored Powertips","DeckTracker","Keyboard Shortcuts","Minty Spire (QoL Compilation)","Permanent Neow","Quick Restart","StSLib","SuperFastMode"],"gold_per_floor":[112,129,142,161,161,161,191,191,191,191,204,228,263,279,279,376,376,390,165,181,195,195,195,227,227,227],"floor_reached":25,"playtime":792,"items_purged":["Strike_R"],"score":280,"play_id":"2451a230-80ef-4d24-8cd9-69fe459b72d7","local_time":"20210111174448","is_ascension_mode":true,"campfire_choices":[{"data":"Demon Form","floor":6.0,"key":"SMITH"},{"data":"Rupture","floor":8.0,"key":"SMITH"},{"data":"Bash","floor":10.0,"key":"SMITH"},{"data":"Warcry","floor":15.0,"key":"SMITH"},{"data":"Limit Break","floor":23.0,"key":"SMITH"}],"circlet_count":0,"master_deck":["Strike_R","Strike_R","Strike_R","Strike_R","Defend_R","Defend_R","Defend_R","Defend_R","Bash+1","Twin Strike","Shockwave","Hemokinesis","Demon Form+1","Rupture+1","Flex","Warcry+1","Ghostly Armor","Limit Break+1","Warcry+1","Warcry+1"],"relics":["Burning Blood","Lantern","Potion Belt","Bronze Scales","Blood Vial","Molten Egg 2","Philosopher\u0027s Stone","Chemical X","Letter Opener","Art of War"],"acts_visited":["Exordium","TheCity"],"potions_floor_usage":[25,25,25],"damage_taken":[{"damage":7.0,"enemies":"Jaw Worm","floor":1.0,"turns":2.0},{"damage":4.0,"enemies":"2 Louse","floor":2.0,"turns":2.0},{"damage":18.0,"enemies":"Small Slimes","floor":3.0,"turns":4.0},{"damage":5.0,"enemies":"Exordium Wildlife","floor":4.0,"turns":4.0},{"damage":27.0,"enemies":"3 Sentries","floor":7.0,"turns":6.0},{"damage":7.0,"enemies":"Looter","floor":11.0,"turns":3.0},{"damage":12.0,"enemies":"Gremlin Nob","floor":13.0,"turns":3.0},{"damage":15.0,"enemies":"3 Louse","floor":14.0,"turns":4.0},{"damage":44.0,"enemies":"The Guardian","floor":16.0,"turns":7.0},{"damage":41.0,"enemies":"Spheric Guardian","floor":18.0,"turns":5.0},{"damage":6.0,"enemies":"Chosen","floor":20.0,"turns":3.0},{"damage":11.0,"enemies":"Snecko","floor":21.0,"turns":4.0},{"damage":48.0,"enemies":"Book of Stabbing","floor":24.0,"turns":5.0},{"damage":22,"enemies":"Snake Plant","floor":25,"turns":2}],"seed_played":"6535282645076684431","potions_obtained":[{"floor":3.0,"key":"SteroidPotion"},{"floor":4.0,"key":"DistilledChaos"},{"floor":7.0,"key":"Weak Potion"},{"floor":11.0,"key":"ColorlessPotion"},{"floor":13.0,"key":"BloodPotion"},{"floor":14.0,"key":"AttackPotion"},{"floor":18.0,"key":"SkillPotion"},{"floor":20.0,"key":"BloodPotion"},{"floor":24.0,"key":"ColorlessPotion"}],"is_trial":false,"path_per_floor":["M","M","M","M","?","R","E","R","T","R","M","T","E","M","R","B",null,"M","$","M","M","?","R","E","M"],"character_chosen":"IRONCLAD","items_purchased":["Chemical X"],"campfire_rested":0,"item_purchase_floors":[19],"current_hp_per_floor":[79,80,68,69,69,69,48,48,48,48,47,47,43,52,52,16,80,45,45,47,44,44,44,20,0,0],"gold":227,"neow_bonus":"RANDOM_COMMON_RELIC","is_daily":false,"chose_seed":false,"campfire_upgraded":5,"win_rate":0.0,"timestamp":1610354688,"path_taken":["M","M","M","M","?","R","E","R","T","R","M","?","E","M","R","BOSS","M","$","M","M","?","R","E","M"],"items_purchased_type":["Relic"],"build_version":"2020-12-22","purchased_purges":1,"victory":false,"max_hp_per_floor":[80,80,80,80,80,80,80,80,80,80,80,80,80,80,80,80,80,80,80,80,80,80,80,80,80,80],"card_choices":[{"not_picked":["Heavy Blade","Havoc"],"picked":"Twin Strike","floor":1.0},{"not_picked":["Body Slam","Intimidate"],"picked":"Shockwave","floor":2.0},{"not_picked":["Rage","Rupture"],"picked":"Hemokinesis","floor":3.0},{"not_picked":["Shockwave","Feel No Pain"],"picked":"Demon Form","floor":4.0},{"not_picked":["Dual Wield","Blood for Blood"],"picked":"Rupture","floor":7.0},{"not_picked":["Rage","Iron Wave"],"picked":"Flex","floor":11.0},{"not_picked":["Shrug It Off","Blood for Blood+1"],"picked":"Warcry","floor":13.0},{"not_picked":["Sentinel","Whirlwind+1"],"picked":"Ghostly Armor","floor":14.0},{"not_picked":["Bludgeon+1","Feed+1"],"picked":"Limit Break","floor":16.0},{"not_picked":["Burning Pact","Clash+1"],"picked":"Warcry+1","floor":18.0},{"not_picked":["Cleave+1","True Grit+1"],"picked":"Warcry+1","floor":20.0},{"not_picked":["Havoc","Iron Wave+1","Pummel+1"],"picked":"SKIP","floor":21.0},{"not_picked":["Burning Pact","Iron Wave+1","Warcry+1"],"picked":"SKIP","floor":24.0}],"player_experience":98937,"relics_obtained":[{"floor":7.0,"key":"Potion Belt"},{"floor":9.0,"key":"Bronze Scales"},{"floor":12.0,"key":"Blood Vial"},{"floor":13.0,"key":"Molten Egg 2"},{"floor":24.0,"key":"Art of War"}],"event_choices":[{"damage_healed":0.0,"max_hp_gain":0.0,"max_hp_loss":0.0,"gold_gain":0.0,"event_name":"Liars Game","player_choice":"Ignored","floor":5.0,"gold_loss":0.0,"damage_taken":0.0},{"damage_healed":0.0,"max_hp_gain":0.0,"max_hp_loss":0.0,"gold_gain":0.0,"event_name":"The Mausoleum","player_choice":"Opened","floor":22.0,"gold_loss":0.0,"damage_taken":0.0,"relics_obtained":["Letter Opener"]}],"is_beta":false,"boss_relics":[{"not_picked":["SacredBark","Ectoplasm"],"picked":"Philosopher\u0027s Stone"}],"items_purged_floors":[19],"is_endless":false,"potions_floor_spawned":[3,4,7,11,13,14,18,20,24],"killed_by":"Snake Plant","ascension_level":4}}