{"host":"ibfpjm2kz059o009","time":1610331030,"event":{"mods":["AchievementEnabler","BaseMod","Block Reminder","Colored Powertips","DeckTracker","Googly Eyes","Key Reminder","Minty Spire (QoL Compilation)","Shop Mod","Unceasing Turn Reminder"],"gold_per_floor":[15,27,47,58,58,58,91,91,91,104,138,138,152,152,152,152,152],"floor_reached":16,"playtime":652,"items_purged":[],"score":134,"play_id":"e851dfb7-4a05-4adf-8da4-7df0f28ff3ea","local_time":"20210110211030","is_ascension_mode":true,"campfire_choices":[{"floor":6.0,"key":"RECALL"},{"floor":8.0,"key":"REST"},{"floor":12.0,"key":"REST"},{"floor":15.0,"key":"REST"}],"circlet_count":0,"master_deck":["Strike_B","Strike_B","Strike_B","Strike_B","Defend_B","Defend_B","Defend_B","Defend_B","Zap","Dualcast","The Bomb","Turbo","Auto Shields","Redo","Decay","Electrodynamics","Double Energy","Turbo","Gash","Blizzard","Swift Strike"],"relics":["Cracked Core","Question Card","FossilizedHelix"],"acts_visited":["Exordium"],"potions_floor_usage":[16],"damage_taken":[{"damage":0.0,"enemies":"Small Slimes","floor":1.0,"turns":3.0},{"damage":0.0,"enemies":"Cultist","floor":2.0,"turns":3.0},{"damage":13.0,"enemies":"2 Louse","floor":3.0,"turns":3.0},{"damage":4.0,"enemies":"Red Slaver","floor":4.0,"turns":4.0},{"damage":36.0,"enemies":"Gremlin Nob","floor":7.0,"turns":4.0},{"damage":7.0,"enemies":"Large Slime","floor":10.0,"turns":3.0},{"damage":26.0,"enemies":"3 Sentries","floor":11.0,"turns":4.0},{"damage":22.0,"enemies":"Lots of Slimes","floor":13.0,"turns":3.0},{"damage":33,"enemies":"The Guardian","floor":16,"turns":10}],"seed_played":"-1492181587841576031","potions_obtained":[{"floor":1.0,"key":"AttackPotion"},{"floor":7.0,"key":"ColorlessPotion"},{"floor":13.0,"key":"LiquidMemories"}],"is_trial":false,"path_per_floor":["M","M","M","M","?","R","E","R","T","M","E","R","M","?","R","B"],"character_chosen":"DEFECT","items_purchased":[],"campfire_rested":3,"item_purchase_floors":[],"current_hp_per_floor":[75,75,62,58,58,58,22,44,44,37,11,33,11,11,33,0,0],"gold":152,"neow_bonus":"RANDOM_COLORLESS_2","is_daily":false,"chose_seed":false,"campfire_upgraded":0,"win_rate":0.0,"timestamp":1610331030,"path_taken":["M","M","M","M","?","R","E","R","T","?","E","R","M","?","R","BOSS"],"items_purchased_type":[],"build_version":"2020-12-22","purchased_purges":0,"victory":false,"max_hp_per_floor":[75,75,75,75,75,75,75,75,75,75,75,75,75,75,75,75,75],"card_choices":[{"not_picked":["Chrysalis","Violence"],"picked":"The Bomb","floor":0.0},{"not_picked":["Rebound","Fusion"],"picked":"Turbo","floor":1.0},{"not_picked":["Reinforced Body","Barrage"],"picked":"Auto Shields","floor":2.0},{"not_picked":["Reinforced Body","Glacier","Cold Snap"],"picked":"SKIP","floor":3.0},{"not_picked":["Undo","Blizzard"],"picked":"Redo","floor":4.0},{"not_picked":["Redo","Sweeping Beam","Hologram"],"picked":"SKIP","floor":7.0},{"not_picked":["Stack","Go for the Eyes","Barrage"],"picked":"Electrodynamics","floor":10.0},{"not_picked":["Rip and Tear","Turbo","Hologram"],"picked":"Double Energy","floor":11.0},{"not_picked":["Reinforced Body","Fusion","Redo"],"picked":"Turbo","floor":13.0}],"player_experience":609795,"relics_obtained":[{"floor":7.0,"key":"Question Card"},{"floor":11.0,"key":"FossilizedHelix"}],"event_choices":[{"damage_healed":0.0,"max_hp_gain":0.0,"max_hp_loss":0.0,"gold_gain":0.0,"event_name":"Wheel of Change","player_choice":"Cursed","floor":5.0,"gold_loss":0.0,"damage_taken":0.0,"cards_obtained":["Decay"]},{"damage_healed":0.0,"max_hp_gain":0.0,"max_hp_loss":0.0,"gold_gain":0.0,"event_name":"Match and Keep!","player_choice":"3 cards matched","floor":14.0,"gold_loss":0.0,"damage_taken":0.0,"cards_obtained":["Gash","Blizzard","Swift Strike"]}],"is_beta":false,"boss_relics":[],"items_purged_floors":[],"is_endless":false,"potions_floor_spawned":[1,7,13],"killed_by":"The Guardian","ascension_level":4}}