{"host":"aj7el8l5kufbk20z","time":1610334628,"event":{"mods":["AchievementEnabler","BaseMod","Colored Map","Colored Powertips","Curses Come First","Downfall","Highlight Path","Minty Spire (QoL Compilation)","Permanent Neow","Poor People Problems","Quick Restart","Rare Cards Sparkle","Relic Stats","StSLib","SuperFastMode","Waifu the Spire"],"gold_per_floor":[110,110,110,124,49,49,80,80,104,123,135,135,147,182,182,256,256,268,283,146,165,165,165],"floor_reached":22,"playtime":980,"items_purged":["Strike_R"],"score":387,"play_id":"83694ae0-cec1-4e92-aa60-04c31db73fcf","local_time":"20210111111028","is_ascension_mode":true,"campfire_choices":[{"data":"Demon Form","floor":6.0,"key":"SMITH"},{"data":"Metallicize","floor":8.0,"key":"SMITH"},{"data":"Sword Boomerang","floor":12.0,"key":"SMITH"},{"data":"Ghostly Armor","floor":15.0,"key":"SMITH"}],"circlet_count":0,"master_deck":["AscendersBane","Strike_R","Strike_R","Strike_R","Strike_R","Defend_R","Defend_R","Defend_R","Defend_R","Bash","Spot Weakness","Demon Form+1","Ghostly Armor+1","Metallicize+1","Sword Boomerang+1","Juggernaut","Barricade"],"relics":["Black Blood","NeowsBlessing","Matryoshka","Vajra","Nunchaku","Dream Catcher"],"acts_visited":["Exordium","TheCity"],"potions_floor_usage":[21],"damage_taken":[{"damage":0.0,"enemies":"Small Slimes","floor":1.0,"turns":1.0},{"damage":0.0,"enemies":"Cultist","floor":4.0,"turns":1.0},{"damage":0.0,"enemies":"Gremlin Nob","floor":7.0,"turns":1.0},{"damage":2.0,"enemies":"2 Louse","floor":10.0,"turns":3.0},{"damage":16.0,"enemies":"Gremlin Gang","floor":11.0,"turns":12.0},{"damage":10.0,"enemies":"Exordium Thugs","floor":13.0,"turns":6.0},{"damage":22.0,"enemies":"3 Sentries","floor":14.0,"turns":6.0},{"damage":11.0,"enemies":"The Guardian","floor":16.0,"turns":9.0},{"damage":24.0,"enemies":"Spheric Guardian","floor":18.0,"turns":5.0},{"damage":7.0,"enemies":"Chosen","floor":19.0,"turns":6.0},{"damage":58,"enemies":"Sentry and Sphere","floor":21,"turns":6},{"damage":0,"enemies":"Centurion and Healer","floor":22,"turns":1}],"seed_played":"-2222645865362671247","potions_obtained":[{"floor":1.0,"key":"GamblersBrew"},{"floor":10.0,"key":"Regen Potion"},{"floor":19.0,"key":"Dexterity Potion"}],"is_trial":false,"path_per_floor":["M","?","$","M","$","R","E","R","T","M","M","R","M","E","R","B",null,"M","M","$","M","M"],"character_chosen":"IRONCLAD","items_purchased":["Barricade"],"campfire_rested":0,"item_purchase_floors":[20],"current_hp_per_floor":[74,74,74,75,75,75,75,75,75,75,65,65,61,60,60,55,70,58,63,63,17,17,17],"gold":165,"neow_bonus":"THREE_ENEMY_KILL","is_daily":false,"chose_seed":false,"campfire_upgraded":4,"win_rate":0.0,"timestamp":1610334628,"path_taken":["M","?","$","M","$","R","E","R","T","M","M","R","?","E","R","BOSS","M","M","$","M","M"],"items_purchased_type":["Card"],"build_version":"2020-12-22","purchased_purges":1,"victory":false,"max_hp_per_floor":[75,75,75,75,75,75,75,75,75,75,75,75,75,75,75,75,75,75,75,75,75,75,75],"relic_stats":{"Nunchaku":[5],"Dream Catcher":0,"counters":[12,57],"Black Blood":69,"obtain_stats":[{"Nunchaku":9,"Dream Catcher":14,"Matryoshka":7,"NeowsBlessing":0,"Vajra":9,"Black Blood":17,"Burning Blood":0},{"Nunchaku":3,"Dream Catcher":7,"Matryoshka":3,"NeowsBlessing":0,"Vajra":3,"Black Blood":8,"Burning Blood":0},{"Nunchaku":3,"Dream Catcher":30,"Matryoshka":3,"NeowsBlessing":0,"Vajra":3,"Black Blood":39,"Burning Blood":0}]},"card_choices":[{"not_picked":["Clash","Havoc"],"picked":"Spot Weakness","floor":1.0},{"not_picked":["Armaments","Havoc"],"picked":"Ghostly Armor","floor":4.0},{"not_picked":["Battle Trance","Heavy Blade"],"picked":"Metallicize","floor":7.0},{"not_picked":["Hemokinesis","Corruption","Headbutt"],"picked":"SKIP","floor":10.0},{"not_picked":["Combust","Body Slam"],"picked":"Sword Boomerang","floor":11.0},{"not_picked":["Twin Strike","Reckless Charge","Wild Strike"],"picked":"SKIP","floor":13.0},{"not_picked":["Clash","Iron Wave","Blood for Blood"],"picked":"SKIP","floor":14.0},{"not_picked":["Impervious","Offering"],"picked":"Juggernaut","floor":16.0},{"not_picked":["Headbutt","Flex","Dark Embrace+1"],"picked":"SKIP","floor":18.0},{"not_picked":["Sword Boomerang","Wild Strike","Twin Strike"],"picked":"SKIP","floor":19.0},{"not_picked":["Disarm","Shockwave","Fire Breathing+1"],"picked":"SKIP","floor":21}],"player_experience":352904,"relics_obtained":[{"floor":7.0,"key":"Matryoshka"},{"floor":9.0,"key":"Vajra"},{"floor":9.0,"key":"Nunchaku"},{"floor":14.0,"key":"Dream Catcher"}],"event_choices":[{"damage_healed":0.0,"max_hp_gain":0.0,"max_hp_loss":0.0,"gold_gain":0.0,"event_name":"Match and Keep!","player_choice":"1 cards matched","floor":2.0,"gold_loss":0.0,"damage_taken":0.0,"cards_obtained":["Demon Form"]}],"is_beta":false,"boss_relics":[{"not_picked":["SacredBark","Coffee Dripper"],"picked":"Black Blood"}],"items_purged_floors":[5],"is_endless":false,"potions_floor_spawned":[1,10,13,19],"killed_by":"Centurion and Healer","ascension_level":15}}