{"host":"9op7xyky91xc1g6p","time":1610331602,"event":{"mods":["Act Like it!","Astrologer","Bartender","BaseMod","Beaked The Cultist","Better Altar","Better Note","Better Sensory Stone","Better Skull","Better Third Choice","Better Vampires","BshForSts","CapriCore","Energized Spire","Gensokyo","Hallownest","Hermit","Infinite Spire","Koishi","Magitek Elite","Marisa????????","Minty Spire (QoL Compilation)","Random Character Button","Remilia??????","Retaliation","Robot Space Explorer","Shade Mod","SpireExporter+","StSLib","The Animator","The Disciple","The Elementalist","The Hierophant","The Immortal","The Marked","The Mystic","The Poker Player","The Runesmith","The Spell Scribe","TheArtist","TheBandit","Trackpad","Yuyuko","??????REMEMod"],"gold_per_floor":[115,115,134,134,150,183,183,288,288,288,314,328,353,367,367,467,467,478,491,313,333,333,367,367,400,452,8,8,40,50,100,100,100,100],"floor_reached":33,"playtime":4703,"items_purged":[],"score":348,"play_id":"87eaa99b-622f-4356-9bf8-d97351728f06","local_time":"20210110182002","is_ascension_mode":false,"campfire_choices":[{"floor":7,"key":"REST"},{"floor":10,"key":"REST"},{"data":"theMarked:ElementalBlade","floor":15,"key":"SMITH"},{"floor":24,"key":"REST"},{"floor":28,"key":"REST"},{"floor":32,"key":"REST"}],"circlet_count":0,"master_deck":["theMarked:Strike","theMarked:Strike","theMarked:Strike","theMarked:Strike","theMarked:Strike","theMarked:Defend","theMarked:Defend","theMarked:Defend","theMarked:Defend","theMarked:SoldierOfQuellstein","theMarked:Snap","Panache","theMarked:ChainLightning","Blind","theMarked:Static","theMarked:ReduceFriction","theMarked:Standoff","theMarked:ElementalBlade+1","theMarked:ComboAttacks","theMarked:EnhanceMovement","theMarked:Aftermath","theMarked:Vacuum","theMarked:AttractMetal","theMarked:ReduceFriction+1","theMarked:RepellingDischarge","theMarked:HeritageOfTheMarked","REME_FirmDetermination","theMarked:Indomitable","infinitespire:Gouge","theMarked:WastefulAttack","theMarked:KeepCalmAndFightOn+1","Protect","Shade:Bonestorm"],"relics":["theMarked:ArtifactOfAir","REME_ComplimentaryCards","trackpad:GuardianSpirit","CaptainsWheel","PreservedInsect","REME_HandOfSuture","WingedGreaves","Meat on the Bone","theMarked:Eyepatch","TheAbacus","energizedSpire:DeadBattery","Tintinnabulum","TungstenRod","Nunchaku","Guard_Bracelet","Strawberry","PrismaticShard","REME_LimitBreaker"],"acts_visited":["Gensokyo:Gensokyo","TheCity"],"potions_floor_usage":[23,33],"damage_taken":[{"damage":4,"enemies":"Gensokyo:3_Fairies","floor":1,"turns":5},{"damage":2,"enemies":"Gensokyo:Gryphon","floor":3,"turns":3},{"damage":0,"enemies":"Gensokyo:Python","floor":5,"turns":2},{"damage":7,"enemies":"Gensokyo:Aya","floor":6,"turns":3},{"damage":0,"enemies":"Gensokyo:Mamizou","floor":11,"turns":4},{"damage":4,"enemies":"Gensokyo:LivingMonolith","floor":12,"turns":3},{"damage":20,"enemies":"Gensokyo:Aya","floor":13,"turns":6},{"damage":3,"enemies":"Gensokyo:VengefulSpirit","floor":14,"turns":3},{"damage":37,"enemies":"Gensokyo:Kokoro","floor":16,"turns":11},{"damage":20,"enemies":"2 Thieves","floor":18,"turns":4},{"damage":14,"enemies":"Shell Parasite","floor":19,"turns":5},{"damage":91,"enemies":"3 Cultists","floor":21,"turns":9},{"damage":23,"enemies":"Slavers","floor":23,"turns":5},{"damage":26,"enemies":"Gremlin Leader","floor":25,"turns":4},{"damage":9,"enemies":"Book of Stabbing","floor":29,"turns":4},{"damage":15,"enemies":"Shelled Parasite and Fungi","floor":30,"turns":4},{"damage":79,"enemies":"Collector","floor":33,"turns":11}],"seed_played":"-6016191401775503834","potions_obtained":[{"floor":21,"key":"ColorlessPotion"},{"floor":29,"key":"LiquidMemories"}],"is_trial":false,"path_per_floor":["M","?","M","?","M","E","R","?","T","R","E","M","E","M","R","B",null,"M","M","$","M","AVR","E","R","E","T","$","R","E","M","?","R","B"],"character_chosen":"THE_DEFAULT","items_purchased":["theMarked:RepellingDischarge","theMarked:HeritageOfTheMarked","REME_FirmDetermination","Guard_Bracelet","Strawberry","PrismaticShard"],"campfire_rested":5,"item_purchase_floors":[20,20,20,27,27,27],"current_hp_per_floor":[66,66,64,50,50,43,64,41,41,62,62,58,38,47,47,22,70,50,36,36,22,22,33,55,42,43,51,75,67,53,54,77,0,0],"gold":100,"neow_bonus":"ONE_RANDOM_RARE_CARD","is_daily":false,"chose_seed":false,"campfire_upgraded":1,"win_rate":0.0,"timestamp":1610331602,"path_taken":["M","?","M","?","M","E","R","?","T","R","E","M","E","M","R","BOSS","M","M","$","M","AVR","E","R","E","T","$","R","E","?","?","R","BOSS"],"items_purchased_type":["Card","Card","Card","Relic","Relic","Relic"],"build_version":"2020-12-22","purchased_purges":0,"victory":false,"max_hp_per_floor":[70,70,70,70,70,70,70,70,70,70,70,70,70,70,70,70,70,70,70,70,70,70,70,70,70,70,77,77,77,77,77,77,77,77],"card_choices":[{"not_picked":["theMarked:Parkour","theMarked:Frustration"],"picked":"theMarked:ChainLightning","floor":1},{"not_picked":["Dramatic Entrance","Trip"],"picked":"Blind","floor":2},{"not_picked":["theMarked:BanishingWave","theMarked:SwordAndMagic"],"picked":"theMarked:Static","floor":3},{"not_picked":["theMarked:Improvise","theMarked:RepellingDischarge"],"picked":"theMarked:ReduceFriction","floor":5},{"not_picked":["theMarked:Parkour","theMarked:FavorableWinds"],"picked":"theMarked:Standoff","floor":6},{"not_picked":["theMarked:EmpowerWeapon","theMarked:WastefulDefense"],"picked":"theMarked:ElementalBlade","floor":11},{"not_picked":["theMarked:HeightenedSenses","theMarked:WastefulDefense"],"picked":"theMarked:ComboAttacks","floor":12},{"not_picked":["theMarked:Convert","theMarked:WastefulDefense"],"picked":"theMarked:EnhanceMovement","floor":13},{"not_picked":["theMarked:ElectricStrings","theMarked:EnhanceMovement"],"picked":"theMarked:Aftermath","floor":14},{"not_picked":["theMarked:Levitate","theMarked:Defy"],"picked":"theMarked:Vacuum","floor":16},{"not_picked":["theMarked:WardOff","theMarked:Aftermath+1"],"picked":"theMarked:AttractMetal","floor":18},{"not_picked":["theMarked:Improvise+1","theMarked:SwordAndMagic"],"picked":"theMarked:ReduceFriction+1","floor":19},{"not_picked":["theMarked:ChainLightning","theMarked:KeepCalmAndFightOn"],"picked":"theMarked:Indomitable","floor":21},{"not_picked":["theMarked:RepellingDischarge","theMarked:Parry+1"],"picked":"theMarked:WastefulAttack","floor":23},{"not_picked":["theMarked:ShockingTouch+1","theMarked:TurnInvisible"],"picked":"theMarked:KeepCalmAndFightOn+1","floor":25},{"not_picked":["MokouMod:UncontrollableSolarReaction+1","animator:Rider+1"],"picked":"Protect","floor":29},{"not_picked":["MokouMod:BlazingComet","Minerva_Bustier+1"],"picked":"Shade:Bonestorm","floor":30}],"player_experience":381944,"relics_obtained":[{"floor":6,"key":"CaptainsWheel"},{"floor":9,"key":"REME_HandOfSuture"},{"floor":11,"key":"WingedGreaves"},{"floor":13,"key":"Meat on the Bone"},{"floor":23,"key":"Tintinnabulum"},{"floor":25,"key":"TungstenRod"},{"floor":26,"key":"Nunchaku"},{"floor":29,"key":"REME_LimitBreaker"}],"event_choices":[{"damage_healed":0,"gold_gain":1,"player_choice":"1","damage_taken":0,"max_hp_gain":0,"max_hp_loss":0,"event_name":"betterStone:BetterStone","floor":2,"gold_loss":0},{"damage_healed":0,"gold_gain":105,"player_choice":"RE GO ","damage_taken":26,"relics_obtained":["PreservedInsect"],"max_hp_gain":0,"max_hp_loss":0,"event_name":"betterSkull:BetterSkull","floor":8,"gold_loss":0,"cards_upgraded":[]}],"is_beta":false,"boss_relics":[{"not_picked":["Calling Bell","energizedSpire:SpiderWeb"],"picked":"theMarked:Eyepatch"}],"items_purged_floors":[],"is_endless":false,"potions_floor_spawned":[6,13,14,16,18,21,29],"killed_by":"Collector","ascension_level":0}}