{"host":"nnxvcju6x1qybncj","time":1610387022,"event":{"mods":["BaseMod","Displayed Cursed Tome","Downfall","Evolution","Jorbs\u0027s Wanderer Trilogy","Minty Spire (QoL Compilation)","Quick Restart","StSLib"],"gold_per_floor":[116,191,191,191,206,206,241,251,251,268,278,56,56,91,91,187,187,187,187,187,187,10,10,10,10,10,10,10,10,10,10,10,10,10,10,10,10,10,10,10,10,10,10,10,10,10,10,10,10,10,10],"floor_reached":50,"playtime":2318,"items_purged":["Strike_R"],"score":703,"play_id":"215ab24b-9d76-4cfe-9f79-3ec29592ba5e","local_time":"20210111184342","is_ascension_mode":true,"campfire_choices":[{"data":"Double Tap","floor":6.0,"key":"SMITH"},{"floor":15.0,"key":"REST"},{"data":"Entrench","floor":24.0,"key":"SMITH"},{"data":"Offering","floor":28,"key":"SMITH"},{"floor":32,"key":"REST"},{"floor":44,"key":"REST"},{"floor":46,"key":"REST"},{"data":"Bludgeon","floor":49,"key":"SMITH"}],"circlet_count":0,"master_deck":["Iron Wave","Iron Wave","Iron Wave","Defend_R","Defend_R","Defend_R","Defend_R","Bash","Double Tap+1","Clothesline","Cleave","Bludgeon+1","Uppercut","Headbutt","Offering+1","Flame Barrier","Inflame","Entrench+1","Sentinel","Flame Barrier","Infernal Blade","Impervious","Uppercut+1","Double Tap","Rupture+1","Shrug It Off+1","Burning Pact+1","Ghostly Armor+1","Sword Boomerang+1","Guardian:Aged","Inflame"],"relics":["Burning Blood","EVO:Axolotl","TungstenRod","Letter Opener","Akabeko","Singing Bowl","Ectoplasm","Mummified Hand","Sundial","Shuriken","Art of War","Cursed Key","Lantern"],"acts_visited":["Exordium","TheCity","TheBeyond"],"potions_floor_usage":[30,33,33,33,42,50,50],"damage_taken":[{"damage":0.0,"enemies":"Cultist","floor":1.0,"turns":3.0},{"damage":7.0,"enemies":"Small Slimes","floor":5.0,"turns":3.0},{"damage":30.0,"enemies":"Lagavulin","floor":7.0,"turns":10.0},{"damage":4.0,"enemies":"2 Louse","floor":8.0,"turns":3.0},{"damage":8.0,"enemies":"Gremlin Gang","floor":10.0,"turns":3.0},{"damage":8.0,"enemies":"Lots of Slimes","floor":11.0,"turns":4.0},{"damage":12.0,"enemies":"3 Sentries","floor":14.0,"turns":1.0},{"damage":52.0,"enemies":"The Guardian","floor":16.0,"turns":9.0},{"damage":9.0,"enemies":"Shell Parasite","floor":18.0,"turns":3.0},{"damage":5.0,"enemies":"Chosen","floor":19.0,"turns":3.0},{"damage":12.0,"enemies":"Snake Plant","floor":20.0,"turns":3.0},{"damage":5.0,"enemies":"Gremlin Leader","floor":23.0,"turns":4.0},{"damage":6,"enemies":"Cultist and Chosen","floor":27,"turns":6},{"damage":31,"enemies":"Book of Stabbing","floor":30,"turns":5},{"damage":5,"enemies":"Centurion and Healer","floor":31,"turns":3},{"damage":25,"enemies":"Automaton","floor":33,"turns":7},{"damage":9,"enemies":"3 Shapes","floor":35,"turns":4},{"damage":38,"enemies":"3 Darklings","floor":36,"turns":7},{"damage":8,"enemies":"4 Shapes","floor":38,"turns":6},{"damage":18,"enemies":"Sphere and 2 Shapes","floor":39,"turns":6},{"damage":39,"enemies":"Writhing Mass","floor":40,"turns":7},{"damage":15,"enemies":"Jaw Worm Horde","floor":42,"turns":4},{"damage":84,"enemies":"Donu and Deca","floor":50,"turns":9}],"seed_played":"4773546248108917293","potions_obtained":[{"floor":4.0,"key":"Energy Potion"},{"floor":4.0,"key":"hexamod:EctoCoolerPotion"},{"floor":4.0,"key":"Explosive Potion"},{"floor":5.0,"key":"FairyPotion"},{"floor":11.0,"key":"Slimebound:ThreeZeroPotion"},{"floor":14.0,"key":"DistilledChaos"},{"floor":20.0,"key":"BloodPotion"},{"floor":27,"key":"LiquidBronze"},{"floor":30,"key":"EntropicBrew"},{"floor":39,"key":"BlessingOfTheForge"},{"floor":42,"key":"Weak Potion"}],"is_trial":false,"path_per_floor":["M","?","?","?","M","R","E","M","T","M","M","$","?","E","R","B",null,"M","M","M","T","$","E","R","$","T","M","R","?","E","M","R","B",null,"M","M","?","M","M","M","T","M","T","R","$","R","?","?","R","B"],"character_chosen":"IRONCLAD","items_purchased":["Akabeko","Inflame","Entrench","Sentinel"],"campfire_rested":4,"item_purchase_floors":[12,22,22,22],"current_hp_per_floor":[80,69,69,69,68,68,44,46,46,44,42,42,42,38,62,16,66,63,66,62,62,62,63,63,63,63,63,63,58,50,51,76,57,79,76,44,44,42,30,26,26,19,19,45,45,71,71,71,71,0,0],"gold":10,"neow_bonus":"ONE_RANDOM_RARE_CARD","is_daily":false,"chose_seed":false,"campfire_upgraded":4,"win_rate":0.0,"timestamp":1610387022,"path_taken":["M","?","?","?","M","R","E","M","T","M","?","$","?","E","R","BOSS","M","?","?","?","?","E","R","?","T","M","R","?","E","?","R","BOSS","M","M","?","?","M","M","?","M","T","R","$","R","?","?","R","BOSS"],"items_purchased_type":["Relic","Card","Card","Card"],"build_version":"2020-12-22","purchased_purges":1,"victory":false,"max_hp_per_floor":[80,80,80,80,80,80,80,80,80,80,80,80,80,82,82,82,82,82,84,86,86,86,86,86,86,86,86,86,86,86,86,86,86,86,86,86,86,86,86,86,86,88,88,88,88,88,88,88,88,88,88],"card_choices":[{"not_picked":["Disarm","Seeing Red"],"picked":"Clothesline","floor":1.0},{"not_picked":["Uppercut","Thunderclap"],"picked":"Cleave","floor":5.0},{"not_picked":["Cleave","Rage"],"picked":"Bludgeon","floor":7.0},{"not_picked":["Pommel Strike","Havoc"],"picked":"Uppercut","floor":8.0},{"not_picked":["Heavy Blade","Hemokinesis"],"picked":"Headbutt","floor":10.0},{"not_picked":["Searing Blow","Rage","Anger"],"picked":"SKIP","floor":11.0},{"not_picked":["Warcry","Iron Wave","Anger"],"picked":"Singing Bowl","floor":14.0},{"not_picked":["Fiend Fire","Brutality"],"picked":"Offering","floor":16.0},{"not_picked":["Iron Wave","Cleave"],"picked":"Flame Barrier","floor":18.0},{"not_picked":["Pummel","Sentinel","Battle Trance"],"picked":"Singing Bowl","floor":19.0},{"not_picked":["Iron Wave","Infernal Blade","Rupture"],"picked":"Singing Bowl","floor":20.0},{"not_picked":["Disarm","Warcry"],"picked":"Flame Barrier","floor":23.0},{"not_picked":["Anger","Dropkick"],"picked":"Infernal Blade","floor":27},{"not_picked":["Shockwave","Dual Wield"],"picked":"Impervious","floor":30},{"not_picked":["Twin Strike","Headbutt"],"picked":"Uppercut+1","floor":31},{"not_picked":["Immolate","Fiend Fire"],"picked":"Double Tap","floor":33},{"not_picked":["True Grit+1","Pommel Strike"],"picked":"Rupture+1","floor":35},{"not_picked":["Carnage+1","Wild Strike+1"],"picked":"Shrug It Off+1","floor":36},{"not_picked":["Disarm+1","Body Slam"],"picked":"Burning Pact+1","floor":38},{"not_picked":["Carnage","Twin Strike+1"],"picked":"Ghostly Armor+1","floor":39},{"not_picked":["Dark Embrace+1","Cleave+1"],"picked":"Sword Boomerang+1","floor":40},{"not_picked":["Bloodletting","Battle Trance+1","Heavy Blade"],"picked":"Singing Bowl","floor":42}],"player_experience":674119,"relics_obtained":[{"floor":7.0,"key":"TungstenRod"},{"floor":9.0,"key":"Letter Opener"},{"floor":14.0,"key":"Singing Bowl"},{"floor":21.0,"key":"Mummified Hand"},{"floor":23.0,"key":"Sundial"},{"floor":26.0,"key":"Shuriken"},{"floor":30,"key":"Art of War"},{"floor":43,"key":"Lantern"}],"event_choices":[{"damage_healed":0.0,"max_hp_gain":0.0,"max_hp_loss":0.0,"gold_gain":75.0,"event_name":"World of Goop","player_choice":"Gather Gold","floor":2.0,"gold_loss":0.0,"damage_taken":11.0},{"damage_healed":0.0,"max_hp_gain":0.0,"max_hp_loss":0.0,"gold_gain":0.0,"event_name":"Liars Game","player_choice":"Ignored","floor":3.0,"gold_loss":0.0,"damage_taken":0.0},{"damage_healed":0.0,"max_hp_gain":0.0,"max_hp_loss":0.0,"gold_gain":0.0,"event_name":"Lab","player_choice":"Got Potions","floor":4.0,"gold_loss":0.0,"damage_taken":0.0},{"cards_removed":["Strike_R"],"damage_healed":0.0,"max_hp_gain":0.0,"max_hp_loss":0.0,"gold_gain":0.0,"event_name":"Bonfire Elementals","player_choice":"Offered Basic","floor":13.0,"gold_loss":0.0,"damage_taken":0.0},{"damage_healed":0,"gold_gain":0,"player_choice":"","damage_taken":6,"max_hp_gain":0,"max_hp_loss":0,"event_name":"Knowing Skull","floor":29,"potions_obtained":[],"gold_loss":0,"cards_obtained":[]},{"damage_healed":0,"gold_gain":0,"player_choice":"Ignored","damage_taken":0,"max_hp_gain":0,"max_hp_loss":0,"event_name":"SecretPortal","floor":37,"gold_loss":0},{"damage_healed":0,"gold_gain":0,"player_choice":"Ignored","damage_taken":0,"max_hp_gain":0,"max_hp_loss":0,"event_name":"Mysterious Sphere","floor":47,"gold_loss":0},{"damage_healed":0,"gold_gain":0,"player_choice":"Copied","damage_taken":0,"max_hp_gain":0,"max_hp_loss":0,"event_name":"Duplicator","floor":48,"gold_loss":0,"cards_obtained":["Inflame"]}],"is_beta":false,"boss_relics":[{"not_picked":["Calling Bell","Black Star"],"picked":"Ectoplasm"},{"not_picked":["Philosopher\u0027s Stone","Velvet Choker"],"picked":"Cursed Key"}],"items_purged_floors":[12],"is_endless":false,"potions_floor_spawned":[5,8,11,14,20,27,30,39,42],"killed_by":"Donu and Deca","ascension_level":5}}