{"host":"6749gst1gzuv21qf","time":1610327553,"event":{"mods":["Aspiration","BaseMod","Better Altar","Better Match","Better Note","Better Sensory Stone","Better Skull","Better Third Choice","BetterRewards","Colored Map","Colored Powertips","Downfall","Highlight Path","Minty Spire (QoL Compilation)","Permanent Neow","Replay The Spire","Shop Mod","Spicy Shops","StSLib","The Cursed"],"gold_per_floor":[99,112,25,35,20,39,65,78,91,91,106,134,144,170,182,287,287,287,302,315,315,415,415,439,457,457,457,457,457],"floor_reached":27,"playtime":2661,"items_purged":[],"score":252,"play_id":"56bdfc9d-c8c6-46b2-8343-828ecc3d956d","local_time":"20210110201233","is_ascension_mode":false,"campfire_choices":[{"floor":23,"key":"RECALL"}],"circlet_count":0,"master_deck":["champ:Strike","champ:Strike","champ:Defend","champ:Defend","champ:Taunt","Apotheosis","champ:GutPunch","champ:FanOfKnives","champ:Backstep","champ:IronFortress","champ:RisingSlash","champ:StanceDance","champ:Shatter","champ:Encircle","champ:TornadoPunch","champ:IgnorePain","champ:Lariat","champ:PreciseThrust","champ:HeavySlash","champ:ShieldSlam+1","champ:Circumvent+1","champ:Devastate+1","champ:Riposte+1","champ:DeathBlow","Apotheosis+1","champ:HeartStrike"],"relics":["champ:ChampionCrown","aspiration:Lifesprig","The Courier","Happy Flower","Replay:Grab Bag","ChewingGum","aspiration:FutureDiary","Astrolabe","Mirror"],"acts_visited":["Exordium","TheCity"],"potions_floor_usage":[],"damage_taken":[{"damage":13,"enemies":"Cultist","floor":2,"turns":4},{"damage":10,"enemies":"downfall:FleeingMerchant","floor":3,"turns":4},{"damage":10,"enemies":"2 Louse","floor":4,"turns":3},{"damage":14,"enemies":"downfall:FleeingMerchant","floor":5,"turns":4},{"damage":5,"enemies":"Jaw Worm","floor":6,"turns":3},{"damage":25,"enemies":"Large Slime","floor":8,"turns":5},{"damage":0,"enemies":"Red Slaver","floor":9,"turns":4},{"damage":5,"enemies":"2 Fungi Beasts","floor":11,"turns":3},{"damage":42,"enemies":"Gremlin Nob","floor":12,"turns":4},{"damage":25,"enemies":"Large Slime","floor":13,"turns":4},{"damage":14,"enemies":"Lagavulin","floor":14,"turns":6},{"damage":7,"enemies":"Blue Slaver","floor":15,"turns":4},{"damage":36,"enemies":"downfall:Silent","floor":16,"turns":8},{"damage":0,"enemies":"Chosen","floor":19,"turns":6},{"damage":30,"enemies":"Shell Parasite","floor":20,"turns":7},{"damage":55,"enemies":"Cultist and Chosen","floor":25,"turns":8},{"damage":31,"enemies":"3 Cultists","floor":27,"turns":3}],"seed_played":"-7186673917808004409","potions_obtained":[{"floor":2,"key":"BlessingOfTheForge"},{"floor":6,"key":"Milkshake"},{"floor":8,"key":"DistilledChaos"},{"floor":11,"key":"Elixir"},{"floor":14,"key":"FearPotion"}],"is_trial":false,"path_per_floor":["R_BF","M","$","M","$","M","T","M","M","?","M","E","M","E","M","B",null,"R_BF","M","M","?","?","R","T","M","?","M"],"character_chosen":"THE_CHAMP","items_purchased":["champ:IronFortress"],"campfire_rested":0,"item_purchase_floors":[3],"current_hp_per_floor":[81,81,81,81,75,75,75,73,73,73,73,50,34,40,37,19,81,81,81,57,57,57,57,57,23,23,0,0,0],"gold":457,"neow_bonus":"RANDOM_COLORLESS_2","is_daily":false,"chose_seed":false,"campfire_upgraded":0,"win_rate":0.0,"timestamp":1610327553,"path_taken":["R_BF","M","$","M","?","?","T","M","M","?","M","E","M","E","M","BOSS","R_BF","M","M","?","?","R","T","M","?","M"],"items_purchased_type":["Card"],"build_version":"2020-12-22","purchased_purges":0,"victory":false,"max_hp_per_floor":[81,81,81,81,81,81,81,81,81,81,81,81,81,81,81,81,81,81,81,81,81,81,81,81,81,81,81,81,81],"card_choices":[{"not_picked":["Panache","ReplayUltimateDefense"],"picked":"Apotheosis","floor":0},{"not_picked":["champ:Riposte","champ:BerserkersShout"],"picked":"champ:FanOfKnives","floor":2},{"not_picked":["champ:Control","champ:RisingSlash"],"picked":"champ:Backstep","floor":3},{"not_picked":["champ:GladiatorsShout","champ:IronFortress"],"picked":"champ:Aggression","floor":4},{"not_picked":["champ:Circumvent","champ:GladiatorsShout"],"picked":"champ:RisingSlash","floor":5},{"not_picked":["champ:Circumvent","champ:FanOfKnives"],"picked":"champ:StanceDance","floor":6},{"not_picked":["champ:BringItOn","champ:DefensiveShout","champ:Backstep"],"picked":"SKIP","floor":8},{"not_picked":["champ:BerserkersShout","champ:GladiatorStyle"],"picked":"champ:Shatter","floor":9},{"not_picked":["champ:FocusedGladiator","champ:PerfectedStrike"],"picked":"champ:Encircle","floor":11},{"not_picked":["champ:Duel","champ:Control"],"picked":"champ:TornadoPunch","floor":12},{"not_picked":["champ:AdrenalArmor","champ:StanceDance"],"picked":"champ:IgnorePain","floor":13},{"not_picked":["champ:FanOfKnives","champ:FocusedGladiator"],"picked":"champ:Lariat","floor":14},{"not_picked":["champ:RapidStrikes","champ:FalseCounter"],"picked":"champ:PreciseThrust","floor":15},{"not_picked":["champ:MurderStrike","champ:Devastate"],"picked":"champ:HeavySlash","floor":16},{"not_picked":["champ:Aggression+1","champ:FocusedGladiator+1"],"picked":"champ:Riposte+1","floor":19},{"not_picked":["champ:TornadoPunch","champ:FlashCut+1"],"picked":"champ:DeathBlow","floor":20},{"not_picked":["champ:StanceDance","champ:GladiatorsShout"],"picked":"champ:HeartStrike","floor":25}],"player_experience":651846,"relics_obtained":[{"floor":7,"key":"aspiration:Lifesprig"},{"floor":12,"key":"The Courier"},{"floor":14,"key":"Happy Flower"}],"event_choices":[{"cards_removed":["champ:Defend"],"damage_healed":0,"gold_gain":0,"player_choice":"Offered Basic","damage_taken":0,"max_hp_gain":0,"max_hp_loss":0,"event_name":"Bonfire Elementals","floor":10,"gold_loss":0},{"cards_removed":["champ:Execute"],"damage_healed":0,"gold_gain":0,"player_choice":"Purged","damage_taken":0,"max_hp_gain":0,"max_hp_loss":0,"event_name":"Purifier","floor":18,"gold_loss":0},{"cards_removed":["Apotheosis"],"damage_healed":0,"gold_gain":0,"player_choice":"Take \u0026 Give","damage_taken":0,"max_hp_gain":0,"max_hp_loss":0,"event_name":"betterNote:BetterNote","floor":21,"gold_loss":0,"cards_obtained":["Apotheosis"]}],"is_beta":false,"boss_relics":[{"not_picked":["Fusion Hammer","ReplayTheSpireMod:DimensionalGlitch"],"picked":"Replay:Grab Bag"},{"not_picked":["Philosopher\u0027s Stone","Sozu"],"picked":"ChewingGum"},{"not_picked":["downfall:Hecktoplasm","Cursed Key"],"picked":"aspiration:FutureDiary"},{"not_picked":["aspiration:SecretTechniqueScroll","SlaversCollar"],"picked":"Astrolabe"}],"items_purged_floors":[],"is_endless":false,"potions_floor_spawned":[2,6,8,11,14],"killed_by":"3 Cultists","ascension_level":0}}