{"host":"3j2m8n0ywf988fwb","time":1610393206,"event":{"mods":["2.2 Compatiblity","Act Like it!","Aspiration","Astrologer","BaseMod","Beaked The Cultist","Better Altar","Better Match","Better Note","Better Sensory Stone","Better Skull","Better Third Choice","CCEM","Colored Map","Colored Powertips","Conspire","Dark Map","Energized Spire","Evolution","Fireblade Mod","GifTheSpireLib","Googly Eyes","Halation","Hallownest","Highlight Path","Hubris","Infinite Spire","Jedi Mod","Jorbs\u0027s Wanderer Trilogy","Marisa????????","Marked Mod","Mimic Mod","Minty Spire (QoL Compilation)","Random Character Button","Relic Stats","Replay The Spire","Robot Space Explorer","Shop Mod","Somnambulant","StSLib","Stuff the Spire","The Bug Knight","The Hierophant","The Marked","The Runesmith","TheFirefly","Unceasing Turn Reminder","everything is the same but u backflip on backflip"],"gold_per_floor":[117,82,82,117,137,137,155,155,200,200,53,77,77,77,2,2,2,107,107,128,131,131],"floor_reached":21,"playtime":997,"items_purged":["Hallownest:curseDreamersLament"],"score":165,"play_id":"d8e8b30e-148f-43bf-9c3a-4c020275d7ed","local_time":"20210111132646","is_ascension_mode":false,"campfire_choices":[{"data":"astrologer:Divination","floor":6,"key":"SMITH"},{"floor":17,"key":"REST"}],"circlet_count":0,"master_deck":["astrologer:Strike","astrologer:Strike","astrologer:Strike","astrologer:Strike","astrologer:Defend","astrologer:Defend","astrologer:Defend","astrologer:Defend","astrologer:NorthStar","astrologer:TheFool","astrologer:Opposition","Voices","astrologer:MeteorShower","astrologer:MeteorShower","astrologer:Divination+1","astrologer:LonelyStar","astrologer:FrozenStar","astrologer:MeteorShower","astrologer:TheChariot","astrologer:Sunrise"],"relics":["astrologer:SkyMirror","EVO:Axolotl","Du-Vu Doll","ReplayTheSpireMod:CursedCoin","halation:IllGainedPizza","Centennial Puzzle","Anchor","Ring of Panic","ReplayTheSpireMod:Ring of Collecting","Pen Nib","hubris:Towel","aspiration:PoetsPen"],"acts_visited":["Exordium","TheCity"],"potions_floor_usage":[21],"damage_taken":[{"damage":0,"enemies":"Hallownest:2_Baldur","floor":1,"turns":3},{"damage":16,"enemies":"conspire:MimicChest","floor":4,"turns":5},{"damage":1,"enemies":"Hallownest:monsterHuskGuard","floor":5,"turns":2},{"damage":7,"enemies":"Hallownest:2_Tiktiks_and_1_Crawlid","floor":7,"turns":3},{"damage":4,"enemies":"Hallownest:Guard_and_Warrior","floor":9,"turns":5},{"damage":7,"enemies":"Hallownest:Guard_and_Warrior","floor":12,"turns":6},{"damage":36,"enemies":"Hallownest:BossFalseKnight","floor":18,"turns":10},{"damage":62,"enemies":"Spheric Guardian","floor":20,"turns":6},{"damage":9,"enemies":"Shell Parasite","floor":21,"turns":2}],"seed_played":"-3429036294936951015","potions_obtained":[{"floor":1,"key":"SneckoOil"},{"floor":12,"key":"AttackPotion"},{"floor":18,"key":"GamblersBrew"},{"floor":20,"key":"Dexterity Potion"}],"is_trial":false,"path_per_floor":["M","$","?","?","M","R","M","?","MIM","?","$","M","PTL","PTL","$","?","R","B",null,"M","M"],"character_chosen":"ASTROLOGER","items_purchased":["ReplayTheSpireMod:CursedCoin","halation:IllGainedPizza","astrologer:MeteorShower","Pen Nib"],"campfire_rested":1,"item_purchase_floors":[2,2,2,11],"current_hp_per_floor":[70,70,70,54,53,53,46,46,42,42,42,35,35,35,35,35,56,20,70,8,0,0],"gold":131,"neow_bonus":"ONE_RARE_RELIC","is_daily":false,"chose_seed":false,"campfire_upgraded":1,"win_rate":0.0,"timestamp":1610393206,"path_taken":["M","$","?","?","M","R","M","?","MIM","?","?","?","PTL","PTL","$","?","R","BOSS","M","M"],"items_purchased_type":["Relic","Relic","Card","Relic"],"build_version":"2020-12-22","purchased_purges":1,"victory":false,"max_hp_per_floor":[70,70,70,70,70,70,70,70,70,70,70,70,70,70,70,70,70,70,70,70,70,70],"relic_stats":{"Centennial Puzzle":[18],"counters":[9,42],"Pen Nib":[4],"obtain_stats":[{"Du-Vu Doll":0,"Centennial Puzzle":4,"Anchor":9,"aspiration:PoetsPen":19,"ReplayTheSpireMod:CursedCoin":2,"ReplayTheSpireMod:Ring of Collecting":10,"halation:IllGainedPizza":2,"astrologer:SkyMirror":0,"Pen Nib":11,"EVO:Axolotl":0,"Ring of Panic":10,"hubris:Towel":16},{"Du-Vu Doll":0,"Centennial Puzzle":2,"Anchor":5,"aspiration:PoetsPen":7,"ReplayTheSpireMod:CursedCoin":1,"ReplayTheSpireMod:Ring of Collecting":5,"halation:IllGainedPizza":1,"astrologer:SkyMirror":0,"Pen Nib":5,"EVO:Axolotl":0,"Ring of Panic":5,"hubris:Towel":6},{"Du-Vu Doll":0,"Centennial Puzzle":8,"Anchor":18,"aspiration:PoetsPen":34,"ReplayTheSpireMod:CursedCoin":3,"ReplayTheSpireMod:Ring of Collecting":18,"halation:IllGainedPizza":3,"astrologer:SkyMirror":0,"Pen Nib":18,"EVO:Axolotl":0,"Ring of Panic":18,"hubris:Towel":24}]},"card_choices":[{"not_picked":["astrologer:MeteorShower","astrologer:Radiance"],"picked":"astrologer:Opposition","floor":1},{"not_picked":["astrologer:CometStrike","astrologer:Still"],"picked":"astrologer:Divination","floor":4},{"not_picked":["astrologer:TheTower","astrologer:Eclipse","astrologer:Radiance"],"picked":"SKIP","floor":5},{"not_picked":["astrologer:ReadTheStars","astrologer:SolarFlare"],"picked":"astrologer:LonelyStar","floor":7},{"not_picked":["astrologer:ShootingStar","astrologer:SolarFlare"],"picked":"astrologer:FrozenStar","floor":9},{"not_picked":["astrologer:NeutronStar","astrologer:CosmicExpanse"],"picked":"astrologer:MeteorShower","floor":12},{"not_picked":["astrologer:Alignment","astrologer:HeatDeath"],"picked":"astrologer:TheChariot","floor":18},{"not_picked":["astrologer:Eclipse","astrologer:StarOfRegret"],"picked":"astrologer:Sunrise","floor":20}],"player_experience":1108206,"relics_obtained":[{"floor":4,"key":"Centennial Puzzle"},{"floor":9,"key":"Anchor"},{"floor":10,"key":"Ring of Panic"},{"floor":10,"key":"ReplayTheSpireMod:Ring of Collecting"}],"event_choices":[],"is_beta":false,"boss_relics":[{"not_picked":["energizedSpire:SpiderWeb","aspiration:MobileForge"],"picked":"aspiration:PoetsPen"}],"items_purged_floors":[15],"is_endless":false,"potions_floor_spawned":[1,12,18,20],"killed_by":"Shell Parasite","ascension_level":0}}