{"host":"fnk117zi8wf5078t","time":1610362116,"event":{"mods":["AchievementEnabler","BaseMod","Colored Map","Minty Spire (QoL Compilation)","Rare Cards Sparkle","SuperFastMode","everything is the same but u backflip on backflip"],"gold_per_floor":[112,130,205,355,369,369,369,369,414,431,431,451,469,56,56,135,135,154,54,54,54,54,54,68,68,68],"floor_reached":25,"playtime":637,"items_purged":["Strike_R","Strike_R"],"score":382,"play_id":"15d358d4-8b3f-49f3-adc3-7fc3cf56b709","local_time":"20210111194836","is_ascension_mode":true,"campfire_choices":[{"data":"Mayhem","floor":6.0,"key":"SMITH"},{"floor":8.0,"key":"REST"},{"floor":15,"key":"REST"}],"circlet_count":0,"master_deck":["AscendersBane","Strike_R","Strike_R","Strike_R","Defend_R","Defend_R","Defend_R","Defend_R","Bash","Mayhem+1","Thunderclap","Inflame","Hemokinesis","Anger","Pummel","Uppercut","Immolate","Rupture","Exhume","Writhe"],"relics":["Burning Blood","Pear","Anchor","Brimstone","Runic Cube","Frozen Egg 2","Enchiridion"],"acts_visited":["Exordium","TheCity"],"potions_floor_usage":[16,16],"damage_taken":[{"damage":14.0,"enemies":"2 Louse","floor":1.0,"turns":3.0},{"damage":19.0,"enemies":"Jaw Worm","floor":2.0,"turns":4.0},{"damage":12.0,"enemies":"Cultist","floor":5.0,"turns":4.0},{"damage":17.0,"enemies":"Lots of Slimes","floor":10.0,"turns":5.0},{"damage":4,"enemies":"Large Slime","floor":12,"turns":4},{"damage":15,"enemies":"Blue Slaver","floor":13,"turns":3},{"damage":2,"enemies":"Slime Boss","floor":16,"turns":5},{"damage":24,"enemies":"Shell Parasite","floor":18,"turns":3},{"damage":29,"enemies":"Chosen","floor":24,"turns":4},{"damage":17,"enemies":"Snake Plant","floor":25,"turns":1}],"seed_played":"-8239012064765184701","potions_obtained":[{"floor":1.0,"key":"LiquidBronze"},{"floor":5.0,"key":"Swift Potion"},{"floor":10.0,"key":"SkillPotion"},{"floor":12,"key":"Explosive Potion"}],"is_trial":false,"path_per_floor":["M","M","?","?","M","R","?","R","T","M","?","M","M","$","R","B",null,"M","$","?","?","$","$","M","M"],"character_chosen":"IRONCLAD","items_purchased":["Brimstone","Immolate","Rupture"],"campfire_rested":2,"item_purchase_floors":[14,14,14],"current_hp_per_floor":[60,47,36,36,30,30,22,45,45,34,34,36,27,27,50,54,72,54,54,54,33,33,33,10,0,0],"gold":68,"neow_bonus":"RANDOM_COLORLESS_2","is_daily":false,"chose_seed":false,"campfire_upgraded":1,"win_rate":0.0,"timestamp":1610362116,"path_taken":["M","M","?","?","?","R","?","R","T","M","?","M","?","$","R","BOSS","M","?","?","?","?","$","M","M"],"items_purchased_type":["Relic","Card","Card"],"build_version":"2020-12-22","purchased_purges":2,"victory":false,"max_hp_per_floor":[68,68,68,68,68,68,78,78,78,78,78,78,78,78,78,78,78,78,78,78,78,78,78,78,78,78],"card_choices":[{"not_picked":["Transmutation","Panache"],"picked":"Mayhem","floor":0.0},{"not_picked":["Perfected Strike","Warcry"],"picked":"Thunderclap","floor":1.0},{"not_picked":["Twin Strike","Headbutt"],"picked":"Inflame","floor":2.0},{"not_picked":["Twin Strike","Bloodletting"],"picked":"Hemokinesis","floor":5.0},{"not_picked":["Body Slam","Flex"],"picked":"Anger","floor":10.0},{"not_picked":["Twin Strike","Perfected Strike"],"picked":"Pummel","floor":12},{"not_picked":["Perfected Strike","Clash"],"picked":"Uppercut","floor":13},{"not_picked":["Juggernaut","Corruption"],"picked":"Exhume","floor":16},{"not_picked":["Perfected Strike","Wild Strike","Pommel Strike"],"picked":"SKIP","floor":18},{"not_picked":["Iron Wave","Perfected Strike","Body Slam"],"picked":"SKIP","floor":24}],"player_experience":375732,"relics_obtained":[{"floor":9.0,"key":"Anchor"},{"floor":21,"key":"Enchiridion"}],"event_choices":[{"damage_healed":0.0,"max_hp_gain":0.0,"max_hp_loss":0.0,"gold_gain":75.0,"event_name":"World of Goop","player_choice":"Gather Gold","floor":3.0,"gold_loss":0.0,"damage_taken":11.0},{"damage_healed":0.0,"max_hp_gain":0.0,"max_hp_loss":0.0,"gold_gain":150.0,"event_name":"Liars Game","player_choice":"AGREE","floor":4.0,"gold_loss":0.0,"damage_taken":0.0,"cards_obtained":["Doubt"]},{"damage_healed":0.0,"max_hp_gain":0.0,"max_hp_loss":0.0,"gold_gain":0.0,"event_name":"Scrap Ooze","player_choice":"Success","floor":7.0,"gold_loss":0.0,"damage_taken":18.0,"relics_obtained":["Pear"]},{"cards_removed":["Doubt"],"damage_healed":0,"gold_gain":0,"player_choice":"Purged","damage_taken":0,"max_hp_gain":0,"max_hp_loss":0,"event_name":"Purifier","floor":11,"gold_loss":0},{"damage_healed":0,"gold_gain":0,"player_choice":"Opened","damage_taken":0,"relics_obtained":["Frozen Egg 2"],"max_hp_gain":0,"max_hp_loss":0,"event_name":"The Mausoleum","floor":20,"gold_loss":0,"cards_obtained":["Writhe"]},{"damage_healed":0,"gold_gain":0,"player_choice":"Obtained Book","damage_taken":21,"max_hp_gain":0,"max_hp_loss":0,"event_name":"Cursed Tome","floor":21,"gold_loss":0}],"is_beta":false,"boss_relics":[{"not_picked":["Philosopher\u0027s Stone","SacredBark"],"picked":"Runic Cube"}],"items_purged_floors":[14,19],"is_endless":false,"potions_floor_spawned":[1,5,10,12],"killed_by":"Snake Plant","ascension_level":20}}