{"host":"2no1vwhhkhf0ohz3","time":1610352493,"event":{"mods":["AchievementEnabler","BaseMod","Colored Map","DeckTracker","Keyboard Shortcuts","Minty Spire (QoL Compilation)","Relic Stats","SuperFastMode"],"gold_per_floor":[114,126,126,141,91,91,124,124,177,197,215,232,232,247,247,247,247],"floor_reached":16,"playtime":517,"items_purged":[],"score":125,"play_id":"d9c6ef9b-ca0d-4b1f-8e79-265840e16d05","local_time":"20210111170813","is_ascension_mode":true,"campfire_choices":[{"data":"Coolheaded","floor":6,"key":"SMITH"},{"data":"Zap","floor":8,"key":"SMITH"},{"floor":15,"key":"REST"}],"circlet_count":0,"master_deck":["Strike_B","Strike_B","Strike_B","Defend_B","Defend_B+1","Defend_B","Defend_B","Zap+1","Dualcast","Ball Lightning","Coolheaded+1","Conserve Battery","Streamline+1","Coolheaded","Glacier"],"relics":["Cracked Core","NeowsBlessing","Strawberry","Blood Vial"],"acts_visited":["Exordium"],"potions_floor_usage":[14],"damage_taken":[{"damage":0.0,"enemies":"Cultist","floor":1.0,"turns":1.0},{"damage":0.0,"enemies":"2 Louse","floor":2.0,"turns":1.0},{"damage":0.0,"enemies":"Jaw Worm","floor":4.0,"turns":1.0},{"damage":20,"enemies":"3 Sentries","floor":7,"turns":7},{"damage":15,"enemies":"3 Louse","floor":10,"turns":2},{"damage":20,"enemies":"Lots of Slimes","floor":11,"turns":4},{"damage":16,"enemies":"Exordium Wildlife","floor":12,"turns":6},{"damage":0,"enemies":"Blue Slaver","floor":14,"turns":3},{"damage":0,"enemies":"The Guardian","floor":16,"turns":1}],"seed_played":"4484291644116907011","potions_obtained":[{"floor":1.0,"key":"Energy Potion"},{"floor":7,"key":"BlessingOfTheForge"},{"floor":10,"key":"DuplicationPotion"}],"is_trial":false,"path_per_floor":["M","M","?","M","?","R","E","R","T","M","M","M","?","M","R","B"],"character_chosen":"DEFECT","items_purchased":[],"campfire_rested":1,"item_purchase_floors":[],"current_hp_per_floor":[75,75,75,75,75,75,62,62,62,49,31,17,1,3,27,29,29],"gold":247,"neow_bonus":"THREE_ENEMY_KILL","is_daily":false,"chose_seed":false,"campfire_upgraded":2,"win_rate":0.0,"timestamp":1610352493,"path_taken":["M","M","?","M","?","R","E","R","T","M","M","M","?","?","R","BOSS"],"items_purchased_type":[],"build_version":"2020-12-22","purchased_purges":0,"victory":false,"max_hp_per_floor":[75,75,75,75,75,75,82,82,82,82,82,82,82,82,82,82,82],"relic_stats":{"Blood Vial":10,"counters":[9,26],"obtain_stats":[{"Blood Vial":9,"NeowsBlessing":0,"Strawberry":7,"Cracked Core":0},{"Blood Vial":4,"NeowsBlessing":0,"Strawberry":4,"Cracked Core":0},{"Blood Vial":10,"NeowsBlessing":0,"Strawberry":10,"Cracked Core":0}]},"card_choices":[{"not_picked":["Doom and Gloom","Streamline"],"picked":"Ball Lightning","floor":1.0},{"not_picked":["Hello World","Machine Learning"],"picked":"Coolheaded","floor":2.0},{"not_picked":["Sweeping Beam","Barrage"],"picked":"Conserve Battery","floor":4.0},{"not_picked":["Barrage","Loop"],"picked":"Streamline","floor":7},{"not_picked":["Sweeping Beam","Undo"],"picked":"Coolheaded","floor":10},{"not_picked":["Loop","Recycle"],"picked":"Glacier","floor":11},{"not_picked":["Streamline","Chaos","Stack"],"picked":"SKIP","floor":12},{"not_picked":["Steam","Steam Power","Reinforced Body"],"picked":"SKIP","floor":14}],"player_experience":287679,"relics_obtained":[{"floor":7,"key":"Strawberry"},{"floor":9,"key":"Blood Vial"}],"event_choices":[{"damage_healed":0.0,"max_hp_gain":0.0,"max_hp_loss":0.0,"gold_gain":0.0,"event_name":"Liars Game","player_choice":"Ignored","floor":3.0,"gold_loss":0.0,"damage_taken":0.0},{"cards_removed":["Strike_B"],"damage_healed":0,"gold_gain":0,"player_choice":"Card Removal","damage_taken":0,"max_hp_gain":0,"max_hp_loss":0,"event_name":"The Cleric","floor":5,"gold_loss":50},{"damage_healed":0,"gold_gain":0,"player_choice":"Entered Light","damage_taken":16,"max_hp_gain":0,"max_hp_loss":0,"event_name":"Shining Light","floor":13,"gold_loss":0,"cards_upgraded":["Streamline","Defend_B"]}],"is_beta":false,"boss_relics":[],"items_purged_floors":[],"is_endless":false,"potions_floor_spawned":[1,7,10,11],"killed_by":"The Guardian","ascension_level":4}}