{"host":"e1pm3b7xpcm97e5w","time":1610397505,"event":{"mods":["BaseMod","Better Skull","Googly Eyes","Minty Spire (QoL Compilation)","Relic Stats","Shop Mod","Spicy Shops","StSLib"],"gold_per_floor":[160,160,235,235,255,255,279,313,336,336,372,372,52,72,72,161,161,184,184,137,137,137],"floor_reached":21,"playtime":758,"items_purged":["Strike_G"],"score":346,"play_id":"3e4d5379-866e-4a7e-9046-b0c90056ef0f","local_time":"20210111153825","is_ascension_mode":true,"campfire_choices":[{"floor":6,"key":"REST"},{"floor":10,"key":"REST"},{"floor":12,"key":"REST"},{"floor":15,"key":"REST"}],"circlet_count":0,"master_deck":["AscendersBane","Strike_G","Strike_G+1","Strike_G","Defend_G","Defend_G","Defend_G","Defend_G","Defend_G","Survivor","Neutralize","PiercingWail","Poisoned Stab","Dodge and Roll","Deadly Poison","Deadly Poison","Calculated Gamble","Noxious Fumes","Core Surge","Conserve Battery"],"relics":["Tiny House","Golden Idol","PreservedInsect","Bronze Scales","Bottled Flame","PrismaticShard","Velvet Choker","Ginger"],"acts_visited":["Exordium","TheCity"],"potions_floor_usage":[11,11,16,18],"damage_taken":[{"damage":2,"enemies":"Cultist","floor":1,"turns":6},{"damage":11,"enemies":"Jaw Worm","floor":5,"turns":5},{"damage":1,"enemies":"Small Slimes","floor":7,"turns":3},{"damage":31,"enemies":"3 Sentries","floor":8,"turns":13},{"damage":33,"enemies":"Gremlin Nob","floor":11,"turns":4},{"damage":7,"enemies":"Exordium Wildlife","floor":14,"turns":4},{"damage":18,"enemies":"Hexaghost","floor":16,"turns":8},{"damage":19,"enemies":"3 Byrds","floor":18,"turns":3},{"damage":20,"enemies":"2 Thieves","floor":20,"turns":5},{"damage":18,"enemies":"Cultist and Chosen","floor":21,"turns":5}],"seed_played":"1682162832773479737","potions_obtained":[{"floor":0,"key":"Swift Potion"},{"floor":8,"key":"Strength Potion"},{"floor":11,"key":"PowerPotion"},{"floor":14,"key":"DistilledChaos"},{"floor":16,"key":"Dexterity Potion"},{"floor":18,"key":"Ancient Potion"}],"is_trial":false,"path_per_floor":["M","?","?","?","M","R","M","E","T","R","E","R","$","M","R","B",null,"M","?","M","M"],"character_chosen":"THE_SILENT","items_purchased":["Noxious Fumes","PrismaticShard"],"campfire_rested":4,"item_purchase_floors":[13,13],"current_hp_per_floor":[62,55,44,44,33,52,51,20,20,39,6,25,25,18,37,19,53,34,34,14,0,0],"gold":137,"neow_bonus":"BOSS_RELIC","is_daily":false,"chose_seed":false,"campfire_upgraded":0,"win_rate":0.0,"timestamp":1610397505,"path_taken":["M","?","?","?","?","R","M","E","T","R","E","R","?","M","R","BOSS","M","?","?","M"],"items_purchased_type":["Card","Relic"],"build_version":"2020-12-22","purchased_purges":1,"victory":false,"max_hp_per_floor":[71,71,71,64,64,64,64,64,64,64,64,64,64,64,64,64,64,64,64,64,64,64],"relic_stats":{"counters":[10,56],"Golden Idol":53,"Bronze Scales":[126],"PreservedInsect":27,"Ginger":[6],"obtain_stats":[{"Bottled Flame":11,"Tiny House":0,"Golden Idol":4,"Bronze Scales":9,"Velvet Choker":17,"PreservedInsect":8,"Ginger":19,"PrismaticShard":13,"Ring of the Snake":0},{"Bottled Flame":5,"Tiny House":0,"Golden Idol":1,"Bronze Scales":4,"Velvet Choker":7,"PreservedInsect":4,"Ginger":8,"PrismaticShard":5,"Ring of the Snake":0},{"Bottled Flame":31,"Tiny House":0,"Golden Idol":6,"Bronze Scales":27,"Velvet Choker":43,"PreservedInsect":27,"Ginger":46,"PrismaticShard":31,"Ring of the Snake":0}]},"card_choices":[{"not_picked":["Bane","Eviscerate"],"picked":"PiercingWail","floor":0},{"not_picked":["Finisher","Dagger Spray"],"picked":"Poisoned Stab","floor":1},{"not_picked":["Masterful Stab","Outmaneuver"],"picked":"Dodge and Roll","floor":5},{"not_picked":["Doppelganger","Backstab"],"picked":"Deadly Poison","floor":7},{"not_picked":["Choke","Skewer"],"picked":"Deadly Poison","floor":8},{"not_picked":["Outmaneuver","A Thousand Cuts"],"picked":"Calculated Gamble","floor":11},{"not_picked":["Sweeping Beam","SandsOfTime","FollowUp"],"picked":"SKIP","floor":14},{"not_picked":["SpiritShield","Ragnarok"],"picked":"Core Surge","floor":16},{"not_picked":["ThirdEye","Warcry"],"picked":"Conserve Battery","floor":18},{"not_picked":["Stack","Halt","Poisoned Stab"],"picked":"SKIP","floor":20}],"player_experience":513249,"relics_obtained":[{"floor":8,"key":"PreservedInsect"},{"floor":9,"key":"Bronze Scales"},{"floor":11,"key":"Bottled Flame"}],"event_choices":[{"cards_removed":["Strike_G"],"damage_healed":0,"gold_gain":0,"player_choice":"Card Removal","damage_taken":7,"max_hp_gain":0,"max_hp_loss":0,"event_name":"Golden Wing","floor":2,"gold_loss":0},{"damage_healed":0,"gold_gain":75,"player_choice":"Gather Gold","damage_taken":11,"max_hp_gain":0,"max_hp_loss":0,"event_name":"World of Goop","floor":3,"gold_loss":0},{"damage_healed":0,"gold_gain":0,"player_choice":"Lose Max HP","damage_taken":0,"relics_obtained":["Golden Idol"],"max_hp_gain":0,"max_hp_loss":7,"event_name":"Golden Idol","floor":4,"gold_loss":0},{"damage_healed":0,"gold_gain":0,"player_choice":"Gave Potion","damage_taken":0,"relics_obtained":["Ginger"],"max_hp_gain":0,"max_hp_loss":0,"event_name":"WeMeetAgain","floor":19,"gold_loss":0}],"is_beta":false,"boss_relics":[{"not_picked":["Coffee Dripper","Sozu"],"picked":"Velvet Choker"}],"items_purged_floors":[13],"is_endless":false,"potions_floor_spawned":[8,11,14,16,18],"killed_by":"Cultist and Chosen","ascension_level":17}}