{"host":"1a3cjta80tad0aqj","time":1610337027,"event":{"mods":["2.2 Compatiblity","AchievementEnabler","BaseMod","Colored Map","DeckTracker","KOR Keyword Fix","Keyboard Shortcuts","Minty Spire (QoL Compilation)","Permanent Neow","Quick Restart","Random Character Button","StSLib","SuperFastMode","everything is the same but u backflip on backflip"],"gold_per_floor":[112,129,141,159,11,41,41,41,41,52,52,68,116,136,136,237,237,249,233,259,259,259],"floor_reached":21,"playtime":902,"items_purged":["Defend_G"],"score":183,"play_id":"2f44825f-3dc1-447b-bed5-9456688cab4f","local_time":"20210111125027","is_ascension_mode":false,"campfire_choices":[{"data":"Noxious Fumes","floor":7.0,"key":"SMITH"},{"data":"Burst","floor":11.0,"key":"SMITH"},{"floor":15.0,"key":"REST"}],"circlet_count":0,"master_deck":["Strike_G","Strike_G","Strike_G","Strike_G","Strike_G","Defend_G","Defend_G","Defend_G","Defend_G","Survivor","Neutralize","Burst+1","Slice","Dagger Throw","Leg Sweep","Backstab","Noxious Fumes+1","Cloak And Dagger","Phantasmal Killer","Deadly Poison","Blade Dance","Bullet Time","Acrobatics+1","Catalyst"],"relics":["Ring of the Snake","Regal Pillow","Tiny Chest","Centennial Puzzle","Blood Vial"],"acts_visited":["Exordium","TheCity"],"potions_floor_usage":[],"damage_taken":[{"damage":0.0,"enemies":"2 Louse","floor":1.0,"turns":4.0},{"damage":4.0,"enemies":"Jaw Worm","floor":2.0,"turns":5.0},{"damage":1.0,"enemies":"Cultist","floor":3.0,"turns":4.0},{"damage":0.0,"enemies":"Exordium Wildlife","floor":4.0,"turns":3.0},{"damage":17.0,"enemies":"Lagavulin","floor":6.0,"turns":7.0},{"damage":10.0,"enemies":"Looter","floor":10.0,"turns":3.0},{"damage":8.0,"enemies":"Large Slime","floor":12.0,"turns":6.0},{"damage":13.0,"enemies":"2 Fungi Beasts","floor":14.0,"turns":3.0},{"damage":12.0,"enemies":"Hexaghost","floor":16.0,"turns":8.0},{"damage":11.0,"enemies":"Shell Parasite","floor":18.0,"turns":5.0},{"damage":9.0,"enemies":"2 Thieves","floor":19.0,"turns":4.0},{"damage":49,"enemies":"Masked Bandits","floor":21,"turns":4}],"seed_played":"4351168705604818796","potions_obtained":[{"floor":2.0,"key":"SteroidPotion"},{"floor":6.0,"key":"Fire Potion"},{"floor":10.0,"key":"FearPotion"},{"floor":18.0,"key":"Block Potion"}],"is_trial":false,"path_per_floor":["M","M","M","M","$","E","R","?","T","M","R","M","T","M","R","B",null,"M","M","T","?"],"character_chosen":"THE_SILENT","items_purchased":["Noxious Fumes"],"campfire_rested":1,"item_purchase_floors":[5],"current_hp_per_floor":[63,59,58,58,58,41,41,41,41,31,31,23,23,10,43,31,63,52,43,43,0,0],"gold":259,"neow_bonus":"THREE_RARE_CARDS","is_daily":false,"chose_seed":true,"campfire_upgraded":2,"win_rate":0.0,"timestamp":1610337027,"path_taken":["M","M","M","M","$","E","R","?","T","M","R","M","?","M","R","BOSS","M","M","?","?"],"items_purchased_type":["Card"],"build_version":"2020-12-22","purchased_purges":1,"victory":false,"max_hp_per_floor":[63,63,63,63,63,63,63,63,63,63,63,63,63,63,63,63,63,63,63,63,63,63],"card_choices":[{"not_picked":["Venomology","Night Terror"],"picked":"Burst","floor":0.0},{"not_picked":["Distraction","Dagger Spray"],"picked":"Slice","floor":1.0},{"not_picked":["Eviscerate","Acrobatics"],"picked":"Dagger Throw","floor":2.0},{"not_picked":["Outmaneuver","Acrobatics"],"picked":"Leg Sweep","floor":3.0},{"not_picked":["Bane","All Out Attack"],"picked":"Backstab","floor":4.0},{"not_picked":["Dodge and Roll","Bane"],"picked":"Cloak And Dagger","floor":6.0},{"not_picked":["Cloak And Dagger","Dagger Spray"],"picked":"Phantasmal Killer","floor":10.0},{"not_picked":["Acrobatics","Cloak And Dagger"],"picked":"Deadly Poison","floor":12.0},{"not_picked":["Deflect","Accuracy"],"picked":"Blade Dance","floor":14.0},{"not_picked":["Malaise","Unload"],"picked":"Bullet Time","floor":16.0},{"not_picked":["Bane","Dagger Spray"],"picked":"Acrobatics+1","floor":18.0},{"not_picked":["Outmaneuver","Dodge and Roll"],"picked":"Catalyst","floor":19.0}],"player_experience":288038,"relics_obtained":[{"floor":6.0,"key":"Regal Pillow"},{"floor":9.0,"key":"Tiny Chest"},{"floor":13.0,"key":"Centennial Puzzle"},{"floor":20.0,"key":"Blood Vial"}],"event_choices":[{"damage_healed":0.0,"max_hp_gain":0.0,"max_hp_loss":0.0,"gold_gain":0.0,"event_name":"Dead Adventurer","player_choice":"Searched \u00270\u0027 times","floor":8.0,"gold_loss":0.0,"damage_taken":0.0},{"damage_healed":0,"gold_gain":0,"player_choice":"Fought Bandits","damage_taken":0,"max_hp_gain":0,"max_hp_loss":0,"event_name":"Masked Bandits","floor":21,"gold_loss":0}],"is_beta":false,"boss_relics":[{"not_picked":["Runic Dome","Snecko Eye","Sozu"]}],"items_purged_floors":[5],"is_endless":false,"potions_floor_spawned":[2,6,10,18],"killed_by":"Masked Bandits","ascension_level":0}}