{"host":"gx7yyrn1gkym3qpb","time":1610348027,"event":{"mods":["AchievementEnabler","BaseMod","Better Altar","Better Match","Better Note","Better Sensory Stone","Better Skull","Better Third Choice","Highlight Path","Minty Spire (QoL Compilation)","Permanent Neow","Quick Restart","StSLib","Unceasing Turn Reminder"],"gold_per_floor":[119,119,119,134,209,241,241,275,327,355,14,14,14,38,38,115,115,135,135,160,171,14,14,44,56,94,141,166,210,222,252,264,355,367,394,24,43,93,103,138,152,180,203,213,238,263,289,321,321,321,321,321,271,296,296],"floor_reached":56,"playtime":2804,"items_purged":["Strike_R","Strike_R"],"score":2268,"play_id":"03e58d7d-8879-4561-a87a-15cd28e15596","local_time":"20210111015347","is_ascension_mode":true,"campfire_choices":[{"data":"Armaments","floor":7,"key":"SMITH"},{"data":"Feed","floor":12,"key":"SMITH"},{"data":"Carnage","floor":15,"key":"SMITH"},{"data":"Sword Boomerang","floor":23,"key":"SMITH"},{"data":"Shockwave","floor":25,"key":"SMITH"},{"data":"Battle Trance","floor":30,"key":"SMITH"},{"data":"Impervious","floor":32,"key":"SMITH"},{"floor":49,"key":"RECALL"}],"circlet_count":0,"master_deck":["AscendersBane","Strike_R","Strike_R+1","Defend_R","Defend_R","Defend_R","Defend_R","Bash+1","Feed+1","Demon Form+1","Battle Trance+1","Armaments+1","Carnage+1","Seeing Red","Impervious+1","Reaper+1","Sword Boomerang+1","Shockwave+1","Limit Break","Offering","Sword Boomerang+1","Reaper"],"relics":["Burning Blood","Tiny Chest","Oddly Smooth Stone","Toy Ornithopter","Happy Flower","Vajra","Art of War","Coffee Dripper","ClockworkSouvenir","MawBank","Smiling Mask","MealTicket","Red Skull","Fusion Hammer","TungstenRod","Gambling Chip","Bag of Marbles","Bag of Preparation","Whetstone","Ancient Tea Set","FossilizedHelix","PreservedInsect","Thread and Needle","Nunchaku"],"acts_visited":["TheCity","TheBeyond","TheEnding"],"potions_floor_usage":[6,18,29],"damage_taken":[{"damage":17.0,"enemies":"2 Louse","floor":1.0,"turns":3.0},{"damage":11,"enemies":"Jaw Worm","floor":4,"turns":6},{"damage":35,"enemies":"3 Sentries","floor":6,"turns":8},{"damage":0,"enemies":"Lagavulin","floor":8,"turns":7},{"damage":19,"enemies":"Gremlin Nob","floor":10,"turns":4},{"damage":8,"enemies":"Hexaghost","floor":16,"turns":10},{"damage":23,"enemies":"2 Thieves","floor":18,"turns":4},{"damage":18,"enemies":"Chosen","floor":21,"turns":7},{"damage":38,"enemies":"Gremlin Leader","floor":24,"turns":6},{"damage":26,"enemies":"Book of Stabbing","floor":27,"turns":6},{"damage":16,"enemies":"Centurion and Healer","floor":28,"turns":6},{"damage":16,"enemies":"Gremlin Leader","floor":29,"turns":7},{"damage":1,"enemies":"Snake Plant","floor":31,"turns":3},{"damage":53,"enemies":"Automaton","floor":33,"turns":11},{"damage":10,"enemies":"Orb Walker","floor":35,"turns":3},{"damage":0,"enemies":"3 Shapes","floor":37,"turns":4},{"damage":72,"enemies":"2 Orb Walkers","floor":38,"turns":5},{"damage":0,"enemies":"Jaw Worm Horde","floor":39,"turns":4},{"damage":26,"enemies":"Nemesis","floor":40,"turns":5},{"damage":17,"enemies":"Spire Growth","floor":41,"turns":4},{"damage":66,"enemies":"Reptomancer","floor":42,"turns":8},{"damage":18,"enemies":"3 Darklings","floor":44,"turns":4},{"damage":74,"enemies":"Nemesis","floor":45,"turns":7},{"damage":5,"enemies":"Mind Bloom Boss Battle","floor":46,"turns":5},{"damage":2,"enemies":"Giant Head","floor":48,"turns":5},{"damage":18,"enemies":"Awakened One","floor":50,"turns":7},{"damage":40,"enemies":"Shield and Spear","floor":54,"turns":4},{"damage":107,"enemies":"The Heart","floor":55,"turns":7}],"seed_played":"1512790961409115689","potions_obtained":[{"floor":1.0,"key":"Fire Potion"},{"floor":4,"key":"LiquidMemories"},{"floor":8,"key":"PowerPotion"},{"floor":10,"key":"FairyPotion"},{"floor":24,"key":"Fire Potion"},{"floor":31,"key":"BloodPotion"}],"is_trial":false,"path_per_floor":["M","?","?","M","?","E","R","E","T","E","$","R","?","T","R","B",null,"M","?","T","M","$","R","E","R","T","E","M","E","R","M","R","B",null,"M","$","M","?","M","E","M","E","T","M","E","?","T","E","R","B",null,"R","$","E","B",null],"character_chosen":"IRONCLAD","items_purchased":["Impervious","Vajra","ClockworkSouvenir","TungstenRod"],"campfire_rested":0,"item_purchase_floors":[11,11,22,36],"current_hp_per_floor":[60,60,60,58,47,21,21,31,31,18,18,18,23,23,23,25,79,83,83,83,91,91,91,85,85,85,77,102,101,101,110,110,67,111,111,126,133,93,103,83,106,132,132,149,149,153,153,153,153,157,157,157,157,139,157],"gold":296,"neow_bonus":"ONE_RANDOM_RARE_CARD","is_daily":false,"chose_seed":false,"campfire_upgraded":7,"win_rate":0.0,"timestamp":1610348027,"path_taken":["M","?","?","M","?","E","R","E","T","E","$","R","?","?","R","BOSS","M","?","?","M","?","R","E","R","T","E","M","E","R","M","R","BOSS","M","$","M","?","M","E","M","E","T","M","E","?","?","E","R","BOSS","R","$","E","BOSS"],"items_purchased_type":["Card","Relic","Relic","Relic"],"build_version":"2020-12-22","purchased_purges":2,"victory":true,"max_hp_per_floor":[78,78,78,81,81,84,84,88,88,88,88,88,93,93,93,97,97,101,101,101,105,105,105,109,109,109,109,113,117,117,121,121,125,125,129,129,133,133,137,137,141,145,145,149,149,153,153,153,153,157,157,157,157,157,157],"card_choices":[{"not_picked":["Infernal Blade","Clash","Iron Wave"],"picked":"SKIP","floor":1.0},{"not_picked":["Body Slam","Rage"],"picked":"Battle Trance","floor":4},{"not_picked":["Pummel","Sever Soul"],"picked":"Armaments","floor":6},{"not_picked":["Twin Strike","Cleave"],"picked":"Carnage","floor":8},{"not_picked":["Sever Soul","Feel No Pain"],"picked":"Seeing Red","floor":10},{"not_picked":["Berserk","Immolate"],"picked":"Reaper","floor":16},{"not_picked":["Twin Strike+1","Carnage"],"picked":"Sword Boomerang","floor":18},{"not_picked":["True Grit","Headbutt","Warcry"],"picked":"SKIP","floor":21},{"not_picked":["Body Slam","Berserk"],"picked":"Shockwave","floor":24},{"not_picked":["Carnage","Battle Trance","Seeing Red"],"picked":"SKIP","floor":27},{"not_picked":["Pommel Strike","Iron Wave","Shrug It Off"],"picked":"SKIP","floor":28},{"not_picked":["Wild Strike","Brutality","True Grit"],"picked":"SKIP","floor":29},{"not_picked":["Clash","Intimidate","Clothesline"],"picked":"SKIP","floor":31},{"not_picked":["Barricade","Offering"],"picked":"Limit Break","floor":33},{"not_picked":["Intimidate","Dark Embrace","Clash+1"],"picked":"SKIP","floor":35},{"not_picked":["True Grit","Shrug It Off","Feel No Pain"],"picked":"SKIP","floor":37},{"not_picked":["Shrug It Off","Warcry","Flex+1"],"picked":"SKIP","floor":39},{"not_picked":["Thunderclap","Sword Boomerang+1"],"picked":"Offering","floor":40},{"not_picked":["Sword Boomerang","Sentinel+1","Flex+1"],"picked":"SKIP","floor":41},{"not_picked":["Berserk","Bloodletting","Warcry"],"picked":"SKIP","floor":42},{"not_picked":["Body Slam+1","Clash+1","Thunderclap+1"],"picked":"SKIP","floor":44},{"not_picked":["Pommel Strike","Anger"],"picked":"Sword Boomerang+1","floor":45},{"not_picked":["Fire Breathing","Sword Boomerang"],"picked":"Reaper","floor":46},{"not_picked":["Shrug It Off","Twin Strike","Infernal Blade+1"],"picked":"SKIP","floor":48},{"not_picked":["Body Slam+1","Pommel Strike+1","Brutality"],"picked":"SKIP","floor":54}],"player_experience":400772,"relics_obtained":[{"floor":6,"key":"Tiny Chest"},{"floor":8,"key":"Oddly Smooth Stone"},{"floor":9,"key":"Toy Ornithopter"},{"floor":10,"key":"Happy Flower"},{"floor":14,"key":"Art of War"},{"floor":24,"key":"MawBank"},{"floor":26,"key":"Smiling Mask"},{"floor":27,"key":"MealTicket"},{"floor":29,"key":"Red Skull"},{"floor":38,"key":"Gambling Chip"},{"floor":40,"key":"Bag of Marbles"},{"floor":42,"key":"Bag of Preparation"},{"floor":43,"key":"Whetstone"},{"floor":45,"key":"Ancient Tea Set"},{"floor":46,"key":"FossilizedHelix"},{"floor":47,"key":"PreservedInsect"},{"floor":48,"key":"Thread and Needle"},{"floor":54,"key":"Nunchaku"}],"event_choices":[{"damage_healed":0.0,"max_hp_gain":0.0,"max_hp_loss":0.0,"gold_gain":1.0,"event_name":"betterStone:BetterStone","player_choice":"4","floor":2.0,"gold_loss":0.0,"damage_taken":0.0,"cards_obtained":["Demon Form"]},{"damage_healed":0.0,"max_hp_gain":0.0,"max_hp_loss":0.0,"gold_gain":0.0,"event_name":"Living Wall","player_choice":"Grow","floor":3.0,"gold_loss":0.0,"damage_taken":0.0,"cards_upgraded":["Bash"]},{"damage_healed":0,"gold_gain":75,"player_choice":"Gold","damage_taken":11,"max_hp_gain":0,"max_hp_loss":0,"event_name":"betterThird:BetterGoop","floor":5,"gold_loss":0},{"damage_healed":0,"gold_gain":0,"player_choice":"Donut","damage_taken":0,"max_hp_gain":5,"max_hp_loss":0,"event_name":"Big Fish","floor":13,"gold_loss":0},{"cards_removed":["Strike_R"],"damage_healed":0,"gold_gain":0,"player_choice":"Offered Basic","damage_taken":0,"max_hp_gain":0,"max_hp_loss":0,"event_name":"Bonfire Elementals","floor":19,"gold_loss":0},{"damage_healed":0,"gold_gain":0,"player_choice":"Fight","damage_taken":0,"max_hp_gain":0,"max_hp_loss":0,"event_name":"Mysterious Sphere","floor":38,"gold_loss":0},{"damage_healed":0,"gold_gain":0,"player_choice":"Fight","damage_taken":0,"max_hp_gain":0,"max_hp_loss":0,"event_name":"MindBloom","floor":46,"gold_loss":0}],"is_beta":false,"boss_relics":[{"not_picked":["Ectoplasm","Black Star"],"picked":"Coffee Dripper"},{"not_picked":["Snecko Eye","Mark of Pain"],"picked":"Fusion Hammer"}],"items_purged_floors":[36,53],"is_endless":false,"potions_floor_spawned":[1,4,8,10,24,28,31,37,40,41,42,44,54],"ascension_level":17}}