{"host":"mfnyjbfkyfsz33u9","time":1610371118,"event":{"mods":["2.2 Compatiblity","BaseMod","Colored Powertips","Downfall","Marisa£¨Ùöéë¡¡Øª×âÞÞ£©","Minty Spire (QoL Compilation)","Rare Cards Sparkle","Replay The Spire","StSLib","SuperFastMode","The Cursed"],"gold_per_floor":[118,134,134,145,198,198,208,208,208,228,244,256,236,252,252,357,357,369,386,386,386],"floor_reached":20,"playtime":436,"items_purged":[],"score":187,"play_id":"21b88b54-e48f-41f9-8429-bbfb817b13ed","local_time":"20210111221838","is_ascension_mode":true,"campfire_choices":[{"data":"Zap","floor":6,"key":"SMITH"},{"floor":8,"key":"REST"},{"floor":15,"key":"REST"}],"circlet_count":0,"master_deck":["Strike_B+1","Strike_B","Strike_B","Strike_B","Defend_B","Defend_B","Defend_B","Defend_B+1","Zap+1","Dualcast","Beam Cell","Tempest","Ball Lightning","Defragment","Time Bomb","Cold Snap","Genetic Algorithm","Panic Button","Machine Learning","Go for the Eyes","Electrodynamics","Self Repair"],"relics":["FrozenCore","NeowsBlessing","Replay:Bottled Snecko","Letter Opener"],"acts_visited":["Exordium","TheCity"],"potions_floor_usage":[12,14,16,16],"damage_taken":[{"damage":0,"enemies":"Cultist","floor":1,"turns":1},{"damage":0,"enemies":"Small Slimes","floor":2,"turns":1},{"damage":0,"enemies":"Jaw Worm","floor":4,"turns":1},{"damage":30,"enemies":"Gremlin Gang","floor":7,"turns":3},{"damage":11,"enemies":"3 Louse","floor":10,"turns":3},{"damage":16,"enemies":"Large Slime","floor":11,"turns":3},{"damage":2,"enemies":"Exordium Wildlife","floor":12,"turns":3},{"damage":0,"enemies":"Blue Slaver","floor":14,"turns":3},{"damage":12,"enemies":"The Guardian","floor":16,"turns":8},{"damage":12,"enemies":"3 Byrds","floor":18,"turns":4},{"damage":11,"enemies":"Shell Parasite","floor":19,"turns":6},{"damage":53,"enemies":"Masked Bandits","floor":20,"turns":3}],"seed_played":"-3691940061289656020","potions_obtained":[{"floor":2,"key":"Elixir"},{"floor":7,"key":"CultistPotion"},{"floor":10,"key":"champ:CounterPotion"},{"floor":12,"key":"LiquidMemories"},{"floor":13,"key":"Dexterity Potion"}],"is_trial":false,"path_per_floor":["M","M","?","M","?","R","M","R","T","M","M","M","?","M","R","B",null,"M","M","?"],"character_chosen":"DEFECT","items_purchased":[],"campfire_rested":2,"item_purchase_floors":[],"current_hp_per_floor":[75,75,60,60,42,42,12,34,34,23,7,5,5,5,27,15,75,63,52,0,0],"gold":386,"neow_bonus":"THREE_ENEMY_KILL","is_daily":false,"chose_seed":false,"campfire_upgraded":1,"win_rate":0.0,"timestamp":1610371118,"path_taken":["M","M","?","M","?","R","M","R","T","M","?","M","?","M","R","BOSS","M","?","?"],"items_purchased_type":[],"build_version":"2020-12-22","purchased_purges":0,"victory":false,"max_hp_per_floor":[75,75,75,75,75,75,75,75,75,75,75,75,75,75,75,75,75,75,75,75,75],"card_choices":[{"not_picked":["Consume","Self Repair"],"picked":"Beam Cell","floor":1},{"not_picked":["Sweeping Beam","ReplaySort"],"picked":"Tempest","floor":2},{"not_picked":["Sweeping Beam","Beam Cell"],"picked":"Ball Lightning","floor":4},{"not_picked":["Leap","Redo"],"picked":"Defragment","floor":5},{"not_picked":["Hello World","Lockon"],"picked":"Time Bomb","floor":5},{"not_picked":["Tempest","Rebound"],"picked":"Cold Snap","floor":7},{"not_picked":["FIFO Queue","Stack"],"picked":"Genetic Algorithm","floor":10},{"not_picked":["BasicCrystalCard","Beam Cell"],"picked":"Panic Button","floor":11},{"not_picked":["Redo","Crystallizer"],"picked":"Machine Learning","floor":12},{"not_picked":["Turbo","Panic Button"],"picked":"Go for the Eyes","floor":14},{"not_picked":["Multi-Cast","Seek"],"picked":"Electrodynamics","floor":16},{"not_picked":["Darkness","Rebound+1","Sweeping Beam"],"picked":"SKIP","floor":18},{"not_picked":["Skim","Tempest"],"picked":"Self Repair","floor":19}],"player_experience":37043,"relics_obtained":[{"floor":5,"key":"Replay:Bottled Snecko"},{"floor":9,"key":"Letter Opener"}],"event_choices":[{"damage_healed":0,"gold_gain":0,"player_choice":"Entered Light","damage_taken":15,"max_hp_gain":0,"max_hp_loss":0,"event_name":"Shining Light","floor":3,"gold_loss":0,"cards_upgraded":["Strike_B","Defend_B"]},{"damage_healed":0,"gold_gain":0,"player_choice":"Bought 1 Potion","damage_taken":0,"max_hp_gain":0,"max_hp_loss":0,"event_name":"The Woman in Blue","floor":13,"gold_loss":0},{"damage_healed":0,"gold_gain":0,"player_choice":"Fought Bandits","damage_taken":0,"max_hp_gain":0,"max_hp_loss":0,"event_name":"Masked Bandits","floor":20,"gold_loss":0}],"is_beta":false,"boss_relics":[{"not_picked":["SacredBark","Painkiller Herb"],"picked":"FrozenCore"}],"items_purged_floors":[],"is_endless":false,"potions_floor_spawned":[2,7,10,12],"killed_by":"Masked Bandits","ascension_level":2}}