{"host":"yncvxcxtq9dkce9q","time":1610400682,"event":{"mods":["ATMod(°¢èªMod)","AchievementEnabler","Act Like it!","Arknights The Spire","Ascension Reborn","Aspiration","Bard","BaseMod","BetterRewards","Colored Powertips","Conspire","Custom Start","Defuse TimeMaze Blight","Dota2Spire","Downfall","Energized Spire","Friendly Minions","GifTheSpireLib","Gremlin Mod","Halation","Hermit","Hubris","Infinite Spire","Jedi Mod","Lobotomy","LobotomyExtend","Marisa£¨ìFÓê¡¡Ä§ÀíÉ³£©","Marked Mod","Minty Spire (QoL Compilation)","MostiFishMod","Pale of the Ancients","Potionbrewer","Rare Cards Sparkle","Reimu£¨²©ÀöÁéÃÎ£©","Replay The Spire","RumiaBox-Â¶Ã×æ«µÄÉñÃØºÐ×Ó","Shop Mod","Spicy Shops","StSLib","Stuff the Spire","TestMod","The Blue Laboratory","The Construct","The Gatherer","The Hayseed","The Jungle","The Runesmith","The Servant 0.9.4","Waifu the Spire","Wandering Minibosses","Youmu£¨»êÆÇÑýÃÎ£©","noobMod","vexMod","¡¾¹¦ÄÜMod¡¿»ìãçÖ®»·ÐÞ¸´²¹¶¡","¡¾ÒÅÎï¿¨ÅÆ¡¿REMEMod"],"gold_per_floor":[110,185,185,185,199,225,251,251,277,291,306,8,19,47,47,144,144,162,162,181,207,227,256,256,256,280,750,750,769,800,800,800,897,897],"floor_reached":18,"playtime":2948,"items_purged":[],"score":477,"play_id":"54740553-819b-492c-ad77-57f894d21c06","local_time":"20210112053122","is_ascension_mode":true,"campfire_choices":[{"floor":8,"key":"RECALL"},{"data":"AT_EssenceShift","floor":15,"key":"SMITH"},{"data":"expansioncontent:DashGenerateEvil","floor":8,"key":"SMITH"},{"data":"ats:Support Order","floor":15,"key":"SMITH"}],"circlet_count":0,"master_deck":["ats:Strike C","ats:Strike G","ats:Strike S","ats:Strike V","ats:Armor Crushing Shot","ats:Defend","ats:Defend+1","ats:Defend","ats:Emotion Absorption","AT_EssenceShift+1","expansioncontent:DashGenerateEvil+1","MostiFishMod:FrostNova","MostiFishMod:WinterMarkForm+1","ats:Neurotoxin","ats:Assault Order","ats:Soul Rend","ats:Soul Rend","ats:Assault Order","ats:Disruption Kick","ats:Spore Proliferation","ats:Support Order+1","ats:Roar Of Ursus+1","ats:Assault Order","ats:Calcification","ats:Roar Of Ursus"],"relics":["ats:Sanity","testmod-TestBox","ice","DaveBox","REME_ComplimentaryCards","AT_ATBox","FrostBlade","testmod-RainbowHikingShoes","aspiration:Nostalgia","StuffTheSpire:OccultApparatus","SynthV:TestCard","ats:Originium","infinitespire:Satchel","ReplayTheSpireMod:TigerMarble","testmod-IndustrialRevolution","Question Card","PatriotShield","HonorFeather","ice","LetterFromLob","SynthV:TestCard","ChaoDraw","conspire:Dentures","Moonlight_r","Smiling Mask","wanderingMiniBosses:LockLocket","ReplayTheSpireMod:Shallot"],"acts_visited":["Exordium","TheCity"],"potions_floor_usage":[7],"damage_taken":[{"damage":0,"enemies":"conspire:RoseBush","floor":1,"turns":4},{"damage":10,"enemies":"Small Slimes","floor":5,"turns":3},{"damage":0,"enemies":"Gremlin Nob","floor":6,"turns":3},{"damage":0,"enemies":"Cultist","floor":7,"turns":3},{"damage":6,"enemies":"Exordium Wildlife","floor":10,"turns":3},{"damage":2,"enemies":"Exordium Thugs","floor":11,"turns":2},{"damage":3,"enemies":"Large Slime","floor":13,"turns":5},{"damage":4,"enemies":"Replay:BlueRogue","floor":14,"turns":4},{"damage":0,"enemies":"Slime Boss","floor":16,"turns":4},{"damage":43,"enemies":"3 Byrds","floor":18,"turns":3},{"damage":0,"enemies":"2 Louse","floor":1,"turns":1},{"damage":2,"enemies":"Cultist","floor":3,"turns":1},{"damage":3,"enemies":"conspire:MimicChest","floor":4,"turns":3},{"damage":0,"enemies":"Small Slimes","floor":5,"turns":1},{"damage":0,"enemies":"3 Sentries","floor":6,"turns":2},{"damage":4,"enemies":"Blue Slaver","floor":10,"turns":5},{"damage":1,"enemies":"Exordium Thugs","floor":12,"turns":2},{"damage":1,"enemies":"Lagavulin","floor":13,"turns":3},{"damage":2,"enemies":"The Guardian","floor":16,"turns":5}],"seed_played":"-2819527198419596290","potions_obtained":[{"floor":5,"key":"EssenceOfSteel"},{"floor":6,"key":"potionbrewer:FireTonic"},{"floor":10,"key":"ZuzhouPotion:ReiMu"},{"floor":11,"key":"jedi:wingpotion"},{"floor":1,"key":"blueLaboratory:EnragingPotion"},{"floor":4,"key":"construct:ShiftPotion"},{"floor":6,"key":"Guardian:BlockOnCardUsePotion"}],"is_trial":false,"path_per_floor":["M","?","?","?","M","E","M","R","T","M","M","$","M","E","R","B",null,"M","M","?","M","?","M","E","M","R","T","M","?","M","E","?","R","B",null,null],"character_chosen":"DOCTOR_CLASS","items_purchased":["testmod-IndustrialRevolution","ats:Soul Rend"],"campfire_rested":0,"item_purchase_floors":[12,12],"current_hp_per_floor":[72,61,68,68,58,58,58,58,58,52,50,50,47,43,43,43,72,72,72,70,67,68,72,31,72,72,70,70,69,68,68,72,72,72],"gold":897,"neow_bonus":"NOSTALGIA","is_daily":false,"chose_seed":false,"campfire_upgraded":3,"win_rate":0.0,"timestamp":1610400682,"path_taken":["M","?","?","?","M","E","M","R","T","?","M","?","M","E","R","BOSS","M","M","?","?","?","M","E","M","R","T","?","?","M","E","?","R","BOSS"],"items_purchased_type":["Relic","Card"],"build_version":"2020-12-22","purchased_purges":0,"victory":true,"max_hp_per_floor":[72,72,72,72,72,72,72,72,72,72,72,72,72,72,72,72,72,72,72,72,72,72,72,72,72,72,72,72,72,72,72,72,72,72],"card_choices":[{"not_picked":["ats:Shell Defense","ats:Cat Scratch","ats:Hammer On"],"picked":"SKIP","floor":1},{"not_picked":["ats:Revitalization","ats:Hammer On","ats:Directed Diagnosis","ats:Burning Ground"],"picked":"ats:Neurotoxin","floor":5},{"not_picked":["ats:Sunburst","ats:Childhood Dance","ats:Consecutive Shot Auto","ats:Directed Diagnosis","ats:Apocalypse"],"picked":"SKIP","floor":6},{"not_picked":["ats:Curse Doll","ats:Burning Ground","ats:Flexible Camouflage","ats:Explosion Area Strengthen"],"picked":"ats:Assault Order","floor":7},{"not_picked":["ats:Beaten Up","ats:Revitalization","ats:Childhood Dance","ats:Flexible Camouflage","ats:Leaping Hammer"],"picked":"SKIP","floor":10},{"not_picked":["ats:Closed Bolt Burst Fire","ats:Chain Hook","ats:Revitalization","ats:Sunburst","ats:Hammer On"],"picked":"SKIP","floor":11},{"not_picked":["ats:Automatic Cover","ats:Closed Bolt Burst Fire","ats:Assault Order","ats:Overload"],"picked":"ats:Soul Rend","floor":13},{"not_picked":["ats:Rapid Magazine","ats:Hammer On","ats:Beaten Up","ats:Composite Medical Shells"],"picked":"ats:Assault Order","floor":14},{"not_picked":["ats:True Silver Slash","ats:Fractured Body","ats:Echo Reverb","ats:Durian","ats:Rat Pack"],"picked":"ats:Disruption Kick","floor":16},{"not_picked":["ats:Curse Doll","ats:Revitalization","ats:Flexible Camouflage","ats:Part Time Job","ats:LN2 Cannon"],"picked":"ats:Spore Proliferation","floor":1},{"not_picked":["ats:Chain Hook","ats:Consecutive Shot Auto","ats:Magnetic Hammer","ats:Demon Strength","ats:Powerful Strike","ats:Flexible Camouflage","ats:Ignite","ats:Shell Defense"],"picked":"SKIP","floor":3},{"not_picked":["ats:Apocalypse","ats:Flexible Camouflage","ats:LN2 Cannon","ats:Hammer On","ats:Poison Spread","ats:Durian","ats:Composite Medical Shells"],"picked":"ats:Support Order","floor":5},{"not_picked":["ats:Cat Scratch","ats:Shadow Assault","ats:Consecutive Shot Auto","ats:Hammer On","ats:Revitalization","ats:Very Hot Blade","ats:Leaping Hammer"],"picked":"ats:Roar Of Ursus","floor":6},{"not_picked":["ats:Chain Hook","ats:Hammer On","ats:Very Hot Blade","ats:Shell Defense","ats:Leaping Hammer","ats:Apocalypse","ats:Wolf Pack"],"picked":"ats:Assault Order","floor":10},{"not_picked":["ats:Assault Order","ats:Flexible Camouflage","ats:Hammer On","ats:Childhood Dance","ats:Apocalypse","ats:Ignite","ats:Blood Oath"],"picked":"ats:Calcification","floor":12},{"not_picked":["ats:Directed Diagnosis","ats:Explosion Area Strengthen","ats:Magnetic Hammer","ats:Charging Defense","ats:Collapsing Strike","ats:Curse Doll","ats:Chain Hook","ats:Leaping Hammer"],"picked":"SKIP","floor":13},{"not_picked":["ats:Echo Reverb","ats:Wolf Pack","ats:Durian","ats:Shadow Assault","ats:Calcification","ats:Rat Pack","ats:Ambush"],"picked":"ats:Roar Of Ursus","floor":16}],"player_experience":460859,"relics_obtained":[{"floor":1,"key":"SynthV:TestCard"},{"floor":1,"key":"LetterFromLob"},{"floor":6,"key":"ats:Originium"},{"floor":6,"key":"infinitespire:Satchel"},{"floor":9,"key":"ReplayTheSpireMod:TigerMarble"},{"floor":14,"key":"ats:Originium"},{"floor":14,"key":"Question Card"},{"floor":1,"key":"LetterFromLob"},{"floor":1,"key":"SynthV:TestCard"},{"floor":4,"key":"ChaoDraw"},{"floor":6,"key":"ats:Originium"},{"floor":6,"key":"conspire:Dentures"},{"floor":9,"key":"Smiling Mask"},{"floor":10,"key":"wanderingMiniBosses:LockLocket"},{"floor":13,"key":"ReplayTheSpireMod:Shallot"}],"event_choices":[{"damage_healed":0,"gold_gain":75,"player_choice":"Gather Gold","damage_taken":11,"max_hp_gain":0,"max_hp_loss":0,"event_name":"World of Goop","floor":2,"gold_loss":0},{"damage_healed":0,"gold_gain":0,"player_choice":"Bought 0 Potions","damage_taken":0,"max_hp_gain":0,"max_hp_loss":0,"event_name":"The Woman in Blue","floor":4,"gold_loss":0},{"cards_removed":["ats:Defend"],"damage_healed":0,"gold_gain":0,"player_choice":"Purged","damage_taken":0,"max_hp_gain":0,"max_hp_loss":0,"event_name":"Purifier","floor":2,"gold_loss":0},{"damage_healed":0,"gold_gain":0,"player_choice":"Upgraded","damage_taken":0,"max_hp_gain":0,"max_hp_loss":0,"event_name":"Upgrade Shrine","floor":14,"gold_loss":0,"cards_upgraded":["MostiFishMod:WinterMarkForm"]}],"is_beta":false,"boss_relics":[{"not_picked":["testmod-Recursion","testmod-CardMagician"],"picked":"PatriotShield"}],"items_purged_floors":[],"is_endless":false,"potions_floor_spawned":[5,6,10,11,1,4,6,10],"ascension_level":0}}