{"host":"v4tuy5ykrbdcm9o9","time":1610326391,"event":{"mods":["BaseMod","Duelist Mod","Minty Spire (QoL Compilation)","Replay The Spire","StSLib"],"gold_per_floor":[113,123,142,56,231,260,274,274,274],"floor_reached":8,"playtime":583,"items_purged":[],"score":73,"play_id":"8980ed55-342d-49ce-b7c0-a3d3c2575854","local_time":"20210110195311","is_ascension_mode":true,"campfire_choices":[],"circlet_count":0,"master_deck":["Strike_P","Strike_P","Strike_P","Strike_P","Defend_P","Defend_P","Defend_P","Defend_P","Eruption","Vigilance","Panacea","Nirvana","Replay:Battleflow","CutThroughFate","Replay:BluntJabs+1","Doubt","Wish","FlurryOfBlows"],"relics":["PureWater","Bottled Flame"],"acts_visited":["Exordium"],"potions_floor_usage":[6,6],"damage_taken":[{"damage":0,"enemies":"2 Louse","floor":1,"turns":2},{"damage":2,"enemies":"Jaw Worm","floor":2,"turns":3},{"damage":0,"enemies":"Cultist","floor":3,"turns":2},{"damage":27,"enemies":"Gremlin Nob","floor":6,"turns":4},{"damage":13,"enemies":"Large Slime","floor":7,"turns":5},{"damage":5,"enemies":"3 Sentries","floor":8,"turns":2}],"seed_played":"-1855518124914132766","potions_obtained":[{"floor":2,"key":"Strength Potion"},{"floor":7,"key":"Elixir"}],"is_trial":false,"path_per_floor":["M","M","M","$","?","E","M","E"],"character_chosen":"WATCHER","items_purchased":["Replay:BluntJabs+1","Energy Potion"],"campfire_rested":0,"item_purchase_floors":[4,4],"current_hp_per_floor":[72,70,70,70,70,43,30,25,25],"gold":274,"neow_bonus":"RANDOM_COLORLESS","is_daily":false,"chose_seed":false,"campfire_upgraded":0,"win_rate":0.0,"timestamp":1610326391,"path_taken":["M","M","M","$","?","E","M","E"],"items_purchased_type":["Card","Potion"],"build_version":"2020-12-22","purchased_purges":0,"victory":false,"max_hp_per_floor":[72,72,72,72,72,72,72,72,72],"card_choices":[{"not_picked":["Impatience","Finesse"],"picked":"Panacea","floor":0},{"not_picked":["EmptyFist","Replay:AtTheReady"],"picked":"Nirvana","floor":1},{"not_picked":["Consecrate","ClearTheMind"],"picked":"Replay:Battleflow","floor":2},{"not_picked":["BattleHymn","Swivel"],"picked":"CutThroughFate","floor":3},{"not_picked":["Prostrate","Wish","Replay:Vibes"],"picked":"SKIP","floor":6},{"not_picked":["Prostrate","Replay:Vibes"],"picked":"Wish","floor":6},{"not_picked":["Replay:ManipulateFuture","EmptyFist"],"picked":"FlurryOfBlows","floor":7}],"player_experience":588439,"relics_obtained":[{"floor":6,"key":"Bottled Flame"}],"event_choices":[{"damage_healed":0,"gold_gain":175,"player_choice":"AGREE","damage_taken":0,"max_hp_gain":0,"max_hp_loss":0,"event_name":"Liars Game","floor":5,"gold_loss":0,"cards_obtained":["Doubt"]}],"is_beta":false,"boss_relics":[],"items_purged_floors":[],"is_endless":false,"potions_floor_spawned":[2,7],"killed_by":"3 Sentries","ascension_level":5}}