{"host":"9kesdg97wkrx2bva","time":1610324506,"event":{"mods":["AchievementEnabler","BaseMod","Colored Map","Downfall","GifTheSpireLib","Infinite Spire","Minty Spire (QoL Compilation)","Replay The Spire","StSLib"],"gold_per_floor":[361,21,21,21,59,59,126,126,149,149,204,104,140,151,151,250,250,289,289,322,322,342,342],"floor_reached":22,"playtime":555,"items_purged":["Strike_B","Strike_B"],"score":346,"play_id":"be2b4a2c-65a4-4a13-93ae-9d9c9e25e8c3","local_time":"20210110192146","is_ascension_mode":true,"campfire_choices":[{"data":"Zap","floor":6,"key":"SMITH"},{"floor":10,"key":"REST"},{"floor":15,"key":"REST"}],"circlet_count":0,"master_deck":["AscendersBane","Defend_B","Defend_B","Defend_B","Defend_B","Zap+1","Dualcast","Gash","Streamline","HandOfGreed","FIFO Queue+1","Streamline","Ball Lightning","Rebound","Loop","Creative AI","All For One","AbeCurse","Gash","HandOfGreed"],"relics":["Cracked Core","Toy Ornithopter","Centennial Puzzle","Geode","Abe\u0027s Treasure","Du-Vu Doll"],"acts_visited":["Exordium","TheCity"],"potions_floor_usage":[7,11,16,16,22],"damage_taken":[{"damage":1,"enemies":"Cultist","floor":1,"turns":3},{"damage":0,"enemies":"2 Louse","floor":5,"turns":2},{"damage":27,"enemies":"3 Sentries","floor":7,"turns":6},{"damage":11,"enemies":"Replay:BlueRogue","floor":11,"turns":3},{"damage":0,"enemies":"Small Slimes","floor":13,"turns":3},{"damage":14,"enemies":"Red Slaver","floor":14,"turns":3},{"damage":12,"enemies":"Slime Boss","floor":16,"turns":6},{"damage":33,"enemies":"2 Thieves","floor":18,"turns":3},{"damage":20,"enemies":"3 Byrds","floor":20,"turns":3},{"damage":18,"enemies":"Centurion and Healer","floor":22,"turns":3}],"seed_played":"1984791793774278947","potions_obtained":[{"floor":5,"key":"Guardian:BlockOnCardUsePotion"},{"floor":7,"key":"FocusPotion"},{"floor":13,"key":"Fire Potion"},{"floor":14,"key":"champ:CounterPotion"},{"floor":18,"key":"SteroidPotion"}],"is_trial":false,"path_per_floor":["M","$","?","?","M","R","E","?","T","R","E","$","M","M","R","B",null,"M","AVR","M","?","M"],"character_chosen":"DEFECT","items_purchased":["Streamline","HandOfGreed"],"campfire_rested":2,"item_purchase_floors":[2,2],"current_hp_per_floor":[45,45,45,45,45,45,18,11,11,32,26,26,26,12,33,31,61,28,28,8,8,0,0],"gold":342,"neow_bonus":"TWO_FIFTY_GOLD","is_daily":false,"chose_seed":false,"campfire_upgraded":1,"win_rate":0.0,"timestamp":1610324506,"path_taken":["M","$","?","?","M","R","E","?","T","R","E","$","M","M","R","BOSS","M","AVR","M","?","M"],"items_purchased_type":["Card","Card"],"build_version":"2020-12-22","purchased_purges":2,"victory":false,"max_hp_per_floor":[71,71,71,71,71,71,71,71,71,71,71,71,71,71,71,71,71,71,71,71,71,71,71],"card_choices":[{"not_picked":["Rebound","Barrage"],"picked":"Gash","floor":1},{"not_picked":["Compile Driver","Panic Button"],"picked":"Streamline","floor":5},{"not_picked":["Hello World","Steam"],"picked":"Ball Lightning","floor":7},{"not_picked":["Crystallizer","Tempest"],"picked":"Rebound","floor":11},{"not_picked":["Streamline","BasicCrystalCard"],"picked":"Loop","floor":13},{"not_picked":["Redo","ReplayTheSpireMod:Reroute Power"],"picked":"Creative AI","floor":14},{"not_picked":["Fission","Reboot"],"picked":"All For One","floor":16},{"not_picked":["Coolheaded","Redo","Scrape"],"picked":"SKIP","floor":18},{"not_picked":["Sunder","Capacitor"],"picked":"Gash","floor":20}],"player_experience":916305,"relics_obtained":[{"floor":7,"key":"Toy Ornithopter"},{"floor":9,"key":"Centennial Puzzle"},{"floor":11,"key":"Geode"}],"event_choices":[{"damage_healed":0,"gold_gain":0,"player_choice":"Ignored","damage_taken":0,"max_hp_gain":0,"max_hp_loss":0,"event_name":"Liars Game","floor":4,"gold_loss":0},{"cards_removed":["Strike_B"],"damage_healed":0,"gold_gain":0,"player_choice":"Card Removal","damage_taken":7,"max_hp_gain":0,"max_hp_loss":0,"event_name":"Golden Wing","floor":8,"gold_loss":0},{"damage_healed":0,"gold_gain":0,"player_choice":"Copied","damage_taken":0,"max_hp_gain":0,"max_hp_loss":0,"event_name":"Duplicator","floor":21,"gold_loss":0,"cards_obtained":["HandOfGreed"]}],"is_beta":false,"boss_relics":[{"not_picked":["Replay:Drink Me","Sozu"],"picked":"Abe\u0027s Treasure"}],"items_purged_floors":[2,12],"is_endless":false,"potions_floor_spawned":[5,7,13,14,18],"killed_by":"Centurion and Healer","ascension_level":16}}