{"host":"iml8x8es9od4zowg","time":1610367771,"event":{"mods":["2.2 Compatiblity","BaseMod","Marisa£¨Ùöéë¡¡Øª×âÞÞ£©","Minty Spire (QoL Compilation)","StSLib","Td1madao Mod","The Bug Knight","The Jungle","¡¼?Úª?ø«¡½REMEMod"],"gold_per_floor":[109,126,137,212,212,212,237,237,237,255,283,48,58,69,69,166,216,251,251,276,276,119,164,195,195,222,257,257,276,326,380,380,496,496,547,547,547,1,12,124,124,168,168,210,210,309,346,408,420,500,512,524,5,37,73],"floor_reached":56,"playtime":4988,"items_purged":["Defend_MRS","BinaryStars","WitchOfGreed"],"score":1511,"play_id":"2d23c760-47ec-4678-978e-0c1209632ee4","local_time":"20210111212251","is_ascension_mode":true,"campfire_choices":[{"data":"MasterSpark","floor":6,"key":"SMITH"},{"data":"DoubleSpark","floor":8,"key":"SMITH"},{"floor":15,"key":"REST"},{"floor":25,"key":"RECALL"},{"floor":32,"key":"REST"},{"floor":45,"key":"REST"},{"floor":49,"key":"REST"},{"data":"MillisecondPulsars","floor":52,"key":"SMITH"}],"circlet_count":0,"master_deck":["Strike_MRS+1","Strike_MRS","Strike_MRS","Strike_MRS","Defend_MRS","Defend_MRS","Defend_MRS","MasterSpark+1","UpSweep+1","UltimateShortwave","DoubleSpark+1","PropBag","RefractionSpark","MagicAbsorber","AsteroidBelt","AsteroidBelt","REME_FirmDetermination+1","EnergyFlow","PropBag","MachineGunSpark","FairyDestructionRay","TreasureHunter","Acceleration","UnstableBomb","SprinkleStarSeal","BlazeAway","Robbery","GrandCross+1","MillisecondPulsars+1","EnergyFlow+1","REME_FirmDetermination+1","Apotheosis","Parasite","GrandCross+1","Parasite","Acceleration+1","PowerUp+1","CasketOfStar+1"],"relics":["MiniHakkero","REME_ComplimentaryCards","Question Card","Lantern","Whetstone","Omamori","Tiny House","theJungle:SneckoAutograph","Sling","Strawberry","Tiny Chest","Blood Vial","The Courier","SacredBark","Bronze Scales","ShroomBag","Pantograph","White Beast Statue","Toxic Egg 2","Smiling Mask","Pen Nib","Ginger","MawBank","Vajra","Ancient Tea Set","Frozen Egg 2","Membership Card","Mango","Shuriken","REME_HourglassOfDeath","Nunchaku"],"acts_visited":["Exordium","Exordium","TheBeyond","TheEnding"],"potions_floor_usage":[11,20,23,24,24,27,30,31,33,40,40,42,46,50,55,55,55,55,55],"damage_taken":[{"damage":0,"enemies":"Small Slimes","floor":1,"turns":3},{"damage":1,"enemies":"Jaw Worm","floor":2,"turns":3},{"damage":1,"enemies":"Cultist","floor":3,"turns":3},{"damage":14,"enemies":"HollowMod:MossKnight","floor":7,"turns":9},{"damage":0,"enemies":"3 Louse","floor":10,"turns":3},{"damage":22,"enemies":"Gremlin Nob","floor":11,"turns":5},{"damage":4,"enemies":"Blue Slaver","floor":13,"turns":3},{"damage":0,"enemies":"Gremlin Gang","floor":14,"turns":4},{"damage":33,"enemies":"The Guardian","floor":16,"turns":12},{"damage":22,"enemies":"theJungle:MUSHROOMGANG","floor":18,"turns":6},{"damage":6,"enemies":"Shell Parasite","floor":20,"turns":7},{"damage":3,"enemies":"theJungle:2_Phrogs","floor":23,"turns":7},{"damage":30,"enemies":"Snake Plant","floor":24,"turns":7},{"damage":5,"enemies":"theJungle:Cassacara","floor":27,"turns":5},{"damage":3,"enemies":"theJungle:SlimyTreeVines","floor":29,"turns":4},{"damage":14,"enemies":"theJungle:2_Phrogs","floor":30,"turns":7},{"damage":0,"enemies":"theJungle:JungleHuntersEncounter","floor":31,"turns":5},{"damage":44,"enemies":"theJungle:TotemBoss","floor":33,"turns":12},{"damage":1,"enemies":"3 Shapes","floor":35,"turns":4},{"damage":1,"enemies":"Orb Walker","floor":39,"turns":3},{"damage":0,"enemies":"Giant Head","floor":40,"turns":8},{"damage":24,"enemies":"Reptomancer","floor":42,"turns":5},{"damage":22,"enemies":"Writhing Mass","floor":44,"turns":6},{"damage":10,"enemies":"Giant Head","floor":46,"turns":7},{"damage":60,"enemies":"Nemesis","floor":48,"turns":5},{"damage":20,"enemies":"Donu and Deca","floor":50,"turns":6},{"damage":20,"enemies":"Shield and Spear","floor":54,"turns":3},{"damage":116,"enemies":"The Heart","floor":55,"turns":8}],"seed_played":"-7984158028186938682","potions_obtained":[{"floor":7,"key":"Weak Potion"},{"floor":13,"key":"EssenceOfSteel"},{"floor":14,"key":"Block Potion"},{"floor":17,"key":"FairyPotion"},{"floor":20,"key":"LiquidMemories"},{"floor":23,"key":"DistilledChaos"},{"floor":24,"key":"Weak Potion"},{"floor":24,"key":"Weak Potion"},{"floor":27,"key":"Energy Potion"},{"floor":30,"key":"Swift Potion"},{"floor":31,"key":"DistilledChaos"},{"floor":31,"key":"Ancient Potion"},{"floor":33,"key":"SkillPotion"},{"floor":39,"key":"SkillPotion"},{"floor":40,"key":"Weak Potion"},{"floor":42,"key":"SpeedPotion"},{"floor":42,"key":"Swift Potion"},{"floor":44,"key":"EntropicBrew"},{"floor":46,"key":"StarNLove"},{"floor":48,"key":"DistilledChaos"}],"is_trial":false,"path_per_floor":["M","M","M","?","?","R","E","R","T","M","E","$","M","M","R","B",null,"M","?","M","?","$","E","M","R","T","E","?","M","E","M","R","B",null,"M","?","T","$","M","E","T","E","T","M","R","E","T","E","R","B",null,"R","$","E","B",null],"character_chosen":"MARISA","items_purchased":["REME_FirmDetermination","Omamori","FairyDestructionRay","Apotheosis","ShroomBag","Pantograph","Membership Card","Mango","Shuriken","REME_HourglassOfDeath","PowerUp+1","SkillPotion"],"campfire_rested":4,"item_purchase_floors":[12,12,22,38,38,38,53,53,53,53,53,53],"current_hp_per_floor":[75,74,73,62,67,67,53,53,53,53,31,31,27,27,51,18,85,63,63,57,57,57,61,31,31,31,26,26,30,18,20,47,5,92,91,91,91,91,92,92,92,68,68,50,77,73,73,19,46,57,92,92,106,88,59],"gold":73,"neow_bonus":"ONE_RANDOM_RARE_CARD","is_daily":false,"chose_seed":false,"campfire_upgraded":3,"win_rate":0.0,"timestamp":1610367771,"path_taken":["M","M","M","?","?","R","E","R","T","M","E","?","M","M","R","BOSS","M","?","M","?","$","E","M","R","T","E","?","M","E","?","R","BOSS","M","?","?","$","?","E","?","E","T","?","R","E","?","E","R","BOSS","R","$","E","BOSS"],"items_purchased_type":["Card","Relic","Card","Card","Relic","Relic","Relic","Relic","Relic","Relic","Card","Potion"],"build_version":"2020-12-22","purchased_purges":3,"victory":true,"max_hp_per_floor":[75,75,75,75,80,80,80,80,80,80,80,80,80,80,80,80,85,85,85,85,85,85,92,92,92,92,92,92,92,92,92,92,92,92,92,92,92,92,92,92,92,92,92,92,92,92,92,92,92,92,92,92,106,106,106],"card_choices":[{"not_picked":["Occultation","BlazeAway"],"picked":"DoubleSpark","floor":1},{"not_picked":["EarthLightRay","WitchLeyline"],"picked":"PropBag","floor":2},{"not_picked":["6A","GalacticHalo"],"picked":"RefractionSpark","floor":3},{"not_picked":["SprinkleStarSeal","AsteroidBelt"],"picked":"MagicAbsorber","floor":7},{"not_picked":["OrrerysSun","NonDirectionalLaser","GravityBeat"],"picked":"AsteroidBelt","floor":10},{"not_picked":["ManaConvection","GravityBeat","DoubleSpark"],"picked":"AsteroidBelt","floor":11},{"not_picked":["BlazeAway","Acceleration","WitchLeyline"],"picked":"EnergyFlow","floor":13},{"not_picked":["SporeBomb","ShootingEcho","OpenUniverse"],"picked":"PropBag","floor":14},{"not_picked":["UltimateShortwave","StarDustReverie","CollectingQuirk"],"picked":"BinaryStars","floor":16},{"not_picked":["ShootTheMoon","MysteriousBeam","SporeBomb"],"picked":"WitchOfGreed","floor":17},{"not_picked":["WitchOfGreed+1","GasGiant","SporeBomb","MagicAbsorber"],"picked":"SKIP","floor":18},{"not_picked":["RefractionSpark","AsteroidBelt","GalacticHalo"],"picked":"MachineGunSpark","floor":20},{"not_picked":["JA","WitchOfGreed+1","Singularity"],"picked":"TreasureHunter","floor":23},{"not_picked":["WitchLeyline","DarkSpark","OneTimeOff+1"],"picked":"Acceleration","floor":24},{"not_picked":["Acceleration+1","WitchOfGreed","DragonMeteor"],"picked":"UnstableBomb","floor":27},{"not_picked":["MilkyWay+1","ManaConvection","FairyDestructionRay"],"picked":"BlazeAway","floor":29},{"not_picked":["AsteroidBelt","ShootTheMoon","ShootingEcho"],"picked":"Robbery","floor":30},{"not_picked":["GravityBeat+1","MilkyWay","EventHorizon"],"picked":"GrandCross+1","floor":31},{"not_picked":["SuperNova","CollectingQuirk","BinaryStars"],"picked":"MillisecondPulsars","floor":33},{"not_picked":["LuminesStrike","GravityBeat+1","AsteroidBelt"],"picked":"EnergyFlow+1","floor":35},{"not_picked":["MeteoricShower","EventHorizon","GrandCross","DarkMatter"],"picked":"SKIP","floor":39},{"not_picked":["6A+1","AsteroidBelt","SporeBomb+1","DC"],"picked":"SKIP","floor":40},{"not_picked":["OortCloud","BlazingStar","ShootTheMoon+1"],"picked":"GrandCross+1","floor":42},{"not_picked":["UnstableBomb+1","DC","StarlightTyphoon+1","WitchOfGreed+1"],"picked":"SKIP","floor":44},{"not_picked":["RefractionSpark","LuminesStrike","GrandCross","StarDustReverie+1"],"picked":"SKIP","floor":46},{"not_picked":["LuminesStrike","GravityBeat+1","MysteriousBeam+1"],"picked":"Acceleration+1","floor":48},{"not_picked":["AsteroidBelt+1","FairyDestructionRay","MilkyWay+1"],"picked":"CasketOfStar+1","floor":54}],"player_experience":562364,"relics_obtained":[{"floor":7,"key":"Question Card"},{"floor":9,"key":"Lantern"},{"floor":11,"key":"Whetstone"},{"floor":23,"key":"Strawberry"},{"floor":27,"key":"Tiny Chest"},{"floor":27,"key":"Blood Vial"},{"floor":30,"key":"The Courier"},{"floor":37,"key":"Bronze Scales"},{"floor":40,"key":"White Beast Statue"},{"floor":41,"key":"Toxic Egg 2"},{"floor":42,"key":"Smiling Mask"},{"floor":42,"key":"Pen Nib"},{"floor":43,"key":"Ginger"},{"floor":46,"key":"MawBank"},{"floor":46,"key":"Vajra"},{"floor":47,"key":"Ancient Tea Set"},{"floor":48,"key":"Frozen Egg 2"},{"floor":54,"key":"Nunchaku"}],"event_choices":[{"damage_healed":0,"gold_gain":75,"player_choice":"Gather Gold","damage_taken":11,"max_hp_gain":0,"max_hp_loss":0,"event_name":"World of Goop","floor":4,"gold_loss":0},{"damage_healed":0,"gold_gain":0,"player_choice":"Donut","damage_taken":0,"max_hp_gain":5,"max_hp_loss":0,"event_name":"Big Fish","floor":5,"gold_loss":0},{"damage_healed":0,"gold_gain":0,"cards_transformed":["WhiteDwarf"],"player_choice":"Transformed","damage_taken":0,"max_hp_gain":0,"max_hp_loss":0,"event_name":"Transmorgrifier","floor":28,"gold_loss":0,"cards_obtained":["SprinkleStarSeal"]},{"damage_healed":0,"gold_gain":0,"player_choice":"Copied","damage_taken":0,"max_hp_gain":0,"max_hp_loss":0,"event_name":"Duplicator","floor":36,"gold_loss":0,"cards_obtained":["REME_FirmDetermination"]}],"is_beta":false,"boss_relics":[{"not_picked":["REME_DemonsWealth","Snecko Eye"],"picked":"Tiny House"},{"not_picked":["Philosopher\u0027s Stone","Astrolabe"],"picked":"SacredBark"}],"items_purged_floors":[22,38,53],"is_endless":false,"potions_floor_spawned":[7,13,14,24,27,29,31,33,39,42,44,46,48,54],"ascension_level":1}}