{"host":"yuhy0i501zzmn1iz","time":1610396298,"event":{"mods":["AchievementEnabler","AlwaysNeverKeys","BaseMod","Bestiary","Better Match","Better Third Choice","Curses Come First","Downfall","Minty Spire (QoL Compilation)","StSLib","slay the spire mod where everything is the same but ironclad has a cowboy hat"],"gold_per_floor":[110,120,130,204,223,248,248,248,329,354,128,155,171,184,184,286,286,305,317,317,317],"floor_reached":20,"playtime":1216,"items_purged":[],"score":223,"play_id":"7ebadfc6-e820-469f-9587-3304c31b3fc0","local_time":"20210111151818","is_ascension_mode":true,"campfire_choices":[{"floor":7,"key":"REST"},{"floor":15,"key":"REST"}],"circlet_count":0,"master_deck":["Strike_G","Strike_G","Strike_G","Strike_G","Strike_G","Defend_G","Defend_G","Defend_G","Defend_G","Defend_G","Survivor+1","Neutralize","All Out Attack","Footwork","Slice","Expertise","Well Laid Plans","Footwork","Havoc","Cloak And Dagger","Slice","Poisoned Stab","Sadistic Nature","Ball Lightning"],"relics":["Runic Dome","Calipers","Meat on the Bone","Tiny Chest","PrismaticShard","Dream Catcher","Busted Crown"],"acts_visited":["Exordium","TheCity"],"potions_floor_usage":[6,12,16,16,19],"damage_taken":[{"damage":0,"enemies":"Cultist","floor":1,"turns":4},{"damage":0,"enemies":"Small Slimes","floor":2,"turns":3},{"damage":5,"enemies":"Jaw Worm","floor":3,"turns":4},{"damage":5,"enemies":"Blue Slaver","floor":5,"turns":4},{"damage":37,"enemies":"Gremlin Nob","floor":6,"turns":6},{"damage":10,"enemies":"Lagavulin","floor":12,"turns":11},{"damage":5,"enemies":"Exordium Wildlife","floor":13,"turns":6},{"damage":3,"enemies":"2 Fungi Beasts","floor":14,"turns":3},{"damage":16,"enemies":"The Guardian","floor":16,"turns":12},{"damage":24,"enemies":"Spheric Guardian","floor":18,"turns":6},{"damage":14,"enemies":"3 Byrds","floor":19,"turns":7},{"damage":44,"enemies":"3 Cultists","floor":20,"turns":6}],"seed_played":"44685100199783279","potions_obtained":[{"floor":1,"key":"Weak Potion"},{"floor":5,"key":"Weak Potion"},{"floor":13,"key":"Strength Potion"},{"floor":14,"key":"PowerPotion"},{"floor":16,"key":"FearPotion"},{"floor":19,"key":"SteroidPotion"}],"is_trial":false,"path_per_floor":["M","M","M","?","M","E","R","?","T","T","$","E","M","M","R","B",null,"M","M","M"],"character_chosen":"THE_SILENT","items_purchased":["Footwork","PrismaticShard"],"campfire_rested":2,"item_purchase_floors":[11,11],"current_hp_per_floor":[70,70,65,65,60,23,44,44,44,44,44,46,41,38,59,43,70,46,44,0,0],"gold":317,"neow_bonus":"BOSS_RELIC","is_daily":false,"chose_seed":false,"campfire_upgraded":0,"win_rate":0.0,"timestamp":1610396298,"path_taken":["M","?","M","?","M","E","R","?","T","?","$","E","M","M","R","BOSS","M","M","M"],"items_purchased_type":["Card","Relic"],"build_version":"2020-12-22","purchased_purges":0,"victory":false,"max_hp_per_floor":[70,70,70,70,70,70,70,70,70,70,70,70,70,70,70,70,70,70,70,70,70],"card_choices":[{"not_picked":["Poisoned Stab","Outmaneuver"],"picked":"All Out Attack","floor":1},{"not_picked":["Predator","Outmaneuver"],"picked":"Footwork","floor":2},{"not_picked":["Poisoned Stab","Masterful Stab"],"picked":"Slice","floor":3},{"not_picked":["Quick Slash","Distraction"],"picked":"Expertise","floor":5},{"not_picked":["Setup","Storm of Steel"],"picked":"Well Laid Plans","floor":6},{"not_picked":["Guardian:Suspension","hexamod:Rewind"],"picked":"Havoc","floor":12},{"not_picked":["hexamod:BurningTouch","Dagger Throw"],"picked":"Cloak And Dagger","floor":13},{"not_picked":["Slimebound:Chomp","Barrage"],"picked":"Slice","floor":14},{"not_picked":["champ:GladiatorsShout","expansioncontent:ChargeUp"],"picked":"Poisoned Stab","floor":15},{"not_picked":["Scrawl","hexamod:TurnItUp"],"picked":"Sadistic Nature","floor":16},{"not_picked":["hexamod:GhostShield"],"picked":"SKIP","floor":18},{"not_picked":[],"picked":"Ball Lightning","floor":19}],"player_experience":277644,"relics_obtained":[{"floor":6,"key":"Calipers"},{"floor":9,"key":"Meat on the Bone"},{"floor":10,"key":"Tiny Chest"},{"floor":12,"key":"Dream Catcher"}],"event_choices":[{"damage_healed":0,"gold_gain":74,"player_choice":"Gained Gold","damage_taken":0,"max_hp_gain":0,"max_hp_loss":0,"event_name":"Golden Wing","floor":4,"gold_loss":0},{"damage_healed":0,"gold_gain":0,"player_choice":"Grow","damage_taken":0,"max_hp_gain":0,"max_hp_loss":0,"event_name":"Living Wall","floor":8,"gold_loss":0,"cards_upgraded":["Survivor"]}],"is_beta":false,"boss_relics":[{"not_picked":["Calling Bell","Runic Pyramid"],"picked":"Busted Crown"}],"items_purged_floors":[],"is_endless":false,"potions_floor_spawned":[1,5,13,14,16,19],"killed_by":"3 Cultists","ascension_level":4}}