{"host":"2lo6hma6kymb0g9i","time":1610349519,"event":{"mods":["BaseMod","Colored Map","DeckTracker","Minty Spire (QoL Compilation)"],"gold_per_floor":[109,124,74,74,86,86,106,133,179,214,214,225,150,225,225,296,296,311,331,331,208,22,22,0,0,27,39,58,87,110,142,154,238,250,281,194,194,194,194,213,213,64,64,64,30,0,14,14,14,14],"floor_reached":51,"playtime":3973,"items_purged":["Strike_B","Strike_B","Defend_B","Defend_B"],"score":1110,"play_id":"b7f4947d-e7f1-4dca-97d2-510850e94cb3","local_time":"20210111161839","is_ascension_mode":true,"campfire_choices":[{"data":"Zap","floor":6,"key":"SMITH"},{"data":"Echo Form","floor":11,"key":"SMITH"},{"floor":15,"key":"REST"},{"data":"Leap","floor":23,"key":"SMITH"},{"data":"Coolheaded","floor":32,"key":"SMITH"},{"data":"Chill","floor":41,"key":"SMITH"},{"data":"Streamline","floor":44,"key":"SMITH"},{"floor":49,"key":"RECALL"}],"circlet_count":0,"master_deck":["AscendersBane","Defend_B+1","Defend_B+1","Zap+1","Dualcast+1","Go for the Eyes+1","Compile Driver+1","Echo Form+1","Electrodynamics+1","Coolheaded+1","Buffer+1","Leap+1","Leap+1","Cold Snap+1","Melter+1","Barrage+1","Chill+1","Hologram+1","Self Repair+1","Streamline+1","Defragment+1"],"relics":["Cracked Core","Dream Catcher","Letter Opener","Juzu Bracelet","War Paint","Coffee Dripper","Membership Card","Toy Ornithopter","MawBank","SlaversCollar","Pantograph","Red Mask","Mark of the Bloom"],"acts_visited":["Exordium","TheCity","TheBeyond"],"potions_floor_usage":[19,27,29,33],"damage_taken":[{"damage":0,"enemies":"Small Slimes","floor":1,"turns":3},{"damage":2,"enemies":"Jaw Worm","floor":2,"turns":3},{"damage":0,"enemies":"Cultist","floor":5,"turns":3},{"damage":4,"enemies":"Large Slime","floor":7,"turns":5},{"damage":25,"enemies":"Lagavulin","floor":8,"turns":6},{"damage":15,"enemies":"3 Sentries","floor":10,"turns":4},{"damage":9,"enemies":"Looter","floor":12,"turns":3},{"damage":10,"enemies":"The Guardian","floor":16,"turns":11},{"damage":6,"enemies":"Shell Parasite","floor":18,"turns":5},{"damage":16,"enemies":"2 Thieves","floor":19,"turns":3},{"damage":17,"enemies":"Snake Plant","floor":27,"turns":5},{"damage":1,"enemies":"3 Cultists","floor":28,"turns":3},{"damage":9,"enemies":"Book of Stabbing","floor":29,"turns":8},{"damage":1,"enemies":"Cultist and Chosen","floor":30,"turns":5},{"damage":8,"enemies":"Sentry and Sphere","floor":31,"turns":3},{"damage":0,"enemies":"Collector","floor":33,"turns":15},{"damage":17,"enemies":"Orb Walker","floor":35,"turns":4},{"damage":2,"enemies":"3 Shapes","floor":40,"turns":5},{"damage":25,"enemies":"3 Darklings","floor":47,"turns":7},{"damage":21,"enemies":"Awakened One","floor":50,"turns":16}],"seed_played":"1453692158067304240","potions_obtained":[{"floor":7,"key":"PowerPotion"},{"floor":8,"key":"Weak Potion"},{"floor":19,"key":"PowerPotion"},{"floor":27,"key":"Dexterity Potion"},{"floor":31,"key":"Fire Potion"}],"is_trial":false,"path_per_floor":["M","M","?","?","M","R","M","E","T","E","R","M","$","?","R","B",null,"M","M","?","$","$","R","?","?","T","M","M","E","M","M","R","B",null,"M","$","?","?","?","M","R","$","T","R","$","?","M","?","R","B",null],"character_chosen":"DEFECT","items_purchased":["Cold Snap","Membership Card","Melter","Self Repair","Streamline","SmokeBomb","Defragment"],"campfire_rested":1,"item_purchase_floors":[21,22,22,36,42,42,45],"current_hp_per_floor":[68,66,66,71,71,71,67,42,42,27,27,18,18,7,31,21,65,59,43,43,43,43,43,43,43,43,31,30,26,25,17,17,22,66,49,49,49,49,49,54,54,54,54,54,54,54,43,43,43,22],"gold":14,"neow_bonus":"RANDOM_COMMON_RELIC","is_daily":false,"chose_seed":false,"campfire_upgraded":6,"win_rate":0.0,"timestamp":1610349519,"path_taken":["M","M","?","?","M","R","M","E","T","E","R","M","$","?","R","BOSS","M","M","?","?","$","R","?","?","T","M","M","E","M","M","R","BOSS","M","$","?","?","?","M","R","$","T","R","?","?","M","?","R","BOSS"],"items_purchased_type":["Card","Relic","Card","Card","Card","Potion","Card"],"build_version":"2020-12-22","purchased_purges":4,"victory":true,"max_hp_per_floor":[75,75,75,80,80,80,80,80,80,80,80,80,80,80,80,80,80,80,80,80,80,80,80,80,80,80,80,80,80,80,80,80,80,80,80,80,76,76,76,76,76,76,76,76,76,76,76,76,76,76],"card_choices":[{"not_picked":["Turbo","Stack","Force Field"],"picked":"SKIP","floor":1},{"not_picked":["Leap","Force Field"],"picked":"Go for the Eyes","floor":2},{"not_picked":["Go for the Eyes","Rebound"],"picked":"Compile Driver","floor":5},{"not_picked":["Double Energy","Sweeping Beam"],"picked":"Echo Form","floor":7},{"not_picked":["Self Repair","Go for the Eyes"],"picked":"Electrodynamics","floor":8},{"not_picked":["Heatsinks","Steam","Force Field"],"picked":"SKIP","floor":10},{"not_picked":["Chaos","Hello World"],"picked":"Conserve Battery","floor":12},{"not_picked":["Stack","Ball Lightning"],"picked":"Coolheaded","floor":15},{"not_picked":["Hyperbeam","Meteor Strike"],"picked":"Buffer","floor":16},{"not_picked":["Coolheaded","Rebound"],"picked":"Leap","floor":18},{"not_picked":["Steam","Hologram"],"picked":"Leap","floor":19},{"not_picked":["Compile Driver","Sweeping Beam","Rip and Tear"],"picked":"SKIP","floor":27},{"not_picked":["Amplify","Chaos","Ball Lightning"],"picked":"SKIP","floor":28},{"not_picked":["Ball Lightning","Cold Snap+1"],"picked":"Barrage","floor":29},{"not_picked":["Leap","Conserve Battery"],"picked":"Chill","floor":30},{"not_picked":["Barrage","Storm+1","Static Discharge"],"picked":"SKIP","floor":31},{"not_picked":["Ball Lightning","Sweeping Beam+1"],"picked":"Hologram","floor":35},{"not_picked":["Gash","Beam Cell+1","Turbo"],"picked":"SKIP","floor":40},{"not_picked":["Tempest","Chaos","Steam Power"],"picked":"SKIP","floor":47}],"player_experience":1022606,"relics_obtained":[{"floor":8,"key":"Letter Opener"},{"floor":9,"key":"Juzu Bracelet"},{"floor":10,"key":"War Paint"},{"floor":26,"key":"Toy Ornithopter"},{"floor":29,"key":"MawBank"},{"floor":43,"key":"Pantograph"}],"event_choices":[{"cards_removed":["Strike_B"],"damage_healed":0,"gold_gain":0,"player_choice":"Card Removal","damage_taken":0,"max_hp_gain":0,"max_hp_loss":0,"event_name":"The Cleric","floor":3,"gold_loss":50},{"damage_healed":0,"gold_gain":0,"player_choice":"Donut","damage_taken":0,"max_hp_gain":5,"max_hp_loss":0,"event_name":"Big Fish","floor":4,"gold_loss":0},{"damage_healed":0,"gold_gain":75,"player_choice":"Gather Gold","damage_taken":11,"max_hp_gain":0,"max_hp_loss":0,"event_name":"World of Goop","floor":14,"gold_loss":0},{"cards_removed":["Strike_B"],"damage_healed":0,"gold_gain":0,"player_choice":"Offered Basic","damage_taken":0,"max_hp_gain":0,"max_hp_loss":0,"event_name":"Bonfire Elementals","floor":20,"gold_loss":0},{"damage_healed":0,"gold_gain":0,"player_choice":"Paid Fearfully","damage_taken":0,"max_hp_gain":0,"max_hp_loss":0,"event_name":"Masked Bandits","floor":24,"gold_loss":22},{"damage_healed":0,"gold_gain":0,"player_choice":"Ignored","damage_taken":0,"max_hp_gain":0,"max_hp_loss":0,"event_name":"Duplicator","floor":25,"gold_loss":0},{"damage_healed":0,"gold_gain":0,"player_choice":"Max HP","damage_taken":0,"max_hp_gain":0,"max_hp_loss":4,"event_name":"Winding Halls","floor":37,"gold_loss":0},{"cards_removed":["Conserve Battery"],"damage_healed":0,"gold_gain":0,"player_choice":"Removed Skill","damage_taken":0,"max_hp_gain":0,"max_hp_loss":0,"event_name":"Falling","floor":38,"gold_loss":0},{"damage_healed":0,"gold_gain":0,"player_choice":"Ignored","damage_taken":0,"max_hp_gain":0,"max_hp_loss":0,"event_name":"Mysterious Sphere","floor":39,"gold_loss":0},{"damage_healed":0,"gold_gain":0,"player_choice":"Paid","damage_taken":0,"relics_obtained":["Red Mask"],"max_hp_gain":0,"max_hp_loss":0,"event_name":"Tomb of Lord Red Mask","floor":46,"gold_loss":30},{"damage_healed":0,"gold_gain":0,"player_choice":"Upgrade","damage_taken":0,"relics_obtained":["Mark of the Bloom"],"max_hp_gain":0,"max_hp_loss":0,"event_name":"MindBloom","floor":48,"gold_loss":0,"cards_upgraded":["Defend_B","Go for the Eyes","Compile Driver","Electrodynamics","Buffer","Leap","Cold Snap","Melter","Barrage","Hologram","Self Repair","Defragment"]}],"is_beta":false,"boss_relics":[{"not_picked":["Tiny House","Velvet Choker"],"picked":"Coffee Dripper"},{"not_picked":["Sozu","Runic Dome"],"picked":"SlaversCollar"}],"items_purged_floors":[13,21,36,42],"is_endless":false,"potions_floor_spawned":[7,8,16,18,19,27,31],"ascension_level":13}}