{"host":"mg6qqnp83j5r6p2r","time":1610334200,"event":{"mods":["BaseMod","Colored Map","Colored Powertips","Highlight Path","Minty Spire (QoL Compilation)","Rare Cards Sparkle","Relic Sorter","Relic Stats","StSLib"],"gold_per_floor":[114,131,144,24,324,351,371,371,371,402,43,58,90,100,100,202,202,222,172,97,114,114,140,140,59,59,74,74,109,122,122,122,219,219,236,236,236,196,21,64,64,99,99,99,99,99,128,155,155,155,155],"floor_reached":50,"playtime":3587,"items_purged":["Strike_P"],"score":793,"play_id":"9aba06e9-b0ff-4eac-b0db-c45dd800582b","local_time":"20210110210320","is_ascension_mode":true,"campfire_choices":[{"data":"Crescendo","floor":8.0,"key":"SMITH"},{"floor":15.0,"key":"RECALL"},{"floor":24.0,"key":"REST"},{"floor":32.0,"key":"REST"},{"data":"Bandage Up","floor":41.0,"key":"SMITH"},{"data":"Scrawl","floor":44.0,"key":"SMITH"},{"data":"Ghostly","floor":46.0,"key":"SMITH"},{"data":"Ghostly","floor":49,"key":"SMITH"}],"circlet_count":0,"master_deck":["Defend_P+1","Defend_P+1","Eruption+1","Vigilance+1","Crescendo+1","ReachHeaven","EmptyFist","CutThroughFate","CarveReality+1","Protect+1","Study+1","EmptyBody+1","WindmillStrike+1","DeusExMachina","Perseverance+1","LessonLearned+1","Pray+1","Establishment+1","SignatureMove+1","Protect","Nirvana+1","Bandage Up+1","Adaptation+1","Scrawl+1","LikeWater+1","Ghostly+1","Ghostly+1","Ghostly","Ghostly","Ghostly","ClearTheMind+1","Ragnarok","EmptyBody","FollowUp","Protect+1"],"relics":["PureWater","Old Coin","Frozen Egg 2","Juzu Bracelet","Mango","Damaru","Astrolabe","Mummified Hand","Akabeko","Matryoshka","Busted Crown","ClockworkSouvenir","CeramicFish","Regal Pillow","Anchor","Gambling Chip","War Paint"],"acts_visited":["Exordium","TheCity","TheBeyond"],"potions_floor_usage":[50,50,50],"damage_taken":[{"damage":0.0,"enemies":"2 Louse","floor":1.0,"turns":2.0},{"damage":0.0,"enemies":"Cultist","floor":2.0,"turns":2.0},{"damage":0.0,"enemies":"Small Slimes","floor":3.0,"turns":2.0},{"damage":5.0,"enemies":"Lagavulin","floor":6.0,"turns":5.0},{"damage":5.0,"enemies":"Looter","floor":7.0,"turns":3.0},{"damage":21.0,"enemies":"3 Sentries","floor":10.0,"turns":6.0},{"damage":0.0,"enemies":"Lots of Slimes","floor":12.0,"turns":3.0},{"damage":4.0,"enemies":"Gremlin Nob","floor":13.0,"turns":3.0},{"damage":0.0,"enemies":"Exordium Wildlife","floor":14.0,"turns":2.0},{"damage":0.0,"enemies":"Slime Boss","floor":16.0,"turns":4.0},{"damage":28.0,"enemies":"2 Thieves","floor":18.0,"turns":3.0},{"damage":5.0,"enemies":"Shell Parasite","floor":21.0,"turns":3.0},{"damage":38.0,"enemies":"Gremlin Leader","floor":23.0,"turns":5.0},{"damage":35.0,"enemies":"Centurion and Healer","floor":27.0,"turns":5.0},{"damage":19.0,"enemies":"Book of Stabbing","floor":29.0,"turns":4.0},{"damage":3.0,"enemies":"Chosen and Byrds","floor":30.0,"turns":7.0},{"damage":5.0,"enemies":"Automaton","floor":33.0,"turns":8.0},{"damage":4.0,"enemies":"Orb Walker","floor":35.0,"turns":3.0},{"damage":6.0,"enemies":"Reptomancer","floor":40.0,"turns":5.0},{"damage":2.0,"enemies":"Giant Head","floor":42.0,"turns":6.0},{"damage":0.0,"enemies":"3 Shapes","floor":47.0,"turns":3.0},{"damage":0,"enemies":"Reptomancer","floor":48,"turns":5},{"damage":63,"enemies":"Time Eater","floor":50,"turns":15}],"seed_played":"7492346697892758997","potions_obtained":[{"floor":2.0,"key":"Regen Potion"},{"floor":6.0,"key":"LiquidBronze"},{"floor":12.0,"key":"Energy Potion"},{"floor":13.0,"key":"PowerPotion"},{"floor":21.0,"key":"ColorlessPotion"},{"floor":27.0,"key":"StancePotion"},{"floor":29.0,"key":"SneckoOil"},{"floor":33.0,"key":"SneckoOil"},{"floor":42.0,"key":"Swift Potion"},{"floor":47.0,"key":"EssenceOfSteel"}],"is_trial":false,"path_per_floor":["M","M","M","$","?","E","M","R","T","E","$","M","E","M","R","B",null,"M","?","?","M","?","E","R","$","T","M","?","E","M","?","R","B",null,"M","$","?","?","$","E","R","E","T","R","?","R","M","E","R","B"],"character_chosen":"WATCHER","items_purchased":["CutThroughFate","Mango","EmptyBody","Bandage Up","ClockworkSouvenir","EmptyBody"],"campfire_rested":2,"item_purchase_floors":[4,11,11,25,39,39],"current_hp_per_floor":[72,72,72,72,72,67,62,62,62,41,55,55,51,51,51,51,86,58,58,58,53,81,43,68,68,68,37,37,22,19,19,31,30,43,39,39,39,39,39,37,37,41,41,41,41,41,41,43,43,0,0],"gold":155,"neow_bonus":"UPGRADE_CARD","is_daily":false,"chose_seed":false,"campfire_upgraded":5,"win_rate":0.0,"timestamp":1610334200,"path_taken":["M","M","M","$","?","E","M","R","T","E","$","M","E","M","R","BOSS","M","?","?","M","?","E","R","$","T","M","?","E","M","?","R","BOSS","M","$","?","?","?","E","R","E","T","R","?","R","M","E","R","BOSS"],"items_purchased_type":["Card","Relic","Card","Card","Relic","Card"],"build_version":"2020-12-22","purchased_purges":1,"victory":false,"max_hp_per_floor":[72,72,72,72,72,72,72,72,72,72,86,86,86,86,86,86,86,86,86,86,86,86,86,86,86,86,86,86,86,86,43,43,43,43,43,43,43,43,43,43,43,43,43,43,43,43,43,43,43,43,43],"relic_stats":{"Regal Pillow":0,"Busted Crown":10,"counters":[23,104],"Mummified Hand":[47],"Astrolabe":["Pray","Establishment","SignatureMove"],"CeramicFish":18,"Gambling Chip":[4],"Juzu Bracelet":4,"War Paint":["EmptyBody","Perseverance"],"obtain_stats":[{"Regal Pillow":42,"Astrolabe":17,"CeramicFish":40,"Damaru":13,"Mango":11,"Juzu Bracelet":10,"Frozen Egg 2":6,"War Paint":48,"Akabeko":26,"Old Coin":5,"ClockworkSouvenir":39,"Anchor":43,"Matryoshka":29,"Busted Crown":34,"Mummified Hand":23,"Gambling Chip":43,"PureWater":0},{"Regal Pillow":20,"Astrolabe":10,"CeramicFish":19,"Damaru":8,"Mango":6,"Juzu Bracelet":6,"Frozen Egg 2":4,"War Paint":22,"Akabeko":13,"Old Coin":3,"ClockworkSouvenir":18,"Anchor":20,"Matryoshka":15,"Busted Crown":17,"Mummified Hand":13,"Gambling Chip":20,"PureWater":0},{"Regal Pillow":81,"Astrolabe":32,"CeramicFish":75,"Damaru":26,"Mango":20,"Juzu Bracelet":20,"Frozen Egg 2":11,"War Paint":89,"Akabeko":43,"Old Coin":6,"ClockworkSouvenir":70,"Anchor":81,"Matryoshka":52,"Busted Crown":67,"Mummified Hand":43,"Gambling Chip":81,"PureWater":0}]},"card_choices":[{"not_picked":["FlyingSleeves","Halt"],"picked":"Crescendo","floor":1.0},{"not_picked":["Halt","Vengeance"],"picked":"ReachHeaven","floor":2.0},{"not_picked":["CutThroughFate","Crescendo"],"picked":"EmptyFist","floor":3.0},{"not_picked":["Nirvana+1","WreathOfFlame"],"picked":"CarveReality","floor":6.0},{"not_picked":["EmptyMind","FlyingSleeves"],"picked":"Protect","floor":7.0},{"not_picked":["Evaluate","Prostrate"],"picked":"Study+1","floor":10.0},{"not_picked":["Protect","CrushJoints"],"picked":"WindmillStrike","floor":12.0},{"not_picked":["ThirdEye","FlyingSleeves"],"picked":"DeusExMachina","floor":13.0},{"not_picked":["WindmillStrike","FlyingSleeves"],"picked":"Perseverance","floor":14.0},{"not_picked":["DeusExMachina","Blasphemy"],"picked":"LessonLearned","floor":16.0},{"not_picked":["CrushJoints+1","Consecrate+1","CutThroughFate+1"],"picked":"SKIP","floor":18.0},{"not_picked":["FlurryOfBlows","Crescendo"],"picked":"Protect","floor":21.0},{"not_picked":["Worship","Consecrate"],"picked":"Nirvana+1","floor":23.0},{"not_picked":["CutThroughFate","JustLucky"],"picked":"Adaptation+1","floor":27.0},{"not_picked":["Wallop","BowlingBash+1"],"picked":"Scrawl","floor":29.0},{"not_picked":["Consecrate","FlyingSleeves"],"picked":"LikeWater+1","floor":30.0},{"not_picked":[],"picked":"ClearTheMind+1","floor":35.0},{"not_picked":[],"picked":"FollowUp","floor":40.0},{"not_picked":["Evaluate"],"picked":"SKIP","floor":42.0},{"not_picked":[],"picked":"Protect+1","floor":47.0},{"not_picked":["PathToVictory"],"picked":"SKIP","floor":48}],"player_experience":188605,"relics_obtained":[{"floor":6.0,"key":"Frozen Egg 2"},{"floor":10.0,"key":"Juzu Bracelet"},{"floor":13.0,"key":"Damaru"},{"floor":23.0,"key":"Mummified Hand"},{"floor":26.0,"key":"Akabeko"},{"floor":29.0,"key":"Matryoshka"},{"floor":40.0,"key":"CeramicFish"},{"floor":42.0,"key":"Regal Pillow"},{"floor":43.0,"key":"Anchor"},{"floor":43.0,"key":"Gambling Chip"},{"floor":48,"key":"War Paint"}],"event_choices":[{"damage_healed":0.0,"max_hp_gain":0.0,"max_hp_loss":0.0,"gold_gain":0.0,"event_name":"WeMeetAgain","player_choice":"Gave Potion","floor":5.0,"gold_loss":0.0,"damage_taken":0.0,"relics_obtained":["Old Coin"]},{"damage_healed":0.0,"max_hp_gain":0.0,"max_hp_loss":0.0,"gold_gain":0.0,"event_name":"The Joust","player_choice":"Bet on Owner","floor":19.0,"gold_loss":50.0,"damage_taken":0.0},{"cards_removed":["Strike_P"],"damage_healed":0.0,"max_hp_gain":0.0,"max_hp_loss":0.0,"gold_gain":0.0,"event_name":"Beggar","player_choice":"Gave Gold","floor":20.0,"gold_loss":75.0,"damage_taken":0.0},{"damage_healed":28.0,"max_hp_gain":0.0,"max_hp_loss":0.0,"gold_gain":0.0,"event_name":"The Library","player_choice":"Heal","floor":22.0,"gold_loss":0.0,"damage_taken":0.0},{"damage_healed":0.0,"max_hp_gain":0.0,"max_hp_loss":0.0,"gold_gain":0.0,"event_name":"Accursed Blacksmith","player_choice":"Forge","floor":28.0,"gold_loss":0.0,"damage_taken":0.0,"cards_upgraded":["LessonLearned"]},{"damage_healed":0.0,"max_hp_gain":0.0,"max_hp_loss":43.0,"gold_gain":0.0,"event_name":"Ghosts","player_choice":"Became a Ghost","floor":31.0,"gold_loss":0.0,"damage_taken":0.0,"cards_obtained":["Ghostly","Ghostly","Ghostly","Ghostly","Ghostly"]},{"damage_healed":0.0,"max_hp_gain":0.0,"max_hp_loss":0.0,"gold_gain":0.0,"cards_transformed":["Defend_P"],"event_name":"Transmorgrifier","player_choice":"Transformed","floor":37.0,"gold_loss":0.0,"damage_taken":0.0,"cards_obtained":["Ragnarok"]},{"damage_healed":0.0,"max_hp_gain":0.0,"max_hp_loss":0.0,"gold_gain":0.0,"event_name":"Designer","player_choice":"Upgraded Two","floor":38.0,"gold_loss":40.0,"damage_taken":0.0,"cards_upgraded":["Vigilance","Defend_P"]},{"damage_healed":0.0,"max_hp_gain":0.0,"max_hp_loss":0.0,"gold_gain":0.0,"event_name":"Tomb of Lord Red Mask","player_choice":"Ignored","floor":45.0,"gold_loss":0.0,"damage_taken":0.0}],"is_beta":false,"boss_relics":[{"not_picked":["Tiny House","VioletLotus"],"picked":"Astrolabe"},{"not_picked":["Cursed Key","Calling Bell"],"picked":"Busted Crown"}],"items_purged_floors":[4],"is_endless":false,"potions_floor_spawned":[2,6,12,13,14,21,27,29,33,42,47],"killed_by":"Time Eater","ascension_level":1}}