{"host":"w3q5ijqu8eoknil3","time":1610326247,"event":{"mods":["AchievementEnabler","BaseMod","Block Reminder","Colored Powertips","Curses Come First","Minty Spire (QoL Compilation)","Quick Restart","Relic Stats","StSLib","ojb\u0027s Better Paths Mod","ojb\u0027s Info Mod","slay the spire mod where everything is the same but ironclad has a cowboy hat"],"gold_per_floor":[113,38,58,78,93,93,93,110,185,200,234,234,234,265,265,338,338,350,362,46,64,78,78,106,106,106,124,141,141,158,158,158,158,158],"floor_reached":33,"playtime":1434,"items_purged":[],"score":676,"play_id":"5f107feb-1f69-408d-bb59-1efe2ece6cc6","local_time":"20210111005047","is_ascension_mode":true,"campfire_choices":[{"data":"Survivor","floor":6,"key":"SMITH"},{"floor":12,"key":"REST"},{"floor":15,"key":"REST"},{"floor":23,"key":"REST"},{"floor":32,"key":"REST"}],"circlet_count":0,"master_deck":["AscendersBane","Defend_G","Defend_G","Defend_G","Defend_G","Survivor+1","Neutralize","Predator","Dagger Spray","Underhanded Strike","Prepared","All Out Attack","Poisoned Stab+1","Malaise","Catalyst","Doppelganger","Phantasmal Killer+1","Tools of the Trade+1","Burst+1","Flying Knee+1","Underhanded Strike+1","Dash+1","Finisher+1","Concentrate","Crippling Poison+1","Tactician","Reflex","Wraith Form v2","Backstab+1"],"relics":["HoveringKite","GremlinMask","Molten Egg 2","CaptainsWheel","StrikeDummy","Smiling Mask","Astrolabe","Singing Bowl","Incense Burner","Ninja Scroll"],"acts_visited":["Exordium","TheCity"],"potions_floor_usage":[4,14,16,18,22,24,28,30],"damage_taken":[{"damage":3,"enemies":"2 Louse","floor":1,"turns":4},{"damage":0,"enemies":"Cultist","floor":3,"turns":4},{"damage":8,"enemies":"Jaw Worm","floor":4,"turns":6},{"damage":2,"enemies":"Exordium Wildlife","floor":5,"turns":4},{"damage":3,"enemies":"Looter","floor":8,"turns":3},{"damage":7,"enemies":"Large Slime","floor":10,"turns":5},{"damage":24,"enemies":"3 Sentries","floor":11,"turns":6},{"damage":17,"enemies":"Gremlin Nob","floor":14,"turns":5},{"damage":0,"enemies":"Slime Boss","floor":16,"turns":9},{"damage":18,"enemies":"Spheric Guardian","floor":18,"turns":6},{"damage":11,"enemies":"Shell Parasite","floor":19,"turns":5},{"damage":40,"enemies":"Snake Plant","floor":21,"turns":5},{"damage":1,"enemies":"Sentry and Sphere","floor":22,"turns":4},{"damage":0,"enemies":"Gremlin Leader","floor":24,"turns":7},{"damage":1,"enemies":"3 Cultists","floor":27,"turns":6},{"damage":6,"enemies":"Centurion and Healer","floor":28,"turns":6},{"damage":8,"enemies":"Snake Plant","floor":30,"turns":3},{"damage":46,"enemies":"Automaton","floor":33,"turns":6}],"seed_played":"8857803669602769969","potions_obtained":[{"floor":1,"key":"Weak Potion"},{"floor":8,"key":"CultistPotion"},{"floor":14,"key":"DuplicationPotion"},{"floor":16,"key":"Regen Potion"},{"floor":21,"key":"DistilledChaos"},{"floor":22,"key":"Explosive Potion"},{"floor":27,"key":"BlessingOfTheForge"},{"floor":28,"key":"DuplicationPotion"}],"is_trial":false,"path_per_floor":["M","?","M","M","M","R","?","M","T","M","E","R","T","E","R","B",null,"M","M","$","M","M","R","E","?","T","M","M","?","M","?","R","B"],"character_chosen":"THE_SILENT","items_purchased":["Singing Bowl","Dash+1"],"campfire_rested":4,"item_purchase_floors":[20,20],"current_hp_per_floor":[56,56,56,48,46,46,46,43,43,36,12,31,31,14,33,33,58,54,43,43,3,4,24,24,24,24,23,17,17,9,9,29,0,0],"gold":158,"neow_bonus":"BOSS_RELIC","is_daily":false,"chose_seed":false,"campfire_upgraded":1,"win_rate":0.0,"timestamp":1610326247,"path_taken":["M","?","M","M","M","R","?","?","T","M","E","R","?","E","R","BOSS","M","M","$","M","M","R","E","?","T","M","M","?","M","?","R","BOSS"],"items_purchased_type":["Relic","Card"],"build_version":"2020-12-22","purchased_purges":0,"victory":false,"max_hp_per_floor":[66,66,66,66,66,66,66,66,66,66,66,66,66,66,66,66,66,66,66,66,66,68,68,68,68,68,68,68,68,68,68,68,68,68],"relic_stats":{"Singing Bowl":2,"counters":[18,94],"Astrolabe":["Phantasmal Killer","Tools of the Trade","Burst"],"HoveringKite":[50],"Smiling Mask":0,"obtain_stats":[{"CaptainsWheel":11,"Singing Bowl":20,"Ninja Scroll":26,"Astrolabe":17,"HoveringKite":0,"GremlinMask":7,"Molten Egg 2":9,"Incense Burner":24,"StrikeDummy":13,"Smiling Mask":14,"Ring of the Snake":0},{"CaptainsWheel":7,"Singing Bowl":11,"Ninja Scroll":14,"Astrolabe":9,"HoveringKite":0,"GremlinMask":4,"Molten Egg 2":5,"Incense Burner":14,"StrikeDummy":7,"Smiling Mask":8,"Ring of the Snake":0},{"CaptainsWheel":32,"Singing Bowl":57,"Ninja Scroll":73,"Astrolabe":46,"HoveringKite":0,"GremlinMask":18,"Molten Egg 2":21,"Incense Burner":73,"StrikeDummy":32,"Smiling Mask":37,"Ring of the Snake":0}]},"card_choices":[{"not_picked":["Flying Knee","Underhanded Strike"],"picked":"Predator","floor":1},{"not_picked":["Acrobatics","Cloak And Dagger"],"picked":"Dagger Spray","floor":3},{"not_picked":["Sucker Punch","Deflect"],"picked":"Underhanded Strike","floor":4},{"not_picked":["Slice","Accuracy"],"picked":"Prepared","floor":5},{"not_picked":["Quick Slash","Dagger Spray"],"picked":"All Out Attack","floor":8},{"not_picked":["All Out Attack+1","Leg Sweep"],"picked":"Poisoned Stab+1","floor":10},{"not_picked":["Flechettes+1","Underhanded Strike+1"],"picked":"Malaise","floor":11},{"not_picked":["Masterful Stab+1","Endless Agony+1"],"picked":"Catalyst","floor":14},{"not_picked":["Grand Finale+1","Wraith Form v2"],"picked":"Doppelganger","floor":16},{"not_picked":["Backflip","Sucker Punch+1"],"picked":"Flying Knee+1","floor":18},{"not_picked":["Sucker Punch+1","Cloak And Dagger"],"picked":"Underhanded Strike+1","floor":19},{"not_picked":["Cloak And Dagger","Sucker Punch+1"],"picked":"Finisher+1","floor":21},{"not_picked":["Prepared","Tools of the Trade","Endless Agony+1"],"picked":"Singing Bowl","floor":22},{"not_picked":["Riddle With Holes+1","Acrobatics+1"],"picked":"Concentrate","floor":24},{"not_picked":["Flechettes+1","Flying Knee+1"],"picked":"Crippling Poison+1","floor":27},{"not_picked":["Reflex","Bane+1"],"picked":"Tactician","floor":28},{"not_picked":["Flying Knee+1","Dodge and Roll"],"picked":"Reflex","floor":30}],"player_experience":953807,"relics_obtained":[{"floor":9,"key":"Molten Egg 2"},{"floor":11,"key":"CaptainsWheel"},{"floor":13,"key":"StrikeDummy"},{"floor":14,"key":"Smiling Mask"},{"floor":24,"key":"Incense Burner"},{"floor":26,"key":"Ninja Scroll"}],"event_choices":[{"cards_removed":["Strike_G"],"damage_healed":0,"gold_gain":0,"player_choice":"Card Removal","damage_taken":0,"max_hp_gain":0,"max_hp_loss":0,"event_name":"The Cleric","floor":2,"gold_loss":75},{"damage_healed":0,"gold_gain":0,"player_choice":"Trade","damage_taken":0,"relics_obtained":["GremlinMask"],"max_hp_gain":0,"max_hp_loss":0,"event_name":"FaceTrader","floor":7,"gold_loss":0},{"damage_healed":0,"gold_gain":0,"player_choice":"Ignored","damage_taken":0,"max_hp_gain":0,"max_hp_loss":0,"event_name":"The Mausoleum","floor":25,"gold_loss":0},{"damage_healed":0,"gold_gain":0,"player_choice":"Ignored","damage_taken":0,"max_hp_gain":0,"max_hp_loss":0,"event_name":"Vampires","floor":29,"gold_loss":0},{"damage_healed":0,"gold_gain":0,"cards_transformed":["Strike_G","Defend_G"],"player_choice":"Became Test Subject","damage_taken":0,"max_hp_gain":0,"max_hp_loss":0,"event_name":"Drug Dealer","floor":31,"gold_loss":0,"cards_obtained":["Wraith Form v2","Backstab"]}],"is_beta":false,"boss_relics":[{"not_picked":["Black Star","Empty Cage"],"picked":"Astrolabe"}],"items_purged_floors":[],"is_endless":false,"potions_floor_spawned":[1,8,14,16,21,22,27,28],"killed_by":"Automaton","ascension_level":18}}