{"host":"h4lp0eeso8a0ssq0","time":1610351898,"event":{"mods":["2.2 Compatiblity","AchievementEnabler","BaseMod","CapriCore","Colored Map","Minty Spire (QoL Compilation)","StSLib","SuperFastMode"],"gold_per_floor":[116,116,129,129,129,129,158,175,198,215,17,17,33,50,50,50,50],"floor_reached":16,"playtime":515,"items_purged":["Strike_G"],"score":138,"play_id":"754de789-bbdc-48fc-b6be-95c95b36a560","local_time":"20210111165818","is_ascension_mode":true,"campfire_choices":[{"data":"Crippling Poison","floor":6.0,"key":"SMITH"},{"floor":12,"key":"REST"},{"data":"Night Terror","floor":15,"key":"SMITH"}],"circlet_count":0,"master_deck":["Strike_G","Strike_G","Strike_G","Defend_G","Defend_G","Defend_G","Defend_G","Defend_G","Survivor","Neutralize+1","Night Terror+1","Dagger Throw+1","Crippling Poison+1","Calculated Gamble","Leg Sweep","Cloak And Dagger","Reflex","Footwork","Acrobatics","Escape Plan","Accuracy"],"relics":["Ring of the Snake","Lantern","Regal Pillow","Bag of Marbles"],"acts_visited":["Exordium"],"potions_floor_usage":[16],"damage_taken":[{"damage":2.0,"enemies":"Cultist","floor":1.0,"turns":4.0},{"damage":2.0,"enemies":"2 Louse","floor":3.0,"turns":3.0},{"damage":30.0,"enemies":"3 Sentries","floor":7.0,"turns":13.0},{"damage":0.0,"enemies":"Jaw Worm","floor":8.0,"turns":4.0},{"damage":0,"enemies":"Red Slaver","floor":10,"turns":4},{"damage":0,"enemies":"Large Slime","floor":13,"turns":6},{"damage":0,"enemies":"3 Louse","floor":14,"turns":3},{"damage":42,"enemies":"Slime Boss","floor":16,"turns":10}],"seed_played":"-1526499262134074678","potions_obtained":[{"floor":1.0,"key":"FairyPotion"},{"floor":3.0,"key":"SpeedPotion"},{"floor":8.0,"key":"Poison Potion"},{"floor":13,"key":"Block Potion"}],"is_trial":false,"path_per_floor":["M","?","M","?","T","R","E","M","T","M","$","R","M","M","R","B"],"character_chosen":"THE_SILENT","items_purchased":["Footwork","Acrobatics"],"campfire_rested":1,"item_purchase_floors":[11,11],"current_hp_per_floor":[61,47,45,45,45,45,15,15,15,15,15,51,51,51,51,9,9],"gold":50,"neow_bonus":"ONE_RANDOM_RARE_CARD","is_daily":false,"chose_seed":false,"campfire_upgraded":2,"win_rate":0.0,"timestamp":1610351898,"path_taken":["M","?","M","?","?","R","E","M","T","M","$","R","M","M","R","BOSS"],"items_purchased_type":["Card","Card"],"build_version":"2020-12-22","purchased_purges":1,"victory":false,"max_hp_per_floor":[70,70,70,70,70,70,70,70,70,70,70,70,70,70,70,70,70],"card_choices":[{"not_picked":["Finisher","Prepared"],"picked":"Dagger Throw","floor":1.0},{"not_picked":["Heel Hook","Dagger Throw"],"picked":"Crippling Poison","floor":3.0},{"not_picked":["Sucker Punch","Endless Agony"],"picked":"Leg Sweep","floor":7.0},{"not_picked":["Dodge and Roll","Flying Knee"],"picked":"Cloak And Dagger","floor":8.0},{"not_picked":["Cloak And Dagger","Flying Knee"],"picked":"Reflex","floor":10},{"not_picked":["Cloak And Dagger","Envenom"],"picked":"Escape Plan","floor":13},{"not_picked":["Finisher","Quick Slash"],"picked":"Accuracy","floor":14}],"player_experience":127505,"relics_obtained":[{"floor":5.0,"key":"Lantern"},{"floor":7.0,"key":"Regal Pillow"},{"floor":9.0,"key":"Bag of Marbles"}],"event_choices":[{"damage_healed":0.0,"max_hp_gain":0.0,"max_hp_loss":0.0,"gold_gain":0.0,"event_name":"Shining Light","player_choice":"Entered Light","floor":2.0,"gold_loss":0.0,"damage_taken":14.0,"cards_upgraded":["Neutralize","Dagger Throw"]},{"damage_healed":0.0,"max_hp_gain":0.0,"max_hp_loss":0.0,"gold_gain":0.0,"cards_transformed":["Strike_G"],"event_name":"Living Wall","player_choice":"Change","floor":4.0,"gold_loss":0.0,"damage_taken":0.0,"cards_obtained":["Calculated Gamble"]}],"is_beta":false,"boss_relics":[],"items_purged_floors":[11],"is_endless":false,"potions_floor_spawned":[1,3,8,13],"killed_by":"Slime Boss","ascension_level":7}}