{"host":"ELF","time":1610338991,"event":{"mods":["BaseMod","Minty Spire (QoL Compilation)"],"gold_per_floor":[116,130,205,223,238,263,263,100,173,173,153,172,190,203,203,299,299,299],"floor_reached":17,"playtime":706,"items_purged":[],"score":159,"play_id":"99143b91-31d0-4837-881d-cc6c4d8232a8","local_time":"20210110222311","is_ascension_mode":false,"campfire_choices":[{"floor":7,"key":"REST"},{"data":"Corruption","floor":10,"key":"SMITH"},{"data":"Hemokinesis","floor":15,"key":"SMITH"}],"circlet_count":0,"master_deck":["Strike_R","Strike_R","Strike_R","Strike_R","Strike_R","Defend_R","Defend_R","Defend_R","Defend_R","Bash","Fire Breathing","Headbutt","Cleave","Pummel","Flame Barrier","Corruption+1","Hemokinesis+1","Battle Trance","Bloodletting","Immolate"],"relics":["Burning Blood","CaptainsWheel","White Beast Statue","Black Star"],"acts_visited":["Exordium","TheCity"],"potions_floor_usage":[6,13,16],"damage_taken":[{"damage":0,"enemies":"Small Slimes","floor":1,"turns":3},{"damage":1,"enemies":"Jaw Worm","floor":2,"turns":4},{"damage":1,"enemies":"Cultist","floor":4,"turns":3},{"damage":7,"enemies":"2 Fungi Beasts","floor":5,"turns":3},{"damage":12,"enemies":"3 Sentries","floor":6,"turns":4},{"damage":0,"enemies":"Large Slime","floor":12,"turns":6},{"damage":2,"enemies":"Exordium Thugs","floor":13,"turns":4},{"damage":11,"enemies":"Exordium Wildlife","floor":14,"turns":3},{"damage":12,"enemies":"Slime Boss","floor":16,"turns":8}],"seed_played":"3276468994825133609","potions_obtained":[{"floor":1,"key":"PowerPotion"},{"floor":2,"key":"Swift Potion"},{"floor":5,"key":"Fire Potion"},{"floor":6,"key":"Ancient Potion"},{"floor":13,"key":"PowerPotion"},{"floor":16,"key":"EntropicBrew"}],"is_trial":true,"path_per_floor":["M","M","?","M","M","E","R","$","T","R","?","M","M","M","R","B",null],"character_chosen":"IRONCLAD","items_purchased":["Corruption"],"campfire_rested":1,"item_purchase_floors":[8],"current_hp_per_floor":[80,80,69,74,73,67,80,80,80,80,80,80,80,75,75,69,80,80],"gold":299,"neow_bonus":"","is_daily":false,"chose_seed":true,"campfire_upgraded":2,"win_rate":0.0,"timestamp":1610338991,"path_taken":["M","M","?","M","M","E","R","$","T","R","?","M","M","M","R","BOSS"],"items_purchased_type":["Card"],"build_version":"2020-12-18","purchased_purges":0,"victory":false,"max_hp_per_floor":[80,80,80,80,80,80,80,80,80,80,80,80,80,80,80,80,80,80],"card_choices":[{"not_picked":["Second Wind","Reckless Charge"],"picked":"Fire Breathing","floor":1},{"not_picked":["Clash","Iron Wave"],"picked":"Headbutt","floor":2},{"not_picked":["Burning Pact","Havoc"],"picked":"Cleave","floor":4},{"not_picked":["Infernal Blade","Blood for Blood"],"picked":"Pummel","floor":5},{"not_picked":["Cleave","Pommel Strike"],"picked":"Flame Barrier","floor":6},{"not_picked":["Havoc","Flex"],"picked":"Hemokinesis","floor":12},{"not_picked":["Clash","Fire Breathing"],"picked":"Battle Trance","floor":13},{"not_picked":["Hemokinesis","Whirlwind"],"picked":"Bloodletting","floor":14},{"not_picked":["Bludgeon","Berserk"],"picked":"Immolate","floor":16}],"player_experience":3162874,"relics_obtained":[{"floor":6,"key":"CaptainsWheel"},{"floor":9,"key":"White Beast Statue"}],"event_choices":[{"damage_healed":0,"gold_gain":75,"player_choice":"Gather Gold","damage_taken":11,"max_hp_gain":0,"max_hp_loss":0,"event_name":"World of Goop","floor":3,"gold_loss":0},{"damage_healed":0,"gold_gain":0,"player_choice":"Bought 1 Potion","damage_taken":0,"max_hp_gain":0,"max_hp_loss":0,"event_name":"The Woman in Blue","floor":11,"gold_loss":0}],"is_beta":true,"boss_relics":[{"not_picked":["Runic Dome","Sozu"],"picked":"Black Star"}],"items_purged_floors":[],"is_endless":false,"potions_floor_spawned":[1,2,5,6,12,13,14,16],"ascension_level":0}}