{"host":"5yoj846f700ld8qy","time":1610403659,"event":{"mods":["AchievementEnabler","BaseMod","Better Altar","Better Match","Better Note","Better Sensory Stone","Better Skull","Better Third Choice","Colored Map","Colored Powertips","Minty Spire (QoL Compilation)","StSLib"],"gold_per_floor":[117,117,35,45,64,64,92,92,92,122,122,137,102,29,29,100,100,113,113,12,12,12,37,37,48,73,93,108,108,108,142,142,142,142],"floor_reached":33,"playtime":881,"items_purged":[],"score":534,"play_id":"1e8a3b62-49fc-42f7-9174-9f2f119a628a","local_time":"20210112002059","is_ascension_mode":true,"campfire_choices":[{"data":"Carnage","floor":6.0,"key":"SMITH"},{"data":"1","floor":8.0,"key":"LIFT"},{"data":"2","floor":15.0,"key":"LIFT"},{"data":"3","floor":24.0,"key":"LIFT"},{"floor":30.0,"key":"DIG"},{"floor":32.0,"key":"DIG"}],"circlet_count":0,"master_deck":["AscendersBane","Strike_R+1","Strike_R","Strike_R","Strike_R","Strike_R","Defend_R","Defend_R","Defend_R","Defend_R","Bash","Whirlwind+1","Carnage+1","Ghostly Armor","Burning Pact","Sentinel","Pummel","Feed","Limit Break","Jack Of All Trades","Discovery","Flex","Perfected Strike+1","Dropkick+1","Flame Barrier","Sword Boomerang"],"relics":["Burning Blood","NeowsBlessing","Girya","StoneCalendar","Pear","Shovel","Coffee Dripper","MutagenicStrength","Meat on the Bone","Smiling Mask","NlothsMask","Whetstone","Darkstone Periapt","Oddly Smooth Stone"],"acts_visited":["Exordium","TheCity"],"potions_floor_usage":[33],"damage_taken":[{"damage":0.0,"enemies":"Small Slimes","floor":1.0,"turns":1.0},{"damage":0.0,"enemies":"Cultist","floor":4.0,"turns":1.0},{"damage":0.0,"enemies":"2 Louse","floor":5.0,"turns":1.0},{"damage":30.0,"enemies":"3 Sentries","floor":7.0,"turns":4.0},{"damage":20.0,"enemies":"Gremlin Nob","floor":10.0,"turns":4.0},{"damage":0.0,"enemies":"2 Fungi Beasts","floor":12.0,"turns":1.0},{"damage":32.0,"enemies":"The Guardian","floor":16.0,"turns":8.0},{"damage":25.0,"enemies":"3 Byrds","floor":18.0,"turns":4.0},{"damage":17.0,"enemies":"Slavers","floor":23.0,"turns":4.0},{"damage":37.0,"enemies":"2 Thieves","floor":25.0,"turns":4.0},{"damage":4.0,"enemies":"Centurion and Healer","floor":27.0,"turns":2.0},{"damage":12.0,"enemies":"Chosen and Byrds","floor":28.0,"turns":4.0},{"damage":23.0,"enemies":"Book of Stabbing","floor":31.0,"turns":4.0},{"damage":16,"enemies":"Automaton","floor":33,"turns":4}],"seed_played":"-6822658785876282186","potions_obtained":[{"floor":5.0,"key":"Swift Potion"},{"floor":10.0,"key":"SkillPotion"},{"floor":23.0,"key":"Swift Potion"},{"floor":27.0,"key":"Block Potion"},{"floor":28.0,"key":"LiquidBronze"},{"floor":31.0,"key":"Ancient Potion"}],"is_trial":false,"path_per_floor":["M","?","$","M","M","R","E","R","T","E","?","M","?","$","R","B",null,"M","?","$","?","$","E","R","M","T","M","M","?","R","E","R","B"],"character_chosen":"IRONCLAD","items_purchased":["Carnage","Feed","Flex","Explosive Potion"],"campfire_rested":0,"item_purchase_floors":[3,14,20,20],"current_hp_per_floor":[74,74,74,75,75,75,51,51,51,47,42,48,69,69,69,43,75,56,56,56,56,56,48,48,32,32,49,58,58,58,53,53,37,37],"gold":142,"neow_bonus":"THREE_ENEMY_KILL","is_daily":false,"chose_seed":false,"campfire_upgraded":1,"win_rate":0.0,"timestamp":1610403659,"path_taken":["M","?","$","?","M","R","E","R","T","E","?","M","?","?","R","BOSS","M","?","$","?","$","E","R","M","T","M","M","?","R","E","R","BOSS"],"items_purchased_type":["Card","Card","Card","Potion"],"build_version":"2020-12-22","purchased_purges":0,"victory":false,"max_hp_per_floor":[75,75,75,75,75,75,75,75,75,85,85,85,85,85,85,85,85,85,85,85,85,85,88,88,91,91,94,97,97,97,97,97,97,97],"card_choices":[{"not_picked":["Armaments","Clothesline"],"picked":"Whirlwind","floor":1.0},{"not_picked":["Searing Blow","Havoc"],"picked":"Ghostly Armor","floor":4.0},{"not_picked":["Havoc","Perfected Strike"],"picked":"Burning Pact","floor":5.0},{"not_picked":["Exhume","Spot Weakness"],"picked":"Sentinel","floor":7.0},{"not_picked":["Offering","Warcry"],"picked":"Pummel","floor":10.0},{"not_picked":["Dark Embrace","Cleave","Havoc"],"picked":"SKIP","floor":12.0},{"not_picked":["Barricade","Impervious"],"picked":"Limit Break","floor":16.0},{"not_picked":["Iron Wave","Wild Strike","Searing Blow"],"picked":"SKIP","floor":18.0},{"not_picked":["Magnetism","Purity"],"picked":"Jack Of All Trades","floor":19.0},{"not_picked":["Apotheosis","Metamorphosis"],"picked":"Discovery","floor":19.0},{"not_picked":["Wild Strike","Headbutt"],"picked":"Perfected Strike+1","floor":23.0},{"not_picked":["Headbutt","Dark Embrace"],"picked":"Dropkick","floor":25.0},{"not_picked":["Heavy Blade","Entrench"],"picked":"Flame Barrier","floor":27.0},{"not_picked":["Reckless Charge","Havoc","Entrench+1"],"picked":"SKIP","floor":28.0},{"not_picked":["Evolve","Reckless Charge"],"picked":"Sword Boomerang","floor":31.0}],"player_experience":392087,"relics_obtained":[{"floor":7.0,"key":"Girya"},{"floor":9.0,"key":"StoneCalendar"},{"floor":10.0,"key":"Pear"},{"floor":23.0,"key":"Meat on the Bone"},{"floor":26.0,"key":"Smiling Mask"},{"floor":30.0,"key":"Whetstone"},{"floor":31.0,"key":"Darkstone Periapt"},{"floor":32.0,"key":"Oddly Smooth Stone"}],"event_choices":[{"damage_healed":0.0,"max_hp_gain":0.0,"max_hp_loss":0.0,"gold_gain":0.0,"event_name":"Accursed Blacksmith","player_choice":"Forge","floor":2.0,"gold_loss":0.0,"damage_taken":0.0,"cards_upgraded":["Whirlwind"]},{"damage_healed":0.0,"max_hp_gain":0.0,"max_hp_loss":0.0,"gold_gain":1.0,"event_name":"betterThird:BetterScrap","player_choice":"Relic ","floor":11.0,"gold_loss":0.0,"damage_taken":5.0,"cards_obtained":["All Out Attack"]},{"damage_healed":21.0,"max_hp_gain":0.0,"max_hp_loss":0.0,"gold_gain":0.0,"event_name":"The Cleric","player_choice":"Healed","floor":13.0,"gold_loss":35.0,"damage_taken":0.0},{"damage_healed":0.0,"max_hp_gain":0.0,"max_hp_loss":0.0,"gold_gain":2.0,"event_name":"betterStone:BetterStone","player_choice":"1","floor":19.0,"gold_loss":0.0,"damage_taken":0.0},{"damage_healed":0.0,"max_hp_gain":0.0,"max_hp_loss":0.0,"gold_gain":0.0,"event_name":"Drug Dealer","player_choice":"Inject Mutagens","floor":21.0,"gold_loss":0.0,"damage_taken":0.0,"relics_obtained":["MutagenicStrength"]},{"damage_healed":0.0,"max_hp_gain":0.0,"max_hp_loss":0.0,"gold_gain":0.0,"event_name":"FaceTrader","player_choice":"Trade","floor":29.0,"gold_loss":0.0,"damage_taken":0.0,"relics_obtained":["NlothsMask"]}],"is_beta":false,"boss_relics":[{"not_picked":["Runic Dome","Calling Bell"],"picked":"Coffee Dripper"}],"items_purged_floors":[],"is_endless":false,"potions_floor_spawned":[5,10,23,27,28,31],"killed_by":"Automaton","ascension_level":15}}