{"host":"fnk117zi8wf5078t","time":1610351130,"event":{"mods":["AchievementEnabler","BaseMod","Colored Map","Minty Spire (QoL Compilation)","Rare Cards Sparkle","SuperFastMode","everything is the same but u backflip on backflip"],"gold_per_floor":[119,119,19,19,37,37,71,346,370,159,174,324,338,11,11,11,11],"floor_reached":16,"playtime":300,"items_purged":["Strike_R","Regret","Doubt"],"score":240,"play_id":"6769babc-4203-48f1-932f-97a42ad93977","local_time":"20210111164530","is_ascension_mode":true,"campfire_choices":[{"data":"Body Slam","floor":6.0,"key":"SMITH"},{"data":"Armaments","floor":15.0,"key":"SMITH"}],"circlet_count":0,"master_deck":["AscendersBane","Strike_R","Strike_R","Strike_R","Defend_R","Defend_R","Defend_R","Defend_R","Bash","Body Slam","Body Slam+1","Rage","Offering","Armaments+1","Bandage Up"],"relics":["Burning Blood","NeowsBlessing","Golden Idol","Nunchaku","Regal Pillow"],"acts_visited":["Exordium"],"potions_floor_usage":[16],"damage_taken":[{"damage":0.0,"enemies":"2 Louse","floor":1.0,"turns":1.0},{"damage":0.0,"enemies":"Jaw Worm","floor":5.0,"turns":1.0},{"damage":0.0,"enemies":"3 Sentries","floor":7.0,"turns":2.0},{"damage":0.0,"enemies":"Cultist","floor":11.0,"turns":3.0},{"damage":11.0,"enemies":"Looter","floor":13.0,"turns":3.0},{"damage":75,"enemies":"Slime Boss","floor":16,"turns":8}],"seed_played":"8373670183540369695","potions_obtained":[{"floor":11.0,"key":"Dexterity Potion"},{"floor":13.0,"key":"Weak Potion"}],"is_trial":false,"path_per_floor":["M","?","$","?","M","R","E","?","T","$","M","?","M","$","R","B"],"character_chosen":"IRONCLAD","items_purchased":["Body Slam","Fruit Juice","Fruit Juice","Bandage Up"],"campfire_rested":0,"item_purchase_floors":[3,10,14,14],"current_hp_per_floor":[74,48,48,41,47,47,53,53,53,58,64,64,59,64,64,0,0],"gold":11,"neow_bonus":"THREE_ENEMY_KILL","is_daily":false,"chose_seed":false,"campfire_upgraded":2,"win_rate":0.0,"timestamp":1610351130,"path_taken":["M","?","$","?","M","R","E","?","T","$","?","?","M","?","R","BOSS"],"items_purchased_type":["Card","Potion","Potion","Card"],"build_version":"2020-12-22","purchased_purges":3,"victory":false,"max_hp_per_floor":[75,75,75,75,75,75,75,75,75,80,80,80,80,85,85,85,85],"card_choices":[{"not_picked":["Headbutt","Warcry"],"picked":"Body Slam","floor":1.0},{"not_picked":["Cleave","Pummel","Rupture"],"picked":"SKIP","floor":5.0},{"not_picked":["Feel No Pain","Clothesline"],"picked":"Rage","floor":7.0},{"not_picked":["Clash","Body Slam"],"picked":"Offering","floor":11.0},{"not_picked":["Reckless Charge","Havoc"],"picked":"Armaments","floor":13.0}],"player_experience":370471,"relics_obtained":[{"floor":7.0,"key":"Nunchaku"},{"floor":9.0,"key":"Regal Pillow"}],"event_choices":[{"damage_healed":0.0,"max_hp_gain":0.0,"max_hp_loss":0.0,"gold_gain":0.0,"event_name":"Golden Idol","player_choice":"Take Damage","floor":2.0,"gold_loss":0.0,"damage_taken":26.0,"relics_obtained":["Golden Idol"]},{"cards_removed":["Strike_R"],"damage_healed":0.0,"max_hp_gain":0.0,"max_hp_loss":0.0,"gold_gain":0.0,"event_name":"Golden Wing","player_choice":"Card Removal","floor":4.0,"gold_loss":0.0,"damage_taken":7.0},{"damage_healed":0.0,"max_hp_gain":0.0,"max_hp_loss":0.0,"gold_gain":275.0,"event_name":"Golden Shrine","player_choice":"Desecrate","floor":8.0,"gold_loss":0.0,"damage_taken":0.0,"cards_obtained":["Regret"]},{"damage_healed":0.0,"max_hp_gain":0.0,"max_hp_loss":0.0,"gold_gain":150.0,"event_name":"Liars Game","player_choice":"AGREE","floor":12.0,"gold_loss":0.0,"damage_taken":0.0,"cards_obtained":["Doubt"]}],"is_beta":false,"boss_relics":[],"items_purged_floors":[3,10,14],"is_endless":false,"potions_floor_spawned":[11,13],"killed_by":"Slime Boss","ascension_level":19}}