{"host":"7l2t4psy44vpcd9q","time":1610385170,"event":{"mods":["AchievementEnabler","BaseMod","DeckTracker","Minty Spire (QoL Compilation)","SuperFastMode"],"gold_per_floor":[117,128,128,144,167,200,200,200,200,200,241,265,230,155,155,246,246,259,174,174,197,25,25,25,25,25],"floor_reached":25,"playtime":947,"items_purged":["Strike_P"],"score":458,"play_id":"ffe34524-f4ed-44f6-b7b8-1716597addd9","local_time":"20210112021250","is_ascension_mode":true,"campfire_choices":[{"floor":8,"key":"REST"},{"data":"WheelKick","floor":10,"key":"SMITH"},{"data":"Pray","floor":15,"key":"SMITH"},{"floor":23,"key":"REST"}],"circlet_count":0,"master_deck":["AscendersBane","Strike_P","Strike_P","Strike_P","Defend_P","Defend_P","Defend_P","Defend_P","Eruption+1","Vigilance","CrushJoints","Pray+1","Pray","WheelKick+1","Adaptation+1","EmptyFist","Devotion","WheelKick"],"relics":["PureWater","Golden Idol","Shovel","TungstenRod","Blue Candle","Runic Pyramid","Boot","Bag of Preparation"],"acts_visited":["Exordium","TheCity"],"potions_floor_usage":[16,18,18,21,24],"damage_taken":[{"damage":3,"enemies":"2 Louse","floor":1,"turns":4},{"damage":10,"enemies":"Small Slimes","floor":2,"turns":4},{"damage":7,"enemies":"Jaw Worm","floor":4,"turns":3},{"damage":4,"enemies":"Looter","floor":5,"turns":3},{"damage":19,"enemies":"Lagavulin","floor":6,"turns":6},{"damage":15,"enemies":"Gremlin Nob","floor":11,"turns":3},{"damage":13,"enemies":"3 Louse","floor":12,"turns":3},{"damage":10,"enemies":"Hexaghost","floor":16,"turns":6},{"damage":22,"enemies":"3 Byrds","floor":18,"turns":4},{"damage":13,"enemies":"2 Thieves","floor":21,"turns":3},{"damage":0,"enemies":"Slavers","floor":24,"turns":1},{"damage":47,"enemies":"Cultist and Chosen","floor":25,"turns":3}],"seed_played":"-6498481102700245328","potions_obtained":[{"floor":5,"key":"Weak Potion"},{"floor":11,"key":"BottledMiracle"},{"floor":16,"key":"PowerPotion"},{"floor":18,"key":"AttackPotion"},{"floor":21,"key":"SmokeBomb"}],"is_trial":false,"path_per_floor":["M","M","?","M","M","E","?","R","T","R","E","M","?","$","R","B",null,"M","?","?","M","$","R","E","M"],"character_chosen":"WATCHER","items_purchased":["Bag of Preparation"],"campfire_rested":2,"item_purchase_floors":[22],"current_hp_per_floor":[58,48,48,41,37,18,18,36,36,36,21,8,23,23,23,13,50,28,28,40,27,27,45,45,0,0],"gold":25,"neow_bonus":"UPGRADE_CARD","is_daily":false,"chose_seed":false,"campfire_upgraded":2,"win_rate":0.0,"timestamp":1610385170,"path_taken":["M","M","?","M","M","E","?","R","T","R","E","?","?","$","R","BOSS","M","?","?","M","$","R","E","M"],"items_purchased_type":["Relic"],"build_version":"2020-12-22","purchased_purges":1,"victory":false,"max_hp_per_floor":[68,68,62,62,62,62,62,62,62,62,62,62,62,62,62,62,62,62,62,62,62,62,62,62,62,62],"card_choices":[{"not_picked":["Crescendo","Nirvana"],"picked":"CrushJoints","floor":1},{"not_picked":["Crescendo","WaveOfTheHand"],"picked":"Pray","floor":2},{"not_picked":["CrushJoints","ClearTheMind"],"picked":"Pray","floor":4},{"not_picked":["EmptyBody","Protect"],"picked":"WheelKick","floor":5},{"not_picked":["Wireheading","PathToVictory"],"picked":"Adaptation","floor":6},{"not_picked":["PathToVictory","Wallop","SashWhip"],"picked":"SKIP","floor":11},{"not_picked":["Alpha","SignatureMove"],"picked":"EmptyFist","floor":12},{"not_picked":["Alpha","SpiritShield"],"picked":"Devotion","floor":16},{"not_picked":["Vengeance","JustLucky"],"picked":"WheelKick","floor":18},{"not_picked":["EmptyFist","SashWhip","Conclude+1"],"picked":"SKIP","floor":21}],"player_experience":1201327,"relics_obtained":[{"floor":6,"key":"Shovel"},{"floor":9,"key":"TungstenRod"},{"floor":11,"key":"Blue Candle"}],"event_choices":[{"damage_healed":0,"gold_gain":0,"player_choice":"Lose Max HP","damage_taken":0,"relics_obtained":["Golden Idol"],"max_hp_gain":0,"max_hp_loss":6,"event_name":"Golden Idol","floor":3,"gold_loss":0},{"damage_healed":0,"gold_gain":0,"player_choice":"Grow","damage_taken":0,"max_hp_gain":0,"max_hp_loss":0,"event_name":"Living Wall","floor":7,"gold_loss":0,"cards_upgraded":["Adaptation"]},{"damage_healed":15,"gold_gain":0,"player_choice":"Healed","damage_taken":0,"max_hp_gain":0,"max_hp_loss":0,"event_name":"The Cleric","floor":13,"gold_loss":35},{"damage_healed":0,"gold_gain":0,"player_choice":"Obtained Relic","damage_taken":0,"relics_obtained":["Boot"],"max_hp_gain":0,"max_hp_loss":0,"event_name":"Addict","floor":19,"gold_loss":85},{"damage_healed":12,"gold_gain":0,"player_choice":"Heal","damage_taken":0,"max_hp_gain":0,"max_hp_loss":0,"event_name":"The Library","floor":20,"gold_loss":0}],"is_beta":false,"boss_relics":[{"not_picked":["SlaversCollar","Empty Cage"],"picked":"Runic Pyramid"}],"items_purged_floors":[14],"is_endless":false,"potions_floor_spawned":[5,11,16,18,21,24],"killed_by":"Cultist and Chosen","ascension_level":20}}