{"host":"ss2ocoam53r2lno0","time":1610367308,"event":{"mods":["Act Like it!","BaseMod","ChefMod","Clockwork Mod","Colored Powertips","Curses Come First","Dark Map","Displayed Cursed Tome","Downfall","Evolution","Googly Eyes","Hallownest","Highlight Path","Minty Spire (QoL Compilation)","Poor People Problems","Rare Cards Sparkle","Robot Space Explorer","Shade Mod","Shop Mod","Spicy Shops","StSLib","The Marked"],"gold_per_floor":[119,119,119,134,59,59,88,98,177,197,228,328,360,371,371,473,473,488,522,242,256,270,303,67,67,67],"floor_reached":25,"playtime":1509,"items_purged":["Clockwork:Strike","Clockwork:Strike","Clockwork:Strike+1"],"score":279,"play_id":"35bea762-40df-4b07-b736-74a6d55b088e","local_time":"20210111131508","is_ascension_mode":true,"campfire_choices":[{"data":"Clockwork:QuantumStrike","floor":6,"key":"SMITH"},{"floor":15,"key":"REST"}],"circlet_count":0,"master_deck":["Clockwork:Strike+1","Clockwork:Shield","Clockwork:Shield","Clockwork:Shield","Clockwork:Shield","Clockwork:Tinker","Clockwork:WarmUp","Clockwork:QuantumStrike+1","Clockwork:Inspiration","Clockwork:ChargingShield","Clockwork:ZeroPointEnergy","Clockwork:PerfectedShield+1","Clockwork:Selectivity+1","Clockwork:CraftVarja"],"relics":["Clockwork:MomentumEngine","EVO:Axolotl","NeowsBlessing","Omamori","InkBottle","Clockwork:QuicksilverHourglass","Meat on the Bone","Toy Ornithopter","Black Star","Red Mask","Membership Card","MerchantsRug","Boot","Bird Faced Urn","Frozen Egg 2","Clockwork:RubberBall"],"acts_visited":["Exordium","TheCity"],"potions_floor_usage":[8,11,11,16,23,23],"damage_taken":[{"damage":0,"enemies":"Jaw Worm","floor":1,"turns":1},{"damage":0,"enemies":"Cultist","floor":4,"turns":1},{"damage":0,"enemies":"Gremlin Nob","floor":7,"turns":1},{"damage":14,"enemies":"2 Louse","floor":8,"turns":3},{"damage":12,"enemies":"Red Slaver","floor":10,"turns":4},{"damage":14,"enemies":"3 Sentries","floor":11,"turns":12},{"damage":12,"enemies":"Lagavulin","floor":13,"turns":7},{"damage":0,"enemies":"3 Louse","floor":14,"turns":2},{"damage":11,"enemies":"Slime Boss","floor":16,"turns":11},{"damage":50,"enemies":"Shell Parasite","floor":18,"turns":8},{"damage":18,"enemies":"Masked Bandits","floor":19,"turns":5},{"damage":10,"enemies":"Chosen","floor":21,"turns":4},{"damage":11,"enemies":"Centurion and Healer","floor":22,"turns":8},{"damage":27,"enemies":"Slavers","floor":23,"turns":4},{"damage":49,"enemies":"Book of Stabbing","floor":25,"turns":8}],"seed_played":"7364883072342468425","potions_obtained":[{"floor":1,"key":"SkillPotion"},{"floor":8,"key":"Fruit Juice"},{"floor":10,"key":"champ:CounterPotion"},{"floor":13,"key":"Swift Potion"},{"floor":21,"key":"DuplicationPotion"},{"floor":22,"key":"DuplicationPotion"}],"is_trial":false,"path_per_floor":["M","?","?","M","$","R","E","M","T","M","E","?","E","M","R","B",null,"M","?","$","M","M","E","$","E"],"character_chosen":"CLOCKWORK","items_purchased":["Membership Card","MerchantsRug","Clockwork:CraftVarja","Frozen Egg 2","Clockwork:RubberBall"],"campfire_rested":1,"item_purchase_floors":[20,20,24,24,24],"current_hp_per_floor":[85,68,60,60,60,60,60,51,51,39,25,25,25,37,64,58,90,52,46,46,48,49,44,44,0,0],"gold":67,"neow_bonus":"THREE_ENEMY_KILL","is_daily":false,"chose_seed":false,"campfire_upgraded":1,"win_rate":0.0,"timestamp":1610367308,"path_taken":["M","?","?","?","$","R","E","M","T","M","E","?","E","M","R","BOSS","M","?","$","M","M","E","$","E"],"items_purchased_type":["Relic","Relic","Card","Relic","Relic"],"build_version":"2020-12-22","purchased_purges":3,"victory":false,"max_hp_per_floor":[85,85,85,85,85,85,85,90,90,90,90,90,90,90,90,90,90,90,90,90,90,90,90,90,90,90],"card_choices":[{"not_picked":["Clockwork:MechanicalBulk","Clockwork:SnapKeep"],"picked":"Clockwork:QuantumStrike","floor":1},{"not_picked":["Clockwork:ReserveSystems","Clockwork:Efficiency","Clockwork:Roundhouse"],"picked":"SKIP","floor":4},{"not_picked":["Clockwork:AdaptiveShield","Clockwork:TimeWalk"],"picked":"Clockwork:Inspiration","floor":7},{"not_picked":["Clockwork:Redundancy","Clockwork:CogShield"],"picked":"Clockwork:ChargingShield","floor":8},{"not_picked":["Clockwork:Redundancy","Clockwork:AdaptiveShield"],"picked":"Clockwork:CraftQuicksilverHourglass","floor":10},{"not_picked":["Clockwork:Downsize","Clockwork:CogToss","Clockwork:ChargingShield"],"picked":"SKIP","floor":11},{"not_picked":["Clockwork:RampUp","Clockwork:CogShield"],"picked":"Clockwork:ZeroPointEnergy","floor":13},{"not_picked":["Clockwork:CogShield","Clockwork:Improve","Clockwork:SnapKeep"],"picked":"SKIP","floor":14},{"not_picked":["Clockwork:Halt","Clockwork:WindupStrike"],"picked":"Clockwork:CraftQuicksilverHourglass","floor":16},{"not_picked":["Clockwork:Pluck","Clockwork:SearingStrike+1"],"picked":"Clockwork:PerfectedShield+1","floor":18},{"not_picked":["Clockwork:Friction","Clockwork:Efficiency"],"picked":"Clockwork:Selectivity+1","floor":19},{"not_picked":["Clockwork:Roundhouse","Clockwork:PerfectedShield","Clockwork:OccamsRazor"],"picked":"SKIP","floor":21},{"not_picked":["Clockwork:Minimalism","Clockwork:ReserveSystems","Clockwork:Enhance"],"picked":"SKIP","floor":22},{"not_picked":["Clockwork:CogToss+1","Clockwork:Friction","Clockwork:AdaptiveShield"],"picked":"SKIP","floor":23}],"player_experience":658745,"relics_obtained":[{"floor":7,"key":"Omamori"},{"floor":9,"key":"InkBottle"},{"floor":11,"key":"Meat on the Bone"},{"floor":13,"key":"Toy Ornithopter"},{"floor":19,"key":"Red Mask"},{"floor":23,"key":"Boot"},{"floor":23,"key":"Bird Faced Urn"}],"event_choices":[{"damage_healed":0,"gold_gain":0,"player_choice":"Entered Light","damage_taken":17,"max_hp_gain":0,"max_hp_loss":0,"event_name":"Shining Light","floor":2,"gold_loss":0,"cards_upgraded":["Clockwork:Strike","Clockwork:Strike"]},{"damage_healed":0,"gold_gain":0,"player_choice":"Damaged","damage_taken":8,"max_hp_gain":0,"max_hp_loss":0,"event_name":"Wheel of Change","floor":3,"gold_loss":0},{"damage_healed":0,"gold_gain":100,"player_choice":"Pray","damage_taken":0,"max_hp_gain":0,"max_hp_loss":0,"event_name":"Golden Shrine","floor":12,"gold_loss":0},{"damage_healed":0,"gold_gain":0,"player_choice":"Fought Bandits","damage_taken":0,"max_hp_gain":0,"max_hp_loss":0,"event_name":"Masked Bandits","floor":19,"gold_loss":0}],"is_beta":false,"boss_relics":[{"not_picked":["Ectoplasm","Runic Pyramid"],"picked":"Black Star"}],"items_purged_floors":[5,20,24],"is_endless":false,"potions_floor_spawned":[1,8,10,13,21,22],"killed_by":"Book of Stabbing","ascension_level":1}}