{"host":"pa65g39v0cwbmgvo","time":1610370781,"event":{"mods":["2.2 Compatiblity","ATMod(°¢èªMod)","BaseMod","Better Skull","Better Third Choice","BetterRewards","Dota2Spire","Minty Spire (QoL Compilation)","Quick Restart","Replay The Spire","Spicy Shops","StSLib","SuperFastMode","¡¾ÒÅÎï¿¨ÅÆ¡¿REMEMod"],"gold_per_floor":[119,119,130,144,159,159,186,186,186,218,218,142,142,172,172,274,274,285,285,303,319,334,334,368,368,368,399,410,99,132,146,146,249,249,249],"floor_reached":34,"playtime":1305,"items_purged":["Strike_P"],"score":886,"play_id":"c4ccedd2-d03b-454e-ae8c-81238266179c","local_time":"20210111211301","is_ascension_mode":true,"campfire_choices":[{"data":"Fasting2","floor":6.0,"key":"SMITH"},{"data":"Eruption","floor":8.0,"key":"SMITH"},{"floor":15.0,"key":"RECALL"},{"floor":23.0,"key":"REST"},{"floor":32.0,"key":"REST"}],"circlet_count":0,"master_deck":["Defend_P+1","Defend_P+1","Eruption+1","Vigilance","FlurryOfBlows","EmptyFist+1","FlurryOfBlows","Ragnarok","Replay:Battleflow","Tools of the Trade+1","AT_ShrugMaster+1","Fasting2+1","EmptyMind","Brilliance+1","TalkToTheHand+1","DevaForm+1","FollowUp+1","FollowUp+1","REME_CRH"],"relics":["PureWater","REME_ComplimentaryCards","AT_ATBox","Lantern","Garlic","AT_ForceNature","Counterbalance","Replay:Bottled Eggs","Medical Kit","Orrery","AT_BellowingDragoncrestRing","ReplayTheSpireMod:Shallot","AT_TimeSand","Molten Egg 2","AT_BladeRuinedKing","Frozen Egg 2","Replay:Drink Me","Nilry\u0027s Codex","Question Card","Replay:Towering Pillar of Hats","ClockworkSouvenir","Replay:Baseball","AT_SunfireAegis","Tiny House"],"acts_visited":["Exordium","TheCity","TheBeyond"],"potions_floor_usage":[],"damage_taken":[{"damage":1.0,"enemies":"Jaw Worm","floor":1.0,"turns":2.0},{"damage":0.0,"enemies":"Cultist","floor":3.0,"turns":1.0},{"damage":0.0,"enemies":"Small Slimes","floor":4.0,"turns":3.0},{"damage":1.0,"enemies":"Exordium Wildlife","floor":5.0,"turns":4.0},{"damage":0.0,"enemies":"Gremlin Nob","floor":7.0,"turns":2.0},{"damage":0.0,"enemies":"Replay:BlueRogue","floor":10.0,"turns":2.0},{"damage":0.0,"enemies":"3 Sentries","floor":14.0,"turns":3.0},{"damage":0.0,"enemies":"Fading Forest","floor":16.0,"turns":11.0},{"damage":0.0,"enemies":"Shell Parasite","floor":18.0,"turns":3.0},{"damage":5.0,"enemies":"2 Thieves","floor":20.0,"turns":3.0},{"damage":3.0,"enemies":"Chosen and Byrds","floor":21.0,"turns":3.0},{"damage":0.0,"enemies":"Snecko","floor":22.0,"turns":4.0},{"damage":0.0,"enemies":"Replay:Snechameleon","floor":24.0,"turns":3.0},{"damage":0.0,"enemies":"REME_1_Revenger","floor":27.0,"turns":2.0},{"damage":0.0,"enemies":"Snake Plant","floor":28.0,"turns":3.0},{"damage":22.0,"enemies":"Slavers","floor":30.0,"turns":3.0},{"damage":0.0,"enemies":"Shelled Parasite and Fungi","floor":31.0,"turns":2.0},{"damage":0.0,"enemies":"Champ","floor":33.0,"turns":3.0}],"seed_played":"879867204607586147","potions_obtained":[{"floor":4.0,"key":"Energy Potion"},{"floor":10.0,"key":"Dota2Spire:Clarity"},{"floor":14.0,"key":"Fire Potion"},{"floor":22.0,"key":"Strength Potion"},{"floor":30.0,"key":"Fruit Juice"}],"is_trial":false,"path_per_floor":["M","?","M","M","M","R","E","R","T","E","?","$","?","E","R","B",null,"M","?","M","M","M","R","E","?","T","E","M","$","E","M","R","B",null],"character_chosen":"WATCHER","items_purchased":["Lantern","Garlic","AT_ForceNature","FlurryOfBlows","Replay:Bottled Eggs","Medical Kit","Orrery","AT_BellowingDragoncrestRing","Fasting2","FearPotion","AT_BladeRuinedKing","ClockworkSouvenir","Replay:Baseball"],"campfire_rested":2,"item_purchase_floors":[0,0,0,0,0,0,0,0,0,0,12,29,29],"current_hp_per_floor":[71,71,71,71,70,70,70,70,70,70,70,70,63,63,63,72,54,54,47,42,39,39,54,54,54,54,54,54,54,37,37,54,54,64,64],"gold":249,"neow_bonus":"","is_daily":false,"chose_seed":false,"campfire_upgraded":2,"win_rate":0.0,"timestamp":1610370781,"path_taken":["M","?","?","M","M","R","E","R","T","E","?","$","?","E","R","BOSS","M","?","M","M","M","R","E","?","T","E","M","$","E","M","R","BOSS"],"items_purchased_type":["Relic","Relic","Relic","Card","Relic","Relic","Relic","Relic","Card","Potion","Relic","Relic","Relic"],"build_version":"2020-12-22","purchased_purges":1,"victory":false,"max_hp_per_floor":[72,72,72,72,72,72,72,72,72,72,72,72,72,72,72,72,54,54,54,54,54,54,54,54,54,54,54,54,54,59,59,59,59,64,64],"card_choices":[{"not_picked":["Consecrate","REME_Repentance"],"picked":"EmptyFist","floor":0.0},{"not_picked":["Replay:ManipulateFuture","ReachHeaven"],"picked":"FlurryOfBlows","floor":0.0},{"not_picked":["Replay:Vibes","Halt"],"picked":"Ragnarok","floor":0.0},{"not_picked":["REME_Repentance","EmptyBody"],"picked":"Replay:Battleflow","floor":0.0},{"not_picked":["Nirvana","EmptyFist","Replay:ManipulateFuture"],"picked":"SKIP","floor":1.0},{"not_picked":["Protect","Replay:BluntJabs"],"picked":"EmptyMind","floor":3.0},{"not_picked":["Indignation","PathToVictory","SashWhip"],"picked":"SKIP","floor":4.0},{"not_picked":["EmptyFist","BowlingBash","CarveReality"],"picked":"SKIP","floor":5.0},{"not_picked":["Halt","Nirvana","AT_SoftenMuscles"],"picked":"SKIP","floor":7.0},{"not_picked":["AT_IrregularMenstruation","Replay:AtTheReady"],"picked":"Brilliance+1","floor":10.0},{"not_picked":["Consecrate+1","REME_Repentance"],"picked":"TalkToTheHand+1","floor":14.0},{"not_picked":["Scrawl","Ragnarok+1"],"picked":"DevaForm+1","floor":16.0},{"not_picked":["EmptyFist+1","Meditate","Study+1"],"picked":"SKIP","floor":18.0},{"not_picked":["EmptyFist+1","Protect","JustLucky+1"],"picked":"SKIP","floor":20.0},{"not_picked":["InnerPeace","Collect+1","Prostrate+1"],"picked":"SKIP","floor":21.0},{"not_picked":["JustLucky+1","Evaluate"],"picked":"FollowUp+1","floor":22.0},{"not_picked":["Replay:AtTheReady+1","FearNoEvil+1","ForeignInfluence"],"picked":"SKIP","floor":24.0},{"not_picked":["SashWhip+1","Replay:BluntJabs+1","Replay:Battleflow","Alpha"],"picked":"SKIP","floor":27.0},{"not_picked":["Replay:BluntJabs+1","ReachHeaven+1","Protect"],"picked":"FollowUp+1","floor":28.0},{"not_picked":["SashWhip+1","Prostrate","Replay:ManipulateFuture","Protect"],"picked":"SKIP","floor":30.0},{"not_picked":["Replay:Vibes","ClearTheMind","WaveOfTheHand","LikeWater+1"],"picked":"SKIP","floor":31.0},{"not_picked":["Scrawl","Devotion+1","Brilliance+1"],"picked":"REME_CRH","floor":33.0}],"player_experience":60611,"relics_obtained":[{"floor":7.0,"key":"ReplayTheSpireMod:Shallot"},{"floor":9.0,"key":"AT_TimeSand"},{"floor":10.0,"key":"Molten Egg 2"},{"floor":14.0,"key":"Frozen Egg 2"},{"floor":19.0,"key":"Nilry\u0027s Codex"},{"floor":24.0,"key":"Question Card"},{"floor":27.0,"key":"Replay:Towering Pillar of Hats"},{"floor":30.0,"key":"AT_SunfireAegis"}],"event_choices":[{"cards_removed":["Strike_P"],"damage_healed":0.0,"max_hp_gain":0.0,"max_hp_loss":0.0,"gold_gain":0.0,"event_name":"Bonfire Elementals","player_choice":"Offered Basic","floor":2.0,"gold_loss":0.0,"damage_taken":0.0},{"damage_healed":0.0,"max_hp_gain":0.0,"max_hp_loss":0.0,"gold_gain":0.0,"event_name":"Living Wall","player_choice":"Grow","floor":11.0,"gold_loss":0.0,"damage_taken":0.0,"cards_upgraded":["AT_ShrugMaster"]},{"cards_removed":["Strike_P"],"damage_healed":0.0,"max_hp_gain":0.0,"max_hp_loss":0.0,"gold_gain":0.0,"event_name":"Golden Wing","player_choice":"Card Removal","floor":13.0,"gold_loss":0.0,"damage_taken":7.0},{"damage_healed":0.0,"max_hp_gain":0.0,"max_hp_loss":0.0,"gold_gain":0.0,"event_name":"Cursed Tome","player_choice":"Obtained Book","floor":19.0,"gold_loss":0.0,"damage_taken":16.0},{"damage_healed":0.0,"max_hp_gain":0.0,"max_hp_loss":0.0,"gold_gain":0.0,"event_name":"Accursed Blacksmith","player_choice":"Forge","floor":25.0,"gold_loss":0.0,"damage_taken":0.0,"cards_upgraded":["Tools of the Trade"]}],"is_beta":false,"boss_relics":[{"not_picked":["VioletLotus","Cursed Key"],"picked":"Replay:Drink Me"},{"not_picked":["Painkiller Herb","ReplayTheSpireMod:DimensionalGlitch"],"picked":"Tiny House"}],"items_purged_floors":[0],"is_endless":false,"potions_floor_spawned":[4,10,14,18,20,21,22,30],"ascension_level":2}}