{"host":"Bilverbakes","time":1610323359,"event":{"mods":["2.2 Compatiblity","AchievementEnabler","BaseMod","Bestiary","Colored Map","Minty Spire (QoL Compilation)","Relic Stats","StSLib","ojb\u0027s Info Mod"],"gold_per_floor":[119,137,62,73,23,23,48,48,48,60,60,92,112,122,122,198,198,211,48,48,46,57,57,57],"floor_reached":23,"playtime":1329,"items_purged":[],"score":406,"play_id":"7b10f863-92a9-4039-b126-b1dbc842a49c","local_time":"20210110180239","is_ascension_mode":true,"campfire_choices":[{"data":"Armaments","floor":6.0,"key":"SMITH"},{"data":"Doubt","floor":8.0,"key":"PURGE"},{"data":"Inflame","floor":15.0,"key":"SMITH"}],"circlet_count":0,"master_deck":["AscendersBane","Strike_R","Strike_R","Strike_R","Strike_R","Strike_R","Defend_R","Defend_R","Defend_R","Defend_R","Bash","Sever Soul","Rampage","Power Through","Fire Breathing","Armaments+1","Hemokinesis","Second Wind","Inflame+1","Exhume","Shrug It Off","Cleave","Body Slam"],"relics":["Burning Blood","Peace Pipe","Shuriken","Smiling Mask","Runic Pyramid","Lee\u0027s Waffle","Gremlin Horn"],"acts_visited":["Exordium","TheCity"],"potions_floor_usage":[23],"damage_taken":[{"damage":4.0,"enemies":"Small Slimes","floor":1.0,"turns":5.0},{"damage":12.0,"enemies":"Cultist","floor":2.0,"turns":4.0},{"damage":3.0,"enemies":"2 Louse","floor":4.0,"turns":3.0},{"damage":15.0,"enemies":"3 Sentries","floor":7.0,"turns":6.0},{"damage":8.0,"enemies":"Blue Slaver","floor":10.0,"turns":4.0},{"damage":22.0,"enemies":"Lagavulin","floor":12.0,"turns":7.0},{"damage":0.0,"enemies":"Gremlin Gang","floor":13.0,"turns":7.0},{"damage":2.0,"enemies":"2 Fungi Beasts","floor":14.0,"turns":3.0},{"damage":38.0,"enemies":"Hexaghost","floor":16.0,"turns":9.0},{"damage":33.0,"enemies":"Chosen","floor":18.0,"turns":5.0},{"damage":9.0,"enemies":"2 Thieves","floor":21.0,"turns":4.0},{"damage":30.0,"enemies":"Snake Plant","floor":22.0,"turns":5.0},{"damage":64,"enemies":"Slavers","floor":23,"turns":4}],"seed_played":"1821480088093152204","potions_obtained":[{"floor":2.0,"key":"Weak Potion"},{"floor":7.0,"key":"Block Potion"},{"floor":12.0,"key":"Fire Potion"},{"floor":16.0,"key":"PowerPotion"},{"floor":18.0,"key":"DuplicationPotion"}],"is_trial":false,"path_per_floor":["M","M","$","M","$","R","E","R","T","M","?","E","M","M","R","B",null,"M","$","?","M","M","E"],"character_chosen":"IRONCLAD","items_purchased":["Power Through","Armaments","Lee\u0027s Waffle"],"campfire_rested":0,"item_purchase_floors":[3,5,19],"current_hp_per_floor":[70,64,64,67,67,67,58,58,58,56,56,40,46,50,50,18,61,34,82,82,79,55,0,0],"gold":57,"neow_bonus":"ONE_RARE_RELIC","is_daily":false,"chose_seed":false,"campfire_upgraded":2,"win_rate":0.0,"timestamp":1610323359,"path_taken":["M","M","$","M","$","R","E","R","T","M","?","E","M","M","R","BOSS","M","$","?","M","M","E"],"items_purchased_type":["Card","Card","Relic"],"build_version":"2020-12-18","purchased_purges":0,"victory":false,"max_hp_per_floor":[75,75,75,75,75,75,75,75,75,75,75,75,75,75,75,75,75,75,82,82,82,82,82,82],"relic_stats":{"Peace Pipe":2,"Lee\u0027s Waffle":48,"Gremlin Horn":[2,2],"counters":[13,66],"Shuriken":[6],"Smiling Mask":0,"obtain_stats":[{"Peace Pipe":0,"Lee\u0027s Waffle":19,"Gremlin Horn":20,"Shuriken":7,"Smiling Mask":9,"Burning Blood":0,"Runic Pyramid":17},{"Peace Pipe":0,"Lee\u0027s Waffle":10,"Gremlin Horn":10,"Shuriken":4,"Smiling Mask":4,"Burning Blood":0,"Runic Pyramid":9},{"Peace Pipe":0,"Lee\u0027s Waffle":53,"Gremlin Horn":53,"Shuriken":18,"Smiling Mask":18,"Burning Blood":0,"Runic Pyramid":48}],"Burning Blood":72},"card_choices":[{"not_picked":["Pummel","Clothesline"],"picked":"Sever Soul","floor":1.0},{"not_picked":["Iron Wave","Twin Strike"],"picked":"Rampage","floor":2.0},{"not_picked":["Clash","Wild Strike"],"picked":"Fire Breathing","floor":4.0},{"not_picked":["Armaments","Rage"],"picked":"Hemokinesis","floor":7.0},{"not_picked":["Whirlwind","Intimidate"],"picked":"Second Wind","floor":10.0},{"not_picked":["Thunderclap","Armaments","Metallicize"],"picked":"SKIP","floor":12.0},{"not_picked":["Iron Wave","Havoc"],"picked":"Inflame","floor":13.0},{"not_picked":["Cleave","Second Wind","Wild Strike"],"picked":"SKIP","floor":14.0},{"not_picked":["Corruption","Demon Form"],"picked":"Exhume","floor":16.0},{"not_picked":["Pommel Strike","Searing Blow"],"picked":"Shrug It Off","floor":18.0},{"not_picked":["Pommel Strike+1","Clothesline"],"picked":"Cleave","floor":21.0},{"not_picked":["Rupture","Warcry"],"picked":"Body Slam","floor":22.0}],"player_experience":661120,"relics_obtained":[{"floor":7.0,"key":"Shuriken"},{"floor":9.0,"key":"Smiling Mask"}],"event_choices":[{"damage_healed":0.0,"max_hp_gain":0.0,"max_hp_loss":0.0,"gold_gain":0.0,"event_name":"The Cleric","player_choice":"Leave","floor":11.0,"gold_loss":0.0,"damage_taken":0.0},{"damage_healed":0.0,"max_hp_gain":0.0,"max_hp_loss":0.0,"gold_gain":0.0,"event_name":"WeMeetAgain","player_choice":"Gave Potion","floor":20.0,"gold_loss":0.0,"damage_taken":0.0,"relics_obtained":["Gremlin Horn"]}],"is_beta":true,"boss_relics":[{"not_picked":["Mark of Pain","Black Star"],"picked":"Runic Pyramid"}],"items_purged_floors":[],"is_endless":false,"potions_floor_spawned":[2,7,12,16,18],"killed_by":"Slavers","ascension_level":20}}