{"host":"3iwi2ojka2rwtlv0","time":1610332592,"event":{"mods":["BaseMod","Colored Map","Minty Spire (QoL Compilation)","Shop Mod"],"gold_per_floor":[110,125,139,139,156,190,202,245,257,269,281,311,342,373,385,494,506,533,545,570,592,614,655,682,728,740,752,781,813,825,837,849,966,978,1007,754,754,768,768,768],"floor_reached":39,"playtime":4585,"items_purged":["Strike_G"],"score":634,"play_id":"e6ea0c82-1844-428a-960d-dadc20b07217","local_time":"20210110183632","is_ascension_mode":true,"campfire_choices":[{"floor":11.0,"key":"REST"},{"data":"Catalyst","floor":15.0,"key":"SMITH"},{"floor":30.0,"key":"REST"},{"floor":32.0,"key":"REST"}],"circlet_count":0,"master_deck":["Strike_G","Defend_G","Defend_G","Defend_G","Defend_G","Defend_G","Survivor","Noxious Fumes+1","PiercingWail","PiercingWail","Dagger Spray","Dash","Bane","Catalyst+1","Poisoned Stab","Bouncing Flask","Adrenaline","Outmaneuver+1","Backflip","Deadly Poison","Backflip","Wraith Form v2","Backflip","Catalyst+1","Footwork+1","Well Laid Plans","Venomology","Leg Sweep+1","All Out Attack+1","Catalyst+1","Footwork+1","Thinking Ahead"],"relics":["Ring of the Snake","Regal Pillow","MawBank","Sundial","Girya","Prayer Wheel","Black Star","Ice Cream","Toy Ornithopter","Bottled Lightning","Astrolabe"],"acts_visited":["Exordium","TheCity","TheBeyond"],"potions_floor_usage":[38,39],"damage_taken":[{"damage":2.0,"enemies":"Jaw Worm","floor":1.0,"turns":7.0},{"damage":4.0,"enemies":"Cultist","floor":2.0,"turns":5.0},{"damage":1.0,"enemies":"2 Louse","floor":3.0,"turns":3.0},{"damage":6.0,"enemies":"Red Slaver","floor":5.0,"turns":6.0},{"damage":20.0,"enemies":"3 Sentries","floor":6.0,"turns":7.0},{"damage":30.0,"enemies":"Gremlin Nob","floor":8.0,"turns":4.0},{"damage":0.0,"enemies":"Looter","floor":12.0,"turns":4.0},{"damage":3.0,"enemies":"Blue Slaver","floor":13.0,"turns":4.0},{"damage":7.0,"enemies":"Exordium Wildlife","floor":14.0,"turns":6.0},{"damage":18.0,"enemies":"Hexaghost","floor":16.0,"turns":8.0},{"damage":41.0,"enemies":"2 Thieves","floor":18.0,"turns":3.0},{"damage":19.0,"enemies":"Shell Parasite","floor":20.0,"turns":4.0},{"damage":23.0,"enemies":"Shelled Parasite and Fungi","floor":21.0,"turns":5.0},{"damage":8.0,"enemies":"3 Cultists","floor":22.0,"turns":5.0},{"damage":11.0,"enemies":"Slavers","floor":23.0,"turns":2.0},{"damage":3.0,"enemies":"Snake Plant","floor":24.0,"turns":4.0},{"damage":0.0,"enemies":"Gremlin Leader","floor":25.0,"turns":4.0},{"damage":5.0,"enemies":"Sentry and Sphere","floor":28.0,"turns":4.0},{"damage":0.0,"enemies":"Cultist and Chosen","floor":29.0,"turns":4.0},{"damage":47.0,"enemies":"Champ","floor":33.0,"turns":9.0},{"damage":25.0,"enemies":"3 Shapes","floor":35.0,"turns":6.0},{"damage":46,"enemies":"3 Darklings","floor":38,"turns":7},{"damage":12,"enemies":"Jaw Worm Horde","floor":39,"turns":2}],"seed_played":"2661088665285800419","potions_obtained":[{"floor":2.0,"key":"BlessingOfTheForge"},{"floor":5.0,"key":"Regen Potion"},{"floor":6.0,"key":"SteroidPotion"},{"floor":12.0,"key":"Energy Potion"},{"floor":13.0,"key":"PowerPotion"},{"floor":20.0,"key":"Poison Potion"},{"floor":21.0,"key":"SpeedPotion"},{"floor":22.0,"key":"SkillPotion"},{"floor":25.0,"key":"SkillPotion"},{"floor":29.0,"key":"DistilledChaos"},{"floor":33.0,"key":"Dexterity Potion"}],"is_trial":false,"path_per_floor":["M","M","M","?","M","E","?","E","T","$","R","M","M","M","R","B",null,"M","?","M","M","M","E","M","E","T","?","M","M","R","?","R","B",null,"M","$","?","M","M"],"character_chosen":"THE_SILENT","items_purchased":["Thinking Ahead"],"campfire_rested":3,"item_purchase_floors":[36],"current_hp_per_floor":[68,64,63,63,57,37,37,7,7,7,43,43,40,33,33,30,60,19,70,51,28,20,9,6,6,6,6,1,6,42,42,70,23,58,33,33,33,7,0,0],"gold":768,"neow_bonus":"RANDOM_COMMON_RELIC","is_daily":false,"chose_seed":false,"campfire_upgraded":1,"win_rate":0.0,"timestamp":1610332592,"path_taken":["M","M","M","?","?","E","?","E","T","$","R","M","?","M","R","BOSS","M","?","?","M","M","E","M","E","T","?","?","M","R","?","R","BOSS","M","$","?","M","M"],"items_purchased_type":["Card"],"build_version":"2020-12-22","purchased_purges":1,"victory":false,"max_hp_per_floor":[70,70,70,70,70,70,70,70,70,70,70,70,70,70,70,70,70,70,70,70,70,70,70,70,70,70,70,70,70,70,70,70,70,70,70,70,70,70,70,70],"card_choices":[{"not_picked":["PiercingWail","Blade Dance"],"picked":"Noxious Fumes","floor":1.0},{"not_picked":["Flying Knee","Concentrate"],"picked":"PiercingWail","floor":2.0},{"not_picked":["Concentrate","Eviscerate","Expertise"],"picked":"SKIP","floor":3.0},{"not_picked":["Dodge and Roll","Slice"],"picked":"PiercingWail","floor":5.0},{"not_picked":["Outmaneuver","Eviscerate"],"picked":"Dagger Spray","floor":6.0},{"not_picked":["Prepared","Tactician"],"picked":"Dash","floor":8.0},{"not_picked":["Tactician","Expertise"],"picked":"Bane","floor":12.0},{"not_picked":["Storm of Steel","Deflect","Dodge and Roll"],"picked":"SKIP","floor":12.0},{"not_picked":["Deadly Poison","Wraith Form v2"],"picked":"Catalyst","floor":13.0},{"not_picked":["Dodge and Roll","Dash"],"picked":"Poisoned Stab","floor":13.0},{"not_picked":["Slice","All Out Attack"],"picked":"Bouncing Flask","floor":14.0},{"not_picked":["Sucker Punch","Dodge and Roll","Dagger Spray"],"picked":"SKIP","floor":14.0},{"not_picked":["Venomology","Die Die Die"],"picked":"Adrenaline","floor":16.0},{"not_picked":["Concentrate","Flechettes"],"picked":"Outmaneuver+1","floor":18.0},{"not_picked":["Prepared","Poisoned Stab","Quick Slash"],"picked":"SKIP","floor":18.0},{"not_picked":["Concentrate","All Out Attack"],"picked":"Backflip","floor":20.0},{"not_picked":["Blur","Terror"],"picked":"Deadly Poison","floor":20.0},{"not_picked":["Escape Plan","All Out Attack"],"picked":"Backflip","floor":21.0},{"not_picked":["Flying Knee","Finisher","Bane"],"picked":"SKIP","floor":21.0},{"not_picked":["Underhanded Strike","Infinite Blades","Calculated Gamble"],"picked":"SKIP","floor":22.0},{"not_picked":["Dodge and Roll","All Out Attack","Flying Knee"],"picked":"SKIP","floor":22.0},{"not_picked":["Dagger Spray+1","Flying Knee"],"picked":"Wraith Form v2","floor":23.0},{"not_picked":["Cloak And Dagger","Endless Agony"],"picked":"Backflip","floor":24.0},{"not_picked":["Concentrate","Prepared","Tactician"],"picked":"SKIP","floor":24.0},{"not_picked":["Underhanded Strike+1","Grand Finale"],"picked":"Catalyst+1","floor":25.0},{"not_picked":["Escape Plan","Cloak And Dagger","Finisher"],"picked":"SKIP","floor":28.0},{"not_picked":["Acrobatics","Slice+1","Endless Agony+1"],"picked":"SKIP","floor":28.0},{"not_picked":["Outmaneuver","Dagger Throw+1"],"picked":"Footwork+1","floor":29.0},{"not_picked":["Dagger Throw","Calculated Gamble+1"],"picked":"Well Laid Plans","floor":29.0},{"not_picked":["Malaise","Bullet Time"],"picked":"Venomology","floor":33.0},{"not_picked":["Infinite Blades+1","Bane+1"],"picked":"Footwork+1","floor":35.0},{"not_picked":["Underhanded Strike+1","Dagger Throw+1","Sucker Punch+1"],"picked":"SKIP","floor":35.0},{"not_picked":["Quick Slash","Slice+1","Acrobatics"],"picked":"SKIP","floor":38},{"not_picked":["Prepared+1","Backstab+1","Sucker Punch+1"],"picked":"SKIP","floor":38}],"player_experience":303076,"relics_obtained":[{"floor":6.0,"key":"MawBank"},{"floor":8.0,"key":"Girya"},{"floor":9.0,"key":"Prayer Wheel"},{"floor":23.0,"key":"Ice Cream"},{"floor":25.0,"key":"Toy Ornithopter"},{"floor":26.0,"key":"Bottled Lightning"}],"event_choices":[{"damage_healed":0.0,"max_hp_gain":0.0,"max_hp_loss":0.0,"gold_gain":0.0,"event_name":"Upgrade Shrine","player_choice":"Upgraded","floor":4.0,"gold_loss":0.0,"damage_taken":0.0,"cards_upgraded":["Noxious Fumes"]},{"damage_healed":0.0,"max_hp_gain":0.0,"max_hp_loss":0.0,"gold_gain":0.0,"event_name":"WeMeetAgain","player_choice":"Gave Potion","floor":7.0,"gold_loss":0.0,"damage_taken":0.0,"relics_obtained":["Sundial"]},{"damage_healed":51.0,"max_hp_gain":0.0,"max_hp_loss":0.0,"gold_gain":0.0,"event_name":"Wheel of Change","player_choice":"Full Heal","floor":19.0,"gold_loss":0.0,"damage_taken":0.0},{"cards_removed":["Neutralize"],"damage_healed":0.0,"max_hp_gain":0.0,"max_hp_loss":0.0,"gold_gain":0.0,"event_name":"Purifier","player_choice":"Purged","floor":27.0,"gold_loss":0.0,"damage_taken":0.0},{"damage_healed":0.0,"max_hp_gain":0.0,"max_hp_loss":0.0,"gold_gain":0.0,"event_name":"Ghosts","player_choice":"Ignored","floor":31.0,"gold_loss":0.0,"damage_taken":0.0},{"damage_healed":0.0,"max_hp_gain":0.0,"max_hp_loss":0.0,"gold_gain":0.0,"event_name":"Tomb of Lord Red Mask","player_choice":"Ignored","floor":37.0,"gold_loss":0.0,"damage_taken":0.0}],"is_beta":false,"boss_relics":[{"not_picked":["HoveringKite","Snecko Eye"],"picked":"Black Star"},{"not_picked":["SacredBark","WristBlade"],"picked":"Astrolabe"}],"items_purged_floors":[36],"is_endless":false,"potions_floor_spawned":[2,5,6,12,13,20,21,22,25,29,33,35],"killed_by":"Jaw Worm Horde","ascension_level":5}}