{"host":"zex3ujd3lwod1gma","time":1610401575,"event":{"mods":["BaseMod","Better Vampires","Better-Laid Plans","Custom Start","Minty Spire (QoL Compilation)","MostiFishMod","Quick Restart","Relic Stats","StSLib","[地精首领爬塔]The Maniac","篝火指南"],"gold_per_floor":[119,119,133,133,133,133,162,177,204,236,255,267,279,279,9,9,9],"floor_reached":16,"playtime":653,"items_purged":["maniac:Defend","maniac:Strike","maniac:Strike"],"score":144,"play_id":"da04794f-6eee-4dab-a413-ef8df8c7bb02","local_time":"20210112054615","is_ascension_mode":true,"campfire_choices":[{"data":"maniac:HammerDown","floor":6.0,"key":"SMITH"}],"circlet_count":0,"master_deck":["maniac:Strike","maniac:Strike","maniac:Strike","maniac:Defend+1","maniac:Defend+1","maniac:Defend","maniac:BurnBlood","maniac:AbyssShackle","maniac:ShiftingShadows+1","maniac:HammerDown+1","maniac:UnseenTerror+1","MostiFishMod:Kaleido+1","Deep Breath+1","maniac:Infuriate+1"],"relics":["maniac:DamagedAnvil","maniac:BrokenHorn","DaveBox","DiscerningMonocle","NeowsBlessing","SynthV:TestCard","White Beast Statue","TimeFreeze","Boot","Vajra","Lantern","Bottled Flame","Toolbox","Toxic Egg 2","War Paint","Strange Spoon"],"acts_visited":["Exordium"],"potions_floor_usage":[16,16],"damage_taken":[{"damage":0.0,"enemies":"Cultist","floor":1.0,"turns":1.0},{"damage":0.0,"enemies":"2 Louse","floor":3.0,"turns":1.0},{"damage":0.0,"enemies":"Gremlin Nob","floor":7.0,"turns":1.0},{"damage":0.0,"enemies":"Small Slimes","floor":8.0,"turns":3.0},{"damage":33.0,"enemies":"3 Sentries","floor":10.0,"turns":10.0},{"damage":9.0,"enemies":"Exordium Thugs","floor":11.0,"turns":6.0},{"damage":13.0,"enemies":"Gremlin Gang","floor":12.0,"turns":6.0},{"damage":4.0,"enemies":"Looter","floor":13.0,"turns":4.0},{"damage":10,"enemies":"The Guardian","floor":16,"turns":8}],"seed_played":"-4790860965650197362","potions_obtained":[{"floor":3.0,"key":"BlessingOfTheForge"},{"floor":10.0,"key":"SpeedPotion"},{"floor":11.0,"key":"SkillPotion"},{"floor":12.0,"key":"BlessingOfTheForge"},{"floor":13.0,"key":"Fire Potion"}],"is_trial":false,"path_per_floor":["M","$","M","?","?","R","E","M","T","E","M","M","M","$","R","B"],"character_chosen":"THE_MANIAC","items_purchased":["White Beast Statue","TimeFreeze","Boot","ColorlessPotion","Dexterity Potion","Strength Potion","maniac:ShiftingShadows","Toolbox","Toxic Egg 2","War Paint","MostiFishMod:Kaleido+1","Deep Breath+1","maniac:Infuriate+1","CultistPotion","Energy Potion","Strange Spoon"],"campfire_rested":0,"item_purchase_floors":[2,2,2,2,2,2,2,14,14,14,14,14,14,14,14,15],"current_hp_per_floor":[80,80,80,64,64,64,64,64,64,31,25,12,8,8,8,0,0],"gold":9,"neow_bonus":"THREE_ENEMY_KILL","is_daily":false,"chose_seed":false,"campfire_upgraded":1,"win_rate":0.0,"timestamp":1610401575,"path_taken":["M","$","?","?","?","R","E","M","T","E","M","M","M","$","R","BOSS"],"items_purchased_type":["Relic","Relic","Relic","Potion","Potion","Potion","Card","Relic","Relic","Relic","Card","Card","Card","Potion","Potion","Relic"],"build_version":"2020-12-22","purchased_purges":3,"victory":false,"max_hp_per_floor":[80,80,80,80,80,80,80,80,80,80,80,80,80,80,80,80,80],"relic_stats":{"Strange Spoon":[4],"counters":[9,40],"War Paint":["maniac:UnseenTerror","maniac:Defend"],"Boot":[5],"obtain_stats":[{"maniac:DamagedAnvil":0,"Lantern":9,"DaveBox":0,"NeowsBlessing":0,"DiscerningMonocle":0,"Vajra":7,"War Paint":14,"TimeFreeze":2,"Boot":2,"White Beast Statue":2,"maniac:BrokenHorn":0,"Strange Spoon":15,"Bottled Flame":10,"SynthV:TestCard":1,"Toolbox":14,"Toxic Egg 2":14},{"maniac:DamagedAnvil":0,"Lantern":4,"DaveBox":0,"NeowsBlessing":0,"DiscerningMonocle":0,"Vajra":3,"War Paint":8,"TimeFreeze":1,"Boot":1,"White Beast Statue":1,"maniac:BrokenHorn":0,"Strange Spoon":8,"Bottled Flame":5,"SynthV:TestCard":1,"Toolbox":8,"Toxic Egg 2":8},{"maniac:DamagedAnvil":0,"Lantern":6,"DaveBox":0,"NeowsBlessing":0,"DiscerningMonocle":0,"Vajra":3,"War Paint":32,"TimeFreeze":1,"Boot":1,"White Beast Statue":1,"maniac:BrokenHorn":0,"Strange Spoon":32,"Bottled Flame":16,"SynthV:TestCard":1,"Toolbox":32,"Toxic Egg 2":32}]},"card_choices":[{"not_picked":["maniac:ListenToNone","maniac:FindAShortcut","maniac:AlleviatingSorcery"],"picked":"SKIP","floor":1.0},{"not_picked":["maniac:AllOutAttack","maniac:ShelteringEdge","maniac:PanickyParry","maniac:WitnessTrueSorcery","maniac:Intimidate"],"picked":"SKIP","floor":3.0},{"not_picked":["maniac:LootBarrage","maniac:UndyingDesire","maniac:DashForward","maniac:ShiftingShadows","maniac:Retrospect"],"picked":"SKIP","floor":7.0},{"not_picked":["maniac:BladesInCloak","maniac:ShelteringEdge","maniac:WardAndDefend","maniac:ListenToNone","maniac:ManipulatedFaith"],"picked":"SKIP","floor":8.0},{"not_picked":["maniac:Refine","maniac:MeleeStrike","maniac:DashForward","maniac:FindAShortcut"],"picked":"maniac:UnseenTerror","floor":10.0},{"not_picked":["maniac:BladeShoot","maniac:HammerStrike","maniac:AlleviatingSorcery","maniac:WardAndDefend","maniac:ShiftingShadows"],"picked":"SKIP","floor":11.0},{"not_picked":["maniac:Infuriate","maniac:PanickyParry","maniac:ShatteredShield","maniac:Retrospect","maniac:ShelteringEdge"],"picked":"SKIP","floor":12.0},{"not_picked":["maniac:BladeShoot","maniac:FindAShortcut","maniac:Whirlscythe","maniac:SpectralKnives","maniac:Confront"],"picked":"SKIP","floor":13.0}],"player_experience":1252928,"relics_obtained":[{"floor":1.0,"key":"SynthV:TestCard"},{"floor":7.0,"key":"Vajra"},{"floor":9.0,"key":"Lantern"},{"floor":10.0,"key":"Bottled Flame"}],"event_choices":[{"damage_healed":0.0,"max_hp_gain":0.0,"max_hp_loss":0.0,"gold_gain":0.0,"event_name":"Shining Light","player_choice":"Entered Light","floor":4.0,"gold_loss":0.0,"damage_taken":16.0,"cards_upgraded":["maniac:Defend","maniac:ShiftingShadows"]},{"damage_healed":0.0,"max_hp_gain":0.0,"max_hp_loss":0.0,"gold_gain":0.0,"event_name":"Match and Keep!","player_choice":"1 cards matched","floor":5.0,"gold_loss":0.0,"damage_taken":0.0,"cards_obtained":["maniac:HammerDown"]}],"is_beta":false,"boss_relics":[],"items_purged_floors":[2,14,15],"is_endless":false,"potions_floor_spawned":[3,7,8,10,11,12,13],"killed_by":"The Guardian","ascension_level":1}}