{"host":"y9jgkjnf95sujozk","time":1610372710,"event":{"mods":["2.2 Compatiblity","AchievementEnabler","Act Like it!","BaseMod","Block Reminder","Colored Map","Colored Powertips","Decade(王小明)","Downfall","Friendly Minions","Gensokyo","GifTheSpireLib","Hallownest","Hermit","Highlight Path","HololiveMod","Hubris","Infinite Spire","Jorbs\u0027s Wanderer Trilogy","Koishi","Marisa（霧雨　魔理沙）","Minty Spire (QoL Compilation)","Quick Restart","Random Character Button","Rare Cards Sparkle","Reimu（博??梦）","Remilia（蕾米莉?）","Replay The Spire","Shop Mod","StSLib","SuperFastMode","The Animator","The Bug Knight","The Cursed","The Disciple","The Hierophant","The Jungle","The Senshi","The Servant 0.9.4"],"gold_per_floor":[214,214,47,66,81,81,156,187,235,235,264,282,295,12,12,117,117,132,142,0,0,0,0],"floor_reached":22,"playtime":749,"items_purged":[],"score":204,"play_id":"b54759c7-2d2c-4107-83e7-f1c3bbf0996f","local_time":"20210111144510","is_ascension_mode":true,"campfire_choices":[{"floor":6,"key":"REST"},{"floor":15,"key":"REST"}],"circlet_count":0,"master_deck":["sneckomod:Strike+1","sneckomod:Strike+1","sneckomod:Defend","sneckomod:Defend","sneckomod:Defend","sneckomod:TailWhip","sneckomod:SnekBite","sneckomod:Unknown","sneckomod:Unknown","sneckomod:UnknownUncommonAttack","sneckomod:UnknownX","sneckomod:UnknownStrike","sneckomod:UnknownUncommonPower+2","expansioncontent:Flail","sneckomod:ImprovisedGuard","Pot Of Greed","Pot Of Greed","sneckomod:UnknownEthereal","sneckomod:UnknownClassSILVER","sneckomod:UnknownStrength","sneckomod:ImprovisedAttack","sneckomod:UnknownUncommonAttack","sneckomod:UnknownUncommonPower","Good Instincts","Pot Of Greed","sneckomod:UnknownRareAttack","CurseOfTheBell","hubris:DuctTapeCard","sneckomod:Unknown1Cost","sneckomod:RainOfDice+1"],"relics":["sneckomod:SneckoSoul","infinitespire:Beetle Shell","Grinning Jar","hubris:TinFlute","Calling Bell","Simple Rune","hubris:DuctTape","Replay:Kaleidoscope","Tea:ReiMu"],"acts_visited":["Exordium","TheCity"],"potions_floor_usage":[11,16,16,19],"damage_taken":[{"damage":10,"enemies":"Jaw Worm","floor":1,"turns":4},{"damage":0,"enemies":"Cultist","floor":4,"turns":3},{"damage":3,"enemies":"2 Louse","floor":5,"turns":2},{"damage":22,"enemies":"Replay:BlueRogue","floor":8,"turns":7},{"damage":34,"enemies":"Lagavulin","floor":11,"turns":9},{"damage":16,"enemies":"Looter","floor":12,"turns":4},{"damage":3,"enemies":"2 Fungi Beasts","floor":13,"turns":3},{"damage":5,"enemies":"Fading Forest","floor":16,"turns":11},{"damage":81,"enemies":"3 Byrds","floor":18,"turns":9},{"damage":12,"enemies":"Chosen","floor":19,"turns":5},{"damage":9,"enemies":"Snake Plant","floor":22,"turns":3}],"seed_played":"7100427193149352086","potions_obtained":[{"floor":8,"key":"Regen Potion"},{"floor":11,"key":"EssenceOfSteel"},{"floor":13,"key":"Strength Potion"},{"floor":16,"key":"ColorlessPotion"},{"floor":19,"key":"Death Potion"}],"is_trial":false,"path_per_floor":["M","?","$","M","M","R","?","E","T","?","E","M","M","$","R","B",null,"M","M","?","T","M"],"character_chosen":"THE_SNECKO","items_purchased":["sneckomod:UnknownStrike","sneckomod:UnknownUncommonPower","expansioncontent:Flail","sneckomod:ImprovisedAttack","sneckomod:UnknownUncommonAttack","sneckomod:UnknownUncommonPower","Good Instincts"],"campfire_rested":2,"item_purchase_floors":[3,3,3,14,14,14,14],"current_hp_per_floor":[81,82,84,84,81,94,83,69,69,94,64,49,47,49,78,84,100,20,8,8,8,0,0],"gold":0,"neow_bonus":"HUNDRED_GOLD","is_daily":false,"chose_seed":false,"campfire_upgraded":0,"win_rate":0.0,"timestamp":1610372710,"path_taken":["M","?","?","M","M","R","?","E","T","?","E","?","M","$","R","BOSS","M","M","?","?","M"],"items_purchased_type":["Card","Card","Card","Card","Card","Card","Card"],"build_version":"2020-12-22","purchased_purges":0,"victory":false,"max_hp_per_floor":[91,92,94,94,94,94,94,94,94,94,95,96,97,99,99,100,100,101,101,101,101,102,102],"card_choices":[{"not_picked":["sneckomod:SnakeSap","sneckomod:UnknownDexterity"],"picked":"sneckomod:UnknownUncommonAttack","floor":1},{"not_picked":["sneckomod:RainOfDice","sneckomod:Nope"],"picked":"sneckomod:ImprovisedGuard","floor":4},{"not_picked":["sneckomod:SoulDraw","sneckomod:TrashToTreasure"],"picked":"sneckomod:DiceBlock","floor":5},{"not_picked":["sneckomod:GlitteringGambit","sneckomod:UnknownStrength"],"picked":"sneckomod:DiceCrush","floor":8},{"not_picked":["sneckomod:MixItUp","sneckomod:WideSting"],"picked":"sneckomod:UnknownEthereal","floor":11},{"not_picked":["sneckomod:UnknownClassBUGKNIGHT_GRAY_COLOR","sneckomod:UnknownStrike"],"picked":"sneckomod:UnknownClassSILVER","floor":12},{"not_picked":["sneckomod:Nope","sneckomod:UnknownCommonAttack"],"picked":"sneckomod:UnknownStrength","floor":13},{"not_picked":["sneckomod:Restock","sneckomod:UnknownColorless"],"picked":"sneckomod:UnknownRareAttack","floor":16},{"not_picked":["sneckomod:UnknownUncommonAttack","sneckomod:CheapStock"],"picked":"sneckomod:Unknown1Cost","floor":18},{"not_picked":["sneckomod:IronFang+1","sneckomod:SoulDraw"],"picked":"sneckomod:RainOfDice+1","floor":19}],"player_experience":143953,"relics_obtained":[{"floor":8,"key":"infinitespire:Beetle Shell"},{"floor":9,"key":"Grinning Jar"},{"floor":11,"key":"hubris:TinFlute"},{"floor":17,"key":"Simple Rune"},{"floor":17,"key":"hubris:DuctTape"},{"floor":17,"key":"Replay:Kaleidoscope"},{"floor":21,"key":"Tea:ReiMu"}],"event_choices":[{"damage_healed":0,"gold_gain":0,"cards_transformed":["sneckomod:Strike"],"player_choice":"Transformed","damage_taken":0,"max_hp_gain":0,"max_hp_loss":0,"event_name":"Transmorgrifier","floor":2,"gold_loss":0,"cards_obtained":["sneckomod:UnknownX"]},{"damage_healed":0,"gold_gain":75,"player_choice":"Gather Gold","damage_taken":11,"max_hp_gain":0,"max_hp_loss":0,"event_name":"World of Goop","floor":7,"gold_loss":0},{"damage_healed":0,"gold_gain":0,"player_choice":"Paid Fearfully","damage_taken":0,"max_hp_gain":0,"max_hp_loss":0,"event_name":"Masked Bandits","floor":20,"gold_loss":142}],"is_beta":false,"boss_relics":[{"not_picked":["Tiny House","Ring of Chaos"],"picked":"Calling Bell"}],"items_purged_floors":[],"is_endless":false,"potions_floor_spawned":[8,11,13,16,19],"killed_by":"Snake Plant","ascension_level":1}}