{"host":"d66n7ln59ex8canu","time":1610395790,"event":{"mods":["AchievementEnabler","BaseMod","Colored Map","Minty Spire (QoL Compilation)","Quick Restart","StSLib"],"gold_per_floor":[118,39,52,52,65,96,96,110,110,172,172,137,137,149,149,149,149],"floor_reached":16,"playtime":322,"items_purged":[],"score":120,"play_id":"f8862290-da7c-478e-bd03-4aaf9d11e31a","local_time":"20210111150950","is_ascension_mode":true,"campfire_choices":[{"floor":11,"key":"REST"},{"data":"Phantasmal Killer","floor":15,"key":"SMITH"}],"circlet_count":0,"master_deck":["Strike_G","Strike_G","Strike_G","Strike_G","Strike_G","Defend_G","Defend_G","Defend_G","Defend_G","Defend_G","Survivor","Neutralize","Quick Slash","Endless Agony+1","Sucker Punch","Masterful Stab","Endless Agony","Phantasmal Killer+1","Deflect","Dash"],"relics":["Ring of the Snake","NeowsBlessing","Bag of Preparation","Bag of Marbles","Letter Opener","Eternal Feather"],"acts_visited":["Exordium"],"potions_floor_usage":[6,16],"damage_taken":[{"damage":0,"enemies":"Cultist","floor":1,"turns":1},{"damage":0,"enemies":"Small Slimes","floor":3,"turns":1},{"damage":0,"enemies":"2 Louse","floor":5,"turns":1},{"damage":41,"enemies":"Lagavulin","floor":6,"turns":7},{"damage":4,"enemies":"Exordium Thugs","floor":8,"turns":4},{"damage":28,"enemies":"Lagavulin Event","floor":10,"turns":4},{"damage":0,"enemies":"Looter","floor":14,"turns":2},{"damage":56,"enemies":"The Guardian","floor":16,"turns":11}],"seed_played":"746726790384852331","potions_obtained":[{"floor":1,"key":"Block Potion"},{"floor":3,"key":"Explosive Potion"},{"floor":8,"key":"DistilledChaos"}],"is_trial":false,"path_per_floor":["M","$","M","?","M","E","?","M","T","?","R","?","T","M","R","B"],"character_chosen":"THE_SILENT","items_purchased":["Endless Agony"],"campfire_rested":1,"item_purchase_floors":[2],"current_hp_per_floor":[70,70,70,70,70,29,34,30,30,2,24,42,42,42,54,0,0],"gold":149,"neow_bonus":"THREE_ENEMY_KILL","is_daily":false,"chose_seed":false,"campfire_upgraded":1,"win_rate":0.0,"timestamp":1610395790,"path_taken":["M","$","?","?","M","E","?","?","T","?","R","?","?","M","R","BOSS"],"items_purchased_type":["Card"],"build_version":"2020-12-22","purchased_purges":0,"victory":false,"max_hp_per_floor":[70,70,70,70,70,70,75,75,75,75,75,75,75,75,75,75,75],"card_choices":[{"not_picked":["Underhanded Strike","Crippling Poison"],"picked":"Quick Slash","floor":1},{"not_picked":["Dagger Throw","Flechettes"],"picked":"Sucker Punch","floor":3},{"not_picked":["Prepared","Poisoned Stab"],"picked":"Masterful Stab","floor":5},{"not_picked":["Dodge and Roll","Concentrate"],"picked":"Endless Agony","floor":6},{"not_picked":["Concentrate","Caltrops"],"picked":"Phantasmal Killer","floor":8},{"not_picked":["PiercingWail","Bane"],"picked":"Deflect","floor":10},{"not_picked":["Noxious Fumes","Choke"],"picked":"Dash","floor":14}],"player_experience":312379,"relics_obtained":[{"floor":6,"key":"Bag of Preparation"},{"floor":9,"key":"Bag of Marbles"},{"floor":10,"key":"Letter Opener"},{"floor":13,"key":"Eternal Feather"}],"event_choices":[{"damage_healed":0,"gold_gain":0,"player_choice":"Grow","damage_taken":0,"max_hp_gain":0,"max_hp_loss":0,"event_name":"Living Wall","floor":4,"gold_loss":0,"cards_upgraded":["Endless Agony"]},{"damage_healed":0,"gold_gain":0,"player_choice":"Donut","damage_taken":0,"max_hp_gain":5,"max_hp_loss":0,"event_name":"Big Fish","floor":7,"gold_loss":0},{"damage_healed":0,"gold_gain":0,"player_choice":"Searched \u00272\u0027 times","damage_taken":0,"max_hp_gain":0,"max_hp_loss":0,"event_name":"Dead Adventurer","floor":10,"gold_loss":0},{"damage_healed":18,"gold_gain":0,"player_choice":"Healed","damage_taken":0,"max_hp_gain":0,"max_hp_loss":0,"event_name":"The Cleric","floor":12,"gold_loss":35}],"is_beta":false,"boss_relics":[],"items_purged_floors":[],"is_endless":false,"potions_floor_spawned":[1,3,8],"killed_by":"The Guardian","ascension_level":4}}