{"host":"cjhtzh7tp54jdfyv","time":1610367588,"event":{"mods":["AchievementEnabler","BaseMod","Colored Map","Colored Powertips","Curses Come First","DeckTracker","Filter the Spire","Minty Spire (QoL Compilation)","RNG Fix","Relic Sorter","Relic Stats","StSLib","UnlockEverythingMod","ojb\u0027s Better Paths Mod","ojb\u0027s Info Mod"],"gold_per_floor":[119,134,145,145,70,105,105,30,30,30,30,74,106,124,124,223,223,255,69,114,139,155,202,202,238,262,67,67,76,76,124,124,223,223,255,105,438,456,456,500,516,554,554,594,605,21,45,68,68,68,68,68,68,68,102,102],"floor_reached":57,"playtime":5780,"items_purged":["Defend_P","Defend_P","Defend_P","Bite","Bite"],"score":3091,"play_id":"50a805cc-87fe-4062-9dbf-6430c8d58370","local_time":"20210111071948","is_ascension_mode":true,"campfire_choices":[{"data":"Adaptation","floor":7.0,"key":"SMITH"},{"data":"EmptyFist","floor":11.0,"key":"SMITH"},{"data":"InnerPeace","floor":15.0,"key":"SMITH"},{"data":"EmptyMind","floor":24.0,"key":"SMITH"},{"data":"TalkToTheHand","floor":28.0,"key":"SMITH"},{"data":"Ragnarok","floor":30.0,"key":"SMITH"},{"data":"InnerPeace","floor":32.0,"key":"SMITH"},{"floor":49.0,"key":"RECALL"},{"data":"DeusExMachina","floor":53,"key":"SMITH"}],"circlet_count":0,"master_deck":["AscendersBane","Eruption+1","Vigilance","Consecrate","FearNoEvil","Tantrum","Adaptation+1","EmptyFist+1","JustLucky","InnerPeace+1","Ragnarok+1","EmptyMind+1","FlurryOfBlows","InnerPeace+1","Bite","Bite","Indignation","TalkToTheHand+1","Necronomicurse","TalkToTheHand+1","DeusExMachina+1","Adaptation+1","Vault","JustLucky","Omniscience","EmptyMind","FlurryOfBlows+1","Adaptation","TalkToTheHand+1"],"relics":["Sozu","CeramicFish","Singing Bowl","Strawberry","Coffee Dripper","Eternal Feather","Regal Pillow","Necronomicon","Sundial","Empty Cage","Mercury Hourglass","Oddly Smooth Stone","Art of War","Akabeko","Bag of Marbles","Centennial Puzzle"],"acts_visited":["Exordium","TheCity","TheBeyond","TheEnding"],"potions_floor_usage":[],"damage_taken":[{"damage":0.0,"enemies":"Cultist","floor":1.0,"turns":3.0},{"damage":9.0,"enemies":"Jaw Worm","floor":2.0,"turns":4.0},{"damage":1.0,"enemies":"2 Louse","floor":3.0,"turns":3.0},{"damage":12.0,"enemies":"3 Sentries","floor":6.0,"turns":4.0},{"damage":20.0,"enemies":"Lagavulin","floor":12.0,"turns":3.0},{"damage":0.0,"enemies":"Exordium Thugs","floor":13.0,"turns":2.0},{"damage":4.0,"enemies":"2 Fungi Beasts","floor":14.0,"turns":2.0},{"damage":0.0,"enemies":"Slime Boss","floor":16.0,"turns":3.0},{"damage":0.0,"enemies":"Chosen","floor":18.0,"turns":2.0},{"damage":23.0,"enemies":"2 Thieves","floor":21.0,"turns":4.0},{"damage":38.0,"enemies":"Snake Plant","floor":22.0,"turns":5.0},{"damage":23.0,"enemies":"Slavers","floor":23.0,"turns":4.0},{"damage":3.0,"enemies":"Gremlin Leader","floor":25.0,"turns":3.0},{"damage":6.0,"enemies":"Book of Stabbing","floor":31.0,"turns":2.0},{"damage":20.0,"enemies":"Collector","floor":33.0,"turns":4.0},{"damage":29.0,"enemies":"3 Darklings","floor":35.0,"turns":7.0},{"damage":27.0,"enemies":"3 Shapes","floor":38.0,"turns":1.0},{"damage":0.0,"enemies":"Reptomancer","floor":40.0,"turns":2.0},{"damage":12.0,"enemies":"3 Darklings","floor":41.0,"turns":2.0},{"damage":0.0,"enemies":"Nemesis","floor":42.0,"turns":3.0},{"damage":0.0,"enemies":"Giant Head","floor":44.0,"turns":5.0},{"damage":0.0,"enemies":"Spire Growth","floor":45.0,"turns":1.0},{"damage":0.0,"enemies":"Writhing Mass","floor":47.0,"turns":2.0},{"damage":21.0,"enemies":"4 Shapes","floor":48.0,"turns":2.0},{"damage":24.0,"enemies":"Donu and Deca","floor":50.0,"turns":6.0},{"damage":19,"enemies":"Awakened One","floor":51,"turns":9},{"damage":0,"enemies":"Shield and Spear","floor":55,"turns":3},{"damage":10,"enemies":"The Heart","floor":56,"turns":8}],"seed_played":"-8786635952212388552","potions_obtained":[],"is_trial":false,"path_per_floor":["M","M","M","?","$","E","R","$","T","?","R","E","M","M","R","B",null,"M","$","?","M","M","E","R","E","T","$","R","?","R","E","R","B",null,"M","$","?","M","?","E","M","E","T","E","M","$","M","M","R","B","B",null,"R","$","E","B",null],"character_chosen":"WATCHER","items_purchased":["Adaptation","FlurryOfBlows","InnerPeace","TalkToTheHand","Omniscience","Bag of Marbles","EmptyMind"],"campfire_rested":0,"item_purchase_floors":[5,19,19,27,46,46,46],"current_hp_per_floor":[61,52,51,51,51,39,39,39,39,39,39,26,26,24,24,24,59,59,59,49,38,18,7,19,22,22,22,34,13,25,25,37,25,48,41,41,41,16,16,20,12,14,14,32,34,34,38,17,32,24,29,53,61,61,61,61],"gold":102,"neow_bonus":"BOSS_RELIC","is_daily":false,"chose_seed":false,"campfire_upgraded":8,"win_rate":0.0,"timestamp":1610367588,"path_taken":["M","M","M","?","$","E","R","$","T","?","R","E","?","M","R","BOSS","M","$","?","?","?","E","R","E","T","$","R","?","R","E","R","BOSS","M","$","?","?","?","E","M","E","T","E","M","$","M","M","R","BOSS","BOSS","R","$","E","BOSS"],"items_purchased_type":["Card","Card","Card","Card","Card","Relic","Card"],"build_version":"2020-12-22","purchased_purges":5,"victory":true,"max_hp_per_floor":[68,68,68,68,68,68,68,68,68,62,62,69,69,71,71,71,71,71,71,49,51,53,53,53,55,55,55,55,55,55,55,55,55,55,55,55,55,57,57,57,59,59,59,59,61,61,61,61,61,61,61,61,61,61,61,61],"relic_stats":{"Sozu":11,"Regal Pillow":0,"Centennial Puzzle":[3],"Singing Bowl":14,"counters":[28,99],"Sundial":[18],"CeramicFish":234,"Eternal Feather":71,"Necronomicon":[14],"Art of War":[1],"obtain_stats":[{"Regal Pillow":25,"Singing Bowl":9,"Golden Idol":10,"CeramicFish":6,"Oddly Smooth Stone":42,"Eternal Feather":23,"Empty Cage":34,"Akabeko":44,"Mercury Hourglass":40,"Sozu":0,"Centennial Puzzle":55,"Sundial":31,"Strawberry":12,"Coffee Dripper":17,"Necronomicon":29,"Art of War":43,"Bag of Marbles":46,"PureWater":0},{"Regal Pillow":13,"Singing Bowl":4,"Golden Idol":4,"CeramicFish":4,"Oddly Smooth Stone":20,"Eternal Feather":12,"Empty Cage":15,"Akabeko":21,"Mercury Hourglass":18,"Sozu":0,"Centennial Puzzle":27,"Sundial":14,"Strawberry":5,"Coffee Dripper":8,"Necronomicon":13,"Art of War":20,"Bag of Marbles":22,"PureWater":0},{"Regal Pillow":42,"Singing Bowl":14,"Golden Idol":14,"CeramicFish":14,"Oddly Smooth Stone":63,"Eternal Feather":39,"Empty Cage":48,"Akabeko":68,"Mercury Hourglass":58,"Sozu":0,"Centennial Puzzle":91,"Sundial":44,"Strawberry":17,"Coffee Dripper":24,"Necronomicon":42,"Art of War":63,"Bag of Marbles":69,"PureWater":0}],"Mercury Hourglass":[163]},"card_choices":[{"not_picked":["EmptyBody","Pray"],"picked":"Consecrate","floor":1.0},{"not_picked":["CarveReality","LikeWater"],"picked":"FearNoEvil","floor":2.0},{"not_picked":["BowlingBash","CutThroughFate"],"picked":"Tantrum","floor":3.0},{"not_picked":["CrushJoints","Brilliance"],"picked":"EmptyFist","floor":6.0},{"not_picked":["WheelKick","ClearTheMind"],"picked":"JustLucky","floor":12.0},{"not_picked":["CrushJoints","Fasting2"],"picked":"InnerPeace","floor":13.0},{"not_picked":["ForeignInfluence","Tantrum","PathToVictory"],"picked":"Singing Bowl","floor":14.0},{"not_picked":["DeusExMachina","Judgement"],"picked":"Ragnarok","floor":16.0},{"not_picked":["ThirdEye","Crescendo"],"picked":"EmptyMind","floor":18.0},{"not_picked":["Fasting2","FollowUp","Halt"],"picked":"Singing Bowl","floor":21.0},{"not_picked":["Vengeance","EmptyBody","Fasting2"],"picked":"Singing Bowl","floor":22.0},{"not_picked":["FlyingSleeves","PathToVictory"],"picked":"Indignation","floor":23.0},{"not_picked":["Judgement","Halt","Consecrate"],"picked":"Singing Bowl","floor":25.0},{"not_picked":["Vengeance","FlurryOfBlows"],"picked":"TalkToTheHand+1","floor":31.0},{"not_picked":["Judgement","Alpha"],"picked":"DeusExMachina","floor":33.0},{"not_picked":["Protect","Pray+1"],"picked":"Adaptation","floor":35.0},{"not_picked":["Consecrate","Crescendo","EmptyBody+1"],"picked":"Singing Bowl","floor":38.0},{"not_picked":["ForeignInfluence","TalkToTheHand+1"],"picked":"Adaptation+1","floor":40.0},{"not_picked":["WindmillStrike","EmptyBody","Evaluate"],"picked":"Singing Bowl","floor":41.0},{"not_picked":["Protect","SandsOfTime"],"picked":"Vault","floor":42.0},{"not_picked":["PathToVictory+1","WindmillStrike"],"picked":"JustLucky","floor":44.0},{"not_picked":["Prostrate","WheelKick","Worship"],"picked":"Singing Bowl","floor":45.0},{"not_picked":["Swivel","SandsOfTime"],"picked":"FlurryOfBlows+1","floor":47.0},{"not_picked":["SandsOfTime","DeceiveReality"],"picked":"Adaptation","floor":48.0},{"not_picked":["Pray+1","Wireheading"],"picked":"TalkToTheHand+1","floor":55}],"player_experience":4442724,"relics_obtained":[{"floor":6.0,"key":"CeramicFish"},{"floor":9.0,"key":"Singing Bowl"},{"floor":12.0,"key":"Strawberry"},{"floor":23.0,"key":"Eternal Feather"},{"floor":25.0,"key":"Regal Pillow"},{"floor":29.0,"key":"Necronomicon"},{"floor":31.0,"key":"Sundial"},{"floor":40.0,"key":"Mercury Hourglass"},{"floor":42.0,"key":"Oddly Smooth Stone"},{"floor":43.0,"key":"Art of War"},{"floor":44.0,"key":"Akabeko"},{"floor":55,"key":"Centennial Puzzle"}],"event_choices":[{"damage_healed":0.0,"max_hp_gain":0.0,"max_hp_loss":0.0,"gold_gain":0.0,"event_name":"Upgrade Shrine","player_choice":"Upgraded","floor":4.0,"gold_loss":0.0,"damage_taken":0.0,"cards_upgraded":["Eruption"]},{"damage_healed":0.0,"max_hp_gain":0.0,"max_hp_loss":6.0,"gold_gain":0.0,"event_name":"Golden Idol","player_choice":"Lose Max HP","floor":10.0,"gold_loss":0.0,"damage_taken":0.0,"relics_obtained":["Golden Idol"]},{"damage_healed":0.0,"max_hp_gain":0.0,"max_hp_loss":22.0,"gold_gain":0.0,"event_name":"Vampires","player_choice":"Became a vampire","floor":20.0,"gold_loss":0.0,"damage_taken":0.0,"cards_obtained":["Bite","Bite","Bite","Bite","Bite"]},{"damage_healed":0.0,"max_hp_gain":0.0,"max_hp_loss":0.0,"gold_gain":0.0,"event_name":"Cursed Tome","player_choice":"Obtained Book","floor":29.0,"gold_loss":0.0,"damage_taken":21.0},{"damage_healed":0.0,"max_hp_gain":0.0,"max_hp_loss":0.0,"gold_gain":333.0,"event_name":"The Moai Head","player_choice":"Gave Idol","floor":37.0,"relics_lost":["Golden Idol"],"gold_loss":0.0,"damage_taken":0.0},{"cards_removed":["Adaptation"],"damage_healed":0.0,"max_hp_gain":0.0,"max_hp_loss":0.0,"gold_gain":0.0,"event_name":"Falling","player_choice":"Removed Power","floor":39.0,"gold_loss":0.0,"damage_taken":0.0}],"is_beta":false,"boss_relics":[{"not_picked":["Pandora\u0027s Box","Runic Dome"],"picked":"Coffee Dripper"},{"not_picked":["Velvet Choker","Tiny House"],"picked":"Empty Cage"}],"items_purged_floors":[8,19,27,36,46],"is_endless":false,"potions_floor_spawned":[12,13,14,21,22,25,38,42,44,45,55],"ascension_level":20}}