{"host":"ss2ocoam53r2lno0","time":1610383901,"event":{"mods":["Act Like it!","BaseMod","ChefMod","Clockwork Mod","Colored Powertips","Curses Come First","Displayed Cursed Tome","Downfall","Evolution","Googly Eyes","Hallownest","Highlight Path","Minty Spire (QoL Compilation)","Poor People Problems","Rare Cards Sparkle","Robot Space Explorer","Shade Mod","Shop Mod","Spicy Shops","StSLib","The Marked"],"gold_per_floor":[118,142,158,169,119,151,161,161,184,184,212,212,212,238,238,238,238],"floor_reached":16,"playtime":1032,"items_purged":[],"score":124,"play_id":"f791640f-7317-4ffc-9a3b-b1b052673e9e","local_time":"20210111175141","is_ascension_mode":true,"campfire_choices":[{"data":"Clockwork:DefectiveParts","floor":8,"key":"SMITH"},{"data":"Clockwork:Tinker","floor":10,"key":"SMITH"},{"floor":13,"key":"REST"},{"data":"Clockwork:CraftBloodPhial","floor":15,"key":"SMITH"}],"circlet_count":0,"master_deck":["Clockwork:ForgeStrike","Clockwork:ForgeStrike","Clockwork:Strike","Clockwork:Shield","Clockwork:Shield","Clockwork:Shield","Clockwork:Tinker+1","Clockwork:WarmUp","Clockwork:AdaptiveCannon","Clockwork:Roundhouse","Clockwork:DefectiveParts+1","Clockwork:RevUp"],"relics":["Clockwork:MomentumEngine","EVO:Axolotl","NeowsBlessing","Regal Pillow","Clockwork:Varja","Anchor","Toy Ornithopter","Kunai","Bag of Preparation","Clockwork:BloodPhial"],"acts_visited":["Exordium"],"potions_floor_usage":[6,7,11],"damage_taken":[{"damage":0,"enemies":"Cultist","floor":1,"turns":2},{"damage":0,"enemies":"Jaw Worm","floor":3,"turns":1},{"damage":16,"enemies":"Small Slimes","floor":4,"turns":9},{"damage":26,"enemies":"3 Sentries","floor":6,"turns":11},{"damage":10,"enemies":"Exordium Thugs","floor":7,"turns":4},{"damage":22,"enemies":"Gremlin Nob","floor":11,"turns":5},{"damage":10,"enemies":"3 Sentries","floor":14,"turns":10},{"damage":45,"enemies":"Hexaghost","floor":16,"turns":11}],"seed_played":"-454816272443642875","potions_obtained":[{"floor":3,"key":"champ:CounterPotion"},{"floor":4,"key":"Swift Potion"},{"floor":6,"key":"SteroidPotion"}],"is_trial":false,"path_per_floor":["M","T","M","M","?","E","M","R","T","R","E","?","R","E","R","B"],"character_chosen":"CLOCKWORK","items_purchased":[],"campfire_rested":1,"item_purchase_floors":[],"current_hp_per_floor":[85,85,85,69,69,43,33,33,33,33,16,9,49,39,39,0,0],"gold":238,"neow_bonus":"THREE_ENEMY_KILL","is_daily":false,"chose_seed":false,"campfire_upgraded":3,"win_rate":0.0,"timestamp":1610383901,"path_taken":["M","?","M","M","?","E","M","R","T","R","E","?","R","E","R","BOSS"],"items_purchased_type":[],"build_version":"2020-12-22","purchased_purges":0,"victory":false,"max_hp_per_floor":[85,85,85,85,85,85,85,85,85,85,85,85,85,85,85,85,85],"card_choices":[{"not_picked":["Clockwork:CogShield","Clockwork:SnapKeep"],"picked":"Clockwork:CraftVarja","floor":1},{"not_picked":["Clockwork:Pluck","Clockwork:SnapKeep"],"picked":"Clockwork:AdaptiveCannon","floor":3},{"not_picked":["Clockwork:SearingStrike","Clockwork:SearchingStrike"],"picked":"Clockwork:Roundhouse","floor":4},{"not_picked":["Clockwork:FalseStart","Clockwork:CogShield"],"picked":"Clockwork:DefectiveParts","floor":6},{"not_picked":["Clockwork:Clone","Clockwork:CogBarrier"],"picked":"Clockwork:RevUp","floor":7},{"not_picked":["Clockwork:Roundhouse","Clockwork:MechanicalMass","Clockwork:AdaptiveCannon"],"picked":"SKIP","floor":11},{"not_picked":["Clockwork:Redundancy","Clockwork:SearingStrike"],"picked":"Clockwork:CraftBloodPhial","floor":14}],"player_experience":663322,"relics_obtained":[{"floor":2,"key":"Regal Pillow"},{"floor":6,"key":"Anchor"},{"floor":9,"key":"Toy Ornithopter"},{"floor":11,"key":"Kunai"},{"floor":14,"key":"Bag of Preparation"}],"event_choices":[{"cards_removed":["Clockwork:Strike"],"damage_healed":0,"gold_gain":0,"player_choice":"Card Removal","damage_taken":0,"max_hp_gain":0,"max_hp_loss":0,"event_name":"The Cleric","floor":5,"gold_loss":50},{"cards_removed":["Clockwork:Shield"],"damage_healed":0,"gold_gain":0,"player_choice":"Card Removal","damage_taken":7,"max_hp_gain":0,"max_hp_loss":0,"event_name":"Golden Wing","floor":12,"gold_loss":0}],"is_beta":false,"boss_relics":[],"items_purged_floors":[],"is_endless":false,"potions_floor_spawned":[3,4,6],"killed_by":"Hexaghost","ascension_level":1}}