{"host":"spsrt7uenoh0uedx","time":1610341774,"event":{"mods":["Act Like it!","Arknights The Spire","BaseMod","Downfall","Friendly Minions","Gensokyo","Hallownest","Kiyohime（清姬）","Marisa（F雨　魔理沙）","Minty Spire (QoL Compilation)","SOS（斯巴达之子）","StSLib","The Bug Knight","The Cursed","The Gatherer","The Hierophant","The Runesmith","The Servant 0.9.4","WarShipGirlsR/战舰少女R mod","Youmu（魂魄妖梦）","Yuri Mod"],"gold_per_floor":[138,25,43,43,43,43,104,104,180,180,16,339,400,375,375,335,335],"floor_reached":16,"playtime":762,"items_purged":[],"score":161,"play_id":"05702a36-a6e4-479a-8790-23f06da0bdf4","local_time":"20210111130934","is_ascension_mode":true,"campfire_choices":[{"data":"DevilstarS","floor":6,"key":"SMITH"},{"data":"Millionkick","floor":8,"key":"SMITH"},{"data":"GilgameshcomboA","floor":15,"key":"SMITH"}],"circlet_count":0,"master_deck":["Attack_a","Attack_a","Attack_b","Shoot","Shoot","Provocation","Defend_Dante","Defend_Dante","Defend_Dante","Defend_Dante","Redorb","Greenorb","DevilstarS+1","Enemystep+1","Millionkick+1","Rebellion","Airtrick","GilgameshcomboA+1","LucifercomboB"],"relics":["SSS","Combocheck","Gensokyo:PortableGap","Tiny Chest","Pantograph","The Courier","Nunchaku","HornCleat","HollowMod:QueensCombRelic"],"acts_visited":["Gensokyo:Gensokyo"],"potions_floor_usage":[12,16],"damage_taken":[{"damage":15,"enemies":"Gensokyo:Gryphon","floor":1,"turns":5},{"damage":22,"enemies":"Gensokyo:Python","floor":3,"turns":6},{"damage":25,"enemies":"Gensokyo:Mamizou","floor":7,"turns":13},{"damage":0,"enemies":"Gensokyo:Aya","floor":12,"turns":5},{"damage":0,"enemies":"Gensokyo:3_Fairies","floor":13,"turns":3},{"damage":0,"enemies":"Gensokyo:Python_and_Kodama","floor":14,"turns":4},{"damage":67,"enemies":"Gensokyo:Yukari","floor":16,"turns":7}],"seed_played":"-3040698481051376321","potions_obtained":[{"floor":7,"key":"hexamod:EctoCoolerPotion"},{"floor":13,"key":"champ:CounterPotion"}],"is_trial":false,"path_per_floor":["M","COS","M","?","?","R","E","R","T","?","$","E","M","M","R","B"],"character_chosen":"DANTE","items_purchased":["Rebellion","Nunchaku"],"campfire_rested":0,"item_purchase_floors":[11,11],"current_hp_per_floor":[73,73,60,60,60,60,36,36,36,36,36,45,52,52,52,0,0],"gold":335,"neow_bonus":"TEN_PERCENT_HP_BONUS","is_daily":false,"chose_seed":false,"campfire_upgraded":3,"win_rate":0.0,"timestamp":1610341774,"path_taken":["M","COS","?","?","?","R","E","R","T","?","$","E","M","M","R","BOSS"],"items_purchased_type":["Card","Relic"],"build_version":"2020-12-22","purchased_purges":0,"victory":false,"max_hp_per_floor":[88,88,88,88,80,80,80,80,80,80,80,52,52,52,52,52,52],"card_choices":[{"not_picked":["Fullhouse","Airhike"],"picked":"Greenorb","floor":1},{"not_picked":["Straight","LucifercomboB"],"picked":"DevilstarS","floor":3},{"not_picked":["Millionstab","DevilstarS"],"picked":"Millionkick","floor":7},{"not_picked":["DevilstarL","Hightime"],"picked":"Airtrick","floor":12},{"not_picked":["Gunstinger","SSScard"],"picked":"GilgameshcomboA","floor":13},{"not_picked":["VitalstarM","Pandora"],"picked":"LucifercomboB","floor":14}],"player_experience":253197,"relics_obtained":[{"floor":7,"key":"Pantograph"},{"floor":9,"key":"The Courier"},{"floor":12,"key":"HollowMod:QueensCombRelic"}],"event_choices":[],"is_beta":false,"boss_relics":[],"items_purged_floors":[],"is_endless":false,"potions_floor_spawned":[7,13],"killed_by":"Gensokyo:Yukari","ascension_level":5}}