{"host":"byizzf0lry06owoh","time":1610366275,"event":{"mods":["Act Like it!","Aspiration","BaseMod","BetterRewards","Card Forge","Conspire","Downfall","Friendly Minions","GifTheSpireLib","Hallownest","Hubris","Infinite Spire","Minty Spire (QoL Compilation)","Relic Sorter","Replay The Spire","StSLib","Wandering Minibosses"],"gold_per_floor":[99,99,99,99,117,117,162,172,172,447,447,181,199,213,225,325,325,325,336,356,356,356,356,356,367,378,37,37,72,72,85,95,195,195,120,120,161,178,189,114,140,188,37,83,83,116,155,180,225,255],"floor_reached":51,"playtime":5921,"items_purged":["Regret"],"score":739,"play_id":"e789e564-8357-4a94-973d-775694d8d938","local_time":"20210111035755","is_ascension_mode":false,"campfire_choices":[{"data":"Guardian:CurlUp","floor":1,"key":"SMITH"},{"data":"Guardian:FloatingOrbs","floor":6,"key":"SMITH"},{"data":"Guardian:Preprogram","floor":11,"key":"SMITH"},{"data":"Guardian:ArmoredProtocol","floor":18,"key":"SMITH"},{"data":"Guardian:SentryBeam","floor":35,"key":"SMITH"},{"floor":40,"key":"RECALL"}],"circlet_count":0,"master_deck":["Guardian:CurlUp+1","Guardian:TwinSlam","Guardian:ChargeCore","Guardian:FloatingOrbs+1","Guardian:Preprogram+1","Guardian:SphericShield","Guardian:EvasiveProtocol","Guardian:BronzeOrb","Guardian:ArmoredProtocol+1","Guardian:TemporalStrike","Guardian:StasisField","Guardian:ChargeCore","Guardian:TimeCapacitor","Bite","Bite","Bite","Bite","Bite","Guardian:SentryBeam+1","Guardian:PiercingHide+1","Guardian:TemporalShield","Guardian:EvasiveProtocol","Guardian:SentryBeam+1","Guardian:DecasProtection","Guardian:TimeSifter","Guardian:TemporalShield","Guardian:ShieldCharger+1","Guardian:PiercingHide+1","Guardian:Gem_Synthetic","Parasite","Guardian:Gem_White","Guardian:Clone+1","Parasite","Guardian:Gem_Synthetic"],"relics":["Guardian:ModeShifter","Seething Fire","Hammer of Thor","Anvil of the Gods","downfall:HeartsMalice","Bag of Preparation","War Paint","Runic Dome","aspiration:Lifesprig","hubris:Backtick","Ice Cream","downfall:HeartBlessingGreen","hubris:BundleOfHerbs","downfall:HeartBlessingBlue","Replay:Bandana","Regal Pillow","Replay:Baseball","Dream Catcher"],"acts_visited":["Exordium","TheCity","TheBeyond"],"potions_floor_usage":[16,25,25,29,43,46],"damage_taken":[{"damage":0,"enemies":"Small Slimes","floor":2,"turns":1},{"damage":0,"enemies":"2 Louse","floor":3,"turns":1},{"damage":0,"enemies":"Cultist","floor":4,"turns":1},{"damage":13,"enemies":"Gremlin Gang","floor":5,"turns":6},{"damage":0,"enemies":"3 Louse","floor":8,"turns":3},{"damage":4,"enemies":"downfall:FleeingMerchant","floor":12,"turns":4},{"damage":0,"enemies":"Large Slime","floor":13,"turns":5},{"damage":0,"enemies":"3 Louse","floor":14,"turns":4},{"damage":0,"enemies":"2 Fungi Beasts","floor":15,"turns":4},{"damage":10,"enemies":"downfall:Watcher","floor":16,"turns":13},{"damage":0,"enemies":"3 Byrds","floor":19,"turns":4},{"damage":16,"enemies":"Chosen","floor":20,"turns":7},{"damage":2,"enemies":"Snake Plant","floor":25,"turns":6},{"damage":1,"enemies":"Shelled Parasite and Fungi","floor":26,"turns":5},{"damage":0,"enemies":"downfall:FleeingMerchant","floor":27,"turns":4},{"damage":31,"enemies":"Slavers","floor":29,"turns":9},{"damage":0,"enemies":"Sentry and Sphere","floor":31,"turns":5},{"damage":0,"enemies":"Cultist and Chosen","floor":32,"turns":6},{"damage":32,"enemies":"downfall:Silent","floor":33,"turns":12},{"damage":0,"enemies":"3 Darklings","floor":38,"turns":6},{"damage":0,"enemies":"3 Shapes","floor":39,"turns":5},{"damage":0,"enemies":"Giant Head","floor":42,"turns":9},{"damage":0,"enemies":"downfall:FleeingMerchant","floor":43,"turns":5},{"damage":0,"enemies":"Writhing Mass","floor":44,"turns":7},{"damage":0,"enemies":"3 Darklings","floor":46,"turns":5},{"damage":0,"enemies":"Spire Growth","floor":47,"turns":5},{"damage":0,"enemies":"Writhing Mass","floor":49,"turns":9},{"damage":16,"enemies":"downfall:Ironclad","floor":50,"turns":16}],"seed_played":"4964039378125138212","potions_obtained":[{"floor":8,"key":"Elixir"},{"floor":13,"key":"Dexterity Potion"},{"floor":14,"key":"Swift Potion"},{"floor":15,"key":"LifebloodPotion"},{"floor":16,"key":"Energy Potion"},{"floor":31,"key":"Languid Potion"},{"floor":32,"key":"FearPotion"},{"floor":38,"key":"Flashbang"},{"floor":44,"key":"EntropicBrew"},{"floor":46,"key":"Elixir"}],"is_trial":false,"path_per_floor":["R","M","M","M","M","R","T","M","?","?","R","$","M","M","M","B",null,"R","M","M","?","?","?","T","M","M","$","?","E","?","M","M","B",null,"R","?","?","M","M","R","T","E","$","M","?","M","M","?","M","B",null],"character_chosen":"GUARDIAN","items_purchased":["Guardian:Gem_Red","Guardian:EvasiveProtocol","Guardian:BronzeOrb","Guardian:Gem_Orange","Guardian:TemporalShield","Guardian:EvasiveProtocol","Guardian:SentryBeam","Replay:Baseball"],"campfire_rested":0,"item_purchase_floors":[12,12,12,27,27,27,27,43],"current_hp_per_floor":[80,80,80,80,67,67,67,67,55,55,55,51,51,51,51,41,80,80,80,64,16,16,16,16,30,45,55,55,33,33,45,55,50,56,56,56,42,56,56,66,66,66,66,66,66,66,66,66,66,63],"gold":255,"neow_bonus":"THREE_ENEMY_KILL","is_daily":false,"chose_seed":false,"campfire_upgraded":5,"win_rate":0.0,"timestamp":1610366275,"path_taken":["R","M","M","M","M","R","T","M","?","?","R","$","?","?","M","BOSS","R","M","M","?","?","?","T","M","M","$","?","E","?","M","M","BOSS","R","?","?","M","M","R","T","E","?","M","?","M","?","?","M","BOSS"],"items_purchased_type":["Card","Card","Card","Card","Card","Card","Card","Relic"],"build_version":"2020-12-22","purchased_purges":1,"victory":true,"max_hp_per_floor":[80,80,80,80,80,80,80,80,80,80,80,80,80,80,80,80,80,80,80,80,80,56,56,56,56,56,56,56,56,56,56,56,56,56,56,56,56,56,56,66,66,66,66,66,66,66,66,66,66,66],"card_choices":[{"not_picked":["Guardian:CrystalBeam","Guardian:RefractedBeam"],"picked":"Guardian:Gem_Cyan","floor":2},{"not_picked":["Guardian:MultiBeam","Guardian:VentSteam"],"picked":"Guardian:Reroute","floor":3},{"not_picked":["Guardian:Planning","Guardian:ShieldSpikes"],"picked":"Guardian:ChargeCore","floor":4},{"not_picked":["Guardian:ChargeCore","Guardian:DonusPower"],"picked":"Guardian:FloatingOrbs","floor":5},{"not_picked":["Guardian:Suspension","Guardian:RollAttack"],"picked":"Guardian:Preprogram","floor":8},{"not_picked":["Guardian:WalkerClaw","Guardian:GuardianWhirl"],"picked":"Guardian:SphericShield","floor":12},{"not_picked":["Guardian:PiercingHide","Guardian:Reroute"],"picked":"Guardian:TemporalShield","floor":13},{"not_picked":["Guardian:VentSteam","Guardian:ShieldCharger"],"picked":"Guardian:ArmoredProtocol","floor":14},{"not_picked":["Guardian:Planning","Guardian:WalkerClaw"],"picked":"Guardian:TemporalStrike","floor":15},{"not_picked":["Guardian:HyperBeam_Guardian","Guardian:BaubleBeam"],"picked":"Guardian:StasisField","floor":16},{"not_picked":["Guardian:PiercingHide","Guardian:WalkerClaw"],"picked":"Guardian:ChargeCore","floor":19},{"not_picked":["Guardian:PolyBeam","Guardian:TemporalShield"],"picked":"Guardian:TimeCapacitor","floor":20},{"not_picked":["Guardian:TimeBomb","Guardian:Preprogram"],"picked":"Guardian:Gem_Green","floor":25},{"not_picked":["Guardian:ShieldCharger","Guardian:TemporalStrike"],"picked":"Guardian:SentryBeam","floor":26},{"not_picked":["Guardian:ShieldSpikes+1","Guardian:TemporalStrike"],"picked":"Guardian:PiercingHide+1","floor":27},{"not_picked":["Guardian:Gem_Crimson","Guardian:Planning+1"],"picked":"Guardian:Gem_Synthetic","floor":29},{"not_picked":["Guardian:Gem_Lightblue","Guardian:WalkerClaw"],"picked":"Guardian:DecasProtection","floor":31},{"not_picked":["Guardian:VentSteam+1","Guardian:Preprogram"],"picked":"Guardian:Gem_Blue","floor":32},{"not_picked":["Guardian:AncientConstruct","Guardian:ConstructionForm"],"picked":"Guardian:TimeSifter","floor":33},{"not_picked":["Guardian:Gem_Crimson","Guardian:RollAttack"],"picked":"Guardian:TemporalShield","floor":37},{"not_picked":["Guardian:WalkerClaw+1","Guardian:BronzeArmor"],"picked":"Guardian:ShieldCharger+1","floor":38},{"not_picked":["Guardian:TimeBomb","Guardian:WalkerClaw+1"],"picked":"Guardian:PiercingHide+1","floor":39},{"not_picked":["Guardian:Gem_Blue","Guardian:MultiBeam+1","Guardian:Preprogram+1"],"picked":"SKIP","floor":42},{"not_picked":["Guardian:Suspension","Guardian:Recover"],"picked":"Guardian:Gem_Synthetic","floor":43},{"not_picked":["Guardian:Planning+1","Guardian:Emergency"],"picked":"Guardian:Gem_White","floor":44},{"not_picked":["Guardian:Recover","Guardian:Gem_Purple"],"picked":"Guardian:Clone+1","floor":46},{"not_picked":["Guardian:TemporalShield+1","Guardian:ChargeCore","Guardian:Gem_Lightblue"],"picked":"SKIP","floor":47},{"not_picked":["Guardian:Gem_Fragmented","Guardian:PolyBeam"],"picked":"Guardian:Gem_Synthetic","floor":49}],"player_experience":72668,"relics_obtained":[{"floor":7,"key":"Bag of Preparation"},{"floor":29,"key":"aspiration:Lifesprig"},{"floor":37,"key":"hubris:BundleOfHerbs"},{"floor":41,"key":"Replay:Bandana"},{"floor":42,"key":"Regal Pillow"},{"floor":48,"key":"Dream Catcher"}],"event_choices":[{"damage_healed":0,"gold_gain":0,"player_choice":"Success","damage_taken":12,"relics_obtained":["War Paint"],"max_hp_gain":0,"max_hp_loss":0,"event_name":"Scrap Ooze","floor":9,"gold_loss":0},{"damage_healed":0,"gold_gain":0,"player_choice":"Became a vampire","damage_taken":0,"max_hp_gain":0,"max_hp_loss":24,"event_name":"Vampires","floor":22,"gold_loss":0,"cards_obtained":["Bite","Bite","Bite","Bite","Bite"]},{"cards_removed":["Guardian:TemporalShield"],"damage_healed":0,"gold_gain":0,"player_choice":"Removed Skill","damage_taken":0,"max_hp_gain":0,"max_hp_loss":0,"event_name":"Falling","floor":36,"gold_loss":0}],"is_beta":false,"boss_relics":[{"not_picked":["hubris:GrandSneckoEye","Ring of Chaos"],"picked":"Runic Dome"},{"not_picked":["conspire:SlowCooker","Pandora\u0027s Box"],"picked":"hubris:Backtick"}],"items_purged_floors":[12],"is_endless":false,"potions_floor_spawned":[8,13,14,15,16,19,31,32,38,44,46],"ascension_level":0}}