{"host":"2tgyrzvaa7l04o2e","time":1610397023,"event":{"mods":["BaseMod","Highlight Path","Minty Spire (QoL Compilation)","Permanent Neow","Relic Stats"],"gold_per_floor":[166,181,181,30,49,49,49,82,82,82,101,101,129,142,142,142,142],"floor_reached":16,"playtime":580,"items_purged":[],"score":171,"play_id":"bf5357a6-382d-465e-ac8b-c934cbb3210e","local_time":"20210111213023","is_ascension_mode":true,"campfire_choices":[{"data":"Zap","floor":6,"key":"SMITH"},{"floor":12,"key":"REST"},{"data":"Chaos","floor":15,"key":"SMITH"}],"circlet_count":0,"master_deck":["AscendersBane","Strike_B","Strike_B","Strike_B","Strike_B","Defend_B","Defend_B","Defend_B","Defend_B+1","Zap+1","Gash","Genetic Algorithm","FTL","Ball Lightning","Chaos+1","Streamline","Gash","Sweeping Beam"],"relics":["Tiny House","Vajra","Bag of Marbles","Eternal Feather"],"acts_visited":["Exordium"],"potions_floor_usage":[8],"damage_taken":[{"damage":13,"enemies":"Jaw Worm","floor":1,"turns":4},{"damage":2,"enemies":"Cultist","floor":2,"turns":4},{"damage":0,"enemies":"2 Louse","floor":5,"turns":2},{"damage":22,"enemies":"Gremlin Nob","floor":8,"turns":4},{"damage":0,"enemies":"Red Slaver","floor":11,"turns":2},{"damage":25,"enemies":"Lagavulin","floor":13,"turns":5},{"damage":8,"enemies":"Blue Slaver","floor":14,"turns":3},{"damage":39,"enemies":"The Guardian","floor":16,"turns":8}],"seed_played":"5451908628692667526","potions_obtained":[{"floor":0,"key":"SmokeBomb"},{"floor":1,"key":"SmokeBomb"},{"floor":5,"key":"CultistPotion"},{"floor":14,"key":"PotionOfCapacity"}],"is_trial":false,"path_per_floor":["M","M","?","$","M","R","?","E","T","?","M","R","E","M","R","B"],"character_chosen":"DEFECT","items_purchased":["Vajra"],"campfire_rested":1,"item_purchase_floors":[4],"current_hp_per_floor":[60,58,58,58,58,58,63,41,41,33,33,58,33,25,34,0,0],"gold":142,"neow_bonus":"BOSS_RELIC","is_daily":false,"chose_seed":false,"campfire_upgraded":2,"win_rate":0.0,"timestamp":1610397023,"path_taken":["M","M","?","?","M","R","?","E","T","?","?","R","E","M","R","BOSS"],"items_purchased_type":["Relic"],"build_version":"2020-12-22","purchased_purges":0,"victory":false,"max_hp_per_floor":[80,80,80,80,80,80,85,85,85,85,85,85,85,85,85,85,85],"relic_stats":{"counters":[8,32],"Eternal Feather":9,"obtain_stats":[{"Tiny House":0,"Vajra":4,"Eternal Feather":13,"Bag of Marbles":8,"Cracked Core":0},{"Tiny House":0,"Vajra":2,"Eternal Feather":6,"Bag of Marbles":4,"Cracked Core":0},{"Tiny House":0,"Vajra":8,"Eternal Feather":21,"Bag of Marbles":14,"Cracked Core":0}]},"card_choices":[{"not_picked":["Compile Driver","Barrage"],"picked":"Gash","floor":0},{"not_picked":["Rebound","Cold Snap"],"picked":"Genetic Algorithm","floor":1},{"not_picked":["Leap","Barrage"],"picked":"FTL","floor":2},{"not_picked":["Conserve Battery","Storm"],"picked":"Ball Lightning","floor":5},{"not_picked":["Genetic Algorithm","Hello World"],"picked":"Chaos","floor":8},{"not_picked":["Sweeping Beam","Beam Cell"],"picked":"Streamline","floor":11},{"not_picked":["Doom and Gloom","Chaos"],"picked":"Gash","floor":13},{"not_picked":["Echo Form","Ball Lightning"],"picked":"Sweeping Beam","floor":14}],"player_experience":591867,"relics_obtained":[{"floor":8,"key":"Bag of Marbles"},{"floor":13,"key":"Eternal Feather"}],"event_choices":[{"cards_removed":["Dualcast"],"damage_healed":0,"gold_gain":0,"player_choice":"Offered Basic","damage_taken":0,"max_hp_gain":0,"max_hp_loss":0,"event_name":"Bonfire Elementals","floor":3,"gold_loss":0},{"damage_healed":0,"gold_gain":0,"player_choice":"Donut","damage_taken":0,"max_hp_gain":5,"max_hp_loss":0,"event_name":"Big Fish","floor":7,"gold_loss":0},{"damage_healed":0,"gold_gain":0,"player_choice":"Damaged","damage_taken":8,"max_hp_gain":0,"max_hp_loss":0,"event_name":"Wheel of Change","floor":10,"gold_loss":0}],"is_beta":false,"boss_relics":[],"items_purged_floors":[],"is_endless":false,"potions_floor_spawned":[1,5,14],"killed_by":"The Guardian","ascension_level":11}}