{"host":"0iqecygl1119txnb","time":1610387061,"event":{"mods":["Act Like it!","BaseMod","Colored Map","Colored Powertips","Gensokyo","Minty Spire (QoL Compilation)","Replay The Spire","StSLib"],"gold_per_floor":[112,127,127,140,167,181,208,208,208,4,4,4,14,26,26,124,124,138,156,156,156,156,156,488,31,58,58,87,102,53,66,66,166,216,234,234,251,94,0,0,0,25,25,25,25,79,99,77,77,77],"floor_reached":51,"playtime":4853,"items_purged":["Regret"],"score":836,"play_id":"0cdc18b8-e2f0-4852-b41d-3b21814d6134","local_time":"20210112014421","is_ascension_mode":false,"campfire_choices":[{"floor":12.0,"key":"REST"},{"data":"Crystallizer","floor":15.0,"key":"SMITH"},{"data":"Consume","floor":23.0,"key":"SMITH"},{"floor":32.0,"key":"DIG"},{"data":"Time Bomb","floor":40,"key":"SMITH"}],"circlet_count":0,"master_deck":["Strike_B","Defend_B","Defend_B","Defend_B","Defend_B","Zap","Dualcast+1","Genetic Algorithm+1","Redo","Leap","Pot Of Greed","Pot Of Greed+1","Rebound","Crystallizer+1","Stack","Stack","Static Discharge","Time Bomb","Conserve Battery","Self Repair","Barrage","Thunder Strike","Consume+1","Coolheaded","Chill+1","Time Bomb+1","Tempest","White Noise","BootSequence","Redo+1","BasicCrystalCard+1","Reboot","Leap","Cold Snap+1","Pot Of Greed","Cold Snap+1","Lockon+1","Transmutation","Secret Technique","Barrage+1","Barrage+1","Loop","ReplayTheSpireMod:IOU","ReplayTheSpireMod:IOU","Thunder Strike"],"relics":["Cracked Core","Grinning Jar","Replay:Ringing Soul","Lantern","Black Star","Ring of Panic","ReplayTheSpireMod:Ring of Addiction","White Beast Statue","SacredBark","Pantograph","MutagenicStrength","War Paint","Old Coin","Ice Cream","Replay:Wax Seal","InkBottle","MealTicket","Bag of Preparation","Toy Ornithopter","Tiny House","Toolbox","Red Mask","Replay:Multitool","PreservedInsect","Solar Panel","Sundial","Replay:Towering Pillar of Hats","Strange Spoon"],"acts_visited":["Exordium","TheCity","TheBeyond"],"potions_floor_usage":[33,42,46,50],"damage_taken":[{"damage":5.0,"enemies":"Jaw Worm","floor":1.0,"turns":3.0},{"damage":4.0,"enemies":"2 Louse","floor":2.0,"turns":3.0},{"damage":7.0,"enemies":"Cultist","floor":4.0,"turns":4.0},{"damage":16.0,"enemies":"Exordium Wildlife","floor":6.0,"turns":3.0},{"damage":7.0,"enemies":"Replay:BlueRogue","floor":7.0,"turns":6.0},{"damage":0.0,"enemies":"3 Louse","floor":13.0,"turns":4.0},{"damage":0.0,"enemies":"Blue Slaver","floor":14.0,"turns":4.0},{"damage":32.0,"enemies":"Hexaghost","floor":16.0,"turns":9.0},{"damage":21.0,"enemies":"Shell Parasite","floor":18.0,"turns":5.0},{"damage":6.0,"enemies":"3 Byrds","floor":19.0,"turns":3.0},{"damage":45.0,"enemies":"Book of Stabbing","floor":24.0,"turns":6.0},{"damage":21.0,"enemies":"Replay:Snechameleon","floor":28.0,"turns":5.0},{"damage":34.0,"enemies":"Snake Plant","floor":29.0,"turns":4.0},{"damage":0.0,"enemies":"3 Cultists","floor":31.0,"turns":3.0},{"damage":21,"enemies":"Champ","floor":33,"turns":9},{"damage":2,"enemies":"3 Shapes","floor":35,"turns":7},{"damage":22,"enemies":"Orb Walker","floor":37,"turns":6},{"damage":23,"enemies":"Giant Head","floor":42,"turns":8},{"damage":55,"enemies":"2 Orb Walkers","floor":46,"turns":6},{"damage":24,"enemies":"Maw","floor":47,"turns":9},{"damage":77,"enemies":"Time Eater","floor":50,"turns":10}],"seed_played":"-7658874330631021997","potions_obtained":[{"floor":1.0,"key":"Fire Potion"},{"floor":5.0,"key":"EssenceOfDarkness"},{"floor":5.0,"key":"DuplicationPotion"},{"floor":5.0,"key":"Toxic Potion"},{"floor":18.0,"key":"PotionOfCapacity"},{"floor":20.0,"key":"Doom Potion"},{"floor":29.0,"key":"Strength Potion"},{"floor":31.0,"key":"Cursed Concoction"},{"floor":33,"key":"Fire Potion"},{"floor":35,"key":"Weak Potion"},{"floor":42,"key":"SmokeBomb"},{"floor":46,"key":"Flashbang"}],"is_trial":false,"path_per_floor":["M","M","?","M","?","M","E","?","T","$","?","R","M","M","R","B",null,"M","M","?","T","?","R","E","$","T","T","E","M","$","M","R_BF","B",null,"M","?","M","$","?","R","?","E","T","?","T","?","M","$","R_BF","B",null],"character_chosen":"DEFECT","items_purchased":["Time Bomb","Conserve Battery","Time Bomb","Ice Cream","Tempest","Redo","Toolbox","Loop","Strange Spoon"],"campfire_rested":1,"item_purchase_floors":[10,10,25,25,25,30,38,48,48],"current_hp_per_floor":[70,66,66,59,41,25,21,24,24,27,27,52,55,65,65,43,93,82,79,79,79,79,79,44,47,47,47,36,12,30,33,33,52,124,125,121,107,122,122,120,120,112,112,110,110,63,42,60,63,31],"gold":77,"neow_bonus":"THREE_CARDS","is_daily":false,"chose_seed":false,"campfire_upgraded":3,"win_rate":0.0,"timestamp":1610387061,"path_taken":["M","M","?","M","?","M","E","?","T","$","?","R","M","?","R","BOSS","M","M","?","?","?","R","E","?","T","?","E","M","$","M","R_BF","BOSS","M","?","M","$","?","R","?","E","T","?","?","?","?","$","R_BF","BOSS"],"items_purchased_type":["Card","Card","Card","Relic","Card","Card","Relic","Card","Relic"],"build_version":"2020-12-22","purchased_purges":1,"victory":true,"max_hp_per_floor":[75,75,75,75,75,75,78,81,81,84,84,84,87,90,90,93,93,96,99,99,99,99,99,100,103,103,101,104,107,110,113,113,116,124,127,121,122,122,122,120,120,123,123,126,126,127,130,133,136,134],"card_choices":[{"not_picked":["Self Repair","Steam"],"picked":"Genetic Algorithm","floor":0.0},{"not_picked":["Sunder","Rebound"],"picked":"Redo","floor":1.0},{"not_picked":["Reprogram","BasicCrystalCard"],"picked":"Leap","floor":2.0},{"not_picked":["ReplayTheSpireMod:GoodbyeWorld","ReplaySort"],"picked":"Rebound","floor":4.0},{"not_picked":["Hologram","Sunder"],"picked":"Crystallizer","floor":5.0},{"not_picked":["Barrage","Aggregate"],"picked":"Stack","floor":6.0},{"not_picked":["Sweeping Beam","ReplayTheSpireMod:System Scan"],"picked":"Stack","floor":7.0},{"not_picked":["Conserve Battery","Hologram"],"picked":"Self Repair","floor":13.0},{"not_picked":["Gash","Streamline"],"picked":"Barrage","floor":14.0},{"not_picked":["Biased Cognition","Amplify"],"picked":"Thunder Strike","floor":16.0},{"not_picked":["Streamline+1","Coolheaded"],"picked":"Consume","floor":18.0},{"not_picked":["Rebound","Sweeping Beam"],"picked":"Coolheaded","floor":19.0},{"not_picked":["ReplayTheSpireMod:Calculation Training","ReplaySort"],"picked":"Chill+1","floor":24.0},{"not_picked":["BasicCrystalCard","Hyperbeam"],"picked":"White Noise","floor":28.0},{"not_picked":["Beam Cell","Stack"],"picked":"BootSequence","floor":29.0},{"not_picked":["Barrage","Redo+1"],"picked":"BasicCrystalCard+1","floor":31.0},{"not_picked":["Amplify","Hyperbeam"],"picked":"Reboot","floor":33},{"not_picked":["Rebound","Sweeping Beam"],"picked":"Leap","floor":34},{"not_picked":["ReplayGash","Steam+1"],"picked":"Cold Snap+1","floor":35},{"not_picked":["Barrage","Capacitor+1"],"picked":"Cold Snap+1","floor":37},{"not_picked":["Hologram","Hello World+1"],"picked":"Lockon+1","floor":42},{"not_picked":["Finesse","Midas Touch"],"picked":"Transmutation","floor":44},{"not_picked":["Dramatic Entrance","Jack Of All Trades"],"picked":"Secret Technique","floor":44},{"not_picked":["Blizzard+1","Ball Lightning+1"],"picked":"Barrage+1","floor":46},{"not_picked":["Blizzard+1","Beam Cell"],"picked":"Barrage+1","floor":47}],"player_experience":35125,"relics_obtained":[{"floor":7.0,"key":"Replay:Ringing Soul"},{"floor":9.0,"key":"Lantern"},{"floor":20.0,"key":"Ring of Panic"},{"floor":20.0,"key":"ReplayTheSpireMod:Ring of Addiction"},{"floor":20.0,"key":"White Beast Statue"},{"floor":20.0,"key":"SacredBark"},{"floor":21.0,"key":"Pantograph"},{"floor":24.0,"key":"War Paint"},{"floor":24.0,"key":"Old Coin"},{"floor":26.0,"key":"Replay:Wax Seal"},{"floor":27.0,"key":"InkBottle"},{"floor":28.0,"key":"MealTicket"},{"floor":28.0,"key":"Bag of Preparation"},{"floor":32.0,"key":"Toy Ornithopter"},{"floor":42,"key":"Replay:Multitool"},{"floor":42,"key":"PreservedInsect"},{"floor":43,"key":"Solar Panel"},{"floor":45,"key":"Sundial"},{"floor":46,"key":"Replay:Towering Pillar of Hats"}],"event_choices":[{"damage_healed":0.0,"max_hp_gain":0.0,"max_hp_loss":0.0,"gold_gain":0.0,"event_name":"Big Fish","player_choice":"Box","floor":3.0,"gold_loss":0.0,"damage_taken":0.0,"relics_obtained":["Grinning Jar"],"cards_obtained":["Regret"]},{"damage_healed":0.0,"max_hp_gain":0.0,"max_hp_loss":0.0,"gold_gain":0.0,"cards_transformed":["Strike_B"],"event_name":"Living Wall","player_choice":"Change","floor":8.0,"gold_loss":0.0,"damage_taken":0.0,"cards_obtained":["Static Discharge"]},{"damage_healed":0.0,"max_hp_gain":0.0,"max_hp_loss":0.0,"gold_gain":0.0,"event_name":"Accursed Blacksmith","player_choice":"Forge","floor":11.0,"gold_loss":0.0,"damage_taken":0.0,"cards_upgraded":["Genetic Algorithm"]},{"damage_healed":0.0,"max_hp_gain":0.0,"max_hp_loss":0.0,"gold_gain":0.0,"event_name":"Drug Dealer","player_choice":"Inject Mutagens","floor":22.0,"gold_loss":0.0,"damage_taken":0.0,"relics_obtained":["MutagenicStrength"]},{"damage_healed":0,"gold_gain":0,"player_choice":"Max HP","damage_taken":0,"max_hp_gain":0,"max_hp_loss":6,"event_name":"Winding Halls","floor":36,"gold_loss":0},{"damage_healed":0,"gold_gain":0,"player_choice":"Paid","damage_taken":0,"relics_obtained":["Red Mask"],"max_hp_gain":0,"max_hp_loss":0,"event_name":"Tomb of Lord Red Mask","floor":39,"gold_loss":94},{"cards_removed":["Strike_B"],"damage_healed":0,"gold_gain":0,"player_choice":"Removed Attack","damage_taken":0,"max_hp_gain":0,"max_hp_loss":0,"event_name":"Falling","floor":41,"gold_loss":0},{"damage_healed":0,"gold_gain":0,"player_choice":"Memory 2","damage_taken":5,"max_hp_gain":0,"max_hp_loss":0,"event_name":"SensoryStone","floor":44,"gold_loss":0},{"damage_healed":0,"gold_gain":0,"player_choice":"Fight","damage_taken":0,"max_hp_gain":0,"max_hp_loss":0,"event_name":"Mysterious Sphere","floor":46,"gold_loss":0}],"is_beta":false,"boss_relics":[{"not_picked":["Philosopher\u0027s Stone","Runic Dome"],"picked":"Black Star"},{"not_picked":["Runic Pyramid","Replay:Bronze Core"],"picked":"Tiny House"}],"items_purged_floors":[10],"is_endless":false,"potions_floor_spawned":[1,7,14,16,18,19,24,28,29,31,33,35,37,42,46,47],"ascension_level":0}}