{"host":"l60rmjjsfi0fipmi","time":1610400834,"event":{"mods":["BaseMod","Colored Map","DeckTracker","Highlight Path","Minty Spire (QoL Compilation)"],"gold_per_floor":[210,210,82,96,23,23,52,52,102,116,47,47,61,61,61,159,159,179,52,52,64,64,64,64,64],"floor_reached":24,"playtime":1177,"items_purged":["Strike_B"],"score":221,"play_id":"5e933f0a-c48a-4f3a-93ea-3215d90587b0","local_time":"20210111163354","is_ascension_mode":true,"campfire_choices":[{"data":"Storm","floor":6,"key":"SMITH"},{"data":"Zap","floor":8,"key":"SMITH"},{"data":"Echo Form","floor":12,"key":"SMITH"},{"floor":15,"key":"REST"},{"data":"Conserve Battery","floor":23,"key":"SMITH"}],"circlet_count":0,"master_deck":["Strike_B","Strike_B+1","Strike_B","Defend_B","Defend_B","Defend_B","Defend_B","Zap+1","Dualcast","Gash","Storm+1","Cold Snap+1","Coolheaded+1","Echo Form+1","Beam Cell","FTL","Ball Lightning","Machine Learning","CurseOfTheBell","Self Repair+1","Conserve Battery+1","Undo"],"relics":["Cracked Core","Mummified Hand","Whetstone","Art of War","Calling Bell","MealTicket","Singing Bowl","Shovel","Ancient Tea Set"],"acts_visited":["Exordium","TheCity"],"potions_floor_usage":[16,24],"damage_taken":[{"damage":2,"enemies":"2 Louse","floor":1,"turns":3},{"damage":1,"enemies":"Cultist","floor":4,"turns":4},{"damage":20,"enemies":"Lagavulin","floor":7,"turns":7},{"damage":0,"enemies":"Small Slimes","floor":10,"turns":2},{"damage":18,"enemies":"Exordium Thugs","floor":13,"turns":4},{"damage":11,"enemies":"The Guardian","floor":16,"turns":12},{"damage":24,"enemies":"Spheric Guardian","floor":18,"turns":4},{"damage":7,"enemies":"Chosen","floor":21,"turns":4},{"damage":71,"enemies":"Slavers","floor":24,"turns":4}],"seed_played":"-4301432461666807618","potions_obtained":[{"floor":1,"key":"Dexterity Potion"},{"floor":4,"key":"EssenceOfSteel"},{"floor":16,"key":"GamblersBrew"}],"is_trial":false,"path_per_floor":["M","?","$","M","$","R","E","R","T","M","$","R","M","?","R","B",null,"M","$","?","M","?","R","E"],"character_chosen":"DEFECT","items_purchased":["Storm","Cold Snap","Echo Form","FTL","Conserve Battery"],"campfire_rested":1,"item_purchase_floors":[3,3,5,11,19],"current_hp_per_floor":[73,73,73,72,72,72,52,52,52,52,52,52,34,34,56,45,75,51,66,66,69,69,69,0,0],"gold":64,"neow_bonus":"HUNDRED_GOLD","is_daily":false,"chose_seed":false,"campfire_upgraded":4,"win_rate":0.0,"timestamp":1610400834,"path_taken":["M","?","$","?","$","R","E","R","T","M","$","R","M","?","R","BOSS","M","$","?","M","?","R","E"],"items_purchased_type":["Card","Card","Card","Card","Card"],"build_version":"2020-12-22","purchased_purges":1,"victory":false,"max_hp_per_floor":[75,75,75,75,75,75,75,75,75,75,75,75,75,75,75,75,75,75,75,75,75,75,75,75,75],"card_choices":[{"not_picked":["Storm","Glacier"],"picked":"Gash","floor":1},{"not_picked":["Rebound","Compile Driver"],"picked":"Coolheaded","floor":4},{"not_picked":["Fusion","Turbo"],"picked":"Beam Cell","floor":7},{"not_picked":["Multi-Cast","Chill","Steam"],"picked":"SKIP","floor":10},{"not_picked":["Stack","Rebound"],"picked":"Ball Lightning","floor":13},{"not_picked":["Echo Form","Core Surge"],"picked":"Machine Learning","floor":16},{"not_picked":["Turbo","Scrape"],"picked":"Self Repair+1","floor":18},{"not_picked":["Force Field","Cold Snap"],"picked":"Undo","floor":21}],"player_experience":337803,"relics_obtained":[{"floor":7,"key":"Whetstone"},{"floor":9,"key":"Art of War"},{"floor":17,"key":"MealTicket"},{"floor":17,"key":"Singing Bowl"},{"floor":17,"key":"Shovel"}],"event_choices":[{"damage_healed":0,"gold_gain":0,"player_choice":"Gave Potion","damage_taken":0,"relics_obtained":["Mummified Hand"],"max_hp_gain":0,"max_hp_loss":0,"event_name":"WeMeetAgain","floor":2,"gold_loss":0},{"damage_healed":0,"gold_gain":0,"player_choice":"Upgraded","damage_taken":0,"max_hp_gain":0,"max_hp_loss":0,"event_name":"Upgrade Shrine","floor":14,"gold_loss":0,"cards_upgraded":["Coolheaded"]},{"damage_healed":0,"gold_gain":0,"player_choice":"Opened","damage_taken":0,"relics_obtained":["Ancient Tea Set"],"max_hp_gain":0,"max_hp_loss":0,"event_name":"The Mausoleum","floor":20,"gold_loss":0},{"damage_healed":0,"gold_gain":0,"player_choice":"Ignored","damage_taken":0,"max_hp_gain":0,"max_hp_loss":0,"event_name":"Vampires","floor":22,"gold_loss":0}],"is_beta":false,"boss_relics":[{"not_picked":["FrozenCore","Sozu"],"picked":"Calling Bell"}],"items_purged_floors":[19],"is_endless":false,"potions_floor_spawned":[1,4,16],"killed_by":"Slavers","ascension_level":3}}