{"host":"6h0diz2ap0m56grs","time":1610393175,"event":{"mods":["2.2 Compatiblity","BaseMod","Colored Map","Marisa????????","Minty Spire (QoL Compilation)","Quick Restart","Replay The Spire","Shop Mod","StSLib","The Servant 0.9.4"],"gold_per_floor":[112,137,137,137,137,286,380,380,380],"floor_reached":8,"playtime":351,"items_purged":[],"score":118,"play_id":"3624c372-d06c-4f5c-a75d-397f80d2a71e","local_time":"20210111132615","daily_mods":["SealedDeck","Heirloom","Time Dilation","Flight"],"is_ascension_mode":true,"campfire_choices":[],"circlet_count":0,"master_deck":["GrandCross","GrandCross","SporeBomb","NonDirectionalLaser","6A","MilkyWay","MilkyWay+1","6A","MilkyWay","MilkyWay","Robbery","6A"],"relics":["MiniHakkero","replay:Trail_Library","Prayer Wheel","Golden Idol","Replay:Rubber Ducky","Pondfish Scales"],"acts_visited":["Exordium"],"potions_floor_usage":[],"damage_taken":[{"damage":0,"enemies":"Small Slimes","floor":1,"turns":1},{"damage":0,"enemies":"2 Louse","floor":2,"turns":2},{"damage":0,"enemies":"Replay:BlueRogue","floor":6,"turns":9},{"damage":2,"enemies":"3 Sentries","floor":7,"turns":8},{"damage":0,"enemies":"Lagavulin","floor":8,"turns":5}],"seed_played":"2362435662785109139","potions_obtained":[{"floor":2,"key":"Energy Potion"},{"floor":6,"key":"ShroomBrew"}],"is_trial":true,"path_per_floor":["M","M","$","?","?","E","E","E"],"character_chosen":"MARISA","items_purchased":[],"campfire_rested":0,"item_purchase_floors":[],"current_hp_per_floor":[75,75,75,57,57,57,55,55,55],"gold":380,"neow_bonus":"","is_daily":false,"chose_seed":false,"campfire_upgraded":0,"win_rate":0.0,"timestamp":1610393175,"path_taken":["M","M","$","?","?","E","E","E"],"items_purchased_type":[],"build_version":"2020-12-22","purchased_purges":0,"victory":false,"max_hp_per_floor":[75,75,75,75,75,75,75,75,75],"card_choices":[{"not_picked":["DC","GravityBeat"],"picked":"Robbery","floor":1},{"not_picked":["DC","PowerUp","Orbital"],"picked":"SKIP","floor":1},{"not_picked":["Singularity","DarkSpark"],"picked":"6A","floor":2},{"not_picked":["ChargeUpSpray","DC","IllusionStar"],"picked":"SKIP","floor":2},{"not_picked":["DeepEcoloBomb","BlazeAway","OneTimeOff"],"picked":"SKIP","floor":6},{"not_picked":["JA","Robbery","GrandCross"],"picked":"SKIP","floor":7}],"player_experience":169897,"relics_obtained":[{"floor":6,"key":"Replay:Rubber Ducky"},{"floor":7,"key":"Pondfish Scales"}],"event_choices":[{"damage_healed":0,"gold_gain":0,"player_choice":"Take Damage","damage_taken":18,"relics_obtained":["Golden Idol"],"max_hp_gain":0,"max_hp_loss":0,"event_name":"Golden Idol","floor":4,"gold_loss":0},{"damage_healed":0,"gold_gain":0,"player_choice":"Grow","damage_taken":0,"max_hp_gain":0,"max_hp_loss":0,"event_name":"Living Wall","floor":5,"gold_loss":0,"cards_upgraded":["MilkyWay"]}],"is_beta":false,"boss_relics":[],"items_purged_floors":[],"is_endless":false,"potions_floor_spawned":[2,6],"killed_by":"Lagavulin","ascension_level":1}}