{"host":"56ghxnzsglgdq727","time":1610403011,"event":{"mods":["AchievementEnabler","BaseMod","Downfall","Duelist Mod","Minty Spire (QoL Compilation)","Rare Cards Sparkle","StSLib","The Bug Knight","The Exalted","The Senshi","The Wild Card"],"gold_per_floor":[240,250,21,38,57,89,89,89,114,39,67,67,78,93,93,197,197,207,225,225,236,247,247,110,25,25,25,44,44,77,91,91,91,91],"floor_reached":33,"playtime":1406,"items_purged":["theDuelist:CastleWalls","theDuelist:Sparks"],"score":293,"play_id":"698ebe09-5a37-49f1-b230-8936cc40c602","local_time":"20210111171011","is_ascension_mode":true,"campfire_choices":[{"data":"theDuelist:CyberDragonCore","floor":8,"key":"SMITH"},{"data":"theDuelist:CyberDragonCore","floor":12,"key":"SMITH"},{"data":"theDuelist:Raigeki","floor":15,"key":"SMITH"},{"data":"theDuelist:Scapegoat","floor":23,"key":"SMITH"},{"data":"theDuelist:DefenseDraw","floor":27,"key":"SMITH"},{"floor":32,"key":"REST"}],"circlet_count":0,"master_deck":["theDuelist:Sparks","theDuelist:BabyDragon","theDuelist:CyberDragonCore+1","theDuelist:YamataDragon","theDuelist:CyberTwinDragon","theDuelist:CaveDragon","theDuelist:LesserDragon","theDuelist:LavaDragon","theDuelist:CaveDragon","theDuelist:MegafleetDragon","theDuelist:LesserDragon","theDuelist:Raigeki+1","theDuelist:CyberDragonCore+1","theDuelist:CastleWalls","theDuelist:AncientGearGadjiltron","theDuelist:Scapegoat+1","theDuelist:RedEyesZombie+1","theDuelist:GaiaDragonChamp+1","theDuelist:CyberLaserDragon","theDuelist:DefenseDraw+1","theDuelist:CastleDragonSouls","theDuelist:BlueEyesUltimate","theDuelist:BusterDrake+1"],"relics":["theDuelist:MillenniumPuzzle","theDuelist:CardPoolRelic","theDuelist:CardPoolBasicRelic","theDuelist:BoosterPackPoolRelic","theDuelist:CardPoolAddRelic","theDuelist:CardPoolMinusRelic","theDuelist:CardPoolSaveRelic","theDuelist:CardPoolOptionsRelic","PreservedInsect","Bromod:ArcaneNullifier","HollowMod:PaleOreRelic","Philosopher\u0027s Stone","theDuelist:SpellMaxHPRelic","Bromod:ArcaneTempo","Bromod:ArcaneAwakening"],"acts_visited":["Exordium","TheCity"],"potions_floor_usage":[5,6,16,16,19,22,33],"damage_taken":[{"damage":0,"enemies":"Jaw Worm","floor":1,"turns":1},{"damage":0,"enemies":"Small Slimes","floor":2,"turns":3},{"damage":0,"enemies":"Cultist","floor":4,"turns":3},{"damage":0,"enemies":"Large Slime","floor":5,"turns":2},{"damage":2,"enemies":"Gremlin Nob","floor":6,"turns":3},{"damage":6,"enemies":"3 Sentries","floor":11,"turns":5},{"damage":0,"enemies":"2 Fungi Beasts","floor":13,"turns":2},{"damage":18,"enemies":"Exordium Thugs","floor":14,"turns":3},{"damage":4,"enemies":"Hexaghost","floor":16,"turns":6},{"damage":7,"enemies":"Shell Parasite","floor":18,"turns":2},{"damage":14,"enemies":"2 Thieves","floor":19,"turns":3},{"damage":0,"enemies":"Snecko","floor":21,"turns":4},{"damage":14,"enemies":"Snake Plant","floor":22,"turns":3},{"damage":0,"enemies":"Cultist and Chosen","floor":28,"turns":4},{"damage":32,"enemies":"theDuelist:KaibaA2","floor":30,"turns":4},{"damage":0,"enemies":"Centurion and Healer","floor":31,"turns":6},{"damage":54,"enemies":"Automaton","floor":33,"turns":6}],"seed_played":"-5511336286438311342","potions_obtained":[{"floor":2,"key":"AttackPotion"},{"floor":5,"key":"theDuelist:DragonfirePotion"},{"floor":11,"key":"theDuelist:DragonfirePotion"},{"floor":14,"key":"Energy Potion"},{"floor":16,"key":"theDuelist:SolderPotionB"},{"floor":19,"key":"theDuelist:LavaBottle"},{"floor":31,"key":"theDuelist:IcePotion"}],"is_trial":false,"path_per_floor":["M","M","$","M","M","E","?","R","T","$","E","R","M","M","R","B",null,"M","M","?","M","M","R","$","?","T","R","M","?","E","M","R","B"],"character_chosen":"THE_DUELIST","items_purchased":["theDuelist:CyberDragonCore","theDuelist:Raigeki","theDuelist:CastleDragonSouls"],"campfire_rested":1,"item_purchase_floors":[3,3,24],"current_hp_per_floor":[80,80,80,80,80,78,83,83,83,83,77,77,77,59,59,55,85,78,64,64,64,50,50,50,50,50,50,50,50,18,18,43,0,0],"gold":91,"neow_bonus":"HUNDRED_GOLD","is_daily":false,"chose_seed":false,"campfire_upgraded":5,"win_rate":0.0,"timestamp":1610403011,"path_taken":["M","M","$","M","M","E","?","R","T","$","E","R","M","M","R","BOSS","M","M","?","?","M","R","$","?","T","R","M","?","E","M","R","BOSS"],"items_purchased_type":["Card","Card","Card"],"build_version":"2020-12-22","purchased_purges":2,"victory":false,"max_hp_per_floor":[80,80,80,80,80,80,85,85,85,85,85,85,85,85,85,85,85,85,85,85,85,85,85,85,85,85,85,85,85,85,85,85,85,85],"card_choices":[{"not_picked":["theDuelist:BlackPtera","theDuelist:BarrelDragon","theDuelist:BabyDragon","theDuelist:GiantRex"],"picked":"theDuelist:LavaDragon","floor":1},{"not_picked":["theDuelist:BusterBlader","theDuelist:Anthrosaurus","theDuelist:Freezadon","theDuelist:SafeZone"],"picked":"theDuelist:CyberTwinDragon","floor":2},{"not_picked":["theDuelist:BlackBrutdrago","theDuelist:CoralDragon","theDuelist:AncientPixieDragon","theDuelist:BlacklandFireDragon"],"picked":"theDuelist:CyberDragonCore","floor":4},{"not_picked":["theDuelist:TwinBarrelDragon","theDuelist:Pyrorex","theDuelist:DarkHorus","theDuelist:CyberDinosaur","theDuelist:SnowdustDragon"],"picked":"SKIP","floor":5},{"not_picked":["theDuelist:TwinBarrelDragon","theDuelist:Pyrorex","theDuelist:DarkHorus","theDuelist:CyberDinosaur","theDuelist:SnowdustDragon"],"picked":"SKIP","floor":5},{"not_picked":["theDuelist:BusterBlader","theDuelist:AquaDolphin","theDuelist:Freezadon","theDuelist:Anthrosaurus","theDuelist:BlackBrachios"],"picked":"SKIP","floor":6},{"not_picked":["theDuelist:DarkHorus","theDuelist:DefenseDraw","theDuelist:CyberDragonDrei","theDuelist:Earthquake"],"picked":"theDuelist:MegafleetDragon","floor":11},{"not_picked":["theDuelist:SafeZone","theDuelist:CyberneticRevolution","theDuelist:BurstBreath","theDuelist:Berserking","theDuelist:ArtifactSanctum"],"picked":"SKIP","floor":13},{"not_picked":["theDuelist:BurstBreath","theDuelist:OneDayPeace","theDuelist:WaterDragonCluster","theDuelist:DragonShield"],"picked":"theDuelist:AncientGearGadjiltron","floor":14},{"not_picked":["theDuelist:SurvivalFittest","theDuelist:StardustDragon","theDuelist:QueenDragunDjinn","theDuelist:LostWorld"],"picked":"theDuelist:Scapegoat","floor":16},{"not_picked":["theDuelist:Pyrorex","theDuelist:Anthrosaurus","theDuelist:AncientDragon+1","theDuelist:AquaDolphin"],"picked":"theDuelist:RedEyesZombie+1","floor":18},{"not_picked":["theDuelist:OceanDragonLord","theDuelist:CyberDragonInfinity"],"picked":"theDuelist:GaiaDragonChamp+1","floor":19},{"not_picked":["theDuelist:SilverWing","theDuelist:DragonRavine","theDuelist:Berserking","theDuelist:TotemDragon+1"],"picked":"theDuelist:CyberLaserDragon","floor":21},{"not_picked":["theDuelist:WhiteHowling","theDuelist:TyrantWing","theDuelist:CyberneticRevolution","theDuelist:BurstBreath"],"picked":"theDuelist:DefenseDraw","floor":22},{"not_picked":["theDuelist:RedRisingDragon","theDuelist:GenesisDragon","theDuelist:ExploderDragonwing+1","theDuelist:DragonShield"],"picked":"theDuelist:BlueEyesUltimate","floor":28},{"not_picked":["theDuelist:YamataDragon","theDuelist:Freezadon+1","theDuelist:LavaDragon+1","theDuelist:RedDragonArchfiend"],"picked":"theDuelist:BusterDrake+1","floor":30},{"not_picked":["theDuelist:GenesisDragon","theDuelist:CyberneticOverflow+1","theDuelist:Pyrorex","theDuelist:StampingDestruction+1","theDuelist:FiendSkull"],"picked":"SKIP","floor":31}],"player_experience":227982,"relics_obtained":[{"floor":6,"key":"PreservedInsect"},{"floor":9,"key":"Bromod:ArcaneNullifier"},{"floor":11,"key":"HollowMod:PaleOreRelic"},{"floor":26,"key":"Bromod:ArcaneTempo"},{"floor":30,"key":"Bromod:ArcaneAwakening"}],"event_choices":[{"damage_healed":0,"gold_gain":0,"player_choice":"Donut","damage_taken":0,"max_hp_gain":5,"max_hp_loss":0,"event_name":"Big Fish","floor":7,"gold_loss":0},{"damage_healed":0,"gold_gain":0,"player_choice":"Leave","duelist":true,"damage_taken":0,"max_hp_gain":0,"max_hp_loss":0,"event_name":"Tomb of the Nameless","floor":20,"gold_loss":0},{"damage_healed":0,"gold_gain":0,"player_choice":"Obtained Relic","damage_taken":0,"relics_obtained":["theDuelist:SpellMaxHPRelic"],"max_hp_gain":0,"max_hp_loss":0,"event_name":"Addict","floor":25,"gold_loss":85},{"damage_healed":0,"gold_gain":0,"player_choice":"Leave","duelist":true,"damage_taken":0,"max_hp_gain":0,"max_hp_loss":0,"event_name":"Tomb of the Nameless","floor":29,"gold_loss":0}],"is_beta":false,"boss_relics":[{"not_picked":["Runic Dome","theDuelist:GamblerChip"],"picked":"Philosopher\u0027s Stone"}],"items_purged_floors":[10,24],"is_endless":false,"potions_floor_spawned":[2,5,11,14,16,19,31],"killed_by":"Automaton","ascension_level":1}}