{"host":"9nt1zhl3k8mtcf72","time":1610331874,"event":{"mods":["Aspiration","BaseMod","BetterRewards","Conjunction","Conspire","Downfall","Energized Spire","Friendly Minions","GifTheSpireLib","Halation","HexUI Lib","Hubris","Infinite Spire","Jedi Mod","JesterMod","Mimic Mod","Minty Spire (QoL Compilation)","RatMod","Replay The Spire","Spikes Relics","StSLib","Stuff the Spire","TheArtist","Trackpad","Useless Jewels Mod","Wandering Minibosses","vexMod"],"gold_per_floor":[110,120,120,120,120,120,179,179,179,194,194,238,238,238,279,296,296,411,411,441,441,441,441,441],"floor_reached":23,"playtime":1297,"items_purged":[],"score":220,"play_id":"cdeeee3d-2984-4241-82e1-fd9226569ebe","local_time":"20210110212434","is_ascension_mode":false,"campfire_choices":[{"data":"jesterMod:Tinker","floor":6,"key":"SMITH"},{"floor":8,"key":"RECALL"},{"floor":17,"key":"REST"},{"data":"jesterMod:Inspiration","floor":21,"key":"SMITH"}],"circlet_count":0,"master_deck":["jesterMod:Strike","jesterMod:Strike","jesterMod:Strike","jesterMod:Strike","jesterMod:Sickle","jesterMod:Defend","jesterMod:Defend","jesterMod:Defend","jesterMod:Defend","jesterMod:Dodge","jesterMod:Patience","jesterMod:LightTheWick","Regret","jesterMod:Exasperation","jesterMod:Precipitation","Conjunction:Offense","Conjunction:Defense","jesterMod:JackInTheBox","jesterMod:HedgehogForm"],"relics":["halation:SimulatedSpire","jedi:arcanewood","Replay:Ringing Soul","jedi:matchstick","Conjunction:SoulLantern","vexMod:MysteryBossChallenge","Guardian:ModeShifterPlus","InkBottle"],"acts_visited":["Exordium","TheCity"],"potions_floor_usage":[12,15,15],"damage_taken":[{"damage":0,"enemies":"2 Louse","floor":1,"turns":5},{"damage":1,"enemies":"conspire:RoseBush","floor":2,"turns":5},{"damage":11,"enemies":"3 Sentries","floor":7,"turns":13},{"damage":0,"enemies":"Small Slimes","floor":10,"turns":2},{"damage":11,"enemies":"Replay:BlueRogue","floor":12,"turns":10},{"damage":7,"enemies":"Lagavulin","floor":15,"turns":8},{"damage":0,"enemies":"Exordium Wildlife","floor":16,"turns":3},{"damage":28,"enemies":"Fading Forest","floor":18,"turns":11},{"damage":24,"enemies":"3 Byrds","floor":20,"turns":5}],"seed_played":"-6832582697992300766","potions_obtained":[{"floor":2,"key":"Milkshake"},{"floor":7,"key":"hexamod:EctoCoolerPotion"},{"floor":11,"key":"PowerPotion"},{"floor":20,"key":"FairyPotion"}],"is_trial":false,"path_per_floor":["M","M","?","$","?","R","?","R","T","M","?","E","PTL","PTL","E","M","R","B",null,"M","R","?","R"],"character_chosen":"THE_JESTER","items_purchased":[],"campfire_rested":1,"item_purchase_floors":[],"current_hp_per_floor":[70,69,69,69,69,69,61,61,61,64,64,56,56,56,52,52,76,51,85,61,61,61,61,61],"gold":441,"neow_bonus":"SIMULATED_SPIRE","is_daily":false,"chose_seed":false,"campfire_upgraded":2,"win_rate":0.0,"timestamp":1610331874,"path_taken":["M","M","?","$","?","R","?","R","T","?","?","E","PTL","PTL","E","M","R","BOSS","M","?","?","?"],"items_purchased_type":[],"build_version":"2020-12-22","purchased_purges":0,"victory":false,"max_hp_per_floor":[70,70,70,70,70,70,73,73,73,76,76,79,79,79,82,82,82,85,85,85,85,85,85,85],"card_choices":[{"not_picked":["jesterMod:Anticipation","jesterMod:Talion"],"picked":"jesterMod:Patience","floor":1},{"not_picked":["jesterMod:Mending","jesterMod:Anticipation"],"picked":"jesterMod:LightTheWick","floor":2},{"not_picked":["jesterMod:Mending","jesterMod:LaughingGas"],"picked":"jesterMod:TrickyDodge","floor":7},{"not_picked":["jesterMod:SwiftDodge","jesterMod:Anticipation"],"picked":"jesterMod:Exasperation","floor":10},{"not_picked":["jesterMod:Patience","jesterMod:RecklessStrike"],"picked":"jesterMod:Precipitation","floor":12},{"not_picked":["jesterMod:Frenzy","jesterMod:Prankster"],"picked":"jesterMod:JackInTheBox","floor":15},{"not_picked":["jesterMod:QuickStrike","jesterMod:Feint","jesterMod:Rebuff"],"picked":"SKIP","floor":16},{"not_picked":["jesterMod:Trance","jesterMod:ExperimentalTreatment"],"picked":"jesterMod:HedgehogForm","floor":18},{"not_picked":["jesterMod:Illness","jesterMod:SelfMockery","jesterMod:Rebuff"],"picked":"SKIP","floor":20}],"player_experience":524138,"relics_obtained":[{"floor":12,"key":"jedi:matchstick"},{"floor":15,"key":"Conjunction:SoulLantern"}],"event_choices":[{"damage_healed":0,"gold_gain":0,"player_choice":"Box","damage_taken":0,"relics_obtained":["jedi:arcanewood"],"max_hp_gain":0,"max_hp_loss":0,"event_name":"Big Fish","floor":3,"gold_loss":0,"cards_obtained":["Regret"]},{"damage_healed":0,"gold_gain":0,"player_choice":"Leave","damage_taken":0,"max_hp_gain":0,"max_hp_loss":0,"event_name":"The Cleric","floor":5,"gold_loss":0},{"damage_healed":0,"gold_gain":0,"player_choice":"Searched \u00273\u0027 times","damage_taken":0,"relics_obtained":["Replay:Ringing Soul"],"max_hp_gain":0,"max_hp_loss":0,"event_name":"Dead Adventurer","floor":7,"gold_loss":0},{"damage_healed":0,"gold_gain":0,"player_choice":"Got Potions","damage_taken":0,"max_hp_gain":0,"max_hp_loss":0,"event_name":"Lab","floor":11,"gold_loss":0},{"cards_removed":["jesterMod:TrickyDodge"],"damage_healed":0,"gold_gain":0,"player_choice":"Gave Card","damage_taken":0,"relics_obtained":["InkBottle"],"max_hp_gain":0,"max_hp_loss":0,"event_name":"WeMeetAgain","floor":22,"gold_loss":0}],"is_beta":false,"boss_relics":[{"not_picked":["ReplayTheSpireMod:DimensionalGlitch","vexMod:DeviousBotling"],"picked":"vexMod:MysteryBossChallenge"}],"items_purged_floors":[],"is_endless":false,"potions_floor_spawned":[2,7,20],"ascension_level":0}}