{"host":"bvr4vhlu71s3njyz","time":1610394518,"event":{"mods":["2.2 Compatiblity","AchievementEnabler","Act Like it!","Aspiration","Astrologer","Bard","BaseMod","Beaked The Cultist","Better Altar","Better Match","Better Note","Better Sensory Stone","Better Skull","Better Third Choice","CCEM","Conjunction","Downfall","Fiend Mod","Friendly Minions","Gremlin Mod","GungeonMod","Hallownest","Hermit","Hubris","Infinite Spire","Jorbs\u0027s Wanderer Trilogy","Mad Scientist","Mimic Mod","Minty Spire (QoL Compilation)","Potionbrewer","Quarter Circle Forward PUNCH!","QueenMod","Replay The Spire","Robot Space Explorer","Shade Mod","Shedinja","Slumbering Mod","StSLib","The Blackbeard","The Bladedancer","The Bug Knight","The Caster","The Clintock","The Construct","The Cursed","The Dragon Tamer","The Exalted","The Forsaken","The Hayseed","The Hierophant","The Judge","The Marked","The Mystic","The Necromancer","The Poker Player","The Runesmith","The Sage","The Showman","TheArtist","TheFirefly","TheLocksmith","Trackpad","Wandering Minibosses","thorton","vexMod"],"gold_per_floor":[110,110,110,126,126,126,51,51,96,17,17,17,32,76,76,195,195,220,220,234,247,263,263,281,281,306,322,322,335,335,351,351,471,471,471,471],"floor_reached":35,"playtime":3281,"items_purged":["ReplayTheSpireMod:Restless Dread"],"score":257,"play_id":"9734a416-f8e1-4167-8ac6-7701c31011c9","local_time":"20210111144838","is_ascension_mode":false,"campfire_choices":[{"data":"caster:SpontaneousCombustion","floor":6,"key":"SMITH"},{"data":"caster:FrostDriver","floor":11,"key":"SMITH"},{"data":"caster:Demi","floor":15,"key":"SMITH"},{"floor":23,"key":"REST"},{"data":"caster:IzanagisObdurance","floor":25,"key":"SMITH"},{"data":"caster:MagicBarrier","floor":30,"key":"SMITH"},{"data":"caster:SunGoddessAmaterasu","floor":32,"key":"SMITH"}],"circlet_count":0,"master_deck":["caster:Meteor","caster:DivertFocus","caster:strike","caster:strike+1","caster:strike","caster:strike+1","caster:defend","caster:defend","caster:defend","caster:defend","caster:defend","caster:MagicResonance","caster:SpontaneousCombustion+1","caster:Slick+1","caster:FrostDriver+1","caster:WallOfThorns","caster:PyroclasticTide","caster:Demi+1","hubris:Insight+1","caster:IzanagisObdurance+1","Deep Breath+1","caster:AshesToAshes","expansioncontent:StudyTheSpire+1","caster:Fireball","caster:SunGoddessAmaterasu+1","caster:MagicBarrier+1","caster:MegaloSpark","caster:DiablosFlame+1","caster:FlashFrost","AbeCurse","caster:Ifrit"],"relics":["caster:MagicBook","HollowMod:QueensCombRelic","Golden Idol","WarpedTongs","Whetstone","theForsaken:Kindling","CCEMRelics:FestiveHat","vexMod:DeviousBotling","PreservedInsect","infinitespire:EvilPickle","vexMod:TanglingVine"],"acts_visited":["Exordium","TheCity","TheBeyond"],"potions_floor_usage":[16,33,33],"damage_taken":[{"damage":1,"enemies":"Jaw Worm","floor":1,"turns":8},{"damage":3,"enemies":"theSlumbering:NewCultist","floor":4,"turns":4},{"damage":0,"enemies":"Cultist","floor":9,"turns":4},{"damage":0,"enemies":"Cultist","floor":13,"turns":3},{"damage":6,"enemies":"Gremlin Nob","floor":14,"turns":4},{"damage":3,"enemies":"The Guardian","floor":16,"turns":9},{"damage":0,"enemies":"Chosen","floor":18,"turns":5},{"damage":5,"enemies":"Spheric Guardian","floor":20,"turns":6},{"damage":10,"enemies":"Chosen and Byrds","floor":21,"turns":7},{"damage":31,"enemies":"Sentry and Sphere","floor":22,"turns":6},{"damage":2,"enemies":"Shelled Parasite and Fungi","floor":24,"turns":7},{"damage":6,"enemies":"Dream Cultist and Chosen","floor":27,"turns":7},{"damage":11,"enemies":"Centurion and Healer","floor":29,"turns":7},{"damage":0,"enemies":"Snecko","floor":31,"turns":7},{"damage":38,"enemies":"Pondfish","floor":33,"turns":12},{"damage":85,"enemies":"Orb Walker","floor":35,"turns":6}],"seed_played":"-2658644726939203241","potions_obtained":[{"floor":1,"key":"Adrenaline Potion"},{"floor":13,"key":"DuplicationPotion"},{"floor":14,"key":"FearPotion"},{"floor":22,"key":"DuplicationPotion"},{"floor":29,"key":"FairyPotion"},{"floor":31,"key":"Strength Potion"}],"is_trial":false,"path_per_floor":["M","?","?","M","?","R","$","?","MIM","$","R","T","M","E","R","B",null,"M","?","M","M","M","R","M","R","T","M","?","M","R","M","R","B",null,"M"],"character_chosen":"THE_CASTER","items_purchased":["caster:WallOfThorns"],"campfire_rested":1,"item_purchase_floors":[10],"current_hp_per_floor":[41,31,31,36,36,36,36,36,42,42,42,42,42,36,36,39,42,42,42,37,31,10,27,37,37,37,35,35,36,36,47,47,13,47,0,0],"gold":471,"neow_bonus":"ONE_RARE_RELIC","is_daily":false,"chose_seed":false,"campfire_upgraded":6,"win_rate":0.0,"timestamp":1610394518,"path_taken":["M","?","?","?","?","R","$","?","MIM","?","R","?","M","E","R","BOSS","M","?","M","M","M","R","M","R","T","M","?","M","R","M","R","BOSS","M"],"items_purchased_type":["Card"],"build_version":"2020-12-22","purchased_purges":1,"victory":false,"max_hp_per_floor":[42,42,42,42,42,42,42,42,42,42,42,42,42,42,42,42,42,42,42,42,42,42,47,47,47,47,47,47,47,47,47,47,47,47,47,47],"card_choices":[{"not_picked":["caster:Sandstorm","caster:Fireball"],"picked":"caster:MagicResonance","floor":1},{"not_picked":["caster:MagicWeapon","caster:FrigidBeam"],"picked":"caster:SpontaneousCombustion","floor":4},{"not_picked":["caster:ShivasGrace","caster:FlashFrost"],"picked":"caster:FrostDriver","floor":9},{"not_picked":["caster:WallOfMirrors","caster:LightningBolt"],"picked":"caster:PyroclasticTide","floor":13},{"not_picked":["caster:FlashSpeed","caster:FireWall"],"picked":"caster:Demi","floor":14},{"not_picked":["Transmutation+1","expansioncontent:SlimeTackle+1"],"picked":"hubris:Insight+1","floor":16},{"not_picked":["caster:StormGust","caster:Ramuh"],"picked":"caster:IzanagisObdurance","floor":16},{"not_picked":["expansioncontent:Torchfire+1","expansioncontent:GoopSpray+1"],"picked":"Deep Breath+1","floor":18},{"not_picked":["caster:Embers","caster:Fireball"],"picked":"caster:AshesToAshes","floor":18},{"not_picked":["expansioncontent:Hexaburn+1","Replay:BasicMightCard+1"],"picked":"expansioncontent:StudyTheSpire+1","floor":20},{"not_picked":["caster:Conflagrate","caster:MagicWeapon"],"picked":"caster:Fireball","floor":20},{"not_picked":["caster:GlacialShield","caster:MagicBarrier"],"picked":"caster:SunGoddessAmaterasu","floor":21},{"not_picked":["caster:FrostDriver","caster:MagicWeapon"],"picked":"caster:MagicBarrier","floor":22},{"not_picked":["caster:QuickCast","caster:FrostDriver"],"picked":"caster:MegaloSpark","floor":24},{"not_picked":["caster:Barbroot","caster:Incantation+1"],"picked":"caster:DiablosFlame+1","floor":27},{"not_picked":["caster:FrigidBeam","caster:Fireball"],"picked":"caster:FlashFrost","floor":29},{"not_picked":["caster:SunGoddessAmaterasu","caster:Charge","caster:Cryogenesis+1"],"picked":"SKIP","floor":31},{"not_picked":["caster:ShortenedChant","caster:LordOfVermillion"],"picked":"caster:Ifrit","floor":33}],"player_experience":1293732,"relics_obtained":[{"floor":9,"key":"Whetstone"},{"floor":12,"key":"theForsaken:Kindling"},{"floor":14,"key":"CCEMRelics:FestiveHat"},{"floor":26,"key":"PreservedInsect"}],"event_choices":[{"damage_healed":0,"gold_gain":0,"player_choice":"Take Damage","damage_taken":10,"relics_obtained":["Golden Idol"],"max_hp_gain":0,"max_hp_loss":0,"event_name":"Golden Idol","floor":2,"gold_loss":0},{"damage_healed":0,"gold_gain":0,"player_choice":"Rummage","damage_taken":0,"relics_obtained":["WarpedTongs"],"max_hp_gain":0,"max_hp_loss":0,"event_name":"Accursed Blacksmith","floor":3,"gold_loss":0,"cards_obtained":["Pain"]},{"cards_removed":["Pain"],"damage_healed":0,"gold_gain":0,"player_choice":"Forget","damage_taken":0,"max_hp_gain":0,"max_hp_loss":0,"event_name":"Living Wall","floor":5,"gold_loss":0},{"damage_healed":0,"gold_gain":0,"player_choice":"Ignored","damage_taken":0,"max_hp_gain":0,"max_hp_loss":0,"event_name":"betterNote:BetterNote","floor":19,"gold_loss":0,"cards_obtained":["Iron Wave"]},{"damage_healed":0,"gold_gain":0,"player_choice":"Bought 0 Potions","damage_taken":0,"max_hp_gain":0,"max_hp_loss":0,"event_name":"The Woman in Blue","floor":28,"gold_loss":0}],"is_beta":false,"boss_relics":[{"not_picked":["qcfpunch:Dark_Gi","Honey Jar"],"picked":"vexMod:DeviousBotling"},{"not_picked":["aspiration:PoetsPen_weak","ReplayTheSpireMod:SealedPack"],"picked":"vexMod:TanglingVine"}],"items_purged_floors":[7],"is_endless":false,"potions_floor_spawned":[1,13,14,22,27,29,31],"killed_by":"Orb Walker","ascension_level":0}}