{"host":"i0nufhl6g9ryeroh","time":1610384497,"event":{"mods":["2.2 Compatiblity","Act Like it!","Arknights The Spire","Aspiration","Bard","BaseMod","ChefMod","Conspire","Dark Map","Dota2Spire","Downfall","Elementarium","Fox Events","Friendly Minions","GifTheSpireLib","Gremlin Mod","Halation","Hallownest","Hermit","Hubris","Infinite Spire","Jedi Mod","Jorbs\u0027s Wanderer Trilogy","Kratos Character Expansion","Lobotomy","LobotomyExtend","Minty Spire (QoL Compilation)","Mirrors Mod","Pale of the Ancients","Poem Panic","Potionbrewer","QueenMod","Relic Stats","Replay The Spire","Robot Space Explorer","SIMod","Shop Mod","StSLib","Strawberry Spire","Stuff the Spire","The Blackbeard","The Blue Laboratory","The Bug Knight","The Construct","The Cursed","The Disciple","The Dragon Tamer","The Gatherer","The Hayseed","The Judge","The Jungle","The Marked","The Runesmith","The Sage","The Servant 0.9.4","The Showman","The Trickster","TheArtist","TheBandit","TheVacant","Thieving Mod","Useless Jewels Mod","Wandering Minibosses"],"gold_per_floor":[369,369,139,189,204,204,204,261,315,315,315],"floor_reached":10,"playtime":973,"items_purged":["ats:Strike C"],"score":66,"play_id":"c609a44a-04d5-420b-a26b-2c59be1063ee","local_time":"20210111200137","is_ascension_mode":false,"campfire_choices":[{"data":"ats:Blood Oath","floor":6,"key":"SMITH"}],"circlet_count":0,"master_deck":["ats:Strike G","ats:Strike S","ats:Strike V","ats:Defend","ats:Defend","ats:Defend","ats:Defend","ats:Emotion Absorption+1","ats:Shell Defense","hubris:DuctTapeCard","ats:Volcano"],"relics":["StuffTheSpire:OccultApparatus","Dota2Spire:HandOfMidas","ats:Originium","hubris:DuctTape","ats:Berate"],"acts_visited":["Exordium"],"potions_floor_usage":[8,8],"damage_taken":[{"damage":0,"enemies":"Cultist","floor":1,"turns":4},{"damage":0,"enemies":"2 Louse","floor":4,"turns":3},{"damage":7,"enemies":"Jaw Worm","floor":5,"turns":3},{"damage":127,"enemies":"HollowMod:MossKnight","floor":8,"turns":27},{"damage":27,"enemies":"Gremlin Nob","floor":10,"turns":3}],"seed_played":"595143802082749855","potions_obtained":[{"floor":1,"key":"blueLaboratory:BottleOfRum"},{"floor":4,"key":"SteroidPotion"}],"is_trial":false,"path_per_floor":["M","?","$","M","M","R","?","E","T","E"],"character_chosen":"DOCTOR_CLASS","items_purchased":["Dota2Spire:HandOfMidas"],"campfire_rested":0,"item_purchase_floors":[3],"current_hp_per_floor":[65,65,65,65,61,61,61,10,10,0,0],"gold":315,"neow_bonus":"TWO_FIFTY_GOLD","is_daily":false,"chose_seed":false,"campfire_upgraded":1,"win_rate":0.0,"timestamp":1610384497,"path_taken":["M","?","$","M","M","R","?","E","T","E"],"items_purchased_type":["Relic"],"build_version":"2020-12-22","purchased_purges":1,"victory":false,"max_hp_per_floor":[65,65,65,65,65,65,65,65,65,65,65],"relic_stats":{"counters":[5,40],"obtain_stats":[{"StuffTheSpire:OccultApparatus":2,"Dota2Spire:HandOfMidas":3,"ats:Originium":8,"hubris:DuctTape":8,"ats:Berate":9,"ats:Sanity":0},{"StuffTheSpire:OccultApparatus":1,"Dota2Spire:HandOfMidas":1,"ats:Originium":4,"hubris:DuctTape":4,"ats:Berate":4,"ats:Sanity":0},{"StuffTheSpire:OccultApparatus":4,"Dota2Spire:HandOfMidas":4,"ats:Originium":37,"hubris:DuctTape":37,"ats:Berate":37,"ats:Sanity":0}]},"card_choices":[{"not_picked":["ats:Mental Burst","ats:Flexible Camouflage"],"picked":"ats:Blood Oath","floor":1},{"not_picked":["ats:Collapsing Strike","ats:Revitalization"],"picked":"ats:Shell Defense","floor":4},{"not_picked":["ats:Flexible Camouflage","ats:Thorns","ats:Assault Order"],"picked":"SKIP","floor":5},{"not_picked":["ats:Hook Shot","ats:Calcification"],"picked":"ats:Volcano","floor":8}],"player_experience":461525,"relics_obtained":[{"floor":8,"key":"ats:Originium"},{"floor":8,"key":"hubris:DuctTape"},{"floor":9,"key":"ats:Berate"}],"event_choices":[{"damage_healed":0,"gold_gain":0,"player_choice":"Upgraded","damage_taken":0,"max_hp_gain":0,"max_hp_loss":0,"event_name":"Upgrade Shrine","floor":7,"gold_loss":0,"cards_upgraded":["ats:Emotion Absorption"]}],"is_beta":false,"boss_relics":[],"items_purged_floors":[3],"is_endless":false,"potions_floor_spawned":[1,4],"killed_by":"Gremlin Nob","ascension_level":0}}