{"host":"9nt1zhl3k8mtcf72","time":1610333162,"event":{"mods":["Aspiration","BaseMod","BetterRewards","Conjunction","Conspire","Downfall","Energized Spire","Friendly Minions","GifTheSpireLib","Halation","HexUI Lib","Hubris","Infinite Spire","Jedi Mod","JesterMod","Mimic Mod","Minty Spire (QoL Compilation)","RatMod","Replay The Spire","Spikes Relics","StSLib","Stuff the Spire","TheArtist","Trackpad","Useless Jewels Mod","Wandering Minibosses","vexMod"],"gold_per_floor":[113,288,302,320,173,173,358,358,358,358,358,230,230,200,200,200,150,90,65,65,65,65,65,65],"floor_reached":23,"playtime":827,"items_purged":[],"score":189,"play_id":"e9028b66-bdf9-4618-81c7-eeaeaffb4aae","local_time":"20210110214602","is_ascension_mode":false,"campfire_choices":[{"floor":6,"key":"RECALL"},{"floor":15,"key":"REST"}],"circlet_count":0,"master_deck":["jesterMod:Strike","jesterMod:Strike","jesterMod:Strike","jesterMod:Strike","jesterMod:Sickle","jesterMod:Defend","jesterMod:Defend","jesterMod:Defend","jesterMod:Defend","jesterMod:Dodge","jesterMod:Taunt","Doubt","jesterMod:MudBall","jesterMod:FlameDance","jesterMod:Exasperation","Regret","jesterMod:Precipitation","jesterMod:DesperateStrike","jesterMod:SmokeScreen","jesterMod:Contradiction","jesterMod:Frustration","jesterMod:Strike","jesterMod:Hide","jesterMod:TrickyDodge","jesterMod:Inspiration+1","jesterMod:SmokeScreen+1"],"relics":["jesterMod:JesterCap","halation:PromiseList","jedi:ominousloannote","Art of War","StuffTheSpire:Barrel","hubris:AstralHammer","trackpad:ByrdBGone","energizedSpire:HugeHouse","wanderingMiniBosses:CarrionFlame","hubris:Icosahedron"],"acts_visited":["Exordium","TheCity"],"potions_floor_usage":[21,23],"damage_taken":[{"damage":0,"enemies":"2 Louse","floor":1,"turns":1},{"damage":0,"enemies":"Small Slimes","floor":3,"turns":2},{"damage":0,"enemies":"Jaw Worm","floor":4,"turns":1},{"damage":49,"enemies":"3 Sentries","floor":13,"turns":5},{"damage":5,"enemies":"Blue Slaver","floor":14,"turns":5},{"damage":24,"enemies":"The Guardian","floor":16,"turns":9},{"damage":25,"enemies":"2 Thieves","floor":18,"turns":4},{"damage":2,"enemies":"Spheric Guardian","floor":21,"turns":3},{"damage":20,"enemies":"3 Cultists","floor":22,"turns":3},{"damage":18,"enemies":"Book of Stabbing","floor":23,"turns":3}],"seed_played":"4662990188968223149","potions_obtained":[{"floor":3,"key":"BlessingOfTheForge"},{"floor":14,"key":"Elixir"},{"floor":16,"key":"Adrenaline Potion"},{"floor":18,"key":"Energy Potion"},{"floor":21,"key":"ColorlessPotion"},{"floor":22,"key":"CultistPotion"}],"is_trial":false,"path_per_floor":["M","?","M","M","$","R","$","R","T","?","?","$","E","M","R","B",null,"M","?","?","M","M","E"],"character_chosen":"THE_JESTER","items_purchased":["halation:PromiseList","jesterMod:Exasperation","jedi:ominousloannote","Art of War","jesterMod:Anticipation","jesterMod:Precipitation","jesterMod:DesperateStrike"],"campfire_rested":1,"item_purchase_floors":[5,7,7,7,12,12,12],"current_hp_per_floor":[70,70,70,70,70,70,70,70,70,70,67,67,18,13,34,10,65,40,40,40,38,18,0,0],"gold":65,"neow_bonus":"THREE_ENEMY_KILL","is_daily":false,"chose_seed":false,"campfire_upgraded":0,"win_rate":0.0,"timestamp":1610333162,"path_taken":["M","?","M","M","$","R","$","R","T","?","?","?","E","M","R","BOSS","M","?","?","M","M","E"],"items_purchased_type":["Relic","Card","Relic","Relic","Card","Card","Card"],"build_version":"2020-12-22","purchased_purges":0,"victory":false,"max_hp_per_floor":[70,70,70,70,70,70,70,70,70,70,70,70,70,70,70,70,65,65,65,65,65,65,65,65],"card_choices":[{"not_picked":["jesterMod:BouncingKnife","jesterMod:Inspiration"],"picked":"jesterMod:Taunt","floor":1},{"not_picked":["jesterMod:Precipitation","jesterMod:Procrastination"],"picked":"jesterMod:MudBall","floor":3},{"not_picked":["jesterMod:Arrythmia","jesterMod:Unleash"],"picked":"jesterMod:FlameDance","floor":4},{"not_picked":["jesterMod:Hide","jesterMod:Taunt"],"picked":"jesterMod:SmokeScreen","floor":13},{"not_picked":["jesterMod:Unleash","jesterMod:ButterKnife"],"picked":"jesterMod:Contradiction","floor":14},{"not_picked":["jesterMod:Finale","jesterMod:Juggle"],"picked":"jesterMod:Frustration","floor":16},{"not_picked":["jesterMod:Hide+1","jesterMod:SwiftDodge+1"],"picked":"jesterMod:TrickyDodge","floor":18},{"not_picked":["jesterMod:Disposophobia","jesterMod:SwiftDodge"],"picked":"jesterMod:Inspiration+1","floor":21},{"not_picked":["jesterMod:Dilapidation","jesterMod:ButterKnife+1"],"picked":"jesterMod:SmokeScreen+1","floor":22}],"player_experience":525860,"relics_obtained":[{"floor":13,"key":"trackpad:ByrdBGone"}],"event_choices":[{"damage_healed":0,"gold_gain":175,"player_choice":"AGREE","damage_taken":0,"max_hp_gain":0,"max_hp_loss":0,"event_name":"Liars Game","floor":2,"gold_loss":0,"cards_obtained":["Doubt"]},{"damage_healed":0,"gold_gain":0,"player_choice":"Box","damage_taken":0,"relics_obtained":["StuffTheSpire:Barrel"],"max_hp_gain":0,"max_hp_loss":0,"event_name":"Big Fish","floor":10,"gold_loss":0,"cards_obtained":["Regret"]},{"damage_healed":0,"gold_gain":0,"player_choice":"Success","damage_taken":3,"relics_obtained":["hubris:AstralHammer"],"max_hp_gain":0,"max_hp_loss":0,"event_name":"Scrap Ooze","floor":11,"gold_loss":0}],"is_beta":false,"boss_relics":[{"not_picked":["halation:PlatinumPhoenix","hubris:VirtuousBlindfold"],"picked":"energizedSpire:HugeHouse"}],"items_purged_floors":[],"is_endless":false,"potions_floor_spawned":[3,14,16,18,21,22],"killed_by":"Book of Stabbing","ascension_level":0}}