{"host":"m6aaltr68g9tvoay","time":1610333159,"event":{"mods":["AchievementEnabler","BaseMod","Colored Map","Downfall","Minty Spire (QoL Compilation)","StSLib"],"gold_per_floor":[99,116,129,43,43,55,55,72,83,109,109,121,46,86,99,99,99],"floor_reached":16,"playtime":1681,"items_purged":[],"score":160,"play_id":"7d8368e8-d17c-4eb2-8ac9-95eaa694b4cb","local_time":"20210110184559","is_ascension_mode":true,"campfire_choices":[{"floor":1,"key":"RECALL"},{"floor":11,"key":"REST"},{"floor":13,"key":"REST"}],"circlet_count":0,"master_deck":["sneckomod:Strike","sneckomod:Strike","sneckomod:Defend","sneckomod:Defend","sneckomod:Defend","sneckomod:TailWhip","sneckomod:SnekBite","sneckomod:Unknown","sneckomod:Unknown","sneckomod:UnknownVulnerable","sneckomod:Unknown1Cost","sneckomod:IronFang","sneckomod:SnekBeam","sneckomod:UnknownExhaust","sneckomod:UnknownWeak","sneckomod:UnknownUncommonAttack","sneckomod:UnknownClassGREEN","sneckomod:UnknownRareAttack","sneckomod:SnakeSap"],"relics":["sneckomod:SneckoSoul","Du-Vu Doll","Oddly Smooth Stone","Calipers","downfall:HeartBlessingRed","Guardian:GemstoneGun"],"acts_visited":["Exordium"],"potions_floor_usage":[8,9,14,14,16],"damage_taken":[{"damage":6,"enemies":"2 Louse","floor":2,"turns":3},{"damage":0,"enemies":"Cultist","floor":3,"turns":3},{"damage":10,"enemies":"downfall:FleeingMerchant","floor":4,"turns":4},{"damage":3,"enemies":"Jaw Worm","floor":6,"turns":4},{"damage":15,"enemies":"Exordium Thugs","floor":8,"turns":3},{"damage":20,"enemies":"Large Slime","floor":9,"turns":5},{"damage":23,"enemies":"Lagavulin","floor":10,"turns":5},{"damage":4,"enemies":"2 Fungi Beasts","floor":12,"turns":3},{"damage":22,"enemies":"3 Sentries","floor":14,"turns":6},{"damage":0,"enemies":"Blue Slaver","floor":15,"turns":2},{"damage":52,"enemies":"downfall:Silent","floor":16,"turns":6}],"seed_played":"-2674411901572996957","potions_obtained":[{"floor":2,"key":"SpeedPotion"},{"floor":6,"key":"ColorlessPotion"},{"floor":9,"key":"DuplicationPotion"},{"floor":10,"key":"ColorlessPotion"},{"floor":12,"key":"ColorlessPotion"}],"is_trial":false,"path_per_floor":["R","M","M","$","?","M","T","M","M","E","R","M","R","E","M","B"],"character_chosen":"THE_SNECKO","items_purchased":["sneckomod:SnekBeam"],"campfire_rested":2,"item_purchase_floors":[4],"current_hp_per_floor":[81,76,77,67,68,75,75,61,42,20,46,42,68,47,47,0,0],"gold":99,"neow_bonus":"ONE_RARE_RELIC","is_daily":false,"chose_seed":false,"campfire_upgraded":0,"win_rate":0.0,"timestamp":1610333159,"path_taken":["R","M","M","$","?","?","T","M","M","E","R","M","R","E","M","BOSS"],"items_purchased_type":["Card"],"build_version":"2020-12-22","purchased_purges":0,"victory":false,"max_hp_per_floor":[81,82,83,83,84,84,84,85,86,87,87,87,87,88,88,88,88],"card_choices":[{"not_picked":["sneckomod:UnknownClassGUARDIAN","sneckomod:SoulDraw"],"picked":"sneckomod:UnknownVulnerable","floor":2},{"not_picked":["sneckomod:Nope","sneckomod:SoulRoll"],"picked":"sneckomod:Unknown1Cost","floor":3},{"not_picked":["sneckomod:UnknownClassSLIMEBOUND","sneckomod:QuickMove"],"picked":"sneckomod:IronFang","floor":4},{"not_picked":["sneckomod:Nope","sneckomod:SoulDraw","sneckomod:SnekBeam"],"picked":"SKIP","floor":6},{"not_picked":["sneckomod:UnknownClassSLIMEBOUND","sneckomod:MixItUp"],"picked":"sneckomod:UnknownWeak","floor":8},{"not_picked":["sneckomod:MasterEye","sneckomod:Nope"],"picked":"sneckomod:UnknownUncommonAttack","floor":9},{"not_picked":["sneckomod:PureSnecko","sneckomod:Unknown1Cost"],"picked":"sneckomod:UnknownClassGREEN","floor":10},{"not_picked":["sneckomod:RainOfDice","sneckomod:QuickBite","sneckomod:SoulCleanse"],"picked":"SKIP","floor":12},{"not_picked":["sneckomod:UnknownX","sneckomod:DiceBlock"],"picked":"sneckomod:UnknownRareAttack","floor":14},{"not_picked":["sneckomod:UnknownVulnerable","sneckomod:UnknownUncommonAttack"],"picked":"sneckomod:SnakeSap","floor":15}],"player_experience":1753640,"relics_obtained":[{"floor":7,"key":"Oddly Smooth Stone"},{"floor":10,"key":"Calipers"},{"floor":14,"key":"Guardian:GemstoneGun"}],"event_choices":[{"damage_healed":0,"gold_gain":0,"cards_transformed":["sneckomod:Strike"],"player_choice":"Transformed","damage_taken":0,"max_hp_gain":0,"max_hp_loss":0,"event_name":"Transmorgrifier","floor":5,"gold_loss":0,"cards_obtained":["sneckomod:UnknownExhaust"]}],"is_beta":false,"boss_relics":[],"items_purged_floors":[],"is_endless":false,"potions_floor_spawned":[2,6,9,10,12],"killed_by":"downfall:Silent","ascension_level":8}}