{"host":"svwqvw2il1zfkkg0","time":1610340928,"event":{"mods":["AchievementEnabler","BaseMod","BetterRewards","Colored Map","Colored Powertips","Custom Start","Downfall","GifTheSpireLib","Highlight Path","Hubris","Infinite Spire","Minty Spire (QoL Compilation)","Quick Restart","Replay The Spire","Shop Mod","StSLib","SuperFastMode"],"gold_per_floor":[116,132,148,164,164,191,191,208,208,208,222,5,5,36,36,137,137,155,155,237,237,257,292,292,320,320,2,45,110,152,196,196,347,347,431,62,62,106,106,174,174,174,174,257,257,257,330,393,393,441],"floor_reached":51,"playtime":2027,"items_purged":["ReplayTheSpireMod:Splinters"],"score":1128,"play_id":"1fb0ccc0-95ab-42eb-a2b0-76767b2ee865","local_time":"20210110205528","is_ascension_mode":false,"campfire_choices":[{"floor":7,"key":"REST"},{"data":"A Thousand Cuts","floor":10,"key":"SMITH"},{"data":"Cloak And Dagger","floor":13,"key":"SMITH"},{"data":"Glass Knife","floor":15,"key":"SMITH"},{"floor":24,"key":"REST"},{"data":"Cloak And Dagger","floor":32,"key":"SMITH"},{"floor":41,"key":"REST"},{"floor":46,"key":"REST"},{"floor":49,"key":"REST"}],"circlet_count":0,"master_deck":["Strike_G","Strike_G","Strike_G","Strike_G","Defend_G","Defend_G","Defend_G","Defend_G","Defend_G","Survivor","Neutralize","A Thousand Cuts+1","Sucker Punch","Slice","Dagger Spray","Dagger Spray","Poisoned Stab","Dagger Spray","Cloak And Dagger+1","Glass Knife+1","Venomology","hubris:Counter+1","Accuracy","Cloak And Dagger+1","Slice","Dash","Dagger Spray+1","Die Die Die","Cloak And Dagger","Blade Dance+1","Deflect","Backstab","Cloak And Dagger","Doubt","Blade Dance"],"relics":["Ring of the Serpent","Blood Vial","hubris:FunFungus","Orrery","Happy Flower","hubris:CrackedHourglass","Pen Nib","Anchor","Replay:Bandana","hubris:GlazedTorus","hubris:CrystalStatue","Meat on the Bone","infinitespire:EvilPickle","Replay:Grab Bag","Cursed Key","ChewingGum","Mummified Hand","Bottled Flame","SacredBark","Vajra","hubris:Towel","Kunai","Omamori","ReplayTheSpireMod:TigerMarble"],"acts_visited":["Exordium","TheCity","TheBeyond"],"potions_floor_usage":[6,6,11,14,14,16,23,23,23,25,25,28,29,30,31,33,33,33,33,40,40,47,47,50,50,50],"damage_taken":[{"damage":1,"enemies":"2 Louse","floor":1,"turns":4},{"damage":1,"enemies":"Cultist","floor":2,"turns":4},{"damage":9,"enemies":"Small Slimes","floor":3,"turns":4},{"damage":4,"enemies":"2 Fungi Beasts","floor":4,"turns":4},{"damage":13,"enemies":"Gremlin Nob","floor":6,"turns":4},{"damage":0,"enemies":"Large Slime","floor":8,"turns":4},{"damage":5,"enemies":"Looter","floor":11,"turns":4},{"damage":4,"enemies":"3 Sentries","floor":14,"turns":3},{"damage":38,"enemies":"Hexaghost","floor":16,"turns":10},{"damage":1,"enemies":"3 Byrds","floor":18,"turns":3},{"damage":1,"enemies":"Chosen","floor":22,"turns":3},{"damage":18,"enemies":"Slavers","floor":23,"turns":4},{"damage":15,"enemies":"Book of Stabbing","floor":25,"turns":4},{"damage":3,"enemies":"Sentry and Sphere","floor":28,"turns":3},{"damage":0,"enemies":"Replay:Snechameleon","floor":29,"turns":5},{"damage":0,"enemies":"Chosen and Byrds","floor":30,"turns":3},{"damage":0,"enemies":"Cultist and Chosen","floor":31,"turns":4},{"damage":34,"enemies":"Pondfish","floor":33,"turns":9},{"damage":23,"enemies":"3 Shapes","floor":35,"turns":2},{"damage":0,"enemies":"Orb Walker","floor":38,"turns":2},{"damage":15,"enemies":"R_Hoarder","floor":40,"turns":4},{"damage":24,"enemies":"Reptomancer","floor":44,"turns":4},{"damage":15,"enemies":"Nemesis","floor":47,"turns":6},{"damage":6,"enemies":"Transient","floor":48,"turns":5},{"damage":7,"enemies":"Donu and Deca","floor":50,"turns":5}],"seed_played":"26085067063175697","potions_obtained":[{"floor":2,"key":"LiquidMemories"},{"floor":4,"key":"EssenceOfSteel"},{"floor":6,"key":"sneckomod:MuddlingPotion"},{"floor":8,"key":"PowerPotion"},{"floor":14,"key":"SteroidPotion"},{"floor":16,"key":"PowerPotion"},{"floor":20,"key":"Regen Potion"},{"floor":23,"key":"Adrenaline Potion"},{"floor":29,"key":"Weak Potion"},{"floor":30,"key":"Block Potion"},{"floor":44,"key":"Flashbang"},{"floor":47,"key":"SkillPotion"}],"is_trial":false,"path_per_floor":["M","M","M","M","?","E","R","M","T","R","M","$","R","E","R","B",null,"M","?","?","?","M","E","R","E","T","$","M","E","M","M","R","B",null,"M","$","?","M","AVR","E","R","?","T","E","?","R","E","M","R","B",null],"character_chosen":"THE_SILENT","items_purchased":["Orrery","DistilledChaos","hubris:CrystalStatue","Slice","SpeedPotion","Blade Dance+1","Mummified Hand"],"campfire_rested":5,"item_purchase_floors":[12,12,27,27,27,36,36],"current_hp_per_floor":[69,68,59,55,55,42,63,65,65,65,62,62,62,60,60,26,70,69,56,56,56,57,53,75,60,60,60,59,63,65,69,69,42,75,52,52,52,55,55,45,67,67,67,48,48,70,60,59,75,69],"gold":441,"neow_bonus":"ONE_RANDOM_RARE_CARD","is_daily":false,"chose_seed":false,"campfire_upgraded":4,"win_rate":0.0,"timestamp":1610340928,"path_taken":["M","M","M","M","?","E","R","M","T","R","M","$","R","E","R","BOSS","M","?","?","?","?","E","R","E","T","$","M","E","M","M","R","BOSS","M","$","?","?","AVR","E","R","?","T","E","?","R","E","M","R","BOSS"],"items_purchased_type":["Relic","Potion","Relic","Card","Potion","Card","Relic"],"build_version":"2020-12-22","purchased_purges":1,"victory":true,"max_hp_per_floor":[70,70,70,70,70,70,70,70,70,70,70,70,70,70,70,70,70,70,75,75,75,75,75,75,75,75,75,75,75,75,75,75,75,75,75,75,75,75,75,75,75,75,75,75,75,75,75,75,75,75],"card_choices":[{"not_picked":["Distraction","Riddle With Holes"],"picked":"Sucker Punch","floor":1},{"not_picked":["Bane","Acrobatics"],"picked":"Slice","floor":2},{"not_picked":["Catalyst","Fluid Movement"],"picked":"Dagger Spray","floor":3},{"not_picked":["Dagger Throw","Hidden Blade"],"picked":"Dagger Spray","floor":4},{"not_picked":["ReplayTheSpireMod:Speed Training","Concentrate"],"picked":"Poisoned Stab","floor":6},{"not_picked":["Catalyst","Riddle With Holes"],"picked":"Dagger Spray","floor":8},{"not_picked":["Blur","Atom Bomb"],"picked":"Cloak And Dagger","floor":11},{"not_picked":["Poisoned Stab","hubris:SlightOfHand"],"picked":"Glass Knife","floor":12},{"not_picked":["Well Laid Plans","Eviscerate","Replay:Poison Smokescreen"],"picked":"SKIP","floor":14},{"not_picked":["Atom Bomb","Night Terror"],"picked":"Venomology","floor":16},{"not_picked":["Dagger Throw","Underhanded Strike+1"],"picked":"hubris:Counter+1","floor":18},{"not_picked":["ReplayTheSpireMod:Scrap Shanks","Underhanded Strike"],"picked":"Accuracy","floor":20},{"not_picked":["Poisoned Stab","ReplayTheSpireMod:From All Sides"],"picked":"Cloak And Dagger","floor":22},{"not_picked":["Backflip+1","Outmaneuver","Poisoned Stab"],"picked":"SKIP","floor":23},{"not_picked":["Underhanded Strike","Deadly Poison","Fluid Movement+1"],"picked":"SKIP","floor":25},{"not_picked":["Storm of Steel","Dagger Throw"],"picked":"Dash","floor":28},{"not_picked":["ReplayTheSpireMod:Tripwire","Grand Finale","Flechettes"],"picked":"SKIP","floor":29},{"not_picked":["Fluid Movement","hubris:SlightOfHand","Backflip"],"picked":"SKIP","floor":30},{"not_picked":["Backflip+1","Poisoned Stab"],"picked":"Dagger Spray+1","floor":31},{"not_picked":["infinitespire:Neurotoxin","Corpse Explosion"],"picked":"Die Die Die","floor":33},{"not_picked":["Prepared+1","Flying Knee"],"picked":"Cloak And Dagger","floor":35},{"not_picked":["Bane+1","Dodge and Roll"],"picked":"Backstab","floor":38},{"not_picked":["Crippling Poison+1","Endless Agony"],"picked":"Cloak And Dagger","floor":40},{"not_picked":["ReplayTheSpireMod:Necrosis","Backflip","Acrobatics+1"],"picked":"SKIP","floor":44},{"not_picked":["Catalyst","Deflect","PiercingWail"],"picked":"SKIP","floor":47},{"not_picked":["PiercingWail","Backflip"],"picked":"Blade Dance","floor":48}],"player_experience":473076,"relics_obtained":[{"floor":6,"key":"Blood Vial"},{"floor":9,"key":"hubris:FunFungus"},{"floor":14,"key":"Happy Flower"},{"floor":23,"key":"Anchor"},{"floor":25,"key":"Replay:Bandana"},{"floor":26,"key":"hubris:GlazedTorus"},{"floor":29,"key":"Meat on the Bone"},{"floor":40,"key":"Vajra"},{"floor":43,"key":"Kunai"},{"floor":44,"key":"Omamori"},{"floor":47,"key":"ReplayTheSpireMod:TigerMarble"}],"event_choices":[{"damage_healed":0,"gold_gain":0,"player_choice":"Ignored","damage_taken":0,"max_hp_gain":0,"max_hp_loss":0,"event_name":"Purifier","floor":5,"gold_loss":0},{"damage_healed":0,"gold_gain":0,"player_choice":"Shed Blood","damage_taken":18,"max_hp_gain":5,"max_hp_loss":0,"event_name":"Forgotten Altar","floor":19,"gold_loss":0},{"damage_healed":0,"gold_gain":0,"cards_transformed":["Strike_G"],"player_choice":"Transformed","damage_taken":0,"max_hp_gain":0,"max_hp_loss":0,"event_name":"Transmorgrifier","floor":37,"gold_loss":0,"cards_obtained":["Deflect"]},{"damage_healed":0,"gold_gain":0,"player_choice":"Memory 1","damage_taken":0,"max_hp_gain":0,"max_hp_loss":0,"event_name":"SensoryStone","floor":45,"gold_loss":0}],"is_beta":false,"boss_relics":[{"not_picked":["Honey Jar","Replay:Bronze Core"],"picked":"hubris:CrackedHourglass"},{"not_picked":["hubris:HollowSoul","Painkiller Herb"],"picked":"Replay:Grab Bag"},{"not_picked":["hubris:GrandSneckoEye","Philosopher\u0027s Stone"],"picked":"Cursed Key"},{"not_picked":["hubris:VirtuousBlindfold","Runic Dome"],"picked":"ChewingGum"},{"not_picked":["Astrolabe","Replay:Drink Me"],"picked":"Ring of the Serpent"}],"items_purged_floors":[36],"is_endless":false,"potions_floor_spawned":[2,4,6,8,14,16,22,23,29,30,44,47,48],"ascension_level":0}}