{"host":"dwyzfvnzfcqffr30","time":1610332543,"event":{"mods":["2.2 Compatiblity","Act Like it!","BaseMod","Beaked The Cultist","Better Altar","Better Match","Better Note","Better Sensory Stone","Better Skull","Better Third Choice","Clockwork Mod","Colored Map","Colored Powertips","Conspire","Downfall","Elementarium","GifTheSpireLib","Halation","Hermit","Hubris","Infinite Spire","Ironclad Rager","Jedi Mod","Menagerie","Mimic Mod","Minty Spire (QoL Compilation)","Permanent Neow","Random Character Button","Replay The Spire","Spicy Shops","Spikes Relics","StSLib","Stuff the Spire","The Construct","The Disciple","The Druid","The Marked","TheFirefly","Trackpad","vexMod"],"gold_per_floor":[115,134,134,150,170,170,189,189,189,224,224,254,29,40,40,116,116,133,8,19,19,34,34,48,61,88,101,114,144,144,175,175,250,250,260,260,270,270,284,210,210,210],"floor_reached":41,"playtime":5681,"items_purged":["Strike_B+1","Strike_B+1","Strike_B+1"],"score":836,"play_id":"1208c760-48a3-47f4-9695-de72cb8ab457","local_time":"20210110183543","is_ascension_mode":true,"campfire_choices":[{"floor":6,"key":"REST"},{"floor":15,"key":"REST"},{"floor":23,"key":"RECALL"},{"floor":32,"key":"REST"}],"circlet_count":0,"master_deck":["AscendersBane","Defend_B+1","Defend_B+1","Defend_B+2","Zap+1","Dualcast+1","Amplify+2","jedi:meditation+2","MasterReality+1","Apotheosis+1","BasicCrystalCard+1","Crystallizer+1","Leap+1","StuffTheSpire:Plugnplay+1","Defragment+1","Chaos+1","DiskWipe+1","ReplayTheSpireMod:Calculation Training+1","Leap+1","StuffTheSpire:Synthwave+1","jedi:overflow+1","Redo+1","jedi:meditation+1","RefreshScreen+1"],"relics":["Cracked Core","Frozen Egg 2","Toxic Egg 2","Molten Egg 2","Quantum Egg","conspire:InfiniteJournal","Bottled Tornado","halation:EternalFortune","White Beast Statue","Gremlin Food","Rawhide","hubris:Backtick","Solar Panel","infinitespire:Freezer","Akabeko","construct:BoolHorns","vexMod:BerryBomb","Elementarium:ElementariumTrophy","Empty Cage","beaked:BlessedCoat","Happy Flower"],"acts_visited":["Exordium","Elementarium:Elementarium","TheBeyond"],"potions_floor_usage":[5,7,12,16,20,22,24,25,27,28,29,33,33,33,33,33,33,35,39],"damage_taken":[{"damage":0,"enemies":"Cultist","floor":1,"turns":3},{"damage":4,"enemies":"Small Slimes","floor":2,"turns":3},{"damage":15,"enemies":"2 Louse","floor":4,"turns":3},{"damage":13,"enemies":"Blue Slaver","floor":5,"turns":2},{"damage":0,"enemies":"Exordium Thugs","floor":7,"turns":5},{"damage":13,"enemies":"Gremlin Nob","floor":10,"turns":4},{"damage":15,"enemies":"Lagavulin","floor":12,"turns":6},{"damage":0,"enemies":"Fading Forest","floor":16,"turns":11},{"damage":0,"enemies":"Elementarium:Cyclone","floor":18,"turns":5},{"damage":11,"enemies":"Elementarium:MUD_AND_TAR_GOLEMS","floor":20,"turns":5},{"damage":0,"enemies":"Elementarium:STONE_GOLEMS","floor":22,"turns":2},{"damage":30,"enemies":"Elementarium:RubyGolem","floor":24,"turns":6},{"damage":6,"enemies":"Elementarium:VOID_CORRUPTION_AND_TAR_GOLEM","floor":25,"turns":5},{"damage":3,"enemies":"Elementarium:CYCLONE_AND_ORB_OF_FIRE","floor":27,"turns":8},{"damage":14,"enemies":"Elementarium:3_ELEMENTALS","floor":28,"turns":3},{"damage":13,"enemies":"Elementarium:WarGolem","floor":29,"turns":4},{"damage":0,"enemies":"Elementarium:STONE_GOLEMS","floor":31,"turns":5},{"damage":26,"enemies":"Elementarium:PHOENIXES","floor":33,"turns":7},{"damage":11,"enemies":"3 Shapes","floor":35,"turns":4},{"damage":20,"enemies":"Orb Walker","floor":37,"turns":4},{"damage":75,"enemies":"Jaw Worm Horde","floor":39,"turns":8},{"damage":66,"enemies":"Giant Head","floor":41,"turns":8}],"seed_played":"6902207842584544663","potions_obtained":[{"floor":1,"key":"champ:CounterPotion"},{"floor":2,"key":"AttackPotion"},{"floor":7,"key":"Weak Potion"},{"floor":16,"key":"Explosive Potion"},{"floor":18,"key":"Fire Potion"},{"floor":20,"key":"jedi:StrikingPotion"},{"floor":22,"key":"jedi:holywater"},{"floor":24,"key":"Energy Potion"},{"floor":27,"key":"Slimebound:ThreeZeroPotion"},{"floor":28,"key":"champ:CounterPotion"},{"floor":29,"key":"Weak Potion"},{"floor":31,"key":"PowerPotion"},{"floor":33,"key":"ColorlessPotion"},{"floor":37,"key":"PowerPotion"},{"floor":39,"key":"jedi:wingpotion"}],"is_trial":false,"path_per_floor":["M","M","?","M","M","R","M","?","T","E","?","E","$","$","R","B",null,"M","$","M","?","M","R","M","M","T","M","M","E","?","MIM","R","B",null,"M","?","M","?","M","$","E"],"character_chosen":"DEFECT","items_purchased":["DiskWipe+1","ReplayTheSpireMod:Calculation Training+1","Rawhide","ColorlessPotion","Happy Flower"],"campfire_rested":3,"item_purchase_floors":[13,13,14,14,40],"current_hp_per_floor":[64,60,60,45,32,53,53,56,56,43,28,13,13,13,35,43,66,70,70,63,48,54,54,28,26,26,27,17,6,6,16,40,22,66,57,57,47,47,16,16,0,0],"gold":210,"neow_bonus":"ONE_RANDOM_RARE_CARD","is_daily":false,"chose_seed":false,"campfire_upgraded":0,"win_rate":0.0,"timestamp":1610332543,"path_taken":["M","M","?","?","M","R","M","?","T","E","?","E","?","$","R","BOSS","M","$","M","?","?","R","M","M","T","M","M","E","?","?","R","BOSS","M","?","?","?","M","$","E"],"items_purchased_type":["Card","Card","Relic","Potion","Relic"],"build_version":"2020-12-22","purchased_purges":3,"victory":false,"max_hp_per_floor":[71,71,71,71,71,71,71,74,74,74,74,74,74,74,74,74,74,74,74,74,74,74,74,74,74,74,74,74,74,74,80,80,80,80,80,60,63,63,63,63,63,63],"card_choices":[{"not_picked":["jedi:blockon+1","Storm+1"],"picked":"BasicCrystalCard+1","floor":1},{"not_picked":["Gash+1","Redo+1"],"picked":"Crystallizer+1","floor":2},{"not_picked":["StuffTheSpire:Plugnplay+1","Ball Lightning+1"],"picked":"Leap+1","floor":4},{"not_picked":["Leap+1","Rebound+1","StuffTheSpire:Plugnplay+1"],"picked":"SKIP","floor":5},{"not_picked":["Time Bomb+1","Ball Lightning+1"],"picked":"StuffTheSpire:Plugnplay+1","floor":7},{"not_picked":["Go for the Eyes+1","Turbo+1"],"picked":"Defragment+1","floor":10},{"not_picked":["Turbo+1","Coolheaded+1"],"picked":"Chaos+1","floor":12},{"not_picked":["ReplayTheSpireMod:Dual Polarity+1","ReplayTheSpireMod:Repulse+1"],"picked":"Leap+1","floor":18},{"not_picked":["Go for the Eyes+1","Redo+1"],"picked":"StuffTheSpire:Synthwave+1","floor":20},{"not_picked":["jedi:gatheringstorm+1","Panic Button+1"],"picked":"jedi:overflow+1","floor":22},{"not_picked":["Gash+1","Ball Lightning+1","Beam Cell+1"],"picked":"SKIP","floor":24},{"not_picked":["Ball Lightning+1","Steam+1"],"picked":"Redo+1","floor":25},{"not_picked":["Turbo+1","Buffer+1","Cold Snap+1"],"picked":"SKIP","floor":27},{"not_picked":["Turbo+1","Buffer+1","Cold Snap+1"],"picked":"SKIP","floor":27},{"not_picked":["Ball Lightning+1","Beam Cell+1","Hologram+1"],"picked":"SKIP","floor":28},{"not_picked":["Barrage+1","Skim+1","Steam+1"],"picked":"SKIP","floor":29},{"not_picked":["Buffer+1","jedi:gatheringstorm+1"],"picked":"jedi:meditation+1","floor":33},{"not_picked":["Stack+1","StuffTheSpire:LoadUp+1","Blizzard+1"],"picked":"SKIP","floor":35},{"not_picked":["Rebound+1","Scrape+1","Gash+1"],"picked":"SKIP","floor":37},{"not_picked":["jedi:BurstLightning+1","ReplaySort+1"],"picked":"RefreshScreen+1","floor":39}],"player_experience":2698047,"relics_obtained":[{"floor":10,"key":"White Beast Statue"},{"floor":12,"key":"Gremlin Food"},{"floor":26,"key":"Akabeko"},{"floor":29,"key":"construct:BoolHorns"},{"floor":31,"key":"vexMod:BerryBomb"},{"floor":37,"key":"halation:EternalFortune"}],"event_choices":[{"damage_healed":0,"gold_gain":0,"player_choice":"Simplicity","damage_taken":0,"max_hp_gain":0,"max_hp_loss":8,"event_name":"betterThird:BetterWriting","floor":0,"gold_loss":0},{"damage_healed":0,"gold_gain":0,"player_choice":"Forge","damage_taken":0,"max_hp_gain":0,"max_hp_loss":0,"event_name":"Accursed Blacksmith","floor":3,"gold_loss":0,"cards_upgraded":["jedi:meditation"]},{"damage_healed":43,"gold_gain":0,"player_choice":"Upgrade","damage_taken":15,"max_hp_gain":0,"max_hp_loss":74,"event_name":"betterThird:BetterShining","floor":11,"gold_loss":0,"cards_upgraded":[]},{"damage_healed":0,"gold_gain":0,"player_choice":"RE ","damage_taken":17,"relics_obtained":["infinitespire:Freezer"],"max_hp_gain":0,"max_hp_loss":0,"event_name":"betterSkull:BetterSkull","floor":21,"gold_loss":0,"cards_upgraded":[]}],"is_beta":false,"boss_relics":[{"not_picked":["halation:PinkAlligatorPlush","trackpad:StolenKidneys"],"picked":"hubris:Backtick"},{"not_picked":["halation:CatFaceCupcake","hubris:BlackHole"],"picked":"Empty Cage"}],"items_purged_floors":[13,14,19],"is_endless":false,"potions_floor_spawned":[1,2,7,12,16,18,20,22,24,25,27,28,29,31,33,35,37,39],"killed_by":"Giant Head","ascension_level":14}}