{"host":"b0l902yh1rk3g5bq","time":1610361546,"event":{"mods":["AchievementEnabler","Act Like it!","Aspiration","BaseMod","Better Match","Better Sensory Stone","Better Skull","Better Third Choice","BetterRewards","Challenge The Spire","Colored Map","Colored Powertips","Conspire","Downfall","Energized Spire","GifTheSpireLib","Halation","Hubris","Infinite Spire","Minty Spire (QoL Compilation)","Quick Restart","Rare Cards Sparkle","Replay The Spire","StSLib","Stuff the Spire","Trackpad","Virulent Crown","Wandering Minibosses","egg","everything is the same but u backflip on backflip","vexMod"],"gold_per_floor":[112,112,145,145,145,145,177,210,237,272,302,331,331,363,363,468,468,488,488,407,440,365,365,391,424,424],"floor_reached":25,"playtime":740,"items_purged":["Deadly Poison"],"score":395,"play_id":"d11a5fa5-d2e2-4711-a825-75a653212e89","local_time":"20210111113906","daily_mods":["Draft","Heirloom","Flight","downfall:Lament","DeadlyEvents","Elite Swarm"],"is_ascension_mode":true,"campfire_choices":[{"floor":6,"key":"REST"},{"floor":13,"key":"REST"},{"floor":15,"key":"REST"},{"data":"Noxious Fumes","floor":23,"key":"SMITH"}],"circlet_count":0,"master_deck":["Backflip","Cloak And Dagger","Deadly Poison","Fluid Movement","Noxious Fumes","StuffTheSpire:DoubleShiv","StuffTheSpire:Sprint","Poisoned Stab","Dodge and Roll","Noxious Fumes+1","infinitespire:Neurotoxin","Corpse Explosion","Adrenaline","hubris:Despair","After Image"],"relics":["Ring of the Snake","NeowsBlessing","aspiration:HatOfInfinitePower","infinitespire:Lucky Rock","infinitespire:Golems Mask","Vajra","Snake Skull","PreservedInsect","trackpad:ToughGloves","trackpad:BottledTsunami","hubris:OldNail","Ninja Scroll","hubris:GlazedTorus","infinitespire:EmpoweringShard","BranchBurnRelic","conspire:SpecialSausage","Kintsugi","VirulentCrownMod:VirulentCrown","Replay:Mystery Machine","Mercury Hourglass"],"acts_visited":["Exordium","TheCity"],"potions_floor_usage":[11,16],"damage_taken":[{"damage":0,"enemies":"2 Louse","floor":1,"turns":1},{"damage":0,"enemies":"conspire:MimicChest","floor":3,"turns":1},{"damage":0,"enemies":"3 Sentries","floor":7,"turns":1},{"damage":14,"enemies":"Gremlin Nob","floor":8,"turns":3},{"damage":18,"enemies":"Lagavulin","floor":10,"turns":5},{"damage":0,"enemies":"Gremlin Nob","floor":11,"turns":2},{"damage":0,"enemies":"3 Sentries","floor":12,"turns":2},{"damage":4,"enemies":"Lagavulin","floor":14,"turns":3},{"damage":13,"enemies":"Hexaghost","floor":16,"turns":6},{"damage":2,"enemies":"Chosen","floor":18,"turns":3},{"damage":4,"enemies":"Spheric Guardian","floor":20,"turns":3},{"damage":15,"enemies":"Book of Stabbing","floor":21,"turns":4},{"damage":12,"enemies":"Slavers","floor":24,"turns":2},{"damage":3,"enemies":"Book of Stabbing","floor":25,"turns":4}],"seed_played":"1056712541370412685","potions_obtained":[{"floor":7,"key":"Fire Potion"},{"floor":14,"key":"Energy Potion"},{"floor":16,"key":"LifebloodPotion"},{"floor":18,"key":"Weak Potion"},{"floor":21,"key":"BlessingOfTheForge"}],"is_trial":true,"path_per_floor":["M","?","?","$","?","R","E","E","T","E","E","E","R","E","R","B",null,"M","AVR","M","E","$","R","E","E"],"character_chosen":"THE_SILENT","items_purchased":["Snake Skull","PreservedInsect"],"campfire_rested":3,"item_purchase_floors":[4,4],"current_hp_per_floor":[70,48,48,28,21,42,42,28,28,10,10,10,31,27,48,50,70,68,68,64,49,49,49,46,43,43],"gold":424,"neow_bonus":"","is_daily":false,"chose_seed":false,"campfire_upgraded":1,"win_rate":0.0,"timestamp":1610361546,"path_taken":["M","?","?","?","?","R","E","E","T","E","E","?","R","E","R","BOSS","M","AVR","?","?","$","R","E","E"],"items_purchased_type":["Relic","Relic"],"build_version":"2020-12-22","purchased_purges":1,"victory":false,"max_hp_per_floor":[70,70,70,70,70,70,70,70,70,70,70,70,70,70,70,70,70,70,70,70,70,70,70,70,70,70],"card_choices":[{"not_picked":["StuffTheSpire:Python","Finisher"],"picked":"Deadly Poison","floor":0},{"not_picked":["hubris:Sniper","PiercingWail"],"picked":"Flechettes","floor":0},{"not_picked":["Draining Mist","Poisoned Stab"],"picked":"Backflip","floor":0},{"not_picked":["Skewer","StuffTheSpire:Injection"],"picked":"Heel Hook","floor":0},{"not_picked":["Hidden Blade","Acrobatics"],"picked":"Cloak And Dagger","floor":0},{"not_picked":["Sneak Up","Outmaneuver"],"picked":"Deadly Poison","floor":0},{"not_picked":["StuffTheSpire:Shiver","StuffTheSpire:Python"],"picked":"Deadly Poison","floor":0},{"not_picked":["Eviscerate","Dash"],"picked":"Fluid Movement","floor":0},{"not_picked":["Outmaneuver","Blade Dance"],"picked":"Deadly Poison","floor":0},{"not_picked":["Bane","Slice"],"picked":"Noxious Fumes","floor":0},{"not_picked":["Endless Agony","Heel Hook"],"picked":"StuffTheSpire:DoubleShiv","floor":0},{"not_picked":["Concentrate","StuffTheSpire:Injection"],"picked":"Slice","floor":0},{"not_picked":["Bane","Deadly Poison"],"picked":"StuffTheSpire:Sprint","floor":0},{"not_picked":["StuffTheSpire:Fury","Dagger Throw"],"picked":"Poisoned Stab","floor":0},{"not_picked":["Outmaneuver","ReplayTheSpireMod:Tripwire"],"picked":"Dagger Spray","floor":0},{"not_picked":["Tactician","Backstab"],"picked":"Dodge and Roll","floor":1},{"not_picked":["Backflip","Acrobatics"],"picked":"Noxious Fumes","floor":3},{"not_picked":["Glass Knife","Grand Finale","Storm of Steel"],"picked":"SKIP","floor":7},{"not_picked":["Replay:Bag of Tricks","Burst"],"picked":"infinitespire:Neurotoxin","floor":8},{"not_picked":["Bullet Time","aspiration:Lunge","Atom Bomb"],"picked":"SKIP","floor":10},{"not_picked":["Wraith Form v2","Burst"],"picked":"Corpse Explosion","floor":11},{"not_picked":["Storm of Steel","Malaise"],"picked":"Adrenaline","floor":12},{"not_picked":["Wraith Form v2","Corpse Explosion","Doppelganger"],"picked":"SKIP","floor":14},{"not_picked":["Predator","StuffTheSpire:MirrorStance","Flying Knee"],"picked":"SKIP","floor":18},{"not_picked":["Hidden Blade","hubris:Counter+1","StuffTheSpire:Sprint"],"picked":"SKIP","floor":20},{"not_picked":["Venomology","Tools of the Trade","infinitespire:Neurotoxin"],"picked":"SKIP","floor":21},{"not_picked":["infinitespire:Neurotoxin","StuffTheSpire:FinalStruggle"],"picked":"After Image","floor":24}],"player_experience":638767,"relics_obtained":[{"floor":3,"key":"Vajra"},{"floor":7,"key":"trackpad:ToughGloves"},{"floor":8,"key":"trackpad:BottledTsunami"},{"floor":9,"key":"hubris:OldNail"},{"floor":10,"key":"Dead Branch"},{"floor":11,"key":"Ninja Scroll"},{"floor":12,"key":"hubris:GlazedTorus"},{"floor":14,"key":"infinitespire:EmpoweringShard"},{"floor":21,"key":"VirulentCrownMod:VirulentCrown"},{"floor":24,"key":"Replay:Mystery Machine"},{"floor":25,"key":"Mercury Hourglass"}],"event_choices":[{"damage_healed":0,"gold_gain":1,"player_choice":"Relic Relic ","damage_taken":22,"max_hp_gain":0,"max_hp_loss":0,"event_name":"betterThird:BetterScrap","floor":2,"gold_loss":0,"cards_obtained":["StuffTheSpire:TitanForm"]},{"cards_removed":["Flechettes"],"damage_healed":0,"gold_gain":0,"player_choice":"Card Removal","damage_taken":7,"max_hp_gain":0,"max_hp_loss":0,"event_name":"Golden Wing","floor":5,"gold_loss":0}],"is_beta":false,"boss_relics":[{"not_picked":["aspiration:PoetsPen_weak","Ectoplasm"],"picked":"conspire:SpecialSausage"}],"items_purged_floors":[22],"is_endless":false,"potions_floor_spawned":[7,8,14,16,18,21],"killed_by":"Book of Stabbing","ascension_level":1}}