{"host":"dk10vuzdqf3wivcv","time":1610400135,"event":{"mods":["Aspiration","Astrologer","BaseMod","Colored Map","Conspire","Downfall","Friendly Minions","Hermit","Hubris","Infinite Spire","Minty Spire (QoL Compilation)","Replay The Spire","StSLib","SuperFastMode","Td1madao Mod","The Animator","The Gatherer","The Jungle","The Marked","The Servant 0.9.4"],"gold_per_floor":[110,122,122,134,134,134,134,134,171,189,189,221,221],"floor_reached":12,"playtime":587,"items_purged":[],"score":88,"play_id":"876da841-856e-48b2-8f88-ec6f8aa164ca","local_time":"20210111222215","is_ascension_mode":false,"campfire_choices":[{"floor":8,"key":"RECALL"}],"circlet_count":0,"master_deck":["animator:Strike_MadokaMagica","animator:Defend_MadokaMagica","animator:Strike","animator:Strike","animator:Strike","animator:Defend","animator:Defend","animator:Defend","animator:IrohaTamaki","animator:YuiTsuruno","animator:GazelDwargon","animator:NagisaMomoe","animator:SuzuneAmano"],"relics":["animator:LivingPicture","animator:TheMissingPiece","animator:PurgingStone","aspiration:Nostalgia","m_GuardianBlood","hubris:Towel","Onion Ring","Strawberry"],"acts_visited":["Exordium"],"potions_floor_usage":[9],"damage_taken":[{"damage":1,"enemies":"Cultist","floor":1,"turns":4},{"damage":0,"enemies":"2 Louse","floor":2,"turns":5},{"damage":19,"enemies":"Jaw Worm","floor":4,"turns":4},{"damage":28,"enemies":"Gremlin Nob","floor":9,"turns":6},{"damage":5,"enemies":"Looter","floor":10,"turns":3},{"damage":44,"enemies":"Lagavulin","floor":12,"turns":9}],"seed_played":"1702416293040409731","potions_obtained":[{"floor":4,"key":"Regen Potion"},{"floor":12,"key":"Ancient Potion"}],"is_trial":false,"path_per_floor":["M","M","?","M","PTL","PTL","?","R","E","M","T","E"],"character_chosen":"THE_ANIMATOR","items_purchased":[],"campfire_rested":0,"item_purchase_floors":[],"current_hp_per_floor":[66,66,66,53,53,53,53,53,45,47,47,16,16],"gold":221,"neow_bonus":"NOSTALGIA","is_daily":false,"chose_seed":false,"campfire_upgraded":0,"win_rate":0.0,"timestamp":1610400135,"path_taken":["M","?","?","M","PTL","PTL","?","R","E","M","T","E"],"items_purchased_type":[],"build_version":"2020-12-22","purchased_purges":0,"victory":false,"max_hp_per_floor":[66,66,66,66,66,66,66,66,66,67,67,74,74],"card_choices":[{"not_picked":["animator:Kazuma","animator:Entoma","Flex"],"picked":"SKIP","floor":1},{"not_picked":["animator:Chris","animator:RoryMercury","animator:Elsword"],"picked":"SKIP","floor":2},{"not_picked":["animator:Benimaru","animator:DwarfShaman"],"picked":"animator:GazelDwargon","floor":4},{"not_picked":["Massacre","animator:Aqua"],"picked":"animator:NagisaMomoe","floor":9},{"not_picked":["animator:Darkness","animator:Millim"],"picked":"animator:SuzuneAmano","floor":10}],"player_experience":167930,"relics_obtained":[{"floor":9,"key":"Onion Ring"},{"floor":12,"key":"Strawberry"}],"event_choices":[],"is_beta":false,"boss_relics":[],"items_purged_floors":[],"is_endless":false,"potions_floor_spawned":[4,12],"killed_by":"Lagavulin","ascension_level":0}}