{"host":"840yoaz69lavfcgt","time":1610350852,"event":{"mods":["BaseMod","Colored Powertips","DeckTracker","Highlight Path","Minty Spire (QoL Compilation)","Synergy Search"],"gold_per_floor":[110,110,130,206,220,220,247,267,316,316,35,35,35,91,91,191,191,202,202,202,477,487,487,517,517,544,578,578,589,199,2,2,100,100,111,127,127,37,37,37,69,85,85,85,111,111,130,180,180,180,180],"floor_reached":50,"playtime":3452,"items_purged":[],"score":627,"play_id":"280a64c6-8db6-48ef-83de-36309cb9875d","local_time":"20210111024052","is_ascension_mode":false,"campfire_choices":[{"data":"Eruption","floor":6.0,"key":"SMITH"},{"floor":10,"key":"REST"},{"floor":12,"key":"REST"},{"floor":15,"key":"REST"},{"floor":23,"key":"REST"},{"floor":25,"key":"REST"},{"floor":32,"key":"REST"},{"data":"SandsOfTime","floor":40,"key":"SMITH"},{"floor":46,"key":"REST"},{"data":"BattleHymn","floor":49,"key":"SMITH"}],"circlet_count":0,"master_deck":["Defend_P","Defend_P","Defend_P","Defend_P","Eruption+1","Vigilance","PathToVictory+1","CarveReality","Prostrate","SandsOfTime+1","TalkToTheHand+1","Evaluate","Alpha","SandsOfTime","Bite","Bite","Bite","Bite","Bite","PathToVictory","Wallop+1","Brilliance","JustLucky","Wallop","DeceiveReality","Enlightenment","BattleHymn+1","Consecrate","EmptyBody","ClearTheMind","Alpha","WaveOfTheHand+1","Wallop+1","Discovery","ReachHeaven+1","Wallop","Good Instincts","Doubt","SandsOfTime","PathToVictory+1"],"relics":["HolyWater","Omamori","Sundial","Singing Bowl","Juzu Bracelet","Ancient Tea Set","Centennial Puzzle","Bronze Scales","Akabeko","Bottled Lightning","Pen Nib","Cursed Key","Blood Vial","Question Card","Happy Flower","Unceasing Top"],"acts_visited":["Exordium","TheCity","TheBeyond"],"potions_floor_usage":[24,27,33,50,50],"damage_taken":[{"damage":3.0,"enemies":"2 Louse","floor":1.0,"turns":3.0},{"damage":1.0,"enemies":"Jaw Worm","floor":3.0,"turns":3.0},{"damage":5.0,"enemies":"Small Slimes","floor":5.0,"turns":2.0},{"damage":33.0,"enemies":"Lagavulin","floor":7.0,"turns":6.0},{"damage":22,"enemies":"Gremlin Gang","floor":8,"turns":3},{"damage":6,"enemies":"Gremlin Nob","floor":14,"turns":3},{"damage":32,"enemies":"Hexaghost","floor":16,"turns":7},{"damage":24,"enemies":"Chosen","floor":18,"turns":7},{"damage":22,"enemies":"Shell Parasite","floor":22,"turns":4},{"damage":30,"enemies":"Book of Stabbing","floor":24,"turns":5},{"damage":37,"enemies":"Gremlin Leader","floor":27,"turns":5},{"damage":8,"enemies":"Chosen and Byrds","floor":29,"turns":4},{"damage":24,"enemies":"Collector","floor":33,"turns":7},{"damage":8,"enemies":"Orb Walker","floor":35,"turns":3},{"damage":39,"enemies":"3 Darklings","floor":36,"turns":6},{"damage":36,"enemies":"Giant Head","floor":41,"turns":7},{"damage":6,"enemies":"4 Shapes","floor":42,"turns":4},{"damage":10,"enemies":"Transient","floor":47,"turns":5},{"damage":0,"enemies":"Mind Bloom Boss Battle","floor":48,"turns":7},{"damage":61,"enemies":"Awakened One","floor":50,"turns":6}],"seed_played":"-6375518611457309900","potions_obtained":[{"floor":7.0,"key":"DuplicationPotion"},{"floor":8,"key":"StancePotion"},{"floor":18,"key":"Block Potion"},{"floor":27,"key":"Energy Potion"},{"floor":33,"key":"Dexterity Potion"},{"floor":47,"key":"Fire Potion"},{"floor":48,"key":"Regen Potion"}],"is_trial":false,"path_per_floor":["M","?","M","T","M","R","E","M","T","R","$","R","$","?","R","B",null,"M","?","?","?","M","R","E","R","T","E","?","M","$","$","R","B",null,"M","M","?","$","?","R","E","M","T","?","T","R","M","?","R","B"],"character_chosen":"WATCHER","items_purchased":["Ancient Tea Set","Devotion","Explosive Potion","Wallop","DeceiveReality","Pen Nib","Enlightenment","BattleHymn","Consecrate","EmptyBody","ClearTheMind","Discovery"],"campfire_rested":7,"item_purchase_floors":[11,11,11,30,30,30,30,31,31,31,31,38],"current_hp_per_floor":[69,69,68,68,63,63,30,8,8,29,29,50,50,44,65,33,72,48,72,50,50,32,47,24,39,39,12,12,12,12,12,27,9,50,46,15,15,15,44,44,12,16,16,16,16,29,25,35,35,0,0],"gold":180,"neow_bonus":"RANDOM_COMMON_RELIC","is_daily":false,"chose_seed":false,"campfire_upgraded":3,"win_rate":0.0,"timestamp":1610350852,"path_taken":["M","?","M","?","M","R","E","M","T","R","$","R","?","?","R","BOSS","M","?","?","?","M","R","E","R","T","E","?","M","?","$","R","BOSS","M","M","?","$","?","R","E","M","T","?","?","R","M","?","R","BOSS"],"items_purchased_type":["Relic","Card","Potion","Card","Card","Relic","Card","Card","Card","Card","Card","Card"],"build_version":"2020-12-22","purchased_purges":0,"victory":false,"max_hp_per_floor":[72,72,72,72,72,72,72,72,72,72,72,72,72,72,72,72,72,72,72,50,50,50,50,50,50,50,50,50,50,50,50,50,50,50,50,50,50,50,44,44,44,44,44,44,44,44,44,44,44,44,44],"card_choices":[{"not_picked":["EmptyBody","CrushJoints"],"picked":"PathToVictory","floor":1.0},{"not_picked":["Perseverance","EmptyFist"],"picked":"CarveReality","floor":3.0},{"not_picked":["Wireheading","EmptyFist"],"picked":"Prostrate","floor":5.0},{"not_picked":["Worship","CutThroughFate"],"picked":"SandsOfTime","floor":7.0},{"not_picked":["JustLucky","Protect"],"picked":"TalkToTheHand","floor":8},{"not_picked":["BowlingBash","Study"],"picked":"Evaluate","floor":14},{"not_picked":["Scrawl","Blasphemy"],"picked":"Alpha","floor":16},{"not_picked":["Indignation","JustLucky"],"picked":"SandsOfTime","floor":18},{"not_picked":["Tantrum","CrushJoints+1"],"picked":"PathToVictory","floor":22},{"not_picked":["Tantrum","FearNoEvil"],"picked":"Wallop+1","floor":24},{"not_picked":["FollowUp","ClearTheMind"],"picked":"Brilliance","floor":27},{"not_picked":["Tantrum","BowlingBash"],"picked":"JustLucky","floor":29},{"not_picked":["Wish","Devotion"],"picked":"Alpha","floor":33},{"not_picked":["DeceiveReality","FollowUp+1"],"picked":"WaveOfTheHand+1","floor":35},{"not_picked":["Vengeance","SashWhip"],"picked":"Wallop+1","floor":36},{"not_picked":["Consecrate","Vault"],"picked":"ReachHeaven+1","floor":41},{"not_picked":["Consecrate","InnerPeace"],"picked":"Wallop","floor":42},{"not_picked":["Impatience","Enlightenment","Violence"],"picked":"Good Instincts","floor":44},{"not_picked":["Consecrate","FlurryOfBlows","Weave+1"],"picked":"SandsOfTime","floor":47},{"not_picked":["Consecrate+1","FlyingSleeves","Wireheading+1"],"picked":"PathToVictory+1","floor":48}],"player_experience":172942,"relics_obtained":[{"floor":4.0,"key":"Sundial"},{"floor":7.0,"key":"Singing Bowl"},{"floor":9,"key":"Juzu Bracelet"},{"floor":24,"key":"Bronze Scales"},{"floor":26,"key":"Akabeko"},{"floor":27,"key":"Bottled Lightning"},{"floor":41,"key":"Blood Vial"},{"floor":43,"key":"Question Card"},{"floor":45,"key":"Happy Flower"},{"floor":48,"key":"Unceasing Top"}],"event_choices":[{"damage_healed":0.0,"max_hp_gain":0.0,"max_hp_loss":0.0,"gold_gain":0.0,"event_name":"Living Wall","player_choice":"Grow","floor":2.0,"gold_loss":0.0,"damage_taken":0.0,"cards_upgraded":["PathToVictory"]},{"damage_healed":0,"gold_gain":0,"player_choice":"Searched \u00273\u0027 times","damage_taken":0,"relics_obtained":["Centennial Puzzle"],"max_hp_gain":0,"max_hp_loss":0,"event_name":"Dead Adventurer","floor":14,"gold_loss":0},{"damage_healed":24,"gold_gain":0,"player_choice":"Heal","damage_taken":0,"max_hp_gain":0,"max_hp_loss":0,"event_name":"The Library","floor":19,"gold_loss":0},{"damage_healed":0,"gold_gain":0,"player_choice":"Became a vampire","damage_taken":0,"max_hp_gain":0,"max_hp_loss":22,"event_name":"Vampires","floor":20,"gold_loss":0,"cards_obtained":["Bite","Bite","Bite","Bite","Bite"]},{"damage_healed":0,"gold_gain":275,"player_choice":"Desecrate","damage_taken":0,"max_hp_gain":0,"max_hp_loss":0,"event_name":"Golden Shrine","floor":21,"gold_loss":0,"cards_obtained":["Regret"]},{"damage_healed":0,"gold_gain":0,"player_choice":"Forge","damage_taken":0,"max_hp_gain":0,"max_hp_loss":0,"event_name":"Accursed Blacksmith","floor":28,"gold_loss":0,"cards_upgraded":["TalkToTheHand"]},{"cards_removed":["Devotion"],"damage_healed":0,"gold_gain":0,"player_choice":"Removed Power","damage_taken":0,"max_hp_gain":0,"max_hp_loss":0,"event_name":"Falling","floor":37,"gold_loss":0},{"damage_healed":44,"gold_gain":0,"player_choice":"Heal","damage_taken":0,"max_hp_gain":0,"max_hp_loss":6,"event_name":"The Moai Head","floor":39,"gold_loss":0},{"damage_healed":0,"gold_gain":0,"player_choice":"Memory 1","damage_taken":0,"max_hp_gain":0,"max_hp_loss":0,"event_name":"SensoryStone","floor":44,"gold_loss":0},{"damage_healed":0,"gold_gain":0,"player_choice":"Fight","damage_taken":0,"max_hp_gain":0,"max_hp_loss":0,"event_name":"MindBloom","floor":48,"gold_loss":0}],"is_beta":false,"boss_relics":[{"not_picked":["Busted Crown","Philosopher\u0027s Stone"],"picked":"HolyWater"},{"not_picked":["Fusion Hammer","Velvet Choker"],"picked":"Cursed Key"}],"items_purged_floors":[],"is_endless":false,"potions_floor_spawned":[7,8,16,18,27,33,47,48],"killed_by":"Awakened One","ascension_level":0}}