{"host":"etdvqcaukayomjhd","time":1610355870,"event":{"mods":["AchievementEnabler","Act Like it!","BaseMod","BetterRewards","Colored Powertips","Hermit","Infinite Spire","Minty Spire (QoL Compilation)","Quick Restart","Replay The Spire","Spicy Shops","StSLib","The Animator","Waifu the Spire"],"gold_per_floor":[115,115,58,74,74,109,123,123,123,148,12,12,32,44,44,142,142,161,161,161,171,86,117,117,142,167,167,167,181,207,207,207,207,207],"floor_reached":33,"playtime":1695,"items_purged":[],"score":353,"play_id":"7d68cd00-33ac-4886-9aa3-4f174b987634","local_time":"20210111100430","is_ascension_mode":true,"campfire_choices":[{"data":"Vault","floor":8.0,"key":"SMITH"},{"floor":15.0,"key":"REST"},{"floor":24.0,"key":"REST"},{"floor":32.0,"key":"REST"}],"circlet_count":0,"master_deck":["Strike_P+1","Strike_P+1","Strike_P+1","Strike_P+1","Defend_P+1","Defend_P+1","Defend_P+1","Defend_P+1","Eruption+1","Vigilance","CutThroughFate","FearNoEvil","Vault+1","Regret","ClearTheMind","Meditate","JustLucky","EmptyMind","FollowUp","TalkToTheHand","Ragnarok","MentalFortress","FlurryOfBlows","Replay:AllIn","EmptyFist","FollowUp+1","Collect","RitualDagger"],"relics":["HolyWater","NeowsBlessing","Durian","Pen Nib","Letter Opener","Blue Doll","HornCleat","Meat on the Bone","Strawberry","Nunchaku","Quantum Egg"],"acts_visited":["Exordium","TheCity"],"potions_floor_usage":[33],"damage_taken":[{"damage":0.0,"enemies":"Cultist","floor":1.0,"turns":1.0},{"damage":0.0,"enemies":"Small Slimes","floor":4.0,"turns":1.0},{"damage":0.0,"enemies":"Gremlin Nob","floor":6.0,"turns":1.0},{"damage":3.0,"enemies":"2 Louse","floor":7.0,"turns":4.0},{"damage":51.0,"enemies":"Lagavulin","floor":10.0,"turns":9.0},{"damage":4.0,"enemies":"Looter","floor":13.0,"turns":3.0},{"damage":6.0,"enemies":"Large Slime","floor":14.0,"turns":5.0},{"damage":32.0,"enemies":"Hexaghost","floor":16.0,"turns":10.0},{"damage":10.0,"enemies":"Shell Parasite","floor":18.0,"turns":6.0},{"damage":11.0,"enemies":"2 Thieves","floor":21.0,"turns":3.0},{"damage":12.0,"enemies":"Slavers","floor":23.0,"turns":5.0},{"damage":3.0,"enemies":"Replay:Snechameleon","floor":25.0,"turns":7.0},{"damage":8.0,"enemies":"Centurion and Healer","floor":29.0,"turns":4.0},{"damage":10.0,"enemies":"Slavers","floor":30.0,"turns":4.0},{"damage":136,"enemies":"LordOfAnnihilation","floor":33,"turns":8}],"seed_played":"-7525204887982417432","potions_obtained":[{"floor":2.0,"key":"Doom Potion"},{"floor":2.0,"key":"infinitespire:BlackPotion"},{"floor":2.0,"key":"BlessingOfTheForge"},{"floor":10.0,"key":"AttackPotion"},{"floor":25.0,"key":"Explosive Potion"}],"is_trial":false,"path_per_floor":["M","?","$","M","?","E","M","R","T","E","$","?","M","M","R","B",null,"M","?","?","M","?","E","R","E","T","?","?","M","E","?","R","B"],"character_chosen":"WATCHER","items_purchased":["FearNoEvil","EmptyMind"],"campfire_rested":3,"item_purchase_floors":[3,11],"current_hp_per_floor":[72,72,72,72,77,77,74,74,74,23,23,23,19,13,36,4,77,67,67,67,56,56,44,67,71,71,71,71,63,53,47,72,0,0],"gold":207,"neow_bonus":"THREE_ENEMY_KILL","is_daily":false,"chose_seed":false,"campfire_upgraded":1,"win_rate":0.0,"timestamp":1610355870,"path_taken":["M","?","?","?","?","E","M","R","T","E","$","?","?","M","R","BOSS","M","?","?","M","?","E","R","E","T","?","?","M","E","?","R","BOSS"],"items_purchased_type":["Card","Card"],"build_version":"2020-12-22","purchased_purges":0,"victory":false,"max_hp_per_floor":[72,72,72,72,77,77,77,77,77,77,77,77,77,77,77,77,77,77,77,77,77,77,77,77,84,84,84,84,84,84,84,84,84,84],"card_choices":[{"not_picked":["Evaluate","JustLucky"],"picked":"CutThroughFate","floor":1.0},{"not_picked":["FlyingSleeves","FearNoEvil"],"picked":"Vault","floor":4.0},{"not_picked":["Replay:ManipulateFuture","Halt"],"picked":"ClearTheMind","floor":6.0},{"not_picked":["Evaluate","Halt"],"picked":"Meditate","floor":7.0},{"not_picked":["BowlingBash","PathToVictory"],"picked":"JustLucky","floor":10.0},{"not_picked":["Crescendo","LikeWater"],"picked":"FollowUp","floor":13.0},{"not_picked":["BowlingBash","Prostrate"],"picked":"TalkToTheHand","floor":14.0},{"not_picked":["Vault","Establishment"],"picked":"Ragnarok","floor":16.0},{"not_picked":["Conclude","Pray"],"picked":"MentalFortress","floor":18.0},{"not_picked":["EmptyBody","Replay:Vibes"],"picked":"FlurryOfBlows","floor":21.0},{"not_picked":["EmptyMind+1","FearNoEvil+1"],"picked":"Replay:AllIn","floor":23.0},{"not_picked":["BattleHymn","Worship+1"],"picked":"EmptyFist","floor":25.0},{"not_picked":["Replay:Hum","Wireheading+1"],"picked":"FollowUp+1","floor":29.0},{"not_picked":["Replay:BluntJabs","Consecrate"],"picked":"Collect","floor":30.0}],"player_experience":352084,"relics_obtained":[{"floor":6.0,"key":"Pen Nib"},{"floor":9.0,"key":"Letter Opener"},{"floor":10.0,"key":"Blue Doll"},{"floor":23.0,"key":"Meat on the Bone"},{"floor":25.0,"key":"Strawberry"},{"floor":26.0,"key":"Nunchaku"},{"floor":30.0,"key":"Quantum Egg"}],"event_choices":[{"damage_healed":0.0,"max_hp_gain":0.0,"max_hp_loss":0.0,"gold_gain":0.0,"event_name":"Lab","player_choice":"Got Potions","floor":2.0,"gold_loss":0.0,"damage_taken":0.0},{"damage_healed":0.0,"max_hp_gain":0.0,"max_hp_loss":0.0,"gold_gain":0.0,"event_name":"Big Fish","player_choice":"Box","floor":5.0,"gold_loss":0.0,"damage_taken":0.0,"relics_obtained":["Durian"],"cards_obtained":["Regret"]},{"damage_healed":0.0,"max_hp_gain":0.0,"max_hp_loss":0.0,"gold_gain":0.0,"event_name":"Accursed Blacksmith","player_choice":"Forge","floor":12.0,"gold_loss":0.0,"damage_taken":0.0,"cards_upgraded":["Eruption"]},{"damage_healed":0.0,"max_hp_gain":0.0,"max_hp_loss":0.0,"gold_gain":0.0,"event_name":"Back to Basics","player_choice":"Simplicity","floor":19.0,"gold_loss":0.0,"damage_taken":0.0,"cards_upgraded":["Strike_P","Strike_P","Strike_P","Strike_P","Defend_P","Defend_P","Defend_P","Defend_P"]},{"damage_healed":0.0,"max_hp_gain":0.0,"max_hp_loss":0.0,"gold_gain":0.0,"event_name":"Beggar","player_choice":"Ignored","floor":20.0,"gold_loss":0.0,"damage_taken":0.0},{"damage_healed":0.0,"max_hp_gain":0.0,"max_hp_loss":0.0,"gold_gain":0.0,"event_name":"Addict","player_choice":"Obtained Relic","floor":22.0,"gold_loss":85.0,"damage_taken":0.0,"relics_obtained":["HornCleat"]},{"damage_healed":0.0,"max_hp_gain":0.0,"max_hp_loss":0.0,"gold_gain":0.0,"event_name":"The Mausoleum","player_choice":"Ignored","floor":27.0,"gold_loss":0.0,"damage_taken":0.0},{"damage_healed":0.0,"max_hp_gain":0.0,"max_hp_loss":0.0,"gold_gain":0.0,"event_name":"Nest","player_choice":"Joined the Cult","floor":31.0,"gold_loss":0.0,"damage_taken":6.0,"cards_obtained":["RitualDagger"]}],"is_beta":false,"boss_relics":[{"not_picked":["Coffee Dripper","Replay:Drink Me"],"picked":"HolyWater"}],"items_purged_floors":[],"is_endless":false,"potions_floor_spawned":[4,6,10,16,18,25],"killed_by":"LordOfAnnihilation","ascension_level":1}}