{"host":"a0paspe0zwqgzttz","time":1610405455,"event":{"mods":["AchievementEnabler","Act Like it!","BaseMod","BetterRewards","Colored Powertips","Conspire","Downfall","GifTheSpireLib","Hermit","Highlight Path","Lobotomy","Mad Scientist","Marisa????????","Minty Spire (QoL Compilation)","Quick Restart","Replay The Spire","Robot Space Explorer","Shop Mod","StSLib","SuperFastMode","The Bug Knight","The Construct","The Cursed","The Hierophant","The Jungle","The Mystic","The Necromancer","The Runesmith","The Senshi","The Servant 0.9.4"],"gold_per_floor":[111,123,298,298,308,308,334,234,284,284,309,309],"floor_reached":11,"playtime":765,"items_purged":[],"score":78,"play_id":"e1542984-ebc1-442f-8dfe-53e7b7d0ff42","local_time":"20210111175055","is_ascension_mode":true,"campfire_choices":[{"data":"hermit:Snapshot","floor":6,"key":"SMITH"},{"floor":10,"key":"REST"}],"circlet_count":0,"master_deck":["hermit:Strike_Hermit","hermit:Strike_Hermit","hermit:Strike_Hermit","hermit:Strike_Hermit","hermit:Defend_Hermit+1","hermit:Defend_Hermit","hermit:Defend_Hermit","hermit:Defend_Hermit","hermit:Snapshot+1","hermit:Covet+1","BeautyBeast","hermit:SprayPray","CrumblingArmor","hermit:LowProfile","Doubt","Spreading Infection","hermit:Dive+1","DreamingCurrent","hermit:SprayPray","conspire:SpireCoStock","conspire:SpireCoStock"],"relics":["hermit:Momento","CogitoBucket","Ring of Panic","Ring of Fury","War Paint","Gremlin Food"],"acts_visited":["Exordium"],"potions_floor_usage":[11],"damage_taken":[{"damage":2,"enemies":"2 Louse","floor":1,"turns":4},{"damage":0,"enemies":"Small Slimes","floor":2,"turns":3},{"damage":2,"enemies":"Cultist","floor":5,"turns":3},{"damage":48,"enemies":"HollowMod:MossKnight","floor":7,"turns":9},{"damage":73,"enemies":"Gremlin Nob","floor":11,"turns":4}],"seed_played":"-5902296779865503341","potions_obtained":[{"floor":5,"key":"EssenceOfSteel"}],"is_trial":false,"path_per_floor":["M","M","?","?","M","R","E","?","T","R","E"],"character_chosen":"HERMIT","items_purchased":[],"campfire_rested":1,"item_purchase_floors":[],"current_hp_per_floor":[73,73,73,73,71,71,23,23,23,45,0,0],"gold":309,"neow_bonus":"","is_daily":false,"chose_seed":false,"campfire_upgraded":1,"win_rate":0.0,"timestamp":1610405455,"path_taken":["M","M","?","?","M","R","E","?","T","R","E"],"items_purchased_type":[],"build_version":"2020-12-22","purchased_purges":0,"victory":false,"max_hp_per_floor":[75,75,75,75,75,75,75,75,75,75,75,75],"card_choices":[{"not_picked":["OldLady","Porccubus"],"picked":"BeautyBeast","floor":1},{"not_picked":["hermit:HoleUp","hermit:Feint"],"picked":"hermit:SprayPray","floor":1},{"not_picked":["Alriune","ShyLook"],"picked":"CrumblingArmor","floor":2},{"not_picked":["hermit:Snipe","hermit:CalledShot"],"picked":"hermit:LowProfile","floor":2},{"not_picked":["hermit:TakeCover","hermit:CalledShot"],"picked":"hermit:Dive","floor":5},{"not_picked":["DreamingCurrent","OldLady","CherryBlossoms"],"picked":"Singing Bowl","floor":5},{"not_picked":["PunishingBird","Murderer","LittleHelper"],"picked":"Singing Bowl","floor":7},{"not_picked":["MHz","Laetitia"],"picked":"DreamingCurrent","floor":7},{"not_picked":["hermit:PistolWhip","hermit:Malice"],"picked":"hermit:SprayPray","floor":7}],"player_experience":485056,"relics_obtained":[{"floor":4,"key":"Ring of Panic"},{"floor":4,"key":"Ring of Fury"},{"floor":7,"key":"War Paint"},{"floor":9,"key":"Gremlin Food"}],"event_choices":[{"damage_healed":0,"gold_gain":175,"player_choice":"AGREE","damage_taken":0,"max_hp_gain":0,"max_hp_loss":0,"event_name":"Liars Game","floor":3,"gold_loss":0,"cards_obtained":["Doubt"]},{"damage_healed":0,"gold_gain":0,"player_choice":"Invest 2","damage_taken":0,"max_hp_gain":0,"max_hp_loss":0,"event_name":"conspire:Investor","floor":8,"gold_loss":0}],"is_beta":false,"boss_relics":[],"items_purged_floors":[],"is_endless":false,"potions_floor_spawned":[5],"killed_by":"Gremlin Nob","ascension_level":2}}