{"host":"dn025qx6yu0j7rqc","time":1610352119,"event":{"mods":["BaseMod","Colored Map","Minty Spire (QoL Compilation)","Relic Stats","StSLib"],"gold_per_floor":[119,119,136,136,61,97,115,156,236,69,105,105,118,161,161,250,250,266,292,306,107,0,38,52,52,52,90,90,121,46,46,46,137,137,162,175,206,206,206,206,237,253,253,267,267,267],"floor_reached":45,"playtime":3064,"items_purged":["Strike_B"],"score":1254,"play_id":"713b7245-1690-411c-9628-cc52abf0daa9","local_time":"20210111000159","is_ascension_mode":true,"campfire_choices":[{"data":"White Noise","floor":12.0,"key":"SMITH"},{"data":"Go for the Eyes","floor":15.0,"key":"SMITH"},{"data":"Storm","floor":25.0,"key":"SMITH"},{"data":"Biased Cognition","floor":28.0,"key":"SMITH"},{"data":"Amplify","floor":32.0,"key":"SMITH"},{"data":"Aggregate","floor":40.0,"key":"SMITH"}],"circlet_count":0,"master_deck":["AscendersBane","Strike_B+1","Defend_B","Defend_B","Defend_B","Defend_B","Hologram+1","Streamline","Glacier","White Noise+1","Go for the Eyes+1","Conserve Battery","Amplify+1","Barrage+1","Coolheaded","Storm+1","Meteor Strike","Ball Lightning","Hologram","Force Field+1","Leap","Biased Cognition+1","Ball Lightning+1","Self Repair","Thunder Strike","Doom and Gloom+1","Sunder+1","Rip and Tear+1","Aggregate+1","Coolheaded+1","Discovery"],"relics":["Cracked Core","NeowsBlessing","Golden Idol","Dead Branch","Anchor","Singing Bowl","Runic Capacitor","Whetstone","Pantograph","Velvet Choker","Happy Flower","Orrery","Ornamental Fan","Question Card","War Paint","Juzu Bracelet","Astrolabe","Thread and Needle","Blood Vial"],"acts_visited":["Exordium","TheCity","TheBeyond"],"potions_floor_usage":[],"damage_taken":[{"damage":0.0,"enemies":"Jaw Worm","floor":1.0,"turns":1.0},{"damage":0.0,"enemies":"Small Slimes","floor":3.0,"turns":1.0},{"damage":0.0,"enemies":"Lagavulin","floor":6.0,"turns":2.0},{"damage":0.0,"enemies":"Cultist","floor":7.0,"turns":3.0},{"damage":12.0,"enemies":"3 Sentries","floor":8.0,"turns":9.0},{"damage":14.0,"enemies":"Lagavulin","floor":11.0,"turns":6.0},{"damage":4.0,"enemies":"Exordium Wildlife","floor":13.0,"turns":4.0},{"damage":14.0,"enemies":"3 Sentries","floor":14.0,"turns":8.0},{"damage":0.0,"enemies":"Slime Boss","floor":16.0,"turns":7.0},{"damage":7.0,"enemies":"Chosen","floor":18.0,"turns":6.0},{"damage":11.0,"enemies":"3 Byrds","floor":20.0,"turns":5.0},{"damage":24.0,"enemies":"Gremlin Leader","floor":23.0,"turns":7.0},{"damage":2.0,"enemies":"Centurion and Healer","floor":24.0,"turns":8.0},{"damage":0.0,"enemies":"Book of Stabbing","floor":27.0,"turns":4.0},{"damage":10.0,"enemies":"Gremlin Leader","floor":29.0,"turns":3.0},{"damage":26.0,"enemies":"Collector","floor":33.0,"turns":6.0},{"damage":0.0,"enemies":"Orb Walker","floor":35.0,"turns":3.0},{"damage":0.0,"enemies":"3 Shapes","floor":36.0,"turns":3.0},{"damage":0.0,"enemies":"Mind Bloom Boss Battle","floor":37.0,"turns":5.0},{"damage":36.0,"enemies":"Reptomancer","floor":41.0,"turns":6.0},{"damage":19.0,"enemies":"Maw","floor":42.0,"turns":7.0},{"damage":17.0,"enemies":"Jaw Worm Horde","floor":44.0,"turns":3.0},{"damage":0,"enemies":"Giant Head","floor":45,"turns":5}],"seed_played":"6175437967633315916","potions_obtained":[{"floor":6.0,"key":"SteroidPotion"},{"floor":7.0,"key":"GamblersBrew"},{"floor":13.0,"key":"Block Potion"},{"floor":18.0,"key":"PowerPotion"},{"floor":23.0,"key":"PotionOfCapacity"},{"floor":35.0,"key":"SteroidPotion"},{"floor":41.0,"key":"FocusPotion"}],"is_trial":false,"path_per_floor":["M","?","M","?","$","E","M","E","T","$","E","R","M","E","R","B",null,"M","T","M","$","?","E","M","R","T","E","R","E","?","?","R","B",null,"M","M","?","?","?","R","E","M","T","M","E"],"character_chosen":"DEFECT","items_purchased":["Runic Capacitor","Storm","Orrery"],"campfire_rested":0,"item_purchase_floors":[10,21,21],"current_hp_per_floor":[64,69,69,69,69,69,69,57,57,57,45,45,43,29,29,54,68,61,61,50,50,50,28,26,26,26,26,26,16,16,16,16,22,62,64,64,77,73,67,67,40,25,25,12,14,14],"gold":267,"neow_bonus":"THREE_ENEMY_KILL","is_daily":false,"chose_seed":false,"campfire_upgraded":6,"win_rate":0.0,"timestamp":1610352119,"path_taken":["M","?","M","?","?","E","M","E","T","?","E","R","M","E","R","BOSS","M","?","M","$","?","E","M","R","T","E","R","E","?","?","R","BOSS","M","M","?","?","?","R","E","M","T","M","E"],"items_purchased_type":["Relic","Card","Relic"],"build_version":"2020-12-22","purchased_purges":1,"victory":false,"max_hp_per_floor":[71,76,76,69,69,69,69,69,69,69,71,71,73,73,73,73,73,73,73,73,73,73,75,75,75,75,75,75,75,75,75,75,75,75,77,77,77,73,77,77,79,81,81,83,83,83],"relic_stats":{"Singing Bowl":18,"Happy Flower":[21],"counters":[23,112],"Golden Idol":131,"Dead Branch":[104],"Astrolabe":["Doom and Gloom","Sunder","Rip and Tear"],"Juzu Bracelet":0,"Whetstone":["Strike_B","Strike_B"],"War Paint":["Force Field","Hologram"],"Question Card":12,"Blood Vial":6,"Ornamental Fan":[48],"Pantograph":63,"obtain_stats":[{"NeowsBlessing":0,"Singing Bowl":9,"Happy Flower":19,"Golden Idol":4,"Dead Branch":6,"Astrolabe":34,"Velvet Choker":17,"Thread and Needle":37,"Runic Capacitor":10,"Juzu Bracelet":29,"Whetstone":11,"War Paint":27,"Question Card":26,"Blood Vial":41,"Anchor":8,"Ornamental Fan":23,"Pantograph":14,"Orrery":21,"Cracked Core":0},{"NeowsBlessing":0,"Singing Bowl":5,"Happy Flower":10,"Golden Idol":2,"Dead Branch":3,"Astrolabe":16,"Velvet Choker":9,"Thread and Needle":19,"Runic Capacitor":5,"Juzu Bracelet":15,"Whetstone":6,"War Paint":14,"Question Card":13,"Blood Vial":20,"Anchor":5,"Ornamental Fan":12,"Pantograph":8,"Orrery":11,"Cracked Core":0},{"NeowsBlessing":0,"Singing Bowl":16,"Happy Flower":47,"Golden Idol":2,"Dead Branch":4,"Astrolabe":80,"Velvet Choker":41,"Thread and Needle":91,"Runic Capacitor":16,"Juzu Bracelet":74,"Whetstone":22,"War Paint":71,"Question Card":67,"Blood Vial":97,"Anchor":16,"Ornamental Fan":59,"Pantograph":34,"Orrery":52,"Cracked Core":0}]},"card_choices":[{"not_picked":["Barrage","Rebound"],"picked":"Hologram","floor":1.0},{"not_picked":["Gash","Melter"],"picked":"Streamline","floor":3.0},{"not_picked":["Conserve Battery","Consume"],"picked":"Glacier","floor":6.0},{"not_picked":["Darkness","Go for the Eyes"],"picked":"White Noise","floor":7.0},{"not_picked":["Hyperbeam","Cold Snap"],"picked":"Go for the Eyes","floor":8.0},{"not_picked":["Barrage","Gash","Darkness"],"picked":"Singing Bowl","floor":11.0},{"not_picked":["Coolheaded","Conserve Battery","Tempest"],"picked":"Singing Bowl","floor":13.0},{"not_picked":["Loop","Auto Shields"],"picked":"Conserve Battery","floor":14.0},{"not_picked":["Biased Cognition","Buffer"],"picked":"Amplify","floor":16.0},{"not_picked":["Melter","Steam+1"],"picked":"Barrage+1","floor":18.0},{"not_picked":["Conserve Battery","Compile Driver"],"picked":"Coolheaded","floor":20.0},{"not_picked":["Sweeping Beam","Turbo"],"picked":"Meteor Strike","floor":21.0},{"not_picked":["Leap","Steam"],"picked":"Ball Lightning","floor":21.0},{"not_picked":["Steam","Reinforced Body"],"picked":"Hologram","floor":21.0},{"not_picked":["Beam Cell","Tempest"],"picked":"Force Field","floor":21.0},{"not_picked":["Rebound","Gash"],"picked":"Leap","floor":21.0},{"not_picked":["Cold Snap","Tempest","Turbo"],"picked":"Singing Bowl","floor":23.0},{"not_picked":["Streamline","Stack"],"picked":"Biased Cognition","floor":24.0},{"not_picked":["Redo","Sweeping Beam","Coolheaded"],"picked":"Ball Lightning+1","floor":27.0},{"not_picked":["Rebound","Force Field","Blizzard"],"picked":"Self Repair","floor":29.0},{"not_picked":["All For One","Meteor Strike","Amplify"],"picked":"Thunder Strike","floor":33.0},{"not_picked":["Doom and Gloom+1","Leap","Scrape","Streamline"],"picked":"Singing Bowl","floor":35.0},{"not_picked":["Streamline","Reinforced Body","Biased Cognition"],"picked":"Aggregate","floor":36.0},{"not_picked":["Sweeping Beam","Compile Driver+1","Ball Lightning+1"],"picked":"Coolheaded+1","floor":37.0},{"not_picked":["Jack Of All Trades","Impatience","The Bomb"],"picked":"Discovery","floor":39.0},{"not_picked":["Trip","Finesse","HandOfGreed","Mayhem"],"picked":"Singing Bowl","floor":39.0},{"not_picked":["The Bomb","Finesse","Trip","Transmutation"],"picked":"Singing Bowl","floor":39.0},{"not_picked":["Genetic Algorithm","Cold Snap","Hyperbeam","Go for the Eyes"],"picked":"Singing Bowl","floor":41.0},{"not_picked":["Steam","Chaos","Beam Cell","Ball Lightning"],"picked":"Singing Bowl","floor":42.0},{"not_picked":["Melter","Coolheaded","Steam","Hologram"],"picked":"Singing Bowl","floor":44.0}],"player_experience":1064800,"relics_obtained":[{"floor":6.0,"key":"Dead Branch"},{"floor":8.0,"key":"Anchor"},{"floor":9.0,"key":"Singing Bowl"},{"floor":11.0,"key":"Whetstone"},{"floor":14.0,"key":"Pantograph"},{"floor":19.0,"key":"Happy Flower"},{"floor":23.0,"key":"Ornamental Fan"},{"floor":26.0,"key":"Question Card"},{"floor":27.0,"key":"War Paint"},{"floor":29.0,"key":"Juzu Bracelet"},{"floor":37.0,"key":"Thread and Needle"},{"floor":41.0,"key":"Blood Vial"}],"event_choices":[{"damage_healed":0.0,"max_hp_gain":5.0,"max_hp_loss":0.0,"gold_gain":0.0,"event_name":"Big Fish","player_choice":"Donut","floor":2.0,"gold_loss":0.0,"damage_taken":0.0},{"damage_healed":0.0,"max_hp_gain":0.0,"max_hp_loss":7.0,"gold_gain":0.0,"event_name":"Golden Idol","player_choice":"Lose Max HP","floor":4.0,"gold_loss":0.0,"damage_taken":0.0,"relics_obtained":["Golden Idol"]},{"damage_healed":0.0,"max_hp_gain":0.0,"max_hp_loss":0.0,"gold_gain":0.0,"event_name":"Masked Bandits","player_choice":"Paid Fearfully","floor":22.0,"gold_loss":107.0,"damage_taken":0.0},{"cards_removed":["Strike_B"],"damage_healed":0.0,"max_hp_gain":0.0,"max_hp_loss":0.0,"gold_gain":0.0,"event_name":"Beggar","player_choice":"Gave Gold","floor":30.0,"gold_loss":75.0,"damage_taken":0.0},{"damage_healed":0.0,"max_hp_gain":0.0,"max_hp_loss":0.0,"gold_gain":0.0,"event_name":"MindBloom","player_choice":"Fight","floor":37.0,"gold_loss":0.0,"damage_taken":0.0},{"damage_healed":0.0,"max_hp_gain":0.0,"max_hp_loss":4.0,"gold_gain":0.0,"event_name":"Winding Halls","player_choice":"Max HP","floor":38.0,"gold_loss":0.0,"damage_taken":0.0},{"damage_healed":0.0,"max_hp_gain":0.0,"max_hp_loss":0.0,"gold_gain":0.0,"event_name":"SensoryStone","player_choice":"Memory 3","floor":39.0,"gold_loss":0.0,"damage_taken":10.0}],"is_beta":false,"boss_relics":[{"not_picked":["Sozu","Inserter"],"picked":"Velvet Choker"},{"not_picked":["Black Star","Busted Crown"],"picked":"Astrolabe"}],"items_purged_floors":[5],"is_endless":false,"potions_floor_spawned":[6,7,13,14,18,23,35,41],"killed_by":"Giant Head","ascension_level":20}}