{"host":"7sni158j623xchr2","time":1610385718,"event":{"mods":["BaseMod","Colored Map","Highlight Path","Minty Spire (QoL Compilation)","Permanent Neow","Potion Indicator Mod","Rare Cards Sparkle","Relic Sorter","Relic Stats","StSLib","everything is the same but u backflip on backflip"],"gold_per_floor":[109,109,128,53,53,88,88,99,99,118,200,225,225,42,42,42,42],"floor_reached":16,"playtime":346,"items_purged":["Strike_G"],"score":266,"play_id":"40a17f74-2a22-4f36-b942-d7a74d61d1de","local_time":"20210111112158","is_ascension_mode":true,"campfire_choices":[{"data":"Glass Knife","floor":7,"key":"SMITH"},{"data":"Neutralize","floor":15,"key":"SMITH"}],"circlet_count":0,"master_deck":["AscendersBane","Strike_G","Strike_G","Strike_G+1","Strike_G","Defend_G","Defend_G","Defend_G","Defend_G","Survivor+1","Neutralize+1","Quick Slash","Backflip","Glass Knife+1","Bane","Dagger Spray","Leg Sweep","Dark Shackles"],"relics":["Ring of the Snake","NeowsBlessing","Pocketwatch","FossilizedHelix","Singing Bowl","Paper Crane","Tingsha"],"acts_visited":["Exordium"],"potions_floor_usage":[12,12],"damage_taken":[{"damage":0,"enemies":"Jaw Worm","floor":1,"turns":1},{"damage":0,"enemies":"Small Slimes","floor":3,"turns":1},{"damage":0,"enemies":"3 Sentries","floor":6,"turns":1},{"damage":0,"enemies":"2 Louse","floor":8,"turns":3},{"damage":0,"enemies":"2 Fungi Beasts","floor":10,"turns":3},{"damage":6,"enemies":"Lagavulin","floor":12,"turns":4},{"damage":28,"enemies":"The Guardian","floor":16,"turns":18}],"seed_played":"-1425650914104792404","potions_obtained":[{"floor":3,"key":"EssenceOfSteel"},{"floor":10,"key":"DistilledChaos"}],"is_trial":false,"path_per_floor":["M","?","M","?","?","E","R","M","T","M","T","E","?","$","R","B"],"character_chosen":"THE_SILENT","items_purchased":["Dark Shackles"],"campfire_rested":0,"item_purchase_floors":[14],"current_hp_per_floor":[59,64,64,64,43,43,43,43,43,43,43,37,26,26,26,0,0],"gold":42,"neow_bonus":"THREE_ENEMY_KILL","is_daily":false,"chose_seed":false,"campfire_upgraded":2,"win_rate":0.0,"timestamp":1610385718,"path_taken":["M","?","M","?","?","E","R","M","T","M","?","E","?","$","R","BOSS"],"items_purchased_type":["Card"],"build_version":"2020-12-22","purchased_purges":1,"victory":false,"max_hp_per_floor":[66,71,71,71,71,71,71,71,71,71,71,71,71,71,71,71,71],"relic_stats":{"Singing Bowl":0,"counters":[7,31],"Tingsha":[9],"obtain_stats":[{"NeowsBlessing":0,"Singing Bowl":11,"Tingsha":13,"Paper Crane":12,"FossilizedHelix":9,"Ring of the Snake":0,"Pocketwatch":6},{"NeowsBlessing":0,"Singing Bowl":5,"Tingsha":6,"Paper Crane":6,"FossilizedHelix":4,"Ring of the Snake":0,"Pocketwatch":3},{"NeowsBlessing":0,"Singing Bowl":9,"Tingsha":13,"Paper Crane":13,"FossilizedHelix":6,"Ring of the Snake":0,"Pocketwatch":3}],"Ring of the Snake":[14],"Pocketwatch":[45]},"card_choices":[{"not_picked":["Deadly Poison","Outmaneuver"],"picked":"Quick Slash","floor":1},{"not_picked":["Blade Dance","Outmaneuver"],"picked":"Backflip","floor":3},{"not_picked":["Quick Slash","Masterful Stab"],"picked":"Glass Knife","floor":6},{"not_picked":["Dagger Throw","Underhanded Strike"],"picked":"Bane","floor":8},{"not_picked":["Slice","Bane"],"picked":"Dagger Spray","floor":10},{"not_picked":["Prepared","Expertise"],"picked":"Leg Sweep","floor":12}],"player_experience":1611790,"relics_obtained":[{"floor":6,"key":"Pocketwatch"},{"floor":9,"key":"FossilizedHelix"},{"floor":11,"key":"Singing Bowl"},{"floor":12,"key":"Paper Crane"}],"event_choices":[{"damage_healed":0,"gold_gain":0,"player_choice":"Donut","damage_taken":0,"max_hp_gain":5,"max_hp_loss":0,"event_name":"Big Fish","floor":2,"gold_loss":0},{"cards_removed":["Defend_G"],"damage_healed":0,"gold_gain":0,"player_choice":"Card Removal","damage_taken":0,"max_hp_gain":0,"max_hp_loss":0,"event_name":"The Cleric","floor":4,"gold_loss":75},{"damage_healed":0,"gold_gain":0,"player_choice":"Entered Light","damage_taken":21,"max_hp_gain":0,"max_hp_loss":0,"event_name":"Shining Light","floor":5,"gold_loss":0,"cards_upgraded":["Strike_G","Survivor"]},{"damage_healed":0,"gold_gain":0,"player_choice":"Success","damage_taken":11,"relics_obtained":["Tingsha"],"max_hp_gain":0,"max_hp_loss":0,"event_name":"Scrap Ooze","floor":13,"gold_loss":0}],"is_beta":false,"boss_relics":[],"items_purged_floors":[14],"is_endless":false,"potions_floor_spawned":[3,10],"killed_by":"The Guardian","ascension_level":20}}