{"host":"1a3cjta80tad0aqj","time":1610360007,"event":{"mods":["2.2 Compatiblity","AchievementEnabler","BaseMod","Colored Map","DeckTracker","KOR Keyword Fix","Keyboard Shortcuts","Minty Spire (QoL Compilation)","Permanent Neow","Quick Restart","Random Character Button","StSLib","SuperFastMode","everything is the same but u backflip on backflip"],"gold_per_floor":[359,382,307,307,207,207,237,237,237,237,257,268,293,306,306,409,459,477,267,283,283,301,301,301,301],"floor_reached":24,"playtime":947,"items_purged":["Injury","Strike_R","Strike_R+1"],"score":194,"play_id":"9a579d2e-2d60-4de6-b7e7-859873d7c513","local_time":"20210111191327","is_ascension_mode":false,"campfire_choices":[{"data":"Bash","floor":6.0,"key":"SMITH"},{"floor":8.0,"key":"REST"},{"data":"Seeing Red","floor":15.0,"key":"SMITH"},{"data":"Purity","floor":23,"key":"SMITH"}],"circlet_count":0,"master_deck":["Strike_R","Strike_R","Strike_R","Defend_R","Defend_R","Defend_R","Bash+1","Dropkick+1","Seeing Red+1","Feed","Purity+1"],"relics":["Burning Blood","Tiny Chest","Charon\u0027s Ashes","FossilizedHelix","Dream Catcher","Tiny House"],"acts_visited":["Exordium","TheCity"],"potions_floor_usage":[22],"damage_taken":[{"damage":1.0,"enemies":"Cultist","floor":1.0,"turns":4.0},{"damage":49.0,"enemies":"Gremlin Nob","floor":7.0,"turns":5.0},{"damage":0.0,"enemies":"Small Slimes","floor":11.0,"turns":4.0},{"damage":2.0,"enemies":"Jaw Worm","floor":12.0,"turns":5.0},{"damage":1.0,"enemies":"3 Louse","floor":14.0,"turns":4.0},{"damage":66.0,"enemies":"The Guardian","floor":16.0,"turns":13.0},{"damage":0.0,"enemies":"Chosen","floor":18.0,"turns":3.0},{"damage":53.0,"enemies":"3 Byrds","floor":20.0,"turns":8.0},{"damage":49,"enemies":"3 Cultists","floor":22,"turns":7},{"damage":34,"enemies":"Book of Stabbing","floor":24,"turns":4}],"seed_played":"-7646890183832091740","potions_obtained":[{"floor":11.0,"key":"SpeedPotion"},{"floor":12.0,"key":"FairyPotion"},{"floor":17.0,"key":"DistilledChaos"},{"floor":18.0,"key":"FearPotion"},{"floor":22,"key":"Dexterity Potion"}],"is_trial":false,"path_per_floor":["M","T","$","?","$","R","E","R","T","?","M","M","T","M","R","B",null,"M","$","M","?","M","R","E"],"character_chosen":"IRONCLAD","items_purchased":["Purity"],"campfire_rested":1,"item_purchase_floors":[19],"current_hp_per_floor":[80,80,80,73,73,73,30,54,54,54,60,64,64,69,69,9,85,88,88,44,44,36,36,2,2],"gold":301,"neow_bonus":"TWO_FIFTY_GOLD","is_daily":false,"chose_seed":true,"campfire_upgraded":3,"win_rate":0.0,"timestamp":1610360007,"path_taken":["M","?","$","?","$","R","E","R","T","?","?","M","?","M","R","BOSS","M","$","M","?","M","R","E"],"items_purchased_type":["Card"],"build_version":"2020-12-22","purchased_purges":3,"victory":false,"max_hp_per_floor":[80,80,80,80,80,80,80,80,80,80,80,80,80,80,80,80,85,88,88,91,91,94,94,94,94],"card_choices":[{"not_picked":["Rage","Sentinel","True Grit"],"picked":"SKIP","floor":1.0},{"not_picked":["True Grit","Cleave"],"picked":"Dropkick","floor":7.0},{"not_picked":["Sword Boomerang","Perfected Strike","Wild Strike"],"picked":"SKIP","floor":11.0},{"not_picked":["Headbutt","Cleave"],"picked":"Seeing Red","floor":12.0},{"not_picked":["Headbutt","Rupture","Twin Strike"],"picked":"SKIP","floor":14.0},{"not_picked":["Double Tap","Impervious"],"picked":"Feed","floor":16.0},{"not_picked":["Heavy Blade","Cleave","Anger"],"picked":"SKIP","floor":18.0},{"not_picked":["Hemokinesis","Thunderclap+1","Fire Breathing+1"],"picked":"SKIP","floor":20.0},{"not_picked":["Thunderclap","Flex+1","Body Slam"],"picked":"SKIP","floor":22}],"player_experience":296080,"relics_obtained":[{"floor":2.0,"key":"Tiny Chest"},{"floor":7.0,"key":"Charon\u0027s Ashes"},{"floor":9.0,"key":"FossilizedHelix"},{"floor":13.0,"key":"Dream Catcher"}],"event_choices":[{"cards_removed":["Defend_R"],"damage_healed":0.0,"max_hp_gain":0.0,"max_hp_loss":0.0,"gold_gain":0.0,"event_name":"Golden Wing","player_choice":"Card Removal","floor":4.0,"gold_loss":0.0,"damage_taken":7.0},{"damage_healed":0.0,"max_hp_gain":0.0,"max_hp_loss":0.0,"gold_gain":0.0,"event_name":"Accursed Blacksmith","player_choice":"Forge","floor":10.0,"gold_loss":0.0,"damage_taken":0.0,"cards_upgraded":["Dropkick"]},{"damage_healed":0.0,"max_hp_gain":0.0,"max_hp_loss":0.0,"gold_gain":0.0,"event_name":"Vampires","player_choice":"Ignored","floor":21.0,"gold_loss":0.0,"damage_taken":0.0}],"is_beta":false,"boss_relics":[{"not_picked":["Snecko Eye","Runic Pyramid"],"picked":"Tiny House"}],"items_purged_floors":[3,5,19],"is_endless":false,"potions_floor_spawned":[11,12,18,22],"killed_by":"Book of Stabbing","ascension_level":0}}