{"host":"fjaupvxe7fzqrf4j","time":1610351387,"event":{"mods":["ATMod(°¢èªMod)","BaseMod","Minty Spire (QoL Compilation)","StSLib"],"gold_per_floor":[118,118,38,58,58,93,93,128,153,205,130,174,217,226,226,321,321,337,364,364,373,398,432,465,503,571,605,651,663,722,471,471,569,569,594,615,321,321,361,401,437,475,500,533,533,575,272,308,308,308,308,308,308,68,112,112],"floor_reached":57,"playtime":1351,"items_purged":["SignatureMove","FollowUp+1","BowlingBash+1","AT_OneInchPunch+1","Consecrate+1"],"score":4294,"play_id":"62c35db3-69ec-4e2f-bd2a-221c4395c20b","local_time":"20210111154947","daily_mods":["SealedDeck","Heirloom","Time Dilation","Flight","Elite Swarm"],"is_ascension_mode":true,"campfire_choices":[{"data":"AT_OneInchPunch","floor":7.0,"key":"SMITH"},{"data":"Eruption","floor":15.0,"key":"SMITH"},{"data":"Adaptation","floor":29.0,"key":"SMITH"},{"floor":32.0,"key":"REST"},{"data":"Scrawl","floor":45.0,"key":"SMITH"},{"floor":49.0,"key":"RECALL"},{"data":"DeusExMachina","floor":53.0,"key":"SMITH"}],"circlet_count":0,"master_deck":["AscendersBane","Pray+1","Crescendo+1","FearNoEvil","TalkToTheHand+1","Adaptation+1","FlurryOfBlows+1","Halt+1","Brilliance+1","Ragnarok+1","LessonLearned","Scrawl+1","Scrawl+1","Eruption+1","Necronomicurse","ClearTheMind+1","DevaForm+1","Vault+1","Tantrum+1","Omniscience","DeusExMachina+1","TalkToTheHand+1","TalkToTheHand"],"relics":["PureWater","AT_ATBox","Bird Faced Urn","Golden Idol","AT_BladeRuinedKing","Damaru","Strawberry","CeramicFish","Unceasing Top","Du-Vu Doll","Runic Pyramid","MutagenicStrength","Necronomicon","Akabeko","AT_ArchangelStaff","Orichalcum","Pear","MawBank","Lizard Tail","Kunai","AT_ChloranthyRing","VioletLotus","Bag of Marbles","Turnip","Letter Opener","AT_ImmortalShieldbow","AT_GoldPhoenixTree","Dream Catcher","Happy Flower","Art of War","DollysMirror","Singing Bowl","Bottled Lightning"],"acts_visited":["Exordium","TheCity","TheBeyond","TheEnding"],"potions_floor_usage":[56,56],"damage_taken":[{"damage":6.0,"enemies":"Jaw Worm","floor":1.0,"turns":2.0},{"damage":0.0,"enemies":"Cultist","floor":4.0,"turns":2.0},{"damage":0.0,"enemies":"3 Sentries","floor":6.0,"turns":4.0},{"damage":2.0,"enemies":"Gremlin Nob","floor":8.0,"turns":3.0},{"damage":6.0,"enemies":"3 Sentries","floor":10.0,"turns":2.0},{"damage":0.0,"enemies":"Lagavulin","floor":12.0,"turns":4.0},{"damage":0.0,"enemies":"Gremlin Nob","floor":13.0,"turns":2.0},{"damage":0.0,"enemies":"Hexaghost","floor":16.0,"turns":2.0},{"damage":0.0,"enemies":"Shell Parasite","floor":18.0,"turns":1.0},{"damage":0.0,"enemies":"2 Thieves","floor":22.0,"turns":1.0},{"damage":0.0,"enemies":"Book of Stabbing","floor":23.0,"turns":1.0},{"damage":34.0,"enemies":"Slavers","floor":24.0,"turns":3.0},{"damage":0.0,"enemies":"Gremlin Leader","floor":25.0,"turns":1.0},{"damage":10.0,"enemies":"Book of Stabbing","floor":27.0,"turns":2.0},{"damage":0.0,"enemies":"Slavers","floor":28.0,"turns":1.0},{"damage":0.0,"enemies":"Book of Stabbing","floor":30.0,"turns":1.0},{"damage":0.0,"enemies":"Automaton","floor":33.0,"turns":2.0},{"damage":0.0,"enemies":"3 Darklings","floor":35.0,"turns":1.0},{"damage":17.0,"enemies":"3 Shapes","floor":36.0,"turns":2.0},{"damage":0.0,"enemies":"Mind Bloom Boss Battle","floor":39.0,"turns":2.0},{"damage":0.0,"enemies":"Reptomancer","floor":40.0,"turns":1.0},{"damage":0.0,"enemies":"Giant Head","floor":41.0,"turns":1.0},{"damage":0.0,"enemies":"Nemesis","floor":42.0,"turns":1.0},{"damage":0.0,"enemies":"Giant Head","floor":44.0,"turns":2.0},{"damage":0.0,"enemies":"Reptomancer","floor":46.0,"turns":3.0},{"damage":0.0,"enemies":"Nemesis","floor":48.0,"turns":2.0},{"damage":0.0,"enemies":"Donu and Deca","floor":50.0,"turns":2.0},{"damage":0.0,"enemies":"Time Eater","floor":51.0,"turns":1.0},{"damage":5.0,"enemies":"Shield and Spear","floor":55.0,"turns":4.0},{"damage":36,"enemies":"The Heart","floor":56,"turns":6}],"seed_played":"-8369619622856136497","potions_obtained":[{"floor":4.0,"key":"Block Potion"},{"floor":12.0,"key":"BottledMiracle"},{"floor":13.0,"key":"LiquidMemories"},{"floor":16.0,"key":"StancePotion"},{"floor":22.0,"key":"PowerPotion"},{"floor":25.0,"key":"DuplicationPotion"}],"is_trial":true,"path_per_floor":["M","?","$","M","?","E","R","E","T","E","$","E","E","?","R","B",null,"M","T","?","?","M","E","E","E","T","E","E","R","E","$","R","B",null,"M","M","$","?","?","E","E","E","T","E","R","E","$","E","R","B","B",null,"R","$","E","B",null],"character_chosen":"WATCHER","items_purchased":["AT_OneInchPunch","AT_ChloranthyRing","Bag of Marbles","DollysMirror","TalkToTheHand"],"campfire_rested":1,"item_purchase_floors":[3,31,37,47,54],"current_hp_per_floor":[57,62,62,62,39,41,41,41,48,44,44,46,48,48,48,48,68,68,68,68,47,47,47,13,13,23,13,15,15,17,17,42,44,75,75,58,58,58,60,62,62,62,62,64,64,66,66,68,68,70,70,83,83,83,84,58],"gold":112,"neow_bonus":"","is_daily":false,"chose_seed":false,"campfire_upgraded":5,"win_rate":0.0,"timestamp":1610351387,"path_taken":["M","?","$","?","?","E","R","E","T","E","$","E","E","?","R","BOSS","M","?","?","?","?","E","E","E","T","E","E","R","E","$","R","BOSS","M","M","$","?","?","E","E","E","T","E","R","E","$","E","R","BOSS","BOSS","R","$","E","BOSS"],"items_purchased_type":["Card","Relic","Relic","Relic","Card"],"build_version":"2020-12-22","purchased_purges":5,"victory":true,"max_hp_per_floor":[68,68,68,68,68,68,68,68,75,75,75,75,75,75,75,75,75,75,75,75,75,75,75,75,75,85,85,85,85,85,85,85,85,85,85,85,85,85,85,85,85,85,85,85,85,85,85,87,87,87,87,87,87,87,89,89],"card_choices":[{"not_picked":["ThirdEye","Protect","FlurryOfBlows"],"picked":"SKIP","floor":1.0},{"not_picked":["ThirdEye","Protect","FlurryOfBlows"],"picked":"SKIP","floor":1.0},{"not_picked":["ThirdEye","Protect"],"picked":"FlurryOfBlows","floor":1.0},{"not_picked":["Sanctity","FlyingSleeves"],"picked":"Halt","floor":4.0},{"not_picked":["MasterReality","Establishment"],"picked":"Brilliance","floor":6.0},{"not_picked":["MasterReality","Judgement"],"picked":"Ragnarok","floor":8.0},{"not_picked":["Scrawl","Ragnarok"],"picked":"LessonLearned","floor":10.0},{"not_picked":["AT_IrregularMenstruation","SpiritShield"],"picked":"Scrawl","floor":12.0},{"not_picked":["SpiritShield","ConjureBlade"],"picked":"Scrawl","floor":13.0},{"not_picked":["PathToVictory","FlurryOfBlows","Weave"],"picked":"SKIP","floor":18.0},{"not_picked":["Pray","Protect"],"picked":"ClearTheMind","floor":22.0},{"not_picked":["Blasphemy","AT_IrregularMenstruation","DeusExMachina"],"picked":"SKIP","floor":23.0},{"not_picked":["Judgement","AT_RealColorLess","AT_IrregularMenstruation"],"picked":"SKIP","floor":24.0},{"not_picked":["Judgement","AT_IrregularMenstruation","SpiritShield"],"picked":"SKIP","floor":25.0},{"not_picked":["ConjureBlade","Devotion","AT_ChampionKick"],"picked":"SKIP","floor":27.0},{"not_picked":["SpiritShield","Ragnarok","LessonLearned"],"picked":"SKIP","floor":28.0},{"not_picked":["AT_RealColorLess","AT_IrregularMenstruation"],"picked":"DevaForm","floor":30.0},{"not_picked":["LessonLearned","Devotion"],"picked":"Vault","floor":33.0},{"not_picked":["Protect","DeceiveReality","Evaluate+1"],"picked":"SKIP","floor":35.0},{"not_picked":["Evaluate","BowlingBash+1","Sanctity"],"picked":"SKIP","floor":36.0},{"not_picked":["Indignation","InnerPeace"],"picked":"Tantrum+1","floor":39.0},{"not_picked":["Vault","Devotion"],"picked":"Omniscience","floor":40.0},{"not_picked":["DevaForm","Establishment","Blasphemy"],"picked":"SKIP","floor":41.0},{"not_picked":["Judgement","Brilliance","Alpha"],"picked":"SKIP","floor":42.0},{"not_picked":["Brilliance","DevaForm","Scrawl"],"picked":"SKIP","floor":44.0},{"not_picked":["Brilliance","DevaForm","Scrawl"],"picked":"SKIP","floor":44.0},{"not_picked":["Establishment","AT_RealColorLess"],"picked":"DeusExMachina","floor":46.0},{"not_picked":["Ragnarok","AT_RealColorLess","Establishment"],"picked":"Singing Bowl","floor":48.0},{"not_picked":["Blasphemy","Wish","Devotion"],"picked":"Singing Bowl","floor":55.0}],"player_experience":394463,"relics_obtained":[{"floor":6.0,"key":"AT_BladeRuinedKing"},{"floor":8.0,"key":"Damaru"},{"floor":9.0,"key":"Strawberry"},{"floor":10.0,"key":"CeramicFish"},{"floor":12.0,"key":"Unceasing Top"},{"floor":13.0,"key":"Du-Vu Doll"},{"floor":21.0,"key":"Necronomicon"},{"floor":23.0,"key":"Akabeko"},{"floor":24.0,"key":"AT_ArchangelStaff"},{"floor":25.0,"key":"Orichalcum"},{"floor":26.0,"key":"Pear"},{"floor":27.0,"key":"MawBank"},{"floor":28.0,"key":"Lizard Tail"},{"floor":30.0,"key":"Kunai"},{"floor":39.0,"key":"Turnip"},{"floor":40.0,"key":"Letter Opener"},{"floor":41.0,"key":"AT_ImmortalShieldbow"},{"floor":42.0,"key":"AT_GoldPhoenixTree"},{"floor":43.0,"key":"Dream Catcher"},{"floor":44.0,"key":"Happy Flower"},{"floor":46.0,"key":"Art of War"},{"floor":48.0,"key":"Singing Bowl"},{"floor":55.0,"key":"Bottled Lightning"}],"event_choices":[{"cards_removed":["EmptyFist"],"damage_healed":5.0,"max_hp_gain":0.0,"max_hp_loss":0.0,"gold_gain":0.0,"event_name":"Bonfire Elementals","player_choice":"Offered Common","floor":2.0,"gold_loss":0.0,"damage_taken":0.0},{"cards_removed":["EmptyFist"],"damage_healed":5.0,"max_hp_gain":0.0,"max_hp_loss":0.0,"gold_gain":0.0,"event_name":"Bonfire Elementals","player_choice":"Offered Special","floor":2.0,"gold_loss":0.0,"damage_taken":0.0},{"damage_healed":0.0,"max_hp_gain":0.0,"max_hp_loss":0.0,"gold_gain":0.0,"event_name":"Golden Idol","player_choice":"Take Damage","floor":5.0,"gold_loss":0.0,"damage_taken":23.0,"relics_obtained":["Golden Idol"]},{"damage_healed":0.0,"max_hp_gain":0.0,"max_hp_loss":0.0,"gold_gain":0.0,"event_name":"Match and Keep!","player_choice":"1 cards matched","floor":14.0,"gold_loss":0.0,"damage_taken":0.0,"cards_obtained":["Eruption"]},{"damage_healed":0.0,"max_hp_gain":0.0,"max_hp_loss":0.0,"gold_gain":0.0,"event_name":"Drug Dealer","player_choice":"Inject Mutagens","floor":20.0,"gold_loss":0.0,"damage_taken":0.0,"relics_obtained":["MutagenicStrength"]},{"damage_healed":0.0,"max_hp_gain":0.0,"max_hp_loss":0.0,"gold_gain":0.0,"event_name":"Cursed Tome","player_choice":"Obtained Book","floor":21.0,"gold_loss":0.0,"damage_taken":21.0},{"damage_healed":0.0,"max_hp_gain":0.0,"max_hp_loss":0.0,"gold_gain":0.0,"event_name":"Tomb of Lord Red Mask","player_choice":"Ignored","floor":38.0,"gold_loss":0.0,"damage_taken":0.0},{"damage_healed":0.0,"max_hp_gain":0.0,"max_hp_loss":0.0,"gold_gain":0.0,"event_name":"MindBloom","player_choice":"Fight","floor":39.0,"gold_loss":0.0,"damage_taken":0.0}],"is_beta":false,"boss_relics":[{"not_picked":["Snecko Eye","Empty Cage"],"picked":"Runic Pyramid"},{"not_picked":["AT_MortalBlade","Tiny House"],"picked":"VioletLotus"}],"items_purged_floors":[11,31,37,47,54],"is_endless":false,"potions_floor_spawned":[4,12,13,16,22,25,28,30,35,40,42,46,48],"ascension_level":20}}