{"host":"fdmexzkyss3ff9bv","time":1610394838,"event":{"mods":["BaseMod","Beaked The Cultist","BetterRewards","Downfall","Glutton Mod","Halation","Hubris","Infinite Spire","Minty Spire (QoL Compilation)","Replay The Spire","StSLib","The Animator","The Blackbeard","The Bug Knight","The Construct","The Mystic","The Servant 0.9.4","The Witch"],"gold_per_floor":[113,388,398,416,433,433,450,484,509,509,417,433,247,258,258,363,363,374,386,386,386,386,386,386],"floor_reached":23,"playtime":1682,"items_purged":[],"score":193,"play_id":"dd804387-8912-46cb-b653-ce8bbdf8b672","local_time":"20210111205358","is_ascension_mode":false,"campfire_choices":[{"floor":6,"key":"REST"},{"floor":10,"key":"REST"},{"floor":15,"key":"REST"}],"circlet_count":0,"master_deck":["Strike_P","Strike_P","Strike_P","Strike_P","Defend_P","Defend_P","Defend_P","Defend_P","Eruption","Vigilance","PathToVictory","PathToVictory","SignatureMove","Regret","Replay:BluntJabs","Meditate","FollowUp","DevaForm","PathToVictory","FollowUp","Consecrate","CarveReality","Study","Blasphemy","Alpha","FlyingSleeves","BowlingBash+1","infinitespire:Oblivion"],"relics":["PureWater","Question Card","StoneCalendar","Dead Branch","hubris:TenFootPole","halation:AfternoonTea","beaked:MawFillet","halation:EternalFortune","ClockworkSouvenir","Ring of Hypnosis","ReplayTheSpireMod:Ring of Collecting"],"acts_visited":["Exordium","TheCity"],"potions_floor_usage":[7,8,8,14,19,23,23],"damage_taken":[{"damage":4,"enemies":"Cultist","floor":1,"turns":4},{"damage":10,"enemies":"Jaw Worm","floor":3,"turns":3},{"damage":5,"enemies":"Small Slimes","floor":4,"turns":3},{"damage":8,"enemies":"Exordium Wildlife","floor":5,"turns":3},{"damage":15,"enemies":"Exordium Thugs","floor":7,"turns":3},{"damage":10,"enemies":"Lagavulin","floor":8,"turns":4},{"damage":7,"enemies":"2 Fungi Beasts","floor":12,"turns":3},{"damage":9,"enemies":"Looter","floor":14,"turns":3},{"damage":34,"enemies":"Fading Forest","floor":16,"turns":11},{"damage":32,"enemies":"3 Byrds","floor":18,"turns":5},{"damage":12,"enemies":"Spheric Guardian","floor":19,"turns":3},{"damage":39,"enemies":"Book of Stabbing","floor":23,"turns":3}],"seed_played":"3429411613898360322","potions_obtained":[{"floor":1,"key":"Swift Potion"},{"floor":4,"key":"DistilledChaos"},{"floor":5,"key":"LiquidBronze"},{"floor":7,"key":"Weak Potion"},{"floor":12,"key":"FearPotion"},{"floor":16,"key":"Strength Potion"},{"floor":18,"key":"infinitespire:BlackPotion"}],"is_trial":false,"path_per_floor":["M","?","M","M","M","R","M","E","T","R","$","M","$","M","R","B",null,"M","M","?","AVR","?","E"],"character_chosen":"WATCHER","items_purchased":["Question Card","PathToVictory","Dead Branch","FollowUp","Consecrate","halation:AfternoonTea","Study"],"campfire_rested":3,"item_purchase_floors":[0,0,0,11,11,13,13],"current_hp_per_floor":[36,36,26,21,13,34,19,9,9,30,30,23,23,14,35,28,72,40,28,31,31,31,0,0],"gold":386,"neow_bonus":"","is_daily":false,"chose_seed":false,"campfire_upgraded":0,"win_rate":0.0,"timestamp":1610394838,"path_taken":["M","?","?","M","M","R","M","E","T","R","$","?","$","M","R","BOSS","M","M","?","AVR","?","E"],"items_purchased_type":["Relic","Card","Relic","Card","Card","Relic","Card"],"build_version":"2020-12-13","purchased_purges":0,"victory":false,"max_hp_per_floor":[72,72,72,72,72,72,72,72,72,72,72,72,72,72,72,72,72,72,72,75,75,75,75,75],"card_choices":[{"not_picked":["SashWhip","EmptyBody","FlyingSleeves"],"picked":"SignatureMove","floor":1},{"not_picked":["ThirdEye","Pray","Replay:Cycle"],"picked":"Replay:BluntJabs","floor":3},{"not_picked":["Replay:Hum","EmptyBody","FlyingSleeves"],"picked":"Meditate","floor":4},{"not_picked":["Replay:Battleflow","Study","EmptyFist"],"picked":"FollowUp","floor":5},{"not_picked":["Perseverance","ClearTheMind","Tantrum"],"picked":"DevaForm","floor":7},{"not_picked":["Prostrate","Pray","Swivel"],"picked":"PathToVictory","floor":8},{"not_picked":["WindmillStrike","FlurryOfBlows","Prostrate"],"picked":"CarveReality","floor":12},{"not_picked":["Replay:AtTheReady","Replay:Hum","Study"],"picked":"Blasphemy","floor":14},{"not_picked":["Brilliance","Ragnarok","LessonLearned"],"picked":"Alpha","floor":16},{"not_picked":["ClearTheMind","CutThroughFate","Wallop"],"picked":"FlyingSleeves","floor":18},{"not_picked":["Tantrum","Replay:ManipulateFuture","ThirdEye"],"picked":"BowlingBash+1","floor":19}],"player_experience":126621,"relics_obtained":[{"floor":8,"key":"hubris:TenFootPole"},{"floor":22,"key":"Ring of Hypnosis"},{"floor":22,"key":"ReplayTheSpireMod:Ring of Collecting"}],"event_choices":[{"damage_healed":0,"gold_gain":275,"player_choice":"Desecrate","damage_taken":0,"max_hp_gain":0,"max_hp_loss":0,"event_name":"Golden Shrine","floor":2,"gold_loss":0,"cards_obtained":["Regret"]}],"is_beta":false,"boss_relics":[{"not_picked":["ReplayTheSpireMod:DimensionalGlitch","Replay:Ancient Bell"],"picked":"beaked:MawFillet"}],"items_purged_floors":[],"is_endless":false,"potions_floor_spawned":[1,4,5,7,12,16,18],"killed_by":"Book of Stabbing","ascension_level":0}}