{"host":"vhvm1b4sel61ztfv","time":1610369127,"event":{"mods":["BaseMod","BetterRewards","Displayed Cursed Tome","Gold Saver","Minty Spire (QoL Compilation)","Relic Stats","StSLib"],"gold_per_floor":[150,195,549,144,201,213,306,360,372,438,450,507,594,651,663,969,981,1050,972,1038,1005,445,547,643,6,86,116,116,158,158,233,233,548,548,584,617,665,100,100,205,310,364,387,420,150,150,231,31,31,319,319,370,190,235,283,328,424,186,261,261,261,261,312,70,112,112,418,418,457,457,116,155,209,308,410,515,596,596,638,638,638,131,131,440,440,497,548,581,119,119,119,119,119,215,53,131,131,233,269,269,563,713,770,800,857,937,930,1026,1116,1116,1116,1116],"floor_reached":111,"playtime":7945,"items_purged":["Machine Learning","Streamline","Loop"],"score":4105,"play_id":"d982aab8-153d-4388-aaed-9a5506e48076","local_time":"20210111074527","daily_mods":["Draft","Vintage","Heirloom","Time Dilation","Flight","DeadlyEvents","Elite Swarm","Lethality","Midas"],"is_ascension_mode":true,"campfire_choices":[{"floor":6,"key":"REST"},{"floor":11,"key":"REST"},{"floor":15,"key":"REST"},{"floor":28,"key":"REST"},{"floor":30,"key":"DIG"},{"floor":32,"key":"REST"},{"floor":49,"key":"DIG"},{"floor":61,"key":"DIG"},{"floor":62,"key":"DIG"},{"floor":66,"key":"DIG"},{"floor":78,"key":"DIG"},{"floor":80,"key":"DIG"},{"floor":81,"key":"DIG"},{"floor":83,"key":"DIG"},{"floor":91,"key":"DIG"},{"floor":92,"key":"REST"},{"floor":97,"key":"REST"},{"floor":100,"key":"REST"}],"circlet_count":2,"master_deck":["AscendersBane","Cold Snap","Chill","Barrage","Sweeping Beam","Redo+1","Cold Snap+1","Coolheaded+1","Cold Snap","Coolheaded","Barrage+1","Storm","Loop","BootSequence+1","Core Surge","Ball Lightning+1","Defragment+1","Defragment","Electrodynamics","Storm","Echo Form","Seek","CurseOfTheBell","Static Discharge+1","Apotheosis","Seek","Capacitor+1","Capacitor+1","Consume+1","White Noise+1","Consume+1","Darkness+1"],"relics":["FrozenCore","Emotion Chip","Meat on the Bone","Toy Ornithopter","Old Coin","Pantograph","MawBank","Thread and Needle","StrikeDummy","Molten Egg 2","Centennial Puzzle","Lantern","Odd Mushroom","Bronze Scales","Inserter","Ginger","CaptainsWheel","Whetstone","DollysMirror","Tiny Chest","Shovel","Pear","Bird Faced Urn","The Courier","Oddly Smooth Stone","Peace Pipe","Orichalcum","Shuriken","Calling Bell","Strawberry","Letter Opener","FossilizedHelix","Frozen Egg 2","HornCleat","Potion Belt","Dead Branch","Mummified Hand","Singing Bowl","Pen Nib","Ancient Tea Set","Bag of Marbles","Bottled Lightning","Omamori","Cables","HandDrill","Boot","Nuclear Battery","Eternal Feather","Dream Catcher","Mercury Hourglass","Unceasing Top","Turnip","Anchor","Gremlin Horn","Nunchaku","MealTicket","War Paint","Bag of Preparation","PreservedInsect","DataDisk","Matryoshka","Runic Capacitor","Symbiotic Virus","Mango","Toxic Egg 2","Incense Burner","Vajra","Blue Candle","Blood Vial","White Beast Statue","Regal Pillow","Toolbox","Pocketwatch","SacredBark","Prayer Wheel","TungstenRod","CeramicFish","Membership Card","Bottled Tornado","Ice Cream","Torii","Circlet","Medical Kit","Tiny House","Akabeko","Happy Flower"],"acts_visited":["Exordium","TheCity","TheBeyond","Exordium","TheCity","TheBeyond","Exordium"],"potions_floor_usage":[16,16,27,33,50,50,101,101,101],"damage_taken":[{"damage":0,"enemies":"Cultist","floor":1,"turns":2},{"damage":9,"enemies":"Jaw Worm","floor":2,"turns":2},{"damage":13,"enemies":"Small Slimes","floor":3,"turns":2},{"damage":0,"enemies":"Exordium Wildlife","floor":5,"turns":2},{"damage":15,"enemies":"Gremlin Nob","floor":7,"turns":3},{"damage":0,"enemies":"Exordium Thugs","floor":8,"turns":2},{"damage":0,"enemies":"3 Louse","floor":10,"turns":2},{"damage":0,"enemies":"Red Slaver","floor":12,"turns":2},{"damage":0,"enemies":"The Mushroom Lair","floor":13,"turns":3},{"damage":0,"enemies":"Lots of Slimes","floor":14,"turns":2},{"damage":0,"enemies":"Slime Boss","floor":16,"turns":3},{"damage":20,"enemies":"2 Thieves","floor":18,"turns":3},{"damage":0,"enemies":"Spheric Guardian","floor":20,"turns":2},{"damage":0,"enemies":"Gremlin Leader","floor":23,"turns":5},{"damage":10,"enemies":"Book of Stabbing","floor":24,"turns":3},{"damage":19,"enemies":"Snake Plant","floor":27,"turns":2},{"damage":0,"enemies":"Cultist and Chosen","floor":29,"turns":4},{"damage":33,"enemies":"Gremlin Leader","floor":31,"turns":3},{"damage":23,"enemies":"Automaton","floor":33,"turns":5},{"damage":0,"enemies":"Orb Walker","floor":35,"turns":2},{"damage":0,"enemies":"3 Shapes","floor":36,"turns":3},{"damage":0,"enemies":"Jaw Worm Horde","floor":37,"turns":5},{"damage":13,"enemies":"Giant Head","floor":40,"turns":6},{"damage":10,"enemies":"Nemesis","floor":41,"turns":3},{"damage":11,"enemies":"Sphere and 2 Shapes","floor":42,"turns":4},{"damage":0,"enemies":"4 Shapes","floor":44,"turns":4},{"damage":0,"enemies":"Reptomancer","floor":47,"turns":3},{"damage":0,"enemies":"Awakened One","floor":50,"turns":4},{"damage":0,"enemies":"2 Louse","floor":52,"turns":1},{"damage":0,"enemies":"Jaw Worm","floor":54,"turns":1},{"damage":0,"enemies":"Cultist","floor":55,"turns":1},{"damage":0,"enemies":"Red Slaver","floor":56,"turns":1},{"damage":0,"enemies":"Lagavulin","floor":57,"turns":3},{"damage":0,"enemies":"3 Sentries","floor":59,"turns":3},{"damage":0,"enemies":"2 Fungi Beasts","floor":63,"turns":1},{"damage":0,"enemies":"Exordium Thugs","floor":65,"turns":1},{"damage":0,"enemies":"The Guardian","floor":67,"turns":1},{"damage":0,"enemies":"Shell Parasite","floor":69,"turns":1},{"damage":0,"enemies":"Spheric Guardian","floor":72,"turns":2},{"damage":0,"enemies":"Snecko","floor":73,"turns":2},{"damage":0,"enemies":"Gremlin Leader","floor":74,"turns":1},{"damage":0,"enemies":"Slavers","floor":75,"turns":2},{"damage":0,"enemies":"Gremlin Leader","floor":76,"turns":1},{"damage":0,"enemies":"Book of Stabbing","floor":77,"turns":2},{"damage":19,"enemies":"Snake Plant","floor":79,"turns":2},{"damage":0,"enemies":"Automaton","floor":84,"turns":3},{"damage":0,"enemies":"3 Darklings","floor":86,"turns":1},{"damage":0,"enemies":"3 Shapes","floor":87,"turns":2},{"damage":0,"enemies":"3 Darklings","floor":88,"turns":1},{"damage":0,"enemies":"Reptomancer","floor":94,"turns":1},{"damage":0,"enemies":"Giant Head","floor":96,"turns":2},{"damage":0,"enemies":"Reptomancer","floor":98,"turns":1},{"damage":0,"enemies":"Jaw Worm Horde","floor":99,"turns":1},{"damage":0,"enemies":"Donu and Deca","floor":101,"turns":2},{"damage":79,"enemies":"Small Slimes","floor":103,"turns":8},{"damage":32,"enemies":"2 Louse","floor":104,"turns":3},{"damage":105,"enemies":"Cultist","floor":105,"turns":18},{"damage":72,"enemies":"Lagavulin","floor":108,"turns":25},{"damage":122,"enemies":"3 Sentries","floor":109,"turns":13},{"damage":0,"enemies":"Lagavulin","floor":110,"turns":3},{"damage":83,"enemies":"Gremlin Nob","floor":111,"turns":11}],"seed_played":"-465401627191046860","potions_obtained":[{"floor":2,"key":"Swift Potion"},{"floor":13,"key":"AttackPotion"},{"floor":29,"key":"SteroidPotion"},{"floor":31,"key":"FocusPotion"},{"floor":33,"key":"Strength Potion"},{"floor":37,"key":"FearPotion"},{"floor":50,"key":"FairyPotion"},{"floor":57,"key":"PowerPotion"},{"floor":87,"key":"PotionOfCapacity"},{"floor":101,"key":"EssenceOfDarkness"},{"floor":102,"key":"DistilledChaos"},{"floor":103,"key":"FearPotion"},{"floor":105,"key":"PowerPotion"},{"floor":109,"key":"SpeedPotion"}],"is_trial":true,"path_per_floor":["M","M","M","$","M","R","E","M","T","M","R","M","?","M","R","B",null,"M","?","M","$","$","E","E","$","T","M","R","M","R","E","R","B",null,"M","M","M","$","?","E","E","M","T","M","$","T","E","$","R","B",null,"M","$","M","M","M","E","$","E","T","R","R","M","$","M","R","B",null,"M","?","$","M","M","E","E","E","E","R","M","R","R","$","R","B",null,"M","M","M","$","?","R","R","?","E","$","E","R","E","M","R","B",null,"M","M","M","?","$","E","E","E","E"],"character_chosen":"DEFECT","items_purchased":["Pantograph","BootSequence","Regen Potion","BlessingOfTheForge","Ball Lightning+1","Whetstone","Defragment","DollysMirror","FairyPotion","DistilledChaos","Pear","Bird Faced Urn","Storm","Dead Branch","Static Discharge+1","PotionOfCapacity","Apotheosis","Bottled Lightning","HandDrill","EssenceOfDarkness","Capacitor+1","Dream Catcher","Turnip","War Paint","Bag of Preparation","Runic Capacitor","Symbiotic Virus","Capacitor+1","White Beast Statue","Regal Pillow","Toolbox","Consume+1","Membership Card","Bottled Tornado","Ice Cream","Torii","Medical Kit","White Noise+1","Consume+1","Darkness+1"],"campfire_rested":8,"item_purchase_floors":[4,4,4,4,21,22,22,22,22,22,25,25,25,38,38,38,38,45,48,48,53,53,58,64,64,71,71,71,82,82,82,82,89,89,89,89,95,95,95,107],"current_hp_per_floor":[68,59,46,46,46,68,53,53,53,53,75,75,75,75,75,75,75,55,55,55,55,55,55,45,55,55,56,81,85,85,56,81,72,89,92,92,92,92,92,79,90,89,89,94,94,94,94,94,94,96,96,96,96,96,96,96,98,98,100,100,100,100,100,100,100,100,102,102,102,102,102,116,116,118,120,122,124,124,107,124,124,124,124,126,126,126,126,126,126,126,126,128,138,140,140,142,144,146,146,148,150,157,88,70,79,79,94,38,55,77,0,0],"gold":1116,"neow_bonus":"","is_daily":false,"chose_seed":false,"campfire_upgraded":0,"win_rate":0.0,"timestamp":1610369127,"path_taken":["M","M","M","$","M","R","E","M","T","M","R","M","?","?","R","BOSS","M","?","?","$","$","E","E","$","T","M","R","M","R","?","R","BOSS","M","M","M","$","?","E","?","M","T","M","$","?","E","$","R","BOSS","M","$","M","M","M","E","$","E","T","R","R","M","$","M","R","BOSS","M","?","$","M","?","E","?","?","E","R","M","R","R","$","R","BOSS","M","M","M","$","?","R","R","?","E","$","?","R","?","M","R","BOSS","M","M","?","?","?","E","E","E","E"],"items_purchased_type":["Relic","Card","Potion","Potion","Card","Relic","Card","Relic","Potion","Potion","Relic","Relic","Card","Relic","Card","Potion","Card","Relic","Relic","Potion","Card","Relic","Relic","Relic","Relic","Relic","Relic","Card","Relic","Relic","Relic","Card","Relic","Relic","Relic","Relic","Relic","Card","Card","Card"],"build_version":"2020-12-22","purchased_purges":3,"victory":false,"max_hp_per_floor":[75,75,75,75,75,75,75,75,75,75,75,75,75,75,75,75,75,75,75,75,75,75,75,75,85,85,85,85,85,85,85,85,85,92,92,92,92,92,92,92,94,94,94,94,94,94,94,94,94,96,96,96,96,96,96,96,98,98,100,100,100,100,100,100,100,100,102,102,102,102,102,116,116,118,120,122,124,124,124,124,124,124,124,126,126,126,126,126,126,126,126,128,138,140,140,142,144,146,146,148,150,157,157,157,157,157,157,157,159,159,159,159],"relic_stats":{"Regal Pillow":0,"Singing Bowl":38,"Gremlin Horn":[22,22],"Torii":4,"CeramicFish":27,"Bag of Preparation":[52],"Ginger":[4],"Whetstone":["Barrage","Cold Snap"],"Boot":[4],"FrozenCore":[47],"Blood Vial":12,"Emotion Chip":[222,37,138,27,20],"Centennial Puzzle":[45],"Dream Catcher":3,"Nunchaku":[6],"Shovel":10,"Mummified Hand":[231],"Pantograph":4,"Tiny Chest":3,"MealTicket":15,"Prayer Wheel":0,"HandDrill":[24],"Inserter":[83],"Happy Flower":[17],"counters":[61,205],"Dead Branch":[187],"Blue Candle":[7],"Eternal Feather":17,"Pen Nib":[10],"PreservedInsect":862,"Letter Opener":[394],"Orichalcum":[258],"War Paint":["BootSequence","Coolheaded"],"MawBank":192,"Medical Kit":[2],"Cables":[148,19,11,23,95],"Mercury Hourglass":[515],"Peace Pipe":0,"Shuriken":[22],"Bronze Scales":[408],"Bird Faced Urn":[91],"Turnip":[0],"obtain_stats":[{"Ice Cream":89,"Tiny House":102,"Gremlin Horn":61,"CeramicFish":88,"Vajra":79,"Runic Capacitor":71,"Ginger":18,"Whetstone":22,"Bottled Tornado":89,"Boot":49,"Old Coin":3,"FrozenCore":68,"Blood Vial":81,"Centennial Puzzle":10,"HornCleat":36,"DollysMirror":22,"Strawberry":34,"MealTicket":63,"Prayer Wheel":86,"HandDrill":48,"Toxic Egg 2":73,"Pear":25,"Happy Flower":105,"Dead Branch":38,"Blue Candle":80,"Oddly Smooth Stone":27,"Eternal Feather":52,"Pen Nib":42,"Letter Opener":34,"War Paint":64,"Akabeko":104,"Cables":47,"Shuriken":31,"Bronze Scales":14,"Bird Faced Urn":25,"Molten Egg 2":9,"StrikeDummy":8,"Symbiotic Virus":71,"Unceasing Top":55,"Meat on the Bone":1,"Pocketwatch":83,"Lantern":12,"Regal Pillow":82,"Singing Bowl":41,"Torii":89,"SacredBark":85,"Mango":72,"Bag of Preparation":64,"Incense Burner":78,"Ancient Tea Set":43,"Emotion Chip":0,"Dream Catcher":53,"Nunchaku":62,"Shovel":24,"Matryoshka":69,"Mummified Hand":40,"Pantograph":4,"Toolbox":82,"Tiny Chest":23,"Cracked Core":0,"Potion Belt":37,"Inserter":17,"Circlet":91,"Thread and Needle":7,"The Courier":26,"PreservedInsect":65,"Omamori":46,"Odd Mushroom":13,"Orichalcum":30,"Frozen Egg 2":35,"MawBank":5,"Medical Kit":95,"White Beast Statue":82,"Nuclear Battery":51,"Mercury Hourglass":54,"Peace Pipe":29,"Calling Bell":34,"CaptainsWheel":20,"Anchor":60,"DataDisk":66,"Turnip":58,"Bag of Marbles":44,"Bottled Lightning":45,"Membership Card":89,"Toy Ornithopter":2,"FossilizedHelix":34,"TungstenRod":87},{"Ice Cream":49,"Tiny House":54,"Gremlin Horn":34,"CeramicFish":49,"Vajra":45,"Runic Capacitor":38,"Ginger":12,"Whetstone":13,"Bottled Tornado":49,"Boot":27,"Old Coin":3,"FrozenCore":37,"Blood Vial":45,"Centennial Puzzle":7,"HornCleat":21,"DollysMirror":13,"Strawberry":19,"MealTicket":35,"Prayer Wheel":47,"HandDrill":27,"Toxic Egg 2":40,"Pear":15,"Happy Flower":57,"Dead Branch":22,"Blue Candle":45,"Oddly Smooth Stone":16,"Eternal Feather":29,"Pen Nib":25,"Letter Opener":19,"War Paint":35,"Akabeko":56,"Cables":27,"Shuriken":18,"Bronze Scales":10,"Bird Faced Urn":15,"Molten Egg 2":6,"StrikeDummy":6,"Symbiotic Virus":38,"Unceasing Top":31,"Meat on the Bone":1,"Pocketwatch":45,"Lantern":8,"Regal Pillow":45,"Singing Bowl":24,"Torii":49,"SacredBark":46,"Mango":39,"Bag of Preparation":35,"Incense Burner":44,"Ancient Tea Set":25,"Emotion Chip":0,"Dream Catcher":29,"Nunchaku":34,"Shovel":15,"Matryoshka":38,"Mummified Hand":23,"Pantograph":3,"Toolbox":45,"Tiny Chest":14,"Cracked Core":0,"Potion Belt":22,"Inserter":11,"Circlet":49,"Thread and Needle":5,"The Courier":15,"PreservedInsect":36,"Omamori":26,"Odd Mushroom":9,"Orichalcum":17,"Frozen Egg 2":20,"MawBank":4,"Medical Kit":50,"White Beast Statue":45,"Nuclear Battery":28,"Mercury Hourglass":30,"Peace Pipe":17,"Calling Bell":19,"CaptainsWheel":13,"Anchor":34,"DataDisk":36,"Turnip":33,"Bag of Marbles":26,"Bottled Lightning":26,"Membership Card":49,"Toy Ornithopter":2,"FossilizedHelix":19,"TungstenRod":48},{"Ice Cream":117,"Tiny House":124,"Gremlin Horn":95,"CeramicFish":117,"Vajra":110,"Runic Capacitor":99,"Ginger":28,"Whetstone":30,"Bottled Tornado":117,"Boot":82,"Old Coin":6,"FrozenCore":98,"Blood Vial":110,"Centennial Puzzle":15,"HornCleat":57,"DollysMirror":30,"Strawberry":52,"MealTicket":96,"Prayer Wheel":114,"HandDrill":82,"Toxic Egg 2":103,"Pear":38,"Happy Flower":153,"Dead Branch":62,"Blue Candle":110,"Oddly Smooth Stone":40,"Eternal Feather":87,"Pen Nib":75,"Letter Opener":52,"War Paint":96,"Akabeko":135,"Cables":82,"Shuriken":47,"Bronze Scales":22,"Bird Faced Urn":38,"Molten Egg 2":13,"StrikeDummy":13,"Symbiotic Virus":99,"Unceasing Top":89,"Meat on the Bone":2,"Pocketwatch":110,"Lantern":17,"Regal Pillow":110,"Singing Bowl":71,"Torii":117,"SacredBark":113,"Mango":101,"Bag of Preparation":96,"Incense Burner":108,"Ancient Tea Set":75,"Emotion Chip":0,"Dream Catcher":87,"Nunchaku":95,"Shovel":38,"Matryoshka":99,"Mummified Hand":68,"Pantograph":6,"Toolbox":110,"Tiny Chest":35,"Cracked Core":0,"Potion Belt":62,"Inserter":25,"Circlet":117,"Thread and Needle":11,"The Courier":38,"PreservedInsect":97,"Omamori":79,"Odd Mushroom":20,"Orichalcum":44,"Frozen Egg 2":54,"MawBank":8,"Medical Kit":118,"White Beast Statue":110,"Nuclear Battery":86,"Mercury Hourglass":88,"Peace Pipe":44,"Calling Bell":52,"CaptainsWheel":30,"Anchor":95,"DataDisk":97,"Turnip":93,"Bag of Marbles":79,"Bottled Lightning":79,"Membership Card":117,"Toy Ornithopter":4,"FossilizedHelix":52,"TungstenRod":116}],"Toy Ornithopter":5,"Unceasing Top":[2],"TungstenRod":32,"Meat on the Bone":60,"Pocketwatch":[191]},"card_choices":[{"not_picked":["Skim","Beam Cell"],"picked":"Cold Snap","floor":0},{"not_picked":["Rebound","Stack"],"picked":"Chill","floor":0},{"not_picked":["Darkness","Chaos"],"picked":"Barrage","floor":0},{"not_picked":["Stack","Recycle"],"picked":"Sweeping Beam","floor":0},{"not_picked":["Chaos","Steam"],"picked":"Redo","floor":0},{"not_picked":["Double Energy","Turbo"],"picked":"Go for the Eyes","floor":0},{"not_picked":["Static Discharge","Sweeping Beam"],"picked":"Streamline","floor":0},{"not_picked":["Conserve Battery","Stack"],"picked":"Cold Snap","floor":0},{"not_picked":["FTL","Ball Lightning"],"picked":"Coolheaded","floor":0},{"not_picked":["Heatsinks","Coolheaded"],"picked":"Loop","floor":0},{"not_picked":["Chill","Rebound"],"picked":"Cold Snap","floor":0},{"not_picked":["Hologram","Stack"],"picked":"Coolheaded","floor":0},{"not_picked":["Coolheaded","Steam"],"picked":"Barrage","floor":0},{"not_picked":["Conserve Battery","Streamline"],"picked":"Storm","floor":0},{"not_picked":["Beam Cell","Reinforced Body"],"picked":"Loop","floor":0},{"not_picked":["Reboot","Biased Cognition"],"picked":"Core Surge","floor":7},{"not_picked":["Fission","Seek"],"picked":"Meteor Strike+1","floor":16},{"not_picked":["Buffer","Thunder Strike+1"],"picked":"Electrodynamics","floor":23},{"not_picked":["Electrodynamics","Rainbow"],"picked":"Machine Learning","floor":24},{"not_picked":["Reboot","Machine Learning"],"picked":"Echo Form","floor":31},{"not_picked":["Multi-Cast","Echo Form"],"picked":"Seek","floor":33},{"not_picked":["Seek","Echo Form+1"],"picked":"Creative AI+1","floor":40},{"not_picked":["Reboot","Thunder Strike+1","Echo Form+1"],"picked":"Singing Bowl","floor":41},{"not_picked":["Echo Form+1","Electrodynamics+1"],"picked":"Seek","floor":47},{"not_picked":["Fission","Electrodynamics+1","Rainbow"],"picked":"Singing Bowl","floor":50},{"not_picked":["Reboot","Core Surge+1","Creative AI+1"],"picked":"Singing Bowl","floor":57},{"not_picked":["Biased Cognition+1","Rainbow","Amplify"],"picked":"Singing Bowl","floor":59},{"not_picked":["Hyperbeam+1","Fission","Electrodynamics+1"],"picked":"Singing Bowl","floor":67},{"not_picked":["All For One+1","Thunder Strike+1","Core Surge+1"],"picked":"Singing Bowl","floor":74},{"not_picked":["Electrodynamics+1","Seek+1","Multi-Cast+1"],"picked":"Singing Bowl","floor":75},{"not_picked":["Meteor Strike+1","Buffer+1","Reboot+1"],"picked":"Singing Bowl","floor":76},{"not_picked":["Creative AI+1","All For One+1","Thunder Strike+1"],"picked":"Singing Bowl","floor":77},{"not_picked":["Rainbow+1","Electrodynamics+1","Meteor Strike+1"],"picked":"Singing Bowl","floor":84},{"not_picked":["Double Energy+1","Ball Lightning+1","Sweeping Beam+1"],"picked":"Singing Bowl","floor":92},{"not_picked":["Machine Learning+1","Echo Form+1","Reboot+1"],"picked":"Singing Bowl","floor":94},{"not_picked":["Meteor Strike+1","Buffer+1","Core Surge+1"],"picked":"Singing Bowl","floor":96},{"not_picked":["Go for the Eyes+1","Sweeping Beam+1","Undo+1"],"picked":"Singing Bowl","floor":97},{"not_picked":["Rainbow+1","Biased Cognition+1","All For One+1"],"picked":"Singing Bowl","floor":98},{"not_picked":["Beam Cell+1","Coolheaded+1","Ball Lightning+1"],"picked":"Singing Bowl","floor":100},{"not_picked":["Creative AI+1","Biased Cognition+1","Hyperbeam+1"],"picked":"Singing Bowl","floor":101},{"not_picked":["Stack+1","Leap+1","Loop+1"],"picked":"Singing Bowl","floor":102},{"not_picked":["Electrodynamics+1","Fission+1","Multi-Cast+1"],"picked":"SKIP","floor":108},{"not_picked":["Electrodynamics+1","Amplify+1","Machine Learning+1"],"picked":"Singing Bowl","floor":109},{"not_picked":["Amplify+1","Buffer+1","Biased Cognition+1"],"picked":"SKIP","floor":110}],"player_experience":130150,"relics_obtained":[{"floor":1,"key":"Meat on the Bone"},{"floor":2,"key":"Toy Ornithopter"},{"floor":3,"key":"Old Coin"},{"floor":5,"key":"MawBank"},{"floor":7,"key":"Thread and Needle"},{"floor":8,"key":"StrikeDummy"},{"floor":9,"key":"Molten Egg 2"},{"floor":10,"key":"Centennial Puzzle"},{"floor":12,"key":"Lantern"},{"floor":13,"key":"Odd Mushroom"},{"floor":14,"key":"Bronze Scales"},{"floor":18,"key":"Ginger"},{"floor":20,"key":"CaptainsWheel"},{"floor":23,"key":"Tiny Chest"},{"floor":24,"key":"Shovel"},{"floor":26,"key":"The Courier"},{"floor":27,"key":"Oddly Smooth Stone"},{"floor":29,"key":"Peace Pipe"},{"floor":30,"key":"Orichalcum"},{"floor":31,"key":"Shuriken"},{"floor":34,"key":"Strawberry"},{"floor":34,"key":"Letter Opener"},{"floor":34,"key":"FossilizedHelix"},{"floor":35,"key":"Frozen Egg 2"},{"floor":36,"key":"HornCleat"},{"floor":37,"key":"Potion Belt"},{"floor":40,"key":"Mummified Hand"},{"floor":41,"key":"Singing Bowl"},{"floor":42,"key":"Pen Nib"},{"floor":43,"key":"Ancient Tea Set"},{"floor":44,"key":"Bag of Marbles"},{"floor":46,"key":"Omamori"},{"floor":47,"key":"Cables"},{"floor":49,"key":"Boot"},{"floor":52,"key":"Eternal Feather"},{"floor":54,"key":"Mercury Hourglass"},{"floor":55,"key":"Unceasing Top"},{"floor":60,"key":"Anchor"},{"floor":61,"key":"Gremlin Horn"},{"floor":62,"key":"Nunchaku"},{"floor":63,"key":"MealTicket"},{"floor":65,"key":"PreservedInsect"},{"floor":66,"key":"DataDisk"},{"floor":69,"key":"Matryoshka"},{"floor":72,"key":"Mango"},{"floor":73,"key":"Toxic Egg 2"},{"floor":78,"key":"Incense Burner"},{"floor":79,"key":"Vajra"},{"floor":80,"key":"Blue Candle"},{"floor":81,"key":"Blood Vial"},{"floor":83,"key":"Pocketwatch"},{"floor":86,"key":"Prayer Wheel"},{"floor":87,"key":"TungstenRod"},{"floor":88,"key":"CeramicFish"},{"floor":91,"key":"Circlet"},{"floor":99,"key":"Circlet"},{"floor":104,"key":"Akabeko"},{"floor":105,"key":"Happy Flower"}],"event_choices":[{"damage_healed":0,"gold_gain":0,"player_choice":"Fought Mushrooms","damage_taken":0,"max_hp_gain":0,"max_hp_loss":0,"event_name":"Mushrooms","floor":13,"gold_loss":0},{"cards_removed":["Meteor Strike"],"damage_healed":0,"gold_gain":0,"player_choice":"Upgrade and Remove","damage_taken":0,"max_hp_gain":0,"max_hp_loss":0,"event_name":"Designer","floor":19,"gold_loss":90,"cards_upgraded":["Redo"]},{"damage_healed":0,"gold_gain":0,"player_choice":"Ignored","damage_taken":0,"max_hp_gain":0,"max_hp_loss":0,"event_name":"SecretPortal","floor":39,"gold_loss":0},{"damage_healed":0,"gold_gain":0,"player_choice":"Ignored","damage_taken":0,"max_hp_gain":0,"max_hp_loss":0,"event_name":"Ghosts","floor":70,"gold_loss":0},{"cards_removed":["Go for the Eyes"],"damage_healed":0,"gold_gain":0,"player_choice":"Removed Attack","damage_taken":0,"max_hp_gain":0,"max_hp_loss":0,"event_name":"Falling","floor":90,"gold_loss":0},{"cards_removed":["Creative AI"],"damage_healed":0,"gold_gain":0,"player_choice":"Offered Rare","damage_taken":0,"max_hp_gain":10,"max_hp_loss":0,"event_name":"Bonfire Elementals","floor":93,"gold_loss":0},{"damage_healed":0,"gold_gain":80,"player_choice":"Gained Gold","damage_taken":0,"max_hp_gain":0,"max_hp_loss":0,"event_name":"Golden Wing","floor":106,"gold_loss":0}],"is_beta":false,"boss_relics":[{"not_picked":["Busted Crown","Sozu"],"picked":"Inserter"},{"not_picked":["Velvet Choker","Empty Cage"],"picked":"Calling Bell"},{"not_picked":["Runic Dome","Fusion Hammer"],"picked":"Nuclear Battery"},{"not_picked":["Sozu","Runic Dome"],"picked":"FrozenCore"},{"not_picked":["Philosopher\u0027s Stone","Empty Cage"],"picked":"SacredBark"},{"not_picked":["Runic Pyramid","Cursed Key"],"picked":"Tiny House"}],"items_purged_floors":[38,45,95],"is_endless":true,"potions_floor_spawned":[2,7,10,12,13,23,29,31,33,36,37,42,47,50,57,59,63,72,74,75,76,79,84,86,87,88,94,96,98,99,101,103,104,105,108,109,110],"killed_by":"Gremlin Nob","ascension_level":10}}