{"host":"rupmf8lnk599ormj","time":1610337209,"event":{"mods":["2.2 Compatiblity","AchievementEnabler","BaseMod","Better Match","Better Third Choice","BetterRewards","ChefMod","Colored Map","Colored Powertips","Downfall","Evolution","Gold Saver","Googly Eyes","Hero for Fun","Hubris","Minty Spire (QoL Compilation)","Quick Restart","Rare Cards Sparkle","Replay The Spire","Spicy Shops","StSLib","The Cursed","The Poker Player"],"gold_per_floor":[1352,1372,1390,1400,1400,1400,1427,1427,1452,1377,1392,1392,1424,1448,1448,1553,1853,1853,1853,1853,1921,1821,1821,1851,1654,1654,1654,1666,1666,1666,1677,1677,1780,1780,1780,1630,1630,1630,1630,1630,1455,1455,1537,1537,1112,1112,1112,1112,1112,1112,1112,1112,862,862,862],"floor_reached":56,"playtime":2539,"items_purged":["Ignore","Defend_Y","Defend_Y","Defend_Y","Strike_Y","Wear_Disguise+1","Strike_Y+1","Strike_Y+1"],"score":1783,"play_id":"43c50eb2-fdd5-4d1b-b3b4-4a72a08851ff","local_time":"20210110225329","is_ascension_mode":false,"campfire_choices":[{"data":"Wear_Disguise","floor":6,"key":"SMITH"},{"floor":8,"key":"RECALL"},{"data":"Strike_Y","floor":15,"key":"SMITH"},{"data":"Strike_Y","floor":23,"key":"SMITH"},{"data":"Strike_Y","floor":32,"key":"SMITH"},{"data":"Defend_Y","floor":40,"key":"SMITH"}],"circlet_count":0,"master_deck":["Strike_Y+1","Strike_Y+1","Defend_Y+1"],"relics":["Cape","EVO:Axolotl","PreservedInsect","Omamori","Odd Mushroom","hubris:Backtick","Old Coin","HornCleat","Bag of Preparation","hubris:64BitClover","Replay:Ringing Soul","Dream Catcher","Coffee Dripper","Garlic","Mummified Hand","ReplayTheSpireMod:Shallot"],"acts_visited":["Exordium","TheCity","TheBeyond","TheEnding"],"potions_floor_usage":[],"damage_taken":[{"damage":0,"enemies":"Cultist","floor":1,"turns":1},{"damage":0,"enemies":"Jaw Worm","floor":2,"turns":1},{"damage":0,"enemies":"2 Louse","floor":3,"turns":1},{"damage":0,"enemies":"Large Slime","floor":4,"turns":1},{"damage":0,"enemies":"Gremlin Nob","floor":7,"turns":1},{"damage":0,"enemies":"3 Louse","floor":11,"turns":2},{"damage":0,"enemies":"Exordium Thugs","floor":12,"turns":1},{"damage":0,"enemies":"Lagavulin","floor":13,"turns":1},{"damage":0,"enemies":"The Mushroom Lair","floor":14,"turns":2},{"damage":0,"enemies":"Slime Boss","floor":16,"turns":1},{"damage":0,"enemies":"Shell Parasite","floor":18,"turns":1},{"damage":0,"enemies":"Spheric Guardian","floor":20,"turns":1},{"damage":0,"enemies":"Slavers","floor":24,"turns":1},{"damage":0,"enemies":"Cultist and Chosen","floor":28,"turns":1},{"damage":0,"enemies":"Snake Plant","floor":30,"turns":1},{"damage":0,"enemies":"Snecko","floor":31,"turns":1},{"damage":0,"enemies":"Pondfish","floor":33,"turns":3},{"damage":0,"enemies":"3 Darklings","floor":35,"turns":1},{"damage":0,"enemies":"3 Shapes","floor":38,"turns":1},{"damage":0,"enemies":"Giant Head","floor":46,"turns":1},{"damage":0,"enemies":"Jaw Worm Horde","floor":47,"turns":1},{"damage":0,"enemies":"R_Hoarder","floor":48,"turns":1},{"damage":0,"enemies":"Replay:Hell Engine","floor":50,"turns":1},{"damage":0,"enemies":"Shield and Spear","floor":54,"turns":1},{"damage":0,"enemies":"The Heart","floor":55,"turns":4}],"seed_played":"-3588064460961394783","potions_obtained":[{"floor":2,"key":"SmokeBomb"},{"floor":4,"key":"Adrenaline Potion"},{"floor":11,"key":"Weak Potion"}],"is_trial":false,"path_per_floor":["M","M","M","M","?","R","E","R","T","$","M","M","E","?","R","B",null,"M","?","M","T","$","R","E","$","T","?","M","?","M","M","R","B",null,"M","$","?","M","$","R","$","R","T","?","$","E","M","E","R","B",null,"R","$","E","B",null],"character_chosen":"OPM","items_purchased":["hubris:64BitClover"],"campfire_rested":0,"item_purchase_floors":[25],"current_hp_per_floor":[1098,1098,1098,1098,1098,1098,1098,1098,1098,1098,1098,1098,1098,1098,1098,1098,1098,1098,1098,1098,1098,1098,1098,1098,1098,1098,1098,1098,1098,1098,1098,1098,1098,1098,1098,1098,1098,1098,1098,1098,1098,1098,1098,1098,1098,1098,1098,1098,1098,1098,1098,1098,1098,1098,1098],"gold":862,"neow_bonus":"TEN_PERCENT_HP_BONUS","is_daily":false,"chose_seed":false,"campfire_upgraded":5,"win_rate":0.0,"timestamp":1610337209,"path_taken":["M","M","?","M","?","R","E","R","T","?","M","M","E","?","R","BOSS","M","?","M","?","$","R","E","$","T","?","M","?","M","?","R","BOSS","M","$","?","M","$","R","$","R","T","?","?","E","?","E","R","BOSS","R","$","E","BOSS"],"items_purchased_type":["Relic"],"build_version":"2020-12-22","purchased_purges":8,"victory":true,"max_hp_per_floor":[1098,1098,1098,1098,1098,1098,1098,1098,1098,1098,1098,1098,1098,1098,1098,1098,1098,1098,1098,1098,1098,1098,1098,1098,1098,1098,1098,1098,1098,1098,1098,1098,1098,1098,1098,1098,1098,1098,1098,1098,1098,1098,1098,1098,1098,1098,1098,1098,1098,1098,1098,1098,1098,1098,1098],"card_choices":[{"not_picked":["Slap","Hop","Wear_Disguise"],"picked":"SKIP","floor":1},{"not_picked":["Yawn","Normal_Punch"],"picked":"Wear_Disguise","floor":2},{"not_picked":["Side_Hop","Yawn"],"picked":"Ignore","floor":3},{"not_picked":["Toss_Stone","Hop","Consecutive_Normal_Punch"],"picked":"SKIP","floor":4},{"not_picked":["Side_Hop","Toss_Stone","Do_Nothing"],"picked":"SKIP","floor":7},{"not_picked":["Hip_Strike","Hop","Slap"],"picked":"SKIP","floor":11},{"not_picked":["Slap","Consecutive_Normal_Punch","Side_Hop"],"picked":"SKIP","floor":12},{"not_picked":["Toss_Stone","Ignore","Side_Hop"],"picked":"SKIP","floor":13},{"not_picked":["Toss_Stone","Ignore","Consecutive_Normal_Punch"],"picked":"SKIP","floor":18},{"not_picked":["Wear_Disguise","Yawn","Side_Hop"],"picked":"SKIP","floor":20},{"not_picked":["Hop+1","Side_Hop","Yawn"],"picked":"SKIP","floor":24},{"not_picked":["Get_Hopes_Up","Slap","Ignore"],"picked":"SKIP","floor":28},{"not_picked":["Ignore","Yawn","Hop"],"picked":"SKIP","floor":30},{"not_picked":["Yawn+1","Normal_Punch+1","Ignore+1"],"picked":"SKIP","floor":31},{"not_picked":["Yawn","Do_Nothing","Slap+1"],"picked":"SKIP","floor":35},{"not_picked":["Slap","Do_Nothing","Yawn"],"picked":"SKIP","floor":38},{"not_picked":["Do_Nothing","Hop","Normal_Punch+1"],"picked":"SKIP","floor":46},{"not_picked":["Yawn+1","Toss_Stone","Ignore+1"],"picked":"SKIP","floor":47},{"not_picked":["Slap+1","Yawn+1","Normal_Punch"],"picked":"SKIP","floor":48},{"not_picked":["Yawn+1","Oh","Slap+1"],"picked":"SKIP","floor":54}],"player_experience":183892,"relics_obtained":[{"floor":7,"key":"PreservedInsect"},{"floor":13,"key":"Omamori"},{"floor":14,"key":"Odd Mushroom"},{"floor":21,"key":"HornCleat"},{"floor":24,"key":"Bag of Preparation"},{"floor":26,"key":"Replay:Ringing Soul"},{"floor":43,"key":"Garlic"},{"floor":48,"key":"Mummified Hand"},{"floor":54,"key":"ReplayTheSpireMod:Shallot"}],"event_choices":[{"damage_healed":0,"gold_gain":0,"player_choice":"Bought 0 Potions","damage_taken":0,"max_hp_gain":0,"max_hp_loss":0,"event_name":"The Woman in Blue","floor":5,"gold_loss":0},{"damage_healed":0,"gold_gain":0,"player_choice":"Fought Mushrooms","damage_taken":0,"max_hp_gain":0,"max_hp_loss":0,"event_name":"Mushrooms","floor":14,"gold_loss":0},{"cards_removed":["Defend_Y"],"damage_healed":0,"gold_gain":0,"player_choice":"Elegance","damage_taken":0,"max_hp_gain":0,"max_hp_loss":0,"event_name":"betterThird:BetterWriting","floor":19,"gold_loss":0},{"damage_healed":0,"gold_gain":0,"player_choice":"Opened","damage_taken":0,"relics_obtained":["Dream Catcher"],"max_hp_gain":0,"max_hp_loss":0,"event_name":"The Mausoleum","floor":27,"gold_loss":0,"cards_obtained":["Writhe"]},{"damage_healed":0,"gold_gain":0,"player_choice":"Ignored","damage_taken":0,"max_hp_gain":0,"max_hp_loss":0,"event_name":"Accursed Blacksmith","floor":29,"gold_loss":0},{"damage_healed":0,"gold_gain":0,"player_choice":"Ignored","damage_taken":0,"max_hp_gain":0,"max_hp_loss":0,"event_name":"Tomb of Lord Red Mask","floor":44,"gold_loss":0}],"is_beta":false,"boss_relics":[{"not_picked":["hubris:HollowSoul","hubris:RunicObelisk"],"picked":"hubris:Backtick"},{"not_picked":["hubris:Stopwatch","Ring of Chaos"],"picked":"Coffee Dripper"}],"items_purged_floors":[10,22,25,36,41,45,45,53],"is_endless":false,"potions_floor_spawned":[2,4,11,13,14,28,30,31,33,46,48],"ascension_level":0}}