{"host":"0fmi5fguj5lvt8pf","time":1610357764,"event":{"mods":["BaseMod","Colored Map","Curses Come First","Downfall","Minty Spire (QoL Compilation)","Permanent Neow","StSLib","Waifu the Spire"],"gold_per_floor":[99,119,130,205,220,130,156,169,169,225,225,225,225,110,124,221,221,221,236,250,250,268,283,283,295,495,495,495,523,523,523,536,640,640,415,432,62,62,62,73,100,132,132,150,219,219,238,257,271,271,271,305,31,31,31],"floor_reached":56,"playtime":4060,"items_purged":["Slimebound:Defend_Slimebound","Regret","Slimebound:Defend_Slimebound","Slimebound:Darklings+1"],"score":1539,"play_id":"8146239e-6f62-4b48-9f09-50aa11f9cd6f","local_time":"20210111013604","is_ascension_mode":false,"campfire_choices":[{"data":"Slimebound:PrepareCrush","floor":1.0,"key":"SMITH"},{"data":"Slimebound:Replication","floor":13.0,"key":"SMITH"},{"data":"Slimebound:DisruptingSlam","floor":18.0,"key":"SMITH"},{"floor":30.0,"key":"RECALL"},{"data":"Slimebound:Defend_Slimebound","floor":35.0,"key":"SMITH"},{"floor":43.0,"key":"REST"},{"floor":54.0,"key":"REST"}],"circlet_count":0,"master_deck":["Slimebound:Strike_Slimebound","Slimebound:Strike_Slimebound+1","Slimebound:Defend_Slimebound+1","Slimebound:Defend_Slimebound+1","Slimebound:CorrosiveSpit+1","Slimebound:PrepareCrush+1","Slimebound:MegaLick+1","Slimebound:GrowthPunch","Slimebound:DisruptingSlam+1","Slimebound:Replication+1","Slimebound:MegaLick+1","Slimebound:RejuvenatingLick+1","Slimebound:Schlurp+1","Slimebound:OozeBath+1","Slimebound:SamplingLick+1","Slimebound:HungryTackle","Slimebound:Dissolve+1","Slimebound:MassFeed","Slimebound:SamplingLick+1","Slimebound:Prepare+1","Sadistic Nature","Slimebound:Grow+1","Slimebound:GrowthPunch+1","Slimebound:SamplingLick+1","Slimebound:Schlurp+1","Slimebound:HauntingLick+1","Slimebound:LeechingTouch","Slimebound:Replication+1","Slimebound:MegaLick+1","Slimebound:OozeBath+1","Impatience+1","Slimebound:SamplingLick+1"],"relics":["Slimebound:AbsorbEndCombat","Toxic Egg 2","Juzu Bracelet","Darkstone Periapt","Meat on the Bone","Orichalcum","Empty Cage","downfall:HeartBlessingRed","downfall:HeartBlessingGreen","downfall:HeartBlessingBlue","Art of War","PreservedInsect","Letter Opener","Slimebound:MaxSlimesRelic"],"acts_visited":["Exordium","TheCity","TheBeyond","TheEnding"],"potions_floor_usage":[55,55],"damage_taken":[{"damage":6.0,"enemies":"2 Louse","floor":2.0,"turns":2.0},{"damage":4.0,"enemies":"Jaw Worm","floor":3.0,"turns":3.0},{"damage":7.0,"enemies":"Small Slimes","floor":5.0,"turns":2.0},{"damage":17.0,"enemies":"downfall:FleeingMerchant","floor":6.0,"turns":4.0},{"damage":10.0,"enemies":"3 Louse","floor":8.0,"turns":2.0},{"damage":12.0,"enemies":"3 Sentries","floor":10.0,"turns":5.0},{"damage":16.0,"enemies":"downfall:FleeingMerchant","floor":14.0,"turns":4.0},{"damage":4.0,"enemies":"2 Fungi Beasts","floor":15.0,"turns":2.0},{"damage":49.0,"enemies":"downfall:Silent","floor":16.0,"turns":7.0},{"damage":7.0,"enemies":"Shell Parasite","floor":19.0,"turns":4.0},{"damage":27.0,"enemies":"Centurion and Healer","floor":20.0,"turns":6.0},{"damage":7.0,"enemies":"Snecko","floor":22.0,"turns":4.0},{"damage":31.0,"enemies":"3 Cultists","floor":23.0,"turns":4.0},{"damage":20.0,"enemies":"Centurion and Healer","floor":25.0,"turns":4.0},{"damage":40.0,"enemies":"Slavers","floor":29.0,"turns":6.0},{"damage":13.0,"enemies":"Cultist and Chosen","floor":32.0,"turns":4.0},{"damage":51.0,"enemies":"downfall:Ironclad","floor":33.0,"turns":7.0},{"damage":32.0,"enemies":"3 Shapes","floor":36.0,"turns":4.0},{"damage":12.0,"enemies":"downfall:FleeingMerchant","floor":37.0,"turns":4.0},{"damage":0.0,"enemies":"Orb Walker","floor":40.0,"turns":3.0},{"damage":30.0,"enemies":"Giant Head","floor":42.0,"turns":7.0},{"damage":0.0,"enemies":"3 Darklings","floor":44.0,"turns":4.0},{"damage":0.0,"enemies":"downfall:FleeingMerchant","floor":45.0,"turns":2.0},{"damage":2.0,"enemies":"4 Shapes","floor":47.0,"turns":2.0},{"damage":21.0,"enemies":"Spire Growth","floor":48.0,"turns":4.0},{"damage":12.0,"enemies":"Maw","floor":49.0,"turns":4.0},{"damage":0.0,"enemies":"downfall:Watcher","floor":50.0,"turns":6.0},{"damage":47.0,"enemies":"downfall:CharBossMerchant","floor":52.0,"turns":7.0},{"damage":109,"enemies":"downfall:NeowBoss","floor":55,"turns":31}],"seed_played":"4098383045221141249","potions_obtained":[{"floor":5.0,"key":"SpeedPotion"},{"floor":15.0,"key":"SkillPotion"},{"floor":16.0,"key":"Weak Potion"},{"floor":19.0,"key":"Swift Potion"},{"floor":22.0,"key":"EssenceOfSteel"},{"floor":23.0,"key":"DistilledChaos"},{"floor":25.0,"key":"SteroidPotion"},{"floor":33.0,"key":"SpeedPotion"},{"floor":36.0,"key":"Swift Potion"},{"floor":40.0,"key":"Slimebound:SlimedPotion"},{"floor":48.0,"key":"EntropicBrew"},{"floor":52.0,"key":"Ancient Potion"}],"is_trial":false,"path_per_floor":["R","M","M","?","M","$","T","M","?","?","?","?","R","$","M","B",null,"R","M","M","?","M","M","T","M","?","?","?","E","R","?","M","B",null,"R","M","$","?","?","M","T","E","R","M","$","?","M","M","M","B",null,"E","$","R","B",null],"character_chosen":"SLIMEBOUND","items_purchased":["Sadistic Nature","Slimebound:Grow","Letter Opener","Slimebound:LeechingTouch","Impatience+1","Slimebound:SamplingLick+1"],"campfire_rested":2,"item_purchase_floors":[37,37,45,45,53,53],"current_hp_per_floor":[60,54,58,58,59,51,51,51,56,50,50,47,47,41,47,16,65,65,65,54,54,61,48,48,44,44,44,44,38,38,38,47,22,65,75,53,51,51,51,57,57,49,73,84,84,84,93,87,96,96,96,59,59,87,66],"gold":31,"neow_bonus":"ONE_RANDOM_RARE_CARD","is_daily":false,"chose_seed":false,"campfire_upgraded":4,"win_rate":0.0,"timestamp":1610357764,"path_taken":["R","M","M","?","M","$","T","M","?","?","?","?","R","?","M","BOSS","R","M","M","?","M","M","T","M","?","?","?","E","R","?","M","BOSS","R","M","$","?","?","M","T","E","R","M","$","?","M","M","M","BOSS","E","$","R","BOSS"],"items_purchased_type":["Card","Card","Relic","Card","Card","Card"],"build_version":"2020-12-22","purchased_purges":4,"victory":true,"max_hp_per_floor":[60,60,60,60,60,60,60,60,65,65,65,65,65,65,65,65,65,65,65,65,65,65,65,65,65,65,65,65,65,65,65,65,65,65,75,81,81,81,81,81,81,81,81,84,84,84,93,93,96,96,96,96,96,96,96],"card_choices":[{"not_picked":["Slimebound:FinishingTackle","Slimebound:LeechEnergy"],"picked":"Slimebound:MegaLick","floor":2.0},{"not_picked":["Slimebound:SplitLeeching","Slimebound:PressTheAttack"],"picked":"Slimebound:GrowthPunch","floor":3.0},{"not_picked":["Slimebound:LeechingTouch","Slimebound:Repurpose","Slimebound:SplitMire"],"picked":"SKIP","floor":5.0},{"not_picked":["Slimebound:GrowthPunch","Slimebound:SamplingLick"],"picked":"Slimebound:DisruptingSlam","floor":6.0},{"not_picked":["Slimebound:SlimeSlap","Slimebound:PressTheAttack"],"picked":"Slimebound:Replication","floor":8.0},{"not_picked":["Slimebound:SplitMire+1","Slimebound:ItLooksTasty"],"picked":"Slimebound:MegaLick+1","floor":10.0},{"not_picked":["Slimebound:Teamwork+1","Slimebound:Replication+1"],"picked":"Slimebound:RejuvenatingLick+1","floor":14.0},{"not_picked":["Slimebound:SplitBruiser+1","Slimebound:GrowthPunch","Slimebound:FinishingTackle"],"picked":"SKIP","floor":15.0},{"not_picked":["Slimebound:LeechEnergy","Slimebound:ViciousTackle"],"picked":"Slimebound:Schlurp+1","floor":19.0},{"not_picked":["Slimebound:Teamwork+1","Slimebound:RollThrough","Slimebound:SplitMire+1"],"picked":"SKIP","floor":20.0},{"not_picked":["Slimebound:FlameTackle+1","Slimebound:SplitMire+1","Slimebound:ViciousTackle"],"picked":"SKIP","floor":22.0},{"not_picked":["Slimebound:SplitMire+1","Slimebound:FinishingTackle+1"],"picked":"Slimebound:OozeBath+1","floor":23.0},{"not_picked":["Slimebound:PressTheAttack+1","Slimebound:SplitMire+1"],"picked":"Slimebound:SamplingLick+1","floor":25.0},{"not_picked":["Slimebound:SplitAcid+1","Slimebound:SlimeTap+1"],"picked":"Slimebound:HungryTackle","floor":29.0},{"not_picked":["Slimebound:GoopSpray+1","Slimebound:SlimeBrawl+1"],"picked":"Slimebound:Dissolve+1","floor":32.0},{"not_picked":["Slimebound:MinionMaster","Slimebound:SelfFormingGoo"],"picked":"Slimebound:MassFeed","floor":33.0},{"not_picked":["Slimebound:LeechEnergy+1","Slimebound:SplitBruiser+1"],"picked":"Slimebound:SamplingLick+1","floor":36.0},{"not_picked":["Slimebound:ComboTackle+1","Slimebound:ForwardTackle"],"picked":"Slimebound:Prepare+1","floor":37.0},{"not_picked":["Slimebound:SlimeSpikes+1","Slimebound:SplitLeeching+1"],"picked":"Slimebound:GrowthPunch+1","floor":40.0},{"not_picked":["Slimebound:RallyTheTroops","Slimebound:SlimeBarrage"],"picked":"Slimebound:SamplingLick+1","floor":42.0},{"not_picked":["Slimebound:ViciousTackle+1","Slimebound:GrowthPunch"],"picked":"Slimebound:Schlurp+1","floor":44.0},{"not_picked":["Slimebound:ViciousTackle+1","Slimebound:RollThrough"],"picked":"Slimebound:HauntingLick+1","floor":45.0},{"not_picked":["Slimebound:LeechingTouch","Slimebound:GrowthPunch","Slimebound:SplitAcid+1"],"picked":"SKIP","floor":47.0},{"not_picked":["Slimebound:LeechingTouch+1","Slimebound:ComboTackle+1"],"picked":"Slimebound:Replication+1","floor":48.0},{"not_picked":["Slimebound:PressTheAttack+1","Slimebound:RollThrough+1"],"picked":"Slimebound:MegaLick+1","floor":49.0},{"not_picked":["Slimebound:RollThrough","Slimebound:GrowthPunch+1"],"picked":"Slimebound:OozeBath+1","floor":52.0}],"player_experience":1326192,"relics_obtained":[{"floor":10.0,"key":"Toxic Egg 2"},{"floor":24.0,"key":"Darkstone Periapt"},{"floor":29.0,"key":"Orichalcum"},{"floor":41.0,"key":"Art of War"},{"floor":42.0,"key":"PreservedInsect"},{"floor":52.0,"key":"Slimebound:MaxSlimesRelic"}],"event_choices":[{"damage_healed":0.0,"max_hp_gain":5.0,"max_hp_loss":0.0,"gold_gain":0.0,"event_name":"Big Fish","player_choice":"Donut","floor":9.0,"gold_loss":0.0,"damage_taken":0.0},{"damage_healed":0.0,"max_hp_gain":0.0,"max_hp_loss":0.0,"gold_gain":0.0,"event_name":"Scrap Ooze","player_choice":"Success","floor":12.0,"gold_loss":0.0,"damage_taken":3.0,"relics_obtained":["Juzu Bracelet"]},{"damage_healed":0.0,"max_hp_gain":0.0,"max_hp_loss":0.0,"gold_gain":0.0,"event_name":"Upgrade Shrine","player_choice":"Upgraded","floor":31.0,"gold_loss":0.0,"damage_taken":0.0,"cards_upgraded":["Slimebound:MegaLick"]},{"damage_healed":0.0,"max_hp_gain":0.0,"max_hp_loss":0.0,"gold_gain":0.0,"event_name":"Accursed Blacksmith","player_choice":"Forge","floor":39.0,"gold_loss":0.0,"damage_taken":0.0,"cards_upgraded":["Slimebound:Grow"]}],"is_beta":false,"boss_relics":[{"not_picked":["Runic Pyramid","Fusion Hammer","Runic Dome"]},{"not_picked":["Velvet Choker","Cursed Key"],"picked":"Empty Cage"}],"items_purged_floors":[6,14,37,53],"is_endless":false,"potions_floor_spawned":[5,15,16,19,22,23,25,33,36,40,48,52],"ascension_level":0}}