{"host":"1c17lcvl7acx821p","time":1610397025,"event":{"mods":["AchievementEnabler","BaseMod","Colored Map","Minty Spire (QoL Compilation)","StSLib"],"gold_per_floor":[112,112,124,124,15,41,41,58,82,101,114,124,155,155,155,259,259,278,44,61,78,98,123,142,142,218,231,10,30,63,75,75,180,180,199,219,16,27,37,70,70,90,114,114,114,114,114],"floor_reached":46,"playtime":2512,"items_purged":["Strike_P","Strike_P"],"score":633,"play_id":"7ebe22f6-e033-42af-aaa7-80df646e10f9","local_time":"20210111223025","is_ascension_mode":false,"campfire_choices":[{"data":"Fasting2","floor":7.0,"key":"SMITH"},{"data":"TalkToTheHand","floor":15.0,"key":"SMITH"},{"data":"Adaptation","floor":32.0,"key":"SMITH"},{"floor":44.0,"key":"RECALL"}],"circlet_count":0,"master_deck":["Strike_P","Strike_P","Defend_P","Defend_P","Defend_P","Defend_P","Eruption","Vigilance","CutThroughFate+1","EmptyBody","Fasting2+1","FearNoEvil","TalkToTheHand+1","Meditate","Crescendo","FlyingSleeves+1","ThirdEye","DeusExMachina","Evaluate+1","Wallop","Adaptation+1","Crescendo+1","Decay","BattleHymn+1","Collect","FlurryOfBlows+1","Fasting2+1","DeceiveReality+1","FlurryOfBlows","LessonLearned+1","ThirdEye+1","TalkToTheHand","Tantrum","Master of Strategy","LikeWater","TalkToTheHand+1"],"relics":["HolyWater","NeowsBlessing","Vajra","Bronze Scales","PreservedInsect","CaptainsWheel","Coffee Dripper","Centennial Puzzle","Happy Flower","WingedGreaves","Bag of Marbles"],"acts_visited":["Exordium","TheCity","TheBeyond"],"potions_floor_usage":[46],"damage_taken":[{"damage":0.0,"enemies":"2 Louse","floor":1.0,"turns":1.0},{"damage":0.0,"enemies":"Cultist","floor":3.0,"turns":1.0},{"damage":0.0,"enemies":"Lagavulin","floor":6.0,"turns":1.0},{"damage":1.0,"enemies":"Jaw Worm","floor":8.0,"turns":2.0},{"damage":8.0,"enemies":"Red Slaver","floor":10.0,"turns":4.0},{"damage":7.0,"enemies":"Exordium Wildlife","floor":11.0,"turns":2.0},{"damage":6.0,"enemies":"Lots of Slimes","floor":12.0,"turns":4.0},{"damage":0.0,"enemies":"3 Sentries","floor":13.0,"turns":3.0},{"damage":12.0,"enemies":"Hexaghost","floor":16.0,"turns":8.0},{"damage":0.0,"enemies":"3 Byrds","floor":18.0,"turns":3.0},{"damage":0.0,"enemies":"Shell Parasite","floor":20.0,"turns":4.0},{"damage":9.0,"enemies":"Snake Plant","floor":21.0,"turns":4.0},{"damage":2.0,"enemies":"Centurion and Healer","floor":22.0,"turns":4.0},{"damage":11.0,"enemies":"Gremlin Leader","floor":23.0,"turns":7.0},{"damage":0.0,"enemies":"3 Cultists","floor":24.0,"turns":4.0},{"damage":2.0,"enemies":"Sentry and Sphere","floor":27.0,"turns":5.0},{"damage":18.0,"enemies":"Snake Plant","floor":29.0,"turns":3.0},{"damage":20.0,"enemies":"Slavers","floor":30.0,"turns":3.0},{"damage":0.0,"enemies":"Snecko","floor":31.0,"turns":4.0},{"damage":0.0,"enemies":"Collector","floor":33.0,"turns":9.0},{"damage":7.0,"enemies":"3 Darklings","floor":35.0,"turns":7.0},{"damage":11.0,"enemies":"Orb Walker","floor":36.0,"turns":3.0},{"damage":24.0,"enemies":"4 Shapes","floor":38.0,"turns":5.0},{"damage":0.0,"enemies":"3 Darklings","floor":39.0,"turns":7.0},{"damage":2.0,"enemies":"Giant Head","floor":40.0,"turns":3.0},{"damage":0.0,"enemies":"Spire Growth","floor":42.0,"turns":4.0},{"damage":34,"enemies":"Awakened One","floor":46,"turns":2}],"seed_played":"7694643635850148972","potions_obtained":[{"floor":1.0,"key":"AttackPotion"},{"floor":8.0,"key":"FearPotion"},{"floor":11.0,"key":"ColorlessPotion"},{"floor":16.0,"key":"PowerPotion"},{"floor":20.0,"key":"PowerPotion"},{"floor":27.0,"key":"PowerPotion"},{"floor":29.0,"key":"PowerPotion"},{"floor":30.0,"key":"Swift Potion"},{"floor":33.0,"key":"Explosive Potion"},{"floor":36.0,"key":"AttackPotion"},{"floor":40.0,"key":"Strength Potion"},{"floor":42.0,"key":"LiquidMemories"}],"is_trial":false,"path_per_floor":["M","?","M","?","$","E","R","M","T","M","M","M","E","?","R","B",null,"M","$","M","M","M","E","M","?","T","M","$","M","E","M","R","B",null,"M","M","$","M","M","E","?","M","T","R","?","B"],"character_chosen":"WATCHER","items_purchased":["Fasting2","FearNoEvil","Wallop","Adaptation","Collect","FlurryOfBlows","Tantrum","Master of Strategy"],"campfire_rested":0,"item_purchase_floors":[5,5,19,19,28,28,37,37],"current_hp_per_floor":[72,72,72,69,69,69,69,68,68,60,53,47,47,52,52,40,77,77,77,77,68,66,55,55,55,55,53,53,35,15,15,15,15,77,70,59,59,35,35,33,33,33,33,33,33,0,0],"gold":114,"neow_bonus":"THREE_ENEMY_KILL","is_daily":false,"chose_seed":false,"campfire_upgraded":3,"win_rate":0.0,"timestamp":1610397025,"path_taken":["M","?","?","?","$","E","R","M","T","M","M","M","E","?","R","BOSS","M","$","M","M","M","E","M","?","T","?","$","M","E","M","R","BOSS","M","M","$","M","M","E","?","?","T","R","?","BOSS"],"items_purchased_type":["Card","Card","Card","Card","Card","Card","Card","Card"],"build_version":"2020-12-22","purchased_purges":2,"victory":false,"max_hp_per_floor":[72,72,72,72,72,72,72,72,72,72,72,72,72,77,77,77,77,77,77,77,77,77,77,77,77,77,77,77,77,77,77,77,77,77,77,77,77,77,77,77,77,77,77,77,77,77,77],"card_choices":[{"not_picked":["WindmillStrike","EmptyMind"],"picked":"CutThroughFate","floor":1.0},{"not_picked":["JustLucky","CrushJoints"],"picked":"EmptyBody","floor":3.0},{"not_picked":["Worship","InnerPeace"],"picked":"TalkToTheHand","floor":6.0},{"not_picked":["BattleHymn","Evaluate"],"picked":"Meditate","floor":8.0},{"not_picked":["CrushJoints","EmptyFist"],"picked":"Crescendo","floor":10.0},{"not_picked":["Crescendo","CutThroughFate"],"picked":"FlyingSleeves","floor":11.0},{"not_picked":["JustLucky","PathToVictory"],"picked":"ThirdEye","floor":12.0},{"not_picked":["Halt","Meditate","ReachHeaven"],"picked":"SKIP","floor":13.0},{"not_picked":["Establishment","ConjureBlade"],"picked":"DeusExMachina","floor":16.0},{"not_picked":["FlyingSleeves","PathToVictory"],"picked":"Evaluate+1","floor":18.0},{"not_picked":["Crescendo+1","Halt+1","Wallop"],"picked":"SKIP","floor":20.0},{"not_picked":["Swivel","SignatureMove","Evaluate"],"picked":"SKIP","floor":21.0},{"not_picked":["FearNoEvil","CutThroughFate+1","Protect"],"picked":"SKIP","floor":22.0},{"not_picked":["Protect","ThirdEye"],"picked":"Crescendo+1","floor":23.0},{"not_picked":["JustLucky+1","CutThroughFate","Pray"],"picked":"SKIP","floor":24.0},{"not_picked":["Evaluate","Judgement"],"picked":"BattleHymn+1","floor":27.0},{"not_picked":["BowlingBash+1","Worship"],"picked":"Fasting2+1","floor":29.0},{"not_picked":["BowlingBash","CarveReality"],"picked":"DeceiveReality+1","floor":30.0},{"not_picked":["EmptyMind+1","SashWhip"],"picked":"FlurryOfBlows","floor":31.0},{"not_picked":["ConjureBlade","MasterReality"],"picked":"LessonLearned","floor":33.0},{"not_picked":["WheelKick","SashWhip+1"],"picked":"ThirdEye+1","floor":35.0},{"not_picked":["SashWhip","Nirvana+1"],"picked":"TalkToTheHand","floor":36.0},{"not_picked":["Weave+1","PathToVictory+1"],"picked":"LikeWater","floor":38.0},{"not_picked":["Protect+1","Weave","EmptyBody"],"picked":"SKIP","floor":39.0},{"not_picked":["SashWhip+1","JustLucky+1","Crescendo+1"],"picked":"SKIP","floor":40.0},{"not_picked":["CutThroughFate+1","JustLucky","PathToVictory"],"picked":"SKIP","floor":42.0}],"player_experience":55011,"relics_obtained":[{"floor":6.0,"key":"Bronze Scales"},{"floor":9.0,"key":"PreservedInsect"},{"floor":13.0,"key":"CaptainsWheel"},{"floor":23.0,"key":"Centennial Puzzle"},{"floor":30.0,"key":"Happy Flower"},{"floor":40.0,"key":"WingedGreaves"},{"floor":43.0,"key":"Bag of Marbles"}],"event_choices":[{"damage_healed":0.0,"max_hp_gain":0.0,"max_hp_loss":0.0,"gold_gain":0.0,"event_name":"The Woman in Blue","player_choice":"Bought 0 Potions","floor":2.0,"gold_loss":0.0,"damage_taken":0.0},{"damage_healed":0.0,"max_hp_gain":0.0,"max_hp_loss":0.0,"gold_gain":0.0,"event_name":"Scrap Ooze","player_choice":"Success","floor":4.0,"gold_loss":0.0,"damage_taken":3.0,"relics_obtained":["Vajra"]},{"damage_healed":0.0,"max_hp_gain":5.0,"max_hp_loss":0.0,"gold_gain":0.0,"event_name":"Big Fish","player_choice":"Donut","floor":14.0,"gold_loss":0.0,"damage_taken":0.0},{"damage_healed":0.0,"max_hp_gain":0.0,"max_hp_loss":0.0,"gold_gain":0.0,"event_name":"Wheel of Change","player_choice":"Cursed","floor":25.0,"gold_loss":0.0,"damage_taken":0.0,"cards_obtained":["Decay"]},{"damage_healed":0.0,"max_hp_gain":0.0,"max_hp_loss":0.0,"gold_gain":0.0,"event_name":"Duplicator","player_choice":"Copied","floor":41.0,"gold_loss":0.0,"damage_taken":0.0,"cards_obtained":["TalkToTheHand"]},{"damage_healed":0.0,"max_hp_gain":0.0,"max_hp_loss":0.0,"gold_gain":0.0,"event_name":"SecretPortal","player_choice":"Took Portal","floor":45.0,"gold_loss":0.0,"damage_taken":0.0}],"is_beta":false,"boss_relics":[{"not_picked":["Runic Pyramid","Fusion Hammer"],"picked":"Coffee Dripper"},{"not_picked":["Cursed Key","SacredBark"],"picked":"HolyWater"}],"items_purged_floors":[19,28],"is_endless":false,"potions_floor_spawned":[1,8,11,16,20,27,29,30,33,36,40,42],"killed_by":"Awakened One","ascension_level":0}}