{"host":"5wznv0010959mrmz","time":1610379874,"event":{"mods":["BaseMod","Highlight Path","Minty Spire (QoL Compilation)","Relic Stats"],"gold_per_floor":[110,110,120,120,45,71,81,110,135,175,187,230,230,58,58,58,58],"floor_reached":16,"playtime":391,"items_purged":["Pain"],"score":306,"play_id":"b27158e9-da0f-4c06-be08-fadea2c3edee","local_time":"20210111094434","is_ascension_mode":true,"campfire_choices":[{"floor":13,"key":"REST"},{"data":"Crippling Poison","floor":15,"key":"SMITH"}],"circlet_count":0,"master_deck":["AscendersBane","Strike_G","Strike_G","Strike_G","Strike_G","Strike_G","Defend_G","Defend_G","Defend_G","Defend_G","Defend_G","Survivor","Neutralize","Crippling Poison+1","All Out Attack","Tactician","Blade Dance","Leg Sweep","Dash","Blade Dance"],"relics":["Ring of the Snake","NeowsBlessing","Potion Belt","WarpedTongs","PreservedInsect","Pen Nib","Bronze Scales","CeramicFish","Incense Burner","Toy Ornithopter"],"acts_visited":["Exordium"],"potions_floor_usage":[8,10,16,16],"damage_taken":[{"damage":0,"enemies":"Jaw Worm","floor":1,"turns":1},{"damage":0,"enemies":"Small Slimes","floor":3,"turns":1},{"damage":0,"enemies":"3 Sentries","floor":6,"turns":1},{"damage":3,"enemies":"Cultist","floor":7,"turns":4},{"damage":25,"enemies":"Lagavulin","floor":8,"turns":8},{"damage":2,"enemies":"Gremlin Nob","floor":10,"turns":3},{"damage":0,"enemies":"Looter","floor":11,"turns":2},{"damage":8,"enemies":"Lagavulin","floor":12,"turns":5},{"damage":51,"enemies":"The Guardian","floor":16,"turns":9}],"seed_played":"-8466282959409995575","potions_obtained":[{"floor":1,"key":"Poison Potion"},{"floor":6,"key":"DistilledChaos"},{"floor":11,"key":"Weak Potion"},{"floor":12,"key":"Fruit Juice"}],"is_trial":false,"path_per_floor":["M","?","M","?","$","E","M","E","T","E","M","E","R","$","R","B"],"character_chosen":"THE_SILENT","items_purchased":["Toy Ornithopter"],"campfire_rested":1,"item_purchase_floors":[14],"current_hp_per_floor":[59,54,54,54,54,54,51,26,26,24,24,16,35,35,35,0,0],"gold":58,"neow_bonus":"THREE_ENEMY_KILL","is_daily":false,"chose_seed":false,"campfire_upgraded":1,"win_rate":0.0,"timestamp":1610379874,"path_taken":["M","?","M","?","$","E","M","E","T","E","M","E","R","$","R","BOSS"],"items_purchased_type":["Relic"],"build_version":"2020-12-22","purchased_purges":1,"victory":false,"max_hp_per_floor":[66,66,66,66,66,66,66,66,66,66,66,66,66,66,66,71,71],"relic_stats":{"counters":[9,34],"Bronze Scales":[36],"CeramicFish":18,"PreservedInsect":80,"Pen Nib":[4],"obtain_stats":[{"Potion Belt":2,"NeowsBlessing":0,"Bronze Scales":9,"CeramicFish":10,"PreservedInsect":6,"Pen Nib":8,"Incense Burner":12,"Toy Ornithopter":14,"Ring of the Snake":0,"WarpedTongs":4},{"Potion Belt":1,"NeowsBlessing":0,"Bronze Scales":5,"CeramicFish":6,"PreservedInsect":3,"Pen Nib":5,"Incense Burner":8,"Toy Ornithopter":8,"Ring of the Snake":0,"WarpedTongs":2},{"Potion Belt":1,"NeowsBlessing":0,"Bronze Scales":15,"CeramicFish":18,"PreservedInsect":3,"Pen Nib":15,"Incense Burner":25,"Toy Ornithopter":25,"Ring of the Snake":0,"WarpedTongs":2}],"Toy Ornithopter":10,"Ring of the Snake":[18],"WarpedTongs":[32]},"card_choices":[{"not_picked":["Expertise","Sucker Punch"],"picked":"Crippling Poison","floor":1},{"not_picked":["Tactician","Distraction"],"picked":"All Out Attack","floor":3},{"not_picked":["Setup","Reflex"],"picked":"Tactician","floor":6},{"not_picked":["Backflip","Dodge and Roll"],"picked":"Blade Dance","floor":7},{"not_picked":["Acrobatics","Predator"],"picked":"Leg Sweep","floor":8},{"not_picked":["Well Laid Plans","Deflect"],"picked":"Dash","floor":10},{"not_picked":["Dagger Throw","Grand Finale","Acrobatics"],"picked":"SKIP","floor":11},{"not_picked":["Cloak And Dagger","Bouncing Flask"],"picked":"Blade Dance","floor":12}],"player_experience":441089,"relics_obtained":[{"floor":6,"key":"PreservedInsect"},{"floor":8,"key":"Pen Nib"},{"floor":9,"key":"Bronze Scales"},{"floor":10,"key":"CeramicFish"},{"floor":12,"key":"Incense Burner"}],"event_choices":[{"damage_healed":0,"gold_gain":0,"player_choice":"Success","damage_taken":5,"relics_obtained":["Potion Belt"],"max_hp_gain":0,"max_hp_loss":0,"event_name":"Scrap Ooze","floor":2,"gold_loss":0},{"damage_healed":0,"gold_gain":0,"player_choice":"Rummage","damage_taken":0,"relics_obtained":["WarpedTongs"],"max_hp_gain":0,"max_hp_loss":0,"event_name":"Accursed Blacksmith","floor":4,"gold_loss":0,"cards_obtained":["Pain"]}],"is_beta":false,"boss_relics":[],"items_purged_floors":[5],"is_endless":false,"potions_floor_spawned":[1,6,11,12],"killed_by":"The Guardian","ascension_level":20}}