{"host":"qheym18ww6mhskxf","time":1610406267,"event":{"mods":["BaseMod","CapriCore","Friendly Minions","GungeonMod","KOR Keyword Fix","Kiyohime£¨?ýï£©","Minty Spire (QoL Compilation)","Prisma Mod","Quick Restart","RRrroohrrRGHHhhh!!","Rare Cards Sparkle","Shop Mod","Spicy Shops","StSLib","Td1madao Mod","Username Fix"],"gold_per_floor":[414,430,430,282,293,293,309,309,309,337,337,51,63,80,80,80,80],"floor_reached":16,"playtime":401,"items_purged":["Strike_R","Strike_R"],"score":220,"play_id":"8dbb8917-981e-4dfc-bb7d-bf7264bed34b","local_time":"20210112080427","daily_mods":["Heirloom","Time Dilation","DeadlyEvents","Elite Swarm"],"is_ascension_mode":true,"campfire_choices":[{"data":"Flex","floor":6.0,"key":"SMITH"},{"data":"Bash","floor":8.0,"key":"SMITH"},{"floor":15.0,"key":"REST"}],"circlet_count":0,"master_deck":["Strike_R","Strike_R","Strike_R","Defend_R","Defend_R","Defend_R","Defend_R","Bash+1","Flex+1","Cleave"],"relics":["Burning Blood","MerchantsRug","Pantograph","InkBottle","Calipers","Membership Card","DemoMod:JetPack"],"acts_visited":["Exordium"],"potions_floor_usage":[],"damage_taken":[{"damage":8.0,"enemies":"2 Louse","floor":1.0,"turns":3.0},{"damage":4.0,"enemies":"Cultist","floor":2.0,"turns":4.0},{"damage":7.0,"enemies":"Jaw Worm","floor":5.0,"turns":4.0},{"damage":13.0,"enemies":"3 Louse","floor":7.0,"turns":3.0},{"damage":29.0,"enemies":"Lagavulin","floor":10.0,"turns":5.0},{"damage":22.0,"enemies":"Exordium Wildlife","floor":13.0,"turns":4.0},{"damage":15.0,"enemies":"Blue Slaver","floor":14.0,"turns":3.0},{"damage":48,"enemies":"The Guardian","floor":16,"turns":13}],"seed_played":"-3264639331692675424","potions_obtained":[{"floor":1.0,"key":"LiquidBronze"},{"floor":3.0,"key":"Strength Potion"},{"floor":3.0,"key":"DuplicationPotion"},{"floor":7.0,"key":"Fire Potion"},{"floor":10.0,"key":"SpeedPotion"}],"is_trial":true,"path_per_floor":["M","M","?","$","M","R","M","R","T","E","T","$","M","M","R","B"],"character_chosen":"IRONCLAD","items_purchased":["MerchantsRug","Membership Card","DemoMod:JetPack","Cleave"],"campfire_rested":1,"item_purchase_floors":[4,12,12,12],"current_hp_per_floor":[70,72,72,72,71,71,64,64,64,41,41,41,25,16,40,17,17],"gold":80,"neow_bonus":"","is_daily":false,"chose_seed":false,"campfire_upgraded":2,"win_rate":0.0,"timestamp":1610406267,"path_taken":["M","M","?","$","?","R","M","R","T","?","?","$","?","M","R","BOSS"],"items_purchased_type":["Relic","Relic","Relic","Card"],"build_version":"2020-12-22","purchased_purges":2,"victory":false,"max_hp_per_floor":[80,80,80,80,80,80,80,80,80,80,80,80,80,80,80,80,80],"card_choices":[{"not_picked":["PrismaMod:IllyaUpgradeOrbs","PrismaMod:IllyaFriendMaker"],"picked":"Flex","floor":1.0},{"not_picked":["PrismaMod:IllyaPoisonBlock","PrismaMod:IllyaBoysLove","PrismaMod:IllyaUberPoisonBlock"],"picked":"SKIP","floor":2.0},{"not_picked":["PrismaMod:IllyaCheapChannelAttack","PrismaMod:IllyaAOECommonAttack","PrismaMod:IllyaBoysLove"],"picked":"SKIP","floor":5.0},{"not_picked":["PrismaMod:IllyaFeed","Clash","PrismaMod:IllyaCheapChannelPoison"],"picked":"SKIP","floor":7.0},{"not_picked":["PrismaMod:IllyaZwei","Limit Break","Juggernaut"],"picked":"SKIP","floor":10.0},{"not_picked":["PrismaMod:IllyaCommonEvoke","Armaments","PrismaMod:IllyaFriendMaker"],"picked":"SKIP","floor":13.0},{"not_picked":["PrismaMod:IllyaCommonEvoke","PrismaMod:IllyaRussianRoulette","PrismaMod:IllyaCheapChannelAttack"],"picked":"SKIP","floor":14.0}],"player_experience":578222,"relics_obtained":[{"floor":9.0,"key":"Pantograph"},{"floor":10.0,"key":"InkBottle"},{"floor":11.0,"key":"Calipers"}],"event_choices":[{"damage_healed":0.0,"max_hp_gain":0.0,"max_hp_loss":0.0,"gold_gain":0.0,"event_name":"Lab","player_choice":"Got Potions","floor":3.0,"gold_loss":0.0,"damage_taken":0.0}],"is_beta":false,"boss_relics":[],"items_purged_floors":[4,12],"is_endless":true,"potions_floor_spawned":[1,7,10],"killed_by":"The Guardian","ascension_level":9}}