{"host":"0pl361p0raiipqb8","time":1610396185,"event":{"mods":["BaseMod","Downfall","Googly Eyes","Marisa????????","Minty Spire (QoL Compilation)","Replay The Spire","StSLib"],"gold_per_floor":[113,189,199,211,63,91,101,101,101,114,126,153,153,169,169,266,266,283,301,90,103,103,103],"floor_reached":22,"playtime":1895,"items_purged":[],"score":275,"play_id":"9d4e137e-e23a-461c-8982-fa704e58ba07","local_time":"20210111231625","is_ascension_mode":false,"campfire_choices":[{"floor":8,"key":"REST"},{"floor":15,"key":"REST"}],"circlet_count":0,"master_deck":["Strike_P","Strike_P","Strike_P","Strike_P","Defend_P","Defend_P","Defend_P","Defend_P","Eruption","Vigilance","Conclude","EmptyBody","SashWhip","EmptyFist","Protect","EmptyMind","Wallop","Devotion","Wireheading","DevaForm","BattleHymn","FollowUp+1","Meditate+1","Omniscience+1","Adaptation+1"],"relics":["Sozu","Strange Spoon","ReplayFunnel","Toxic Egg 2","ChewingGum"],"acts_visited":["Exordium","TheCity"],"potions_floor_usage":[],"damage_taken":[{"damage":10,"enemies":"2 Louse","floor":1,"turns":4},{"damage":0,"enemies":"Jaw Worm","floor":3,"turns":3},{"damage":0,"enemies":"Cultist","floor":4,"turns":2},{"damage":42,"enemies":"Lagavulin","floor":6,"turns":6},{"damage":5,"enemies":"Lots of Slimes","floor":7,"turns":3},{"damage":0,"enemies":"Large Slime","floor":10,"turns":4},{"damage":1,"enemies":"Exordium Wildlife","floor":11,"turns":2},{"damage":0,"enemies":"Gremlin Nob","floor":12,"turns":3},{"damage":0,"enemies":"3 Louse","floor":14,"turns":2},{"damage":0,"enemies":"Fading Forest","floor":16,"turns":11},{"damage":12,"enemies":"3 Byrds","floor":18,"turns":7},{"damage":19,"enemies":"2 Thieves","floor":19,"turns":4},{"damage":39,"enemies":"Chosen and Byrds","floor":21,"turns":6},{"damage":0,"enemies":"Sentry and Sphere","floor":22,"turns":2}],"seed_played":"9046081373781435837","potions_obtained":[],"is_trial":false,"path_per_floor":["M","?","M","M","$","E","M","R","T","M","M","E","?","M","R","B",null,"M","M","$","M","M"],"character_chosen":"WATCHER","items_purchased":["Strange Spoon","Meditate+1","Omniscience+1"],"campfire_rested":2,"item_purchase_floors":[5,20,20],"current_hp_per_floor":[62,62,62,62,62,20,15,36,36,36,35,35,35,35,56,56,72,60,41,41,2,2,2],"gold":103,"neow_bonus":"BOSS_RELIC","is_daily":false,"chose_seed":false,"campfire_upgraded":0,"win_rate":0.0,"timestamp":1610396185,"path_taken":["M","?","M","M","$","E","M","R","T","M","M","E","?","M","R","BOSS","M","M","$","M","M"],"items_purchased_type":["Relic","Card","Card"],"build_version":"2020-12-22","purchased_purges":0,"victory":false,"max_hp_per_floor":[72,72,72,72,72,72,72,72,72,72,72,72,72,72,72,72,72,72,72,72,72,72,72],"card_choices":[{"not_picked":["Consecrate","ReachHeaven"],"picked":"Conclude","floor":1},{"not_picked":["Protect","PathToVictory"],"picked":"EmptyBody","floor":3},{"not_picked":["ConjureBlade","Crescendo"],"picked":"SashWhip","floor":4},{"not_picked":["Consecrate","Replay:AtTheReady"],"picked":"EmptyFist","floor":6},{"not_picked":["Halt","WindmillStrike"],"picked":"Protect","floor":7},{"not_picked":["BowlingBash","WreathOfFlame"],"picked":"EmptyMind","floor":10},{"not_picked":["Worship","Replay:BluntJabs"],"picked":"Wallop","floor":11},{"not_picked":["JustLucky","Replay:LoomingThreat"],"picked":"Devotion","floor":12},{"not_picked":["CutThroughFate","CrushJoints"],"picked":"Wireheading","floor":14},{"not_picked":["Wish+1","Omniscience+1"],"picked":"DevaForm","floor":16},{"not_picked":["Replay:BluntJabs","FlurryOfBlows"],"picked":"BattleHymn","floor":18},{"not_picked":["CutThroughFate","EmptyFist+1"],"picked":"FollowUp+1","floor":19},{"not_picked":["ClearTheMind+1","Replay:BluntJabs"],"picked":"Adaptation+1","floor":21}],"player_experience":208798,"relics_obtained":[{"floor":6,"key":"ReplayFunnel"},{"floor":12,"key":"Toxic Egg 2"}],"event_choices":[{"damage_healed":0,"gold_gain":76,"player_choice":"Gained Gold","damage_taken":0,"max_hp_gain":0,"max_hp_loss":0,"event_name":"Golden Wing","floor":2,"gold_loss":0},{"damage_healed":0,"gold_gain":0,"player_choice":"Got Potions","damage_taken":0,"max_hp_gain":0,"max_hp_loss":0,"event_name":"Lab","floor":13,"gold_loss":0}],"is_beta":false,"boss_relics":[{"not_picked":["Replay:Grab Bag","SlaversCollar"],"picked":"ChewingGum"}],"items_purged_floors":[],"is_endless":false,"potions_floor_spawned":[1,6,10,12,14,19],"killed_by":"Sentry and Sphere","ascension_level":0}}