{"host":"kig4ty9d1aubg29s","time":1610366060,"event":{"mods":["BaseMod","Minty Spire (QoL Compilation)","READ ME - Guardian Mod","READ ME - Snecko Mod","StSLib","The Cursed","The Gatherer","The Hierophant","The Runesmith"],"gold_per_floor":[111,129,155,173,188,188,215,215,215,215,235,255,327,352,352,423,423,438,452,452,452],"floor_reached":20,"playtime":569,"items_purged":[],"score":352,"play_id":"281baa0e-cf88-49bc-88a8-c2444801ed93","local_time":"20210111205420","is_ascension_mode":true,"campfire_choices":[{"data":"Zap","floor":6,"key":"SMITH"},{"data":"Redo","floor":8,"key":"SMITH"},{"floor":15,"key":"REST"}],"circlet_count":0,"master_deck":["AscendersBane","Strike_B","Strike_B","Strike_B+1","Strike_B","Defend_B","Defend_B","Defend_B","Defend_B","Zap+1","Dualcast","Doom and Gloom","Melter+1","Redo+1","Chill","Gash","Beam Cell","BootSequence","Gash","Creative AI","Glacier+1","Ball Lightning"],"relics":["Cracked Core","NeowsBlessing","Bag of Marbles","Odd Mushroom","Eternal Feather","Whetstone","Sozu"],"acts_visited":["Exordium","TheCity"],"potions_floor_usage":[5,18],"damage_taken":[{"damage":0,"enemies":"Cultist","floor":1,"turns":1},{"damage":0,"enemies":"Jaw Worm","floor":2,"turns":1},{"damage":0,"enemies":"Small Slimes","floor":4,"turns":1},{"damage":3,"enemies":"3 Louse","floor":5,"turns":2},{"damage":9,"enemies":"The Mushroom Lair","floor":7,"turns":2},{"damage":11,"enemies":"Looter","floor":11,"turns":2},{"damage":0,"enemies":"Large Slime","floor":12,"turns":3},{"damage":2,"enemies":"3 Sentries","floor":14,"turns":7},{"damage":25,"enemies":"The Guardian","floor":16,"turns":7},{"damage":14,"enemies":"Shell Parasite","floor":18,"turns":3},{"damage":23,"enemies":"Chosen","floor":19,"turns":6},{"damage":35,"enemies":"3 Cultists","floor":20,"turns":3}],"seed_played":"-132782912602762941","potions_obtained":[{"floor":1,"key":"Ancient Potion"},{"floor":4,"key":"Explosive Potion"},{"floor":7,"key":"LiquidBronze"},{"floor":14,"key":"DistilledChaos"}],"is_trial":false,"path_per_floor":["M","M","T","M","M","R","?","R","T","?","M","M","?","E","R","B",null,"M","M","M"],"character_chosen":"DEFECT","items_purchased":[],"campfire_rested":1,"item_purchase_floors":[],"current_hp_per_floor":[64,64,64,64,61,61,52,52,52,52,41,41,41,39,69,44,64,50,27,0,0],"gold":452,"neow_bonus":"THREE_ENEMY_KILL","is_daily":false,"chose_seed":false,"campfire_upgraded":2,"win_rate":0.0,"timestamp":1610366060,"path_taken":["M","M","?","?","M","R","?","R","T","?","M","M","?","E","R","BOSS","M","M","M"],"items_purchased_type":[],"build_version":"2020-12-22","purchased_purges":0,"victory":false,"max_hp_per_floor":[71,71,71,71,71,71,71,71,71,71,71,71,71,71,71,71,71,71,71,71,71],"card_choices":[{"not_picked":["Sweeping Beam","Cold Snap"],"picked":"Doom and Gloom","floor":1},{"not_picked":["FTL","Double Energy"],"picked":"Melter","floor":2},{"not_picked":["Beam Cell","Steam"],"picked":"Redo","floor":4},{"not_picked":["Lockon","Melter"],"picked":"Chill","floor":5},{"not_picked":["Beam Cell","Streamline"],"picked":"Gash","floor":7},{"not_picked":["Hello World","Turbo"],"picked":"Beam Cell","floor":11},{"not_picked":["Capacitor","Skim"],"picked":"BootSequence","floor":12},{"not_picked":["Rebound","Undo"],"picked":"Gash","floor":14},{"not_picked":["Hyperbeam","Machine Learning"],"picked":"Creative AI","floor":16},{"not_picked":["Coolheaded","Barrage"],"picked":"Glacier+1","floor":18},{"not_picked":["Rip and Tear","Conserve Battery+1"],"picked":"Ball Lightning","floor":19}],"player_experience":1933835,"relics_obtained":[{"floor":3,"key":"Bag of Marbles"},{"floor":7,"key":"Odd Mushroom"},{"floor":9,"key":"Eternal Feather"},{"floor":14,"key":"Whetstone"}],"event_choices":[{"damage_healed":0,"gold_gain":0,"player_choice":"Fought Mushrooms","damage_taken":0,"max_hp_gain":0,"max_hp_loss":0,"event_name":"Mushrooms","floor":7,"gold_loss":0},{"damage_healed":0,"gold_gain":0,"player_choice":"Searched \u00271\u0027 times","damage_taken":0,"max_hp_gain":0,"max_hp_loss":0,"event_name":"Dead Adventurer","floor":10,"gold_loss":0},{"damage_healed":0,"gold_gain":72,"player_choice":"Gained Gold","damage_taken":0,"max_hp_gain":0,"max_hp_loss":0,"event_name":"Golden Wing","floor":13,"gold_loss":0}],"is_beta":false,"boss_relics":[{"not_picked":["Coffee Dripper","FrozenCore"],"picked":"Sozu"}],"items_purged_floors":[],"is_endless":false,"potions_floor_spawned":[1,4,7,14,19],"killed_by":"3 Cultists","ascension_level":20}}