{"host":"Connor","time":1610392345,"event":{"mods":["Aspiration","BaseMod","Downfall","Hubris","Marisa????????","Minty Spire (QoL Compilation)","Replay The Spire","StSLib","The Cursed","The Jungle","The Servant 0.9.4"],"gold_per_floor":[111,111,130,15,33,33,66,66,116,13,13,26,26,26,26,26,26],"floor_reached":16,"playtime":433,"items_purged":["Strike_R"],"score":186,"play_id":"fb8e755c-1471-4080-9c40-498995e32b46","local_time":"20210111111225","is_ascension_mode":true,"campfire_choices":[{"data":"Iron Wave","floor":6,"key":"SMITH"},{"data":"Bash","floor":8,"key":"SMITH"},{"data":"expansioncontent:BronzeBeam","floor":13,"key":"SMITH"},{"floor":15,"key":"REST"}],"circlet_count":0,"master_deck":["AscendersBane","Strike_R","Strike_R","Strike_R","Strike_R","Defend_R","Defend_R","Defend_R","Defend_R","Bash+1","Bloodletting","Iron Wave+1","Seeing Red","Shrug It Off","Limit Break","expansioncontent:BronzeBeam+1","Cleave"],"relics":["Burning Blood","Ancient Tea Set","Replay:Wax Seal","Replay:Rubber Ducky","hubris:CrystalStatue"],"acts_visited":["Exordium"],"potions_floor_usage":[7,7,16,16],"damage_taken":[{"damage":9,"enemies":"2 Louse","floor":1,"turns":3},{"damage":4,"enemies":"Cultist","floor":3,"turns":3},{"damage":10,"enemies":"Jaw Worm","floor":5,"turns":4},{"damage":39,"enemies":"Replay:BlueRogue","floor":7,"turns":5},{"damage":0,"enemies":"Exordium Wildlife","floor":12,"turns":4},{"damage":64,"enemies":"Hexaghost","floor":16,"turns":14}],"seed_played":"8638050090785491676","potions_obtained":[{"floor":1,"key":"Swift Potion"},{"floor":2,"key":"LiquidMemories"},{"floor":5,"key":"ColorlessPotion"},{"floor":7,"key":"Elixir"},{"floor":12,"key":"LifebloodPotion"}],"is_trial":false,"path_per_floor":["M","?","M","$","M","R","E","R","T","$","T","M","R","$","R","B"],"character_chosen":"IRONCLAD","items_purchased":["Seeing Red","expansioncontent:BronzeBeam"],"campfire_rested":1,"item_purchase_floors":[4,10],"current_hp_per_floor":[65,65,67,67,63,63,30,30,30,30,30,36,36,36,58,0,0],"gold":26,"neow_bonus":"RANDOM_COMMON_RELIC","is_daily":false,"chose_seed":false,"campfire_upgraded":3,"win_rate":0.0,"timestamp":1610392345,"path_taken":["M","?","M","?","M","R","E","R","T","$","?","M","R","$","R","BOSS"],"items_purchased_type":["Card","Card"],"build_version":"2020-12-18","purchased_purges":1,"victory":false,"max_hp_per_floor":[75,75,75,75,75,75,75,75,75,75,75,75,75,75,75,75,75],"card_choices":[{"not_picked":["Flex","Replay:Undeath\u0027s Touch"],"picked":"Bloodletting","floor":1},{"not_picked":["Carnage","ReplayTheSpireMod:LeadingStrike"],"picked":"Iron Wave","floor":3},{"not_picked":["Wild Strike","Whirlwind"],"picked":"Shrug It Off","floor":5},{"not_picked":["Run Through","Second Wind"],"picked":"Limit Break","floor":7},{"not_picked":["Life Link","Seeing Red"],"picked":"Cleave","floor":12}],"player_experience":603571,"relics_obtained":[{"floor":7,"key":"Replay:Wax Seal"},{"floor":9,"key":"Replay:Rubber Ducky"},{"floor":11,"key":"hubris:CrystalStatue"}],"event_choices":[{"damage_healed":0,"gold_gain":0,"player_choice":"Got Potions","damage_taken":0,"max_hp_gain":0,"max_hp_loss":0,"event_name":"Lab","floor":2,"gold_loss":0}],"is_beta":true,"boss_relics":[],"items_purged_floors":[4],"is_endless":false,"potions_floor_spawned":[1,5,7,12],"killed_by":"Hexaghost","ascension_level":18}}