{"host":"j0vzbnzm6n2ctevn","time":1610354659,"event":{"mods":["AchievementEnabler","BaseMod","Better Note","Dota2Spire","Minty Spire (QoL Compilation)","Quick Restart","Shop Mod","Spicy Shops","StSLib"],"gold_per_floor":[119,129,54,72,87,122,122,22,22,22,52,67,142,317,317,416,416,433,39,39,58,2,21,21,56,56,56,56,71,71,431,431,532,532,543,543,34,46,7,37,37,56,82,116,116,131,131,0,0,0,0,0,0,26,26],"floor_reached":56,"playtime":2250,"items_purged":["Strike_B","Defend_B","Sunder"],"score":1555,"play_id":"82969318-1fb7-41ba-9550-2ad86d13e59c","local_time":"20210111164419","is_ascension_mode":false,"campfire_choices":[{"data":"Defragment","floor":7.0,"key":"SMITH"},{"data":"White Noise","floor":10.0,"key":"SMITH"},{"floor":15.0,"key":"REST"},{"floor":24.0,"key":"DIG"},{"data":"Apotheosis","floor":28.0,"key":"SMITH"},{"floor":30.0,"key":"DIG"},{"floor":32.0,"key":"REST"},{"floor":41.0,"key":"RECALL"},{"floor":47.0,"key":"DIG"},{"floor":49.0,"key":"DIG"},{"floor":52,"key":"DIG"}],"circlet_count":0,"master_deck":["Defend_B","Defend_B","Defend_B+1","Zap","White Noise+1","Loop","Ball Lightning","Defragment+1","White Noise","All For One","Leap","Apotheosis+1","Glacier","Defragment","Capacitor","Capacitor","Core Surge","Buffer","Hello World","Recycle","Ball Lightning+1","Barrage","Consume+1","Double Energy"],"relics":["Sozu","HornCleat","Dota2Spire:BattleFury","InkBottle","Empty Cage","Shovel","Spirit Poop","Kunai","PreservedInsect","Bag of Preparation","Thread and Needle","Letter Opener","Busted Crown","Membership Card","Medical Kit","Oddly Smooth Stone","StoneCalendar","War Paint","Dream Catcher","Dota2Spire:Desolator","Red Mask","Ginger","Dota2Spire:LinkenSphere","Orichalcum"],"acts_visited":["Exordium","TheCity","TheBeyond","TheEnding"],"potions_floor_usage":[],"damage_taken":[{"damage":1.0,"enemies":"Cultist","floor":1.0,"turns":3.0},{"damage":1.0,"enemies":"Jaw Worm","floor":2.0,"turns":3.0},{"damage":0.0,"enemies":"Small Slimes","floor":4.0,"turns":3.0},{"damage":10.0,"enemies":"2 Fungi Beasts","floor":5.0,"turns":3.0},{"damage":22.0,"enemies":"3 Sentries","floor":6.0,"turns":5.0},{"damage":0.0,"enemies":"Lagavulin","floor":11.0,"turns":4.0},{"damage":2.0,"enemies":"Blue Slaver","floor":12.0,"turns":3.0},{"damage":41.0,"enemies":"Slime Boss","floor":16.0,"turns":6.0},{"damage":6.0,"enemies":"Shell Parasite","floor":18.0,"turns":4.0},{"damage":10.0,"enemies":"2 Thieves","floor":21.0,"turns":4.0},{"damage":0.0,"enemies":"Shelled Parasite and Fungi","floor":23.0,"turns":5.0},{"damage":14.0,"enemies":"Gremlin Leader","floor":25.0,"turns":4.0},{"damage":0.0,"enemies":"Chosen and Byrds","floor":29.0,"turns":6.0},{"damage":6.0,"enemies":"Champ","floor":33.0,"turns":8.0},{"damage":0.0,"enemies":"Orb Walker","floor":35.0,"turns":4.0},{"damage":0.0,"enemies":"3 Darklings","floor":38.0,"turns":6.0},{"damage":0.0,"enemies":"Nemesis","floor":40.0,"turns":5.0},{"damage":0.0,"enemies":"Transient","floor":42.0,"turns":5.0},{"damage":0.0,"enemies":"Reptomancer","floor":44.0,"turns":5.0},{"damage":0.0,"enemies":"Spire Growth","floor":46.0,"turns":5.0},{"damage":47,"enemies":"Awakened One","floor":50,"turns":8},{"damage":32,"enemies":"Shield and Spear","floor":54,"turns":6},{"damage":11,"enemies":"The Heart","floor":55,"turns":9}],"seed_played":"1534828656205201893","potions_obtained":[],"is_trial":false,"path_per_floor":["M","M","$","M","M","E","R","$","T","R","E","M","?","?","R","B",null,"M","$","?","M","?","M","R","E","T","?","R","M","R","?","R","B",null,"M","?","$","M","$","E","R","M","T","E","?","M","R","?","R","B",null,"R","$","E","B",null],"character_chosen":"DEFECT","items_purchased":["Shovel","Apotheosis","Glacier","Defragment","Membership Card","Medical Kit","Oddly Smooth Stone","StoneCalendar","Recycle"],"campfire_rested":2,"item_purchase_floors":[19,19,19,19,37,37,37,37,39],"current_hp_per_floor":[74,73,73,73,63,41,41,41,41,41,41,39,28,28,50,9,75,69,69,69,59,59,59,59,45,45,45,45,45,45,9,31,25,75,75,75,75,75,75,75,75,75,75,75,75,75,75,75,75,28,75,75,75,43,32],"gold":26,"neow_bonus":"BOSS_RELIC","is_daily":false,"chose_seed":false,"campfire_upgraded":3,"win_rate":0.0,"timestamp":1610354659,"path_taken":["M","M","$","M","M","E","R","?","T","R","E","M","?","?","R","BOSS","M","$","?","M","?","M","R","E","T","?","R","M","R","?","R","BOSS","M","?","$","M","$","E","R","M","T","E","?","?","R","?","R","BOSS","R","$","E","BOSS"],"items_purchased_type":["Relic","Card","Card","Card","Relic","Relic","Relic","Relic","Card"],"build_version":"2020-12-22","purchased_purges":3,"victory":true,"max_hp_per_floor":[75,75,75,75,75,75,75,75,75,75,75,75,75,75,75,75,75,75,75,75,75,75,75,75,75,75,75,75,75,75,75,75,75,75,75,75,75,75,75,75,75,75,75,75,75,75,75,75,75,75,75,75,75,75,75],"card_choices":[{"not_picked":["Rip and Tear","Redo"],"picked":"White Noise","floor":1.0},{"not_picked":["Genetic Algorithm","Go for the Eyes"],"picked":"Loop","floor":2.0},{"not_picked":["Darkness","Barrage"],"picked":"Ball Lightning","floor":4.0},{"not_picked":["Undo","Leap"],"picked":"Sunder","floor":5.0},{"not_picked":["Cold Snap","Genetic Algorithm"],"picked":"Defragment","floor":6.0},{"not_picked":["Cold Snap","Compile Driver"],"picked":"White Noise","floor":11.0},{"not_picked":["Stack","Barrage"],"picked":"BootSequence","floor":12.0},{"not_picked":["Creative AI","Echo Form"],"picked":"All For One","floor":16.0},{"not_picked":["Coolheaded","BootSequence"],"picked":"Leap","floor":18.0},{"not_picked":["Skim","FTL"],"picked":"Capacitor","floor":21.0},{"not_picked":["Compile Driver","Gash","Turbo+1"],"picked":"SKIP","floor":23.0},{"not_picked":["Gash","Hologram"],"picked":"Capacitor","floor":25.0},{"not_picked":["Skim","Leap"],"picked":"Core Surge","floor":29.0},{"not_picked":["Amplify","Fission"],"picked":"Buffer","floor":33.0},{"not_picked":["Go for the Eyes"],"picked":"SKIP","floor":35.0},{"not_picked":[],"picked":"Hello World","floor":38.0},{"not_picked":["Rip and Tear+1"],"picked":"SKIP","floor":40.0},{"not_picked":["Turbo+1"],"picked":"SKIP","floor":42.0},{"not_picked":[],"picked":"Ball Lightning+1","floor":44.0},{"not_picked":[],"picked":"Consume+1","floor":46.0},{"not_picked":[],"picked":"Double Energy","floor":54}],"player_experience":144902,"relics_obtained":[{"floor":6.0,"key":"HornCleat"},{"floor":9.0,"key":"Dota2Spire:BattleFury"},{"floor":11.0,"key":"InkBottle"},{"floor":24.0,"key":"PreservedInsect"},{"floor":25.0,"key":"Bag of Preparation"},{"floor":26.0,"key":"Thread and Needle"},{"floor":30.0,"key":"Letter Opener"},{"floor":40.0,"key":"War Paint"},{"floor":44.0,"key":"Dream Catcher"},{"floor":47.0,"key":"Dota2Spire:Desolator"},{"floor":49.0,"key":"Ginger"},{"floor":52,"key":"Dota2Spire:LinkenSphere"},{"floor":54,"key":"Orichalcum"}],"event_choices":[{"damage_healed":0.0,"max_hp_gain":0.0,"max_hp_loss":0.0,"gold_gain":75.0,"event_name":"World of Goop","player_choice":"Gather Gold","floor":13.0,"gold_loss":0.0,"damage_taken":11.0},{"damage_healed":0.0,"max_hp_gain":0.0,"max_hp_loss":0.0,"gold_gain":175.0,"event_name":"Liars Game","player_choice":"AGREE","floor":14.0,"gold_loss":0.0,"damage_taken":0.0,"cards_obtained":["Doubt"]},{"cards_removed":["Doubt"],"damage_healed":0.0,"max_hp_gain":0.0,"max_hp_loss":0.0,"gold_gain":0.0,"event_name":"Bonfire Elementals","player_choice":"Offered Curse","floor":20.0,"gold_loss":0.0,"damage_taken":0.0,"relics_obtained":["Spirit Poop"]},{"damage_healed":0.0,"max_hp_gain":0.0,"max_hp_loss":0.0,"gold_gain":0.0,"event_name":"WeMeetAgain","player_choice":"Paid Gold","floor":22.0,"gold_loss":56.0,"damage_taken":0.0,"relics_obtained":["Kunai"]},{"cards_removed":["Strike_B"],"damage_healed":0.0,"max_hp_gain":0.0,"max_hp_loss":0.0,"gold_gain":0.0,"event_name":"Purifier","player_choice":"Purged","floor":27.0,"gold_loss":0.0,"damage_taken":0.0},{"damage_healed":0.0,"max_hp_gain":0.0,"max_hp_loss":0.0,"gold_gain":360.0,"event_name":"Knowing Skull","player_choice":"GOLD GOLD GOLD GOLD ","floor":31.0,"potions_obtained":[],"gold_loss":0.0,"damage_taken":36.0,"cards_obtained":[]},{"cards_removed":["BootSequence"],"damage_healed":0.0,"max_hp_gain":0.0,"max_hp_loss":0.0,"gold_gain":0.0,"event_name":"Falling","player_choice":"Removed Skill","floor":36.0,"gold_loss":0.0,"damage_taken":0.0},{"damage_healed":0.0,"max_hp_gain":0.0,"max_hp_loss":0.0,"gold_gain":0.0,"cards_transformed":["Dualcast"],"event_name":"Transmorgrifier","player_choice":"Transformed","floor":45.0,"gold_loss":0.0,"damage_taken":0.0,"cards_obtained":["Barrage"]},{"damage_healed":0.0,"max_hp_gain":0.0,"max_hp_loss":0.0,"gold_gain":0.0,"event_name":"Tomb of Lord Red Mask","player_choice":"Paid","floor":48.0,"gold_loss":131.0,"damage_taken":0.0,"relics_obtained":["Red Mask"]}],"is_beta":false,"boss_relics":[{"not_picked":["SacredBark","Fusion Hammer"],"picked":"Empty Cage"},{"not_picked":["Runic Dome","Velvet Choker"],"picked":"Busted Crown"}],"items_purged_floors":[3,8,37],"is_endless":false,"potions_floor_spawned":[1,4,11,16,21,25,35,38,44,46],"ascension_level":0}}