{"host":"w8hjdfrntrrvtiu5","time":1610341831,"event":{"mods":["AchievementEnabler","BaseMod","BetterRewards","Conspire","Hubris","Marisa????????","Minty Spire (QoL Compilation)","Shop Mod","StSLib","Td1madao Mod","The Animator","egg","everything is the same but u backflip on backflip"],"gold_per_floor":[110,110,110,123,49,49,79,79,128,128,138,148,148,167,167,244,244,263,277,108,121,140,140,167,167,236,249,280,280,299,315,315,394,394,408,428,280,280,294,294,342,342,342],"floor_reached":42,"playtime":1419,"items_purged":[],"score":791,"play_id":"eccc3640-16b5-4000-8ab8-6a36dce2e1e8","local_time":"20210111001031","is_ascension_mode":true,"campfire_choices":[{"data":"Redo","floor":6.0,"key":"SMITH"},{"data":"Electrodynamics","floor":8.0,"key":"SMITH"},{"floor":10.0,"key":"REST"},{"data":"Coolheaded","floor":13.0,"key":"SMITH"},{"data":"Zap","floor":15.0,"key":"SMITH"},{"floor":23.0,"key":"REST"},{"data":"Biased Cognition","floor":25,"key":"SMITH"},{"data":"Dualcast","floor":29,"key":"SMITH"},{"data":"Coolheaded","floor":32,"key":"SMITH"},{"data":"White Noise","floor":40,"key":"SMITH"}],"circlet_count":0,"master_deck":["AscendersBane","Strike_B","Strike_B","Strike_B","Strike_B","Defend_B","Defend_B","Defend_B","Zap+1","Dualcast+1","Electrodynamics+1","Redo+1","Steam","Capacitor","Steam","Gash","Coolheaded+1","Biased Cognition+1","Steam","hubris:PowerSurge","Core Surge","Leap","Chill","Cold Snap+1","Coolheaded+1","White Noise+1","Biased Cognition","Turbo"],"relics":["Cracked Core","Blood Vial","hubris:ToyBattleship","hubris:CrackedHourglass","Strawberry","hubris:SoftwareUpdate","Pen Nib","hubris:RunicObelisk","Juzu Bracelet","hubris:64BitClover"],"acts_visited":["Exordium","TheCity","TheBeyond"],"potions_floor_usage":[28,33,33,42,42],"damage_taken":[{"damage":0.0,"enemies":"Cultist","floor":1.0,"turns":3.0},{"damage":10.0,"enemies":"Small Slimes","floor":4.0,"turns":3.0},{"damage":35.0,"enemies":"3 Sentries","floor":7.0,"turns":5.0},{"damage":0.0,"enemies":"conspire:RoseBush","floor":11.0,"turns":2.0},{"damage":10.0,"enemies":"Blue Slaver","floor":12.0,"turns":4.0},{"damage":0.0,"enemies":"2 Fungi Beasts","floor":14.0,"turns":3.0},{"damage":18.0,"enemies":"Hexaghost","floor":16.0,"turns":11.0},{"damage":2.0,"enemies":"Chosen","floor":18.0,"turns":4.0},{"damage":0.0,"enemies":"3 Byrds","floor":19.0,"turns":2.0},{"damage":12.0,"enemies":"Centurion and Healer","floor":21.0,"turns":5.0},{"damage":24.0,"enemies":"Snake Plant","floor":22.0,"turns":5.0},{"damage":21,"enemies":"Slavers","floor":24,"turns":2},{"damage":0,"enemies":"Chosen and Byrds","floor":27,"turns":3},{"damage":0,"enemies":"conspire:Head Lice","floor":28,"turns":5},{"damage":4,"enemies":"Shelled Parasite and Fungi","floor":30,"turns":5},{"damage":3,"enemies":"Centurion and Healer","floor":31,"turns":5},{"damage":33,"enemies":"hubris:MusketHawk","floor":33,"turns":10},{"damage":4,"enemies":"Orb Walker","floor":35,"turns":3},{"damage":8,"enemies":"3 Darklings","floor":36,"turns":5},{"damage":15,"enemies":"Transient","floor":39,"turns":5},{"damage":10,"enemies":"2 Orb Walkers","floor":41,"turns":5},{"damage":48,"enemies":"Giant Head","floor":42,"turns":7}],"seed_played":"-2531440110223071444","potions_obtained":[{"floor":7.0,"key":"BlessingOfTheForge"},{"floor":12.0,"key":"Ancient Potion"},{"floor":16.0,"key":"SpeedPotion"},{"floor":18.0,"key":"SteroidPotion"},{"floor":24,"key":"Regen Potion"},{"floor":28,"key":"SteroidPotion"},{"floor":39,"key":"Dexterity Potion"},{"floor":41,"key":"LiquidMemories"}],"is_trial":false,"path_per_floor":["M","?","?","M","$","R","E","R","T","R","M","M","R","M","R","B",null,"M","M","$","M","M","R","E","R","T","M","E","R","M","M","R","B",null,"M","M","$","?","M","R","?","E"],"character_chosen":"DEFECT","items_purchased":["Capacitor","Core Surge","Leap","Juzu Bracelet"],"campfire_rested":2,"item_purchase_floors":[5,20,20,37],"current_hp_per_floor":[46,46,71,61,61,61,26,26,26,47,49,41,41,43,43,27,60,60,62,62,52,30,51,39,39,39,41,57,57,55,54,54,23,64,62,56,56,56,43,43,35,0,0],"gold":342,"neow_bonus":"THREE_RARE_CARDS","is_daily":false,"chose_seed":false,"campfire_upgraded":8,"win_rate":0.0,"timestamp":1610341831,"path_taken":["M","?","?","M","$","R","E","R","T","R","M","M","R","M","R","BOSS","M","M","$","M","M","R","E","R","T","M","E","R","?","M","R","BOSS","M","M","$","?","M","R","?","E"],"items_purchased_type":["Card","Card","Card","Relic"],"build_version":"2020-12-22","purchased_purges":0,"victory":false,"max_hp_per_floor":[71,71,71,71,71,71,71,71,71,71,71,71,71,71,71,71,71,71,71,71,71,71,71,78,78,78,78,78,78,78,78,78,78,78,78,78,78,78,78,78,78,78,78],"card_choices":[{"not_picked":["Amplify","Creative AI"],"picked":"Electrodynamics","floor":0.0},{"not_picked":["Reinforced Body","Force Field"],"picked":"Redo","floor":1.0},{"not_picked":["Conserve Battery","Auto Shields"],"picked":"Steam","floor":4.0},{"not_picked":["Streamline","Chill"],"picked":"Steam","floor":7.0},{"not_picked":["Hello World","Amplify"],"picked":"Gash","floor":11.0},{"not_picked":["Steam","Streamline"],"picked":"Coolheaded","floor":12.0},{"not_picked":["Recycle","Lockon","Barrage"],"picked":"SKIP","floor":14.0},{"not_picked":["Fission","Meteor Strike"],"picked":"Biased Cognition","floor":16.0},{"not_picked":["Stack","Go for the Eyes"],"picked":"Steam","floor":18.0},{"not_picked":["Conserve Battery","White Noise"],"picked":"hubris:PowerSurge","floor":19.0},{"not_picked":["Hologram","Stack"],"picked":"Chill","floor":21.0},{"not_picked":["Rebound","FTL"],"picked":"Cold Snap+1","floor":22.0},{"not_picked":["Conserve Battery","Redo"],"picked":"Coolheaded","floor":24},{"not_picked":["Steam","Genetic Algorithm","Reprogram"],"picked":"SKIP","floor":27},{"not_picked":["Streamline","Coolheaded","Hologram"],"picked":"SKIP","floor":28},{"not_picked":["Barrage","Rip and Tear","Steam"],"picked":"SKIP","floor":30},{"not_picked":["Rainbow","Rip and Tear"],"picked":"White Noise","floor":31},{"not_picked":["Electrodynamics","Amplify"],"picked":"Biased Cognition","floor":33},{"not_picked":["Go for the Eyes","Beam Cell"],"picked":"Turbo","floor":35},{"not_picked":["Chill","Turbo+1","Sweeping Beam"],"picked":"SKIP","floor":36},{"not_picked":["Rebound","Beam Cell","Doom and Gloom"],"picked":"SKIP","floor":39}],"player_experience":2389626,"relics_obtained":[{"floor":7.0,"key":"Blood Vial"},{"floor":9.0,"key":"hubris:ToyBattleship"},{"floor":24,"key":"Strawberry"},{"floor":26,"key":"hubris:SoftwareUpdate"},{"floor":28,"key":"Pen Nib"},{"floor":41,"key":"hubris:64BitClover"}],"event_choices":[{"cards_removed":["Genetic Algorithm"],"damage_healed":25.0,"max_hp_gain":0.0,"max_hp_loss":0.0,"gold_gain":0.0,"event_name":"Bonfire Elementals","player_choice":"Offered Uncommon","floor":3.0,"gold_loss":0.0,"damage_taken":0.0},{"cards_removed":["Defend_B"],"damage_healed":0,"gold_gain":0,"player_choice":"Removed Skill","damage_taken":0,"max_hp_gain":0,"max_hp_loss":0,"event_name":"Falling","floor":38,"gold_loss":0},{"damage_healed":0,"gold_gain":0,"player_choice":"Fight","damage_taken":0,"max_hp_gain":0,"max_hp_loss":0,"event_name":"Mysterious Sphere","floor":41,"gold_loss":0}],"is_beta":false,"boss_relics":[{"not_picked":["conspire:RoyalGoblet","Empty Cage"],"picked":"hubris:CrackedHourglass"},{"not_picked":["SacredBark","hubris:HollowSoul"],"picked":"hubris:RunicObelisk"}],"items_purged_floors":[],"is_endless":false,"potions_floor_spawned":[7,12,16,18,19,24,28,31,39,41],"killed_by":"Giant Head","ascension_level":14}}