{"host":"19tvufa8xx4wr4o1","time":1610326838,"event":{"mods":["AchievementEnabler","BaseMod","Better Sensory Stone","Better Third Choice","Highlight Path","Minty Spire (QoL Compilation)","Relic Stats","StSLib"],"gold_per_floor":[160,79,98,98,98,125,137,168,203,233,276,302,314,338,350,435,447,472,121,133,33,43,43,43,43],"floor_reached":24,"playtime":1067,"items_purged":["Strike_P","Strike_P"],"score":364,"play_id":"756aad83-f690-4709-9046-a26d7e1ff0b6","local_time":"20210110190038","is_ascension_mode":true,"campfire_choices":[{"data":"Wallop","floor":13,"key":"SMITH"},{"data":"Meditate","floor":15,"key":"SMITH"},{"floor":23,"key":"REST"}],"circlet_count":0,"master_deck":["AscendersBane","Strike_P","Strike_P","Defend_P","Defend_P","Defend_P","Defend_P","Eruption+1","Vigilance+1","Halt","FollowUp","Brilliance","Wallop+1","BattleHymn","Consecrate","Vengeance","Meditate+1","Blasphemy","WaveOfTheHand","InnerPeace+1","Protect"],"relics":["Tiny House","MawBank","Potion Belt","Shuriken","Cursed Key","Prayer Wheel"],"acts_visited":["Exordium","TheCity"],"potions_floor_usage":[14,24],"damage_taken":[{"damage":0.0,"enemies":"Small Slimes","floor":1.0,"turns":2.0},{"damage":0.0,"enemies":"2 Louse","floor":3.0,"turns":3.0},{"damage":8.0,"enemies":"Gremlin Nob","floor":6.0,"turns":3.0},{"damage":1,"enemies":"Cultist","floor":8,"turns":3},{"damage":9,"enemies":"Blue Slaver","floor":10,"turns":5},{"damage":7,"enemies":"Lagavulin","floor":11,"turns":6},{"damage":9,"enemies":"Red Slaver","floor":12,"turns":3},{"damage":0,"enemies":"Gremlin Gang","floor":14,"turns":3},{"damage":15,"enemies":"The Guardian","floor":16,"turns":9},{"damage":15,"enemies":"Shell Parasite","floor":18,"turns":5},{"damage":7,"enemies":"Chosen","floor":20,"turns":5},{"damage":16,"enemies":"Snake Plant","floor":22,"turns":5},{"damage":44,"enemies":"Gremlin Leader","floor":24,"turns":5}],"seed_played":"2160194931536096544","potions_obtained":[{"floor":0.0,"key":"Ambrosia"},{"floor":8,"key":"BlessingOfTheForge"},{"floor":10,"key":"SkillPotion"},{"floor":11,"key":"EssenceOfSteel"},{"floor":16,"key":"FearPotion"}],"is_trial":false,"path_per_floor":["M","$","M","?","?","E","?","M","T","M","E","M","R","M","R","B",null,"M","$","M","$","M","R","E"],"character_chosen":"WATCHER","items_purchased":["Brilliance","Prayer Wheel"],"campfire_rested":1,"item_purchase_floors":[2,19],"current_hp_per_floor":[66,66,66,66,66,58,58,57,57,48,41,32,32,32,32,17,59,44,44,37,37,21,42,0,0],"gold":43,"neow_bonus":"BOSS_RELIC","is_daily":false,"chose_seed":false,"campfire_upgraded":2,"win_rate":0.0,"timestamp":1610326838,"path_taken":["M","$","M","?","?","E","?","M","T","M","E","M","R","?","R","BOSS","M","$","M","$","M","R","E"],"items_purchased_type":["Card","Relic"],"build_version":"2020-12-22","purchased_purges":2,"victory":false,"max_hp_per_floor":[73,73,73,73,73,73,73,73,73,73,73,73,73,73,73,73,73,73,73,73,73,73,73,73,73],"relic_stats":{"counters":[13,57],"Shuriken":[13],"Prayer Wheel":2,"MawBank":156,"Cursed Key":0,"obtain_stats":[{"Potion Belt":9,"Tiny House":0,"Shuriken":11,"Prayer Wheel":19,"PureWater":0,"MawBank":6,"Cursed Key":17},{"Potion Belt":4,"Tiny House":0,"Shuriken":6,"Prayer Wheel":10,"PureWater":0,"MawBank":3,"Cursed Key":9},{"Potion Belt":11,"Tiny House":0,"Shuriken":22,"Prayer Wheel":42,"PureWater":0,"MawBank":8,"Cursed Key":37}]},"card_choices":[{"not_picked":["JustLucky","Evaluate"],"picked":"Halt","floor":0.0},{"not_picked":["Weave","ThirdEye"],"picked":"FollowUp","floor":1.0},{"not_picked":["Prostrate","PathToVictory"],"picked":"Wallop","floor":3.0},{"not_picked":["Sanctity","JustLucky"],"picked":"BattleHymn","floor":6.0},{"not_picked":["JustLucky","EmptyBody","CrushJoints"],"picked":"SKIP","floor":8},{"not_picked":["SpiritShield","ReachHeaven"],"picked":"Consecrate","floor":10},{"not_picked":["Sanctity","ClearTheMind"],"picked":"Vengeance","floor":11},{"not_picked":["Wireheading","JustLucky"],"picked":"Meditate","floor":12},{"not_picked":["ThirdEye","PathToVictory","FollowUp"],"picked":"SKIP","floor":14},{"not_picked":["MasterReality","Devotion"],"picked":"Blasphemy","floor":16},{"not_picked":["Halt+1","Consecrate","Collect"],"picked":"SKIP","floor":18},{"not_picked":["ThirdEye","ClearTheMind"],"picked":"WaveOfTheHand","floor":20},{"not_picked":["CutThroughFate","Crescendo","EmptyBody"],"picked":"SKIP","floor":20},{"not_picked":["SandsOfTime+1","PathToVictory"],"picked":"InnerPeace+1","floor":22},{"not_picked":["Worship","BowlingBash+1"],"picked":"Protect","floor":22}],"player_experience":569667,"relics_obtained":[{"floor":6.0,"key":"MawBank"},{"floor":9,"key":"Potion Belt"},{"floor":11,"key":"Shuriken"}],"event_choices":[{"damage_healed":0.0,"max_hp_gain":0.0,"max_hp_loss":0.0,"gold_gain":0.0,"event_name":"Living Wall","player_choice":"Grow","floor":4.0,"gold_loss":0.0,"damage_taken":0.0,"cards_upgraded":["Eruption"]},{"damage_healed":0.0,"max_hp_gain":0.0,"max_hp_loss":0.0,"gold_gain":1.0,"event_name":"betterThird:BetterScrap","player_choice":"LEAVE","floor":5.0,"gold_loss":0.0,"damage_taken":0.0,"cards_obtained":["Bludgeon"]},{"damage_healed":0,"gold_gain":0,"player_choice":"Leave","damage_taken":0,"max_hp_gain":0,"max_hp_loss":0,"event_name":"FaceTrader","floor":7,"gold_loss":0}],"is_beta":false,"boss_relics":[{"not_picked":["Pandora\u0027s Box","Sozu"],"picked":"Cursed Key"}],"items_purged_floors":[19,21],"is_endless":false,"potions_floor_spawned":[8,10,11,16,18],"killed_by":"Gremlin Leader","ascension_level":15}}