{"host":"eeuhgv8goqdjv4ip","time":1610336598,"event":{"mods":["2.2 Compatiblity","AchievementEnabler","BaseMod","Challenge The Spire","Colored Map","Colored Powertips","Conspire","Dark Map","Hubris","Infinite Spire","Marisa????????","Minty Spire (QoL Compilation)","Permanent Neow","Replay The Spire","SIMod","StSLib","The Animator","The Saiyan","The Servant 0.9.4","The Wild Card"],"gold_per_floor":[109,126,126,139,152,152,167,197,197,214,247,247,247,280,280,280,280],"floor_reached":16,"playtime":1777,"items_purged":[],"score":128,"play_id":"591bb7cd-465d-48db-a339-5a06eedd834d","local_time":"20210110234318","daily_mods":["Green Cards","Blue Cards"],"is_ascension_mode":true,"campfire_choices":[{"data":"Terror","floor":6.0,"key":"SMITH"}],"circlet_count":0,"master_deck":["Strike_R","Strike_R","Strike_R","Strike_R","Defend_R","Defend_R","Defend_R","Defend_R","Terror+1","Prepared","Flex","Havoc","Rebound+1","Well Laid Plans","Sword Boomerang","Shrug It Off","hubris:SpecializedCircuitry","Rage"],"relics":["Burning Blood","Replay:Baseball","Tiny Chest","Smiling Mask","infinitespire:Beetle Shell","Strawberry"],"acts_visited":["Exordium"],"potions_floor_usage":[],"damage_taken":[{"damage":5.0,"enemies":"Jaw Worm","floor":1.0,"turns":4.0},{"damage":1.0,"enemies":"Cultist","floor":2.0,"turns":3.0},{"damage":6.0,"enemies":"2 Louse","floor":4.0,"turns":3.0},{"damage":4.0,"enemies":"Gremlin Gang","floor":5.0,"turns":5.0},{"damage":0.0,"enemies":"Large Slime","floor":7.0,"turns":4.0},{"damage":21.0,"enemies":"3 Sentries","floor":8.0,"turns":7.0},{"damage":5.0,"enemies":"Looter","floor":10.0,"turns":3.0},{"damage":32.0,"enemies":"Gremlin Nob","floor":11.0,"turns":4.0},{"damage":23.0,"enemies":"Lagavulin","floor":14.0,"turns":6.0},{"damage":43,"enemies":"The Guardian","floor":16,"turns":5}],"seed_played":"4552540421921894560","potions_obtained":[{"floor":4.0,"key":"PowerPotion"},{"floor":5.0,"key":"PowerPotion"},{"floor":7.0,"key":"Milkshake"},{"floor":10.0,"key":"Elixir"},{"floor":11.0,"key":"ColorlessPotion"}],"is_trial":true,"path_per_floor":["M","M","?","M","M","R","M","E","T","M","E","?","?","E","R_BF","B"],"character_chosen":"IRONCLAD","items_purchased":[],"campfire_rested":0,"item_purchase_floors":[],"current_hp_per_floor":[80,80,80,80,80,80,80,65,65,66,40,40,40,30,56,13,13],"gold":280,"neow_bonus":"","is_daily":false,"chose_seed":false,"campfire_upgraded":1,"win_rate":0.0,"timestamp":1610336598,"path_taken":["M","M","?","M","M","R","M","E","T","?","E","?","?","E","R_BF","BOSS"],"items_purchased_type":[],"build_version":"2020-12-22","purchased_purges":0,"victory":false,"max_hp_per_floor":[80,80,80,80,80,80,80,80,80,80,80,80,80,87,87,87,87],"card_choices":[{"not_picked":["Conserve Battery","infinitespire:OneForAll"],"picked":"Terror","floor":1.0},{"not_picked":["Slice","ReplayTheSpireMod:Strike From Hell"],"picked":"Prepared","floor":2.0},{"not_picked":["Turbo","Tactician"],"picked":"Flex","floor":4.0},{"not_picked":["Bane","Toxin Wave"],"picked":"Havoc","floor":5.0},{"not_picked":["Body Slam","Thunderclap"],"picked":"Rebound","floor":7.0},{"not_picked":["All For One","Quick Slash"],"picked":"Well Laid Plans","floor":8.0},{"not_picked":["Backflip","Perfected Strike"],"picked":"Sword Boomerang","floor":10.0},{"not_picked":["Headbutt","Warcry"],"picked":"Shrug It Off","floor":11.0},{"not_picked":["Thunderclap","Flying Knee"],"picked":"Rage","floor":14.0}],"player_experience":459095,"relics_obtained":[{"floor":8.0,"key":"Replay:Baseball"},{"floor":9.0,"key":"Tiny Chest"},{"floor":11.0,"key":"Smiling Mask"},{"floor":14.0,"key":"Strawberry"}],"event_choices":[{"cards_removed":["Bash"],"damage_healed":0.0,"max_hp_gain":0.0,"max_hp_loss":0.0,"gold_gain":0.0,"event_name":"Bonfire Elementals","player_choice":"Offered Basic","floor":3.0,"gold_loss":0.0,"damage_taken":0.0},{"damage_healed":0.0,"max_hp_gain":0.0,"max_hp_loss":0.0,"gold_gain":0.0,"cards_transformed":["Strike_R"],"event_name":"Living Wall","player_choice":"Change","floor":12.0,"gold_loss":0.0,"damage_taken":0.0,"cards_obtained":["hubris:SpecializedCircuitry"]},{"damage_healed":0.0,"max_hp_gain":0.0,"max_hp_loss":0.0,"gold_gain":0.0,"event_name":"WeMeetAgain","player_choice":"Gave Potion","floor":13.0,"gold_loss":0.0,"damage_taken":0.0,"relics_obtained":["infinitespire:Beetle Shell"]}],"is_beta":false,"boss_relics":[],"items_purged_floors":[],"is_endless":false,"potions_floor_spawned":[4,5,7,10,11],"killed_by":"The Guardian","ascension_level":1}}