{"host":"9vk21r6l9dtkpvh9","time":1610391634,"event":{"mods":["100% Spire Juice","2.2 Compatiblity","AchievementEnabler","Act Like it!","Astrologer","Bartender","BaseMod","Better Altar","Better Match","Better Note","Better Sensory Stone","Better Skull","Better Third Choice","BetterRewards","CapriCore","CatGirl Mod","Colored Map","Colored Powertips","Conspire","DeckTracker","Downfall","Energized Spire","Gensokyo","GifTheSpireLib","Hermit","Hubris","Infinite Spire","Jorbs\u0027s Wanderer Trilogy","Koishi","LagranYue(???·?)","Luminous","Mad Scientist","Marisa????????","Mimic Mod","Minty Spire (QoL Compilation)","Potionbrewer","Rare Cards Sparkle","Relic Stats","Replay The Spire","SOS???????","Shade Mod","Spicy Shops","StSLib","SuperFastMode","Td1madao Mod","The Animator","The Forsaken","The Gatherer","The Hierophant","The Immortal","The Jungle","The Marked","The Mystic","The Necromancer","The Runesmith","The Senshi","The Servant 0.9.4","The Valiant","The Wild Card","TheBandit","TheSwordswoman","TheWitcher","WarShipGirlsR/????R mod","vexMod","???Mod??????Boss"],"gold_per_floor":[110,110,120,41,54,88,88,118,151,151,121,121,139,139,139,244,244,244,244],"floor_reached":18,"playtime":1190,"items_purged":["Strike_P"],"score":322,"play_id":"e703ca7f-d6a0-4e78-b81a-736c4df5602b","local_time":"20210111140034","is_ascension_mode":true,"campfire_choices":[{"floor":7.0,"key":"REST"},{"floor":12,"key":"REST"},{"floor":15,"key":"DIG"}],"circlet_count":0,"master_deck":["Strike_P","Strike_P","Defend_P","Defend_P","Defend_P","Defend_P","Eruption","Vigilance","MentalFortress+1","Replay:ManipulateFuture","DeceiveReality","Conclude","Vengeance","FlurryOfBlows","EmptyBody","Establishment"],"relics":["PureWater","LagranYue:RandomDrawCardRelic","Frozen Eye","Replay:Wax Seal","Medical Kit","Runesmith:AutoHammer","Shovel","Ice Cream","ReplayTheSpireMod:Shallot","InkBottle","LagranYue:ContractPerformanceRelic"],"acts_visited":["Exordium","TheCity"],"potions_floor_usage":[16,16,16],"damage_taken":[{"damage":4.0,"enemies":"Small Slimes","floor":1.0,"turns":5.0},{"damage":17.0,"enemies":"2 Louse","floor":3.0,"turns":6.0},{"damage":4.0,"enemies":"Cultist","floor":5.0,"turns":3.0},{"damage":36.0,"enemies":"Gremlin Nob","floor":6.0,"turns":5.0},{"damage":19.0,"enemies":"3 Sentries","floor":8.0,"turns":4.0},{"damage":17.0,"enemies":"Looter","floor":9.0,"turns":9.0},{"damage":0,"enemies":"Looter","floor":11,"turns":4},{"damage":1,"enemies":"Red Slaver","floor":13,"turns":5},{"damage":2,"enemies":"Hexaghost","floor":16,"turns":9},{"damage":26,"enemies":"3 Byrds","floor":18,"turns":3}],"seed_played":"-6293100871713186534","potions_obtained":[{"floor":1.0,"key":"Strength Potion"},{"floor":3.0,"key":"potionbrewer:DiscountPotion"},{"floor":8.0,"key":"Toxic Potion"},{"floor":13,"key":"potionbrewer:MidasPotion"}],"is_trial":false,"path_per_floor":["M","?","M","?","M","E","R","E","MIM","?","M","R","M","?","R_BF","B",null,"M"],"character_chosen":"WATCHER","items_purchased":["Frozen Eye","MentalFortress","Replay:Wax Seal","Medical Kit"],"campfire_rested":2,"item_purchase_floors":[0,0,0,0],"current_hp_per_floor":[68,73,56,56,52,16,39,20,3,3,3,26,25,23,23,21,77,51,51],"gold":244,"neow_bonus":"","is_daily":false,"chose_seed":false,"campfire_upgraded":0,"win_rate":0.0,"timestamp":1610391634,"path_taken":["M","?","M","?","M","E","R","E","MIM","?","?","R","M","?","R_BF","BOSS","M"],"items_purchased_type":["Relic","Card","Relic","Relic"],"build_version":"2020-12-22","purchased_purges":1,"victory":false,"max_hp_per_floor":[72,77,77,77,77,77,77,77,77,77,77,77,77,77,77,77,77,77,77],"relic_stats":{"Shovel":1,"counters":[34,175],"Medical Kit":[3],"obtain_stats":[{"Ice Cream":8,"theForsaken:ScaryMask":8,"LagranYue:RandomDrawCardRelic":0,"Omamori":41,"Sling":5,"energizedSpire:DeadBattery":17,"LagranYue:MagicReflectiveArmorRelic":26,"Medical Kit":0,"Frozen Eye":0,"Anchor":30,"LagranYue:ContractPerformanceRelic":17,"hubris:Icosahedron":31,"Shovel":6,"FaceOfCleric":19,"ReplayTheSpireMod:Shallot":9,"MealTicket":28,"hubris:ToyBattleship":22,"infinitespire:EmpoweringShard":30,"vexMod:CursedCompass":34,"Runesmith:AutoHammer":4,"PureWater":0,"Toxic Egg 2":43,"Replay:Wax Seal":0,"InkBottle":15},{"Ice Cream":29,"theForsaken:ScaryMask":4,"LagranYue:RandomDrawCardRelic":0,"Omamori":20,"Sling":2,"energizedSpire:DeadBattery":9,"LagranYue:MagicReflectiveArmorRelic":14,"Medical Kit":24,"Frozen Eye":24,"Anchor":15,"LagranYue:ContractPerformanceRelic":33,"hubris:Icosahedron":15,"Shovel":28,"FaceOfCleric":10,"ReplayTheSpireMod:Shallot":30,"MealTicket":15,"hubris:ToyBattleship":12,"infinitespire:EmpoweringShard":15,"vexMod:CursedCompass":16,"Runesmith:AutoHammer":26,"PureWater":0,"Toxic Egg 2":20,"Replay:Wax Seal":24,"InkBottle":32},{"Ice Cream":145,"theForsaken:ScaryMask":14,"LagranYue:RandomDrawCardRelic":0,"Omamori":108,"Sling":6,"energizedSpire:DeadBattery":51,"LagranYue:MagicReflectiveArmorRelic":77,"Medical Kit":122,"Frozen Eye":122,"Anchor":82,"LagranYue:ContractPerformanceRelic":172,"hubris:Icosahedron":82,"Shovel":141,"FaceOfCleric":58,"ReplayTheSpireMod:Shallot":154,"MealTicket":82,"hubris:ToyBattleship":69,"infinitespire:EmpoweringShard":82,"vexMod:CursedCompass":91,"Runesmith:AutoHammer":133,"PureWater":0,"Toxic Egg 2":108,"Replay:Wax Seal":122,"InkBottle":163}],"InkBottle":[5]},"card_choices":[{"not_picked":["CrushJoints","Weave"],"picked":"Replay:ManipulateFuture","floor":1.0},{"not_picked":["Collect","ThirdEye"],"picked":"DeceiveReality","floor":3.0},{"not_picked":["InnerPeace","Crescendo"],"picked":"Conclude","floor":5.0},{"not_picked":["Replay:Anticipation","Crescendo","ClearTheMind"],"picked":"SKIP","floor":6.0},{"not_picked":["Conclude","Nirvana"],"picked":"Vengeance","floor":8.0},{"not_picked":["ThirdEye","DeceiveReality"],"picked":"FlurryOfBlows","floor":11},{"not_picked":["Ragnarok","WheelKick"],"picked":"EmptyBody","floor":13},{"not_picked":["Blasphemy","Replay:AllIn"],"picked":"Establishment","floor":16}],"player_experience":646470,"relics_obtained":[{"floor":6.0,"key":"Shovel"},{"floor":8.0,"key":"Ice Cream"},{"floor":9.0,"key":"ReplayTheSpireMod:Shallot"},{"floor":15,"key":"InkBottle"}],"event_choices":[{"damage_healed":0.0,"max_hp_gain":5.0,"max_hp_loss":0.0,"gold_gain":0.0,"event_name":"Big Fish","player_choice":"Donut","floor":2.0,"gold_loss":0.0,"damage_taken":0.0},{"damage_healed":0.0,"max_hp_gain":0.0,"max_hp_loss":0.0,"gold_gain":0.0,"event_name":"WeMeetAgain","player_choice":"Paid Gold","floor":4.0,"gold_loss":79.0,"damage_taken":0.0,"relics_obtained":["Runesmith:AutoHammer"]},{"damage_healed":0,"gold_gain":0,"player_choice":"Leave","damage_taken":0,"max_hp_gain":0,"max_hp_loss":0,"event_name":"FaceTrader","floor":10,"gold_loss":0}],"is_beta":false,"boss_relics":[{"not_picked":["ReplayTheSpireMod:DimensionalGlitch","conspire:RunicOctahedron"],"picked":"LagranYue:ContractPerformanceRelic"}],"items_purged_floors":[0],"is_endless":false,"potions_floor_spawned":[1,3,8,13],"killed_by":"3 Byrds","ascension_level":4}}