{"host":"l84l8xigz5v5foa2","time":1610373666,"event":{"mods":["2.2 Compatiblity","AchievementEnabler","BaseMod","Better Note","Better Vampires","Card Filter","Colored Map","DeckTracker","Downfall","Gremlin Skip","Highlight Path","Keyboard Shortcuts","Minty Spire (QoL Compilation)","Permanent Neow","Quick Restart","Relic Filter","Relic Stats","StSLib","SuperFastMode","Transform Curses","Unknown Chances"],"gold_per_floor":[0,11,11,11,0,0,78,98,98,98,98,98],"floor_reached":10,"playtime":278,"items_purged":[],"score":108,"play_id":"63d5a129-ae3b-4ac0-be83-ab3a7e770972","local_time":"20210111230106","is_ascension_mode":true,"campfire_choices":[{"data":"Guardian:FierceBash","floor":1,"key":"SMITH"},{"data":"Guardian:Suspension","floor":9,"key":"SMITH"}],"circlet_count":0,"master_deck":["AscendersBane","Guardian:Strike_Guardian","Guardian:Strike_Guardian","Guardian:Defend_Guardian","Guardian:Defend_Guardian","Guardian:Defend_Guardian","Guardian:CurlUp","Guardian:TwinSlam","Guardian:FloatingOrbs","Guardian:FierceBash+1","Guardian:Gem_Cyan","Guardian:Recover","Guardian:Gem_Green","Guardian:Suspension+1"],"relics":["Guardian:ModeShifter","Guardian:PocketSentry","Guardian:PickAxe","InkBottle"],"acts_visited":[],"potions_floor_usage":[],"damage_taken":[{"damage":16,"enemies":"2 Louse","floor":2,"turns":2},{"damage":0,"enemies":"downfall:FleeingMerchant","floor":5,"turns":4},{"damage":4,"enemies":"downfall:FleeingMerchant","floor":6,"turns":4},{"damage":0,"enemies":"Small Slimes","floor":8,"turns":4},{"damage":41,"enemies":"Gremlin Nob","floor":10,"turns":4}],"seed_played":"4801320041764413419","potions_obtained":[{"floor":8,"key":"Energy Potion"}],"is_trial":false,"path_per_floor":["R","M","?","?","$","?","T","M","R","E"],"character_chosen":"GUARDIAN","items_purchased":[],"campfire_rested":0,"item_purchase_floors":[],"current_hp_per_floor":[65,49,49,38,38,34,34,34,34,0,0,0],"gold":98,"neow_bonus":"TRANSFORM_TWO_CARDS","is_daily":false,"chose_seed":false,"campfire_upgraded":2,"win_rate":0.0,"timestamp":1610373666,"path_taken":["R","M","?","?","?","?","T","?","R","E"],"items_purchased_type":[],"build_version":"2020-12-22","purchased_purges":0,"victory":false,"max_hp_per_floor":[72,72,72,72,72,72,72,72,72,72,72,72],"relic_stats":{"counters":[5,17],"obtain_stats":[{"Guardian:PickAxe":6,"Guardian:ModeShifter":0,"Guardian:PocketSentry":4,"InkBottle":7},{"Guardian:PickAxe":3,"Guardian:ModeShifter":0,"Guardian:PocketSentry":1,"InkBottle":3},{"Guardian:PickAxe":10,"Guardian:ModeShifter":0,"Guardian:PocketSentry":2,"InkBottle":10}],"InkBottle":[3]},"card_choices":[{"not_picked":["Guardian:VentSteam","Guardian:TimeCapacitor"],"picked":"Guardian:Gem_Cyan","floor":2},{"not_picked":["Guardian:Gem_Cyan","Guardian:Reroute"],"picked":"Guardian:Recover","floor":5},{"not_picked":["Guardian:Clone","Guardian:TemporalShield"],"picked":"Guardian:Suspension","floor":8}],"player_experience":3095813,"relics_obtained":[{"floor":7,"key":"InkBottle"}],"event_choices":[{"damage_healed":0,"gold_gain":0,"player_choice":"Success","damage_taken":11,"relics_obtained":["Guardian:PocketSentry"],"max_hp_gain":0,"max_hp_loss":0,"event_name":"Scrap Ooze","floor":4,"gold_loss":0}],"is_beta":false,"boss_relics":[],"items_purged_floors":[],"is_endless":false,"potions_floor_spawned":[8],"killed_by":"Gremlin Nob","ascension_level":20}}