{"host":"g8a0qo0vjtg6u5wv","time":1610366301,"event":{"mods":["BaseMod","Colored Map","Custom Start","KOR Keyword Fix","Minty Spire (QoL Compilation)","StSLib","SuperFastMode"],"gold_per_floor":[109,121,196,211,136,164,164,164,191,208,222,252,272,283,283,387,387,399,221,239,239,239,239],"floor_reached":22,"playtime":579,"items_purged":["Defend_P","CutThroughFate"],"score":248,"play_id":"fd228726-7740-4b87-bb3f-6b9be7118e68","local_time":"20210111205821","is_ascension_mode":true,"campfire_choices":[{"data":"Study","floor":8.0,"key":"SMITH"},{"data":"ForeignInfluence","floor":15,"key":"SMITH"}],"circlet_count":0,"master_deck":["Eruption+1","Vigilance","Dramatic Entrance","TalkToTheHand","DeceiveReality","PathToVictory","Study+1","FearNoEvil","TalkToTheHand","Evaluate","TalkToTheHand","ForeignInfluence+1","Brilliance","ConjureBlade","CrushJoints","Evaluate","Worship","InnerPeace","Judgement","Prostrate","MentalFortress","PathToVictory+1"],"relics":["PureWater","Whetstone","Damaru","Pen Nib","Pandora\u0027s Box","MutagenicStrength"],"acts_visited":["Exordium","TheCity"],"potions_floor_usage":[14,22],"damage_taken":[{"damage":0.0,"enemies":"Jaw Worm","floor":1.0,"turns":3.0},{"damage":0.0,"enemies":"Cultist","floor":2.0,"turns":2.0},{"damage":1.0,"enemies":"Small Slimes","floor":4.0,"turns":3.0},{"damage":1.0,"enemies":"3 Sentries","floor":6.0,"turns":6.0},{"damage":0.0,"enemies":"Exordium Thugs","floor":10.0,"turns":3.0},{"damage":5.0,"enemies":"Blue Slaver","floor":11.0,"turns":3.0},{"damage":25,"enemies":"Lagavulin","floor":12,"turns":7},{"damage":0,"enemies":"3 Louse","floor":13,"turns":2},{"damage":9,"enemies":"Exordium Thugs","floor":14,"turns":3},{"damage":5,"enemies":"The Guardian","floor":16,"turns":10},{"damage":11,"enemies":"Spheric Guardian","floor":18,"turns":3},{"damage":23,"enemies":"Shell Parasite","floor":20,"turns":4},{"damage":27,"enemies":"Shelled Parasite and Fungi","floor":22,"turns":4}],"seed_played":"1219387309014991240","potions_obtained":[{"floor":1.0,"key":"DistilledChaos"},{"floor":4.0,"key":"Dexterity Potion"},{"floor":10.0,"key":"Swift Potion"},{"floor":12,"key":"ColorlessPotion"}],"is_trial":false,"path_per_floor":["M","M","?","M","$","E","?","R","T","M","M","E","M","M","R","B",null,"M","$","M","?","M"],"character_chosen":"WATCHER","items_purchased":["MentalFortress"],"campfire_rested":0,"item_purchase_floors":[19],"current_hp_per_floor":[72,72,61,60,60,59,59,59,59,59,54,29,29,20,20,15,58,47,47,24,24,0,0],"gold":239,"neow_bonus":"RANDOM_COLORLESS","is_daily":false,"chose_seed":false,"campfire_upgraded":2,"win_rate":0.0,"timestamp":1610366301,"path_taken":["M","M","?","M","$","E","?","R","T","M","?","E","M","M","R","BOSS","M","$","M","?","M"],"items_purchased_type":["Card"],"build_version":"2020-12-22","purchased_purges":2,"victory":false,"max_hp_per_floor":[72,72,72,72,72,72,72,72,72,72,72,72,72,72,72,72,72,72,72,72,72,72,72],"card_choices":[{"not_picked":["Bandage Up","Forethought"],"picked":"Dramatic Entrance","floor":0.0},{"not_picked":["ClearTheMind","FlyingSleeves"],"picked":"TalkToTheHand","floor":1.0},{"not_picked":["FlyingSleeves","CutThroughFate"],"picked":"DeceiveReality","floor":2.0},{"not_picked":["ClearTheMind","FlurryOfBlows"],"picked":"PathToVictory","floor":4.0},{"not_picked":["FlyingSleeves","Devotion"],"picked":"Study","floor":6.0},{"not_picked":["CarveReality","Halt"],"picked":"FearNoEvil","floor":10.0},{"not_picked":["Pray","FollowUp"],"picked":"TalkToTheHand","floor":11.0},{"not_picked":["Nirvana","WreathOfFlame"],"picked":"Evaluate","floor":12},{"not_picked":["EmptyBody","LikeWater"],"picked":"TalkToTheHand","floor":13},{"not_picked":["WreathOfFlame","SandsOfTime"],"picked":"ForeignInfluence","floor":14},{"not_picked":["MasterReality","SpiritShield"],"picked":"Brilliance","floor":16},{"not_picked":["CutThroughFate","Evaluate+1"],"picked":"Prostrate","floor":18},{"not_picked":["BowlingBash","FlurryOfBlows"],"picked":"PathToVictory+1","floor":20}],"player_experience":562682,"relics_obtained":[{"floor":6.0,"key":"Whetstone"},{"floor":9.0,"key":"Damaru"},{"floor":12,"key":"Pen Nib"}],"event_choices":[{"damage_healed":0.0,"max_hp_gain":0.0,"max_hp_loss":0.0,"gold_gain":75.0,"event_name":"World of Goop","player_choice":"Gather Gold","floor":3.0,"gold_loss":0.0,"damage_taken":11.0},{"damage_healed":0.0,"max_hp_gain":0.0,"max_hp_loss":0.0,"gold_gain":0.0,"event_name":"Upgrade Shrine","player_choice":"Upgraded","floor":7.0,"gold_loss":0.0,"damage_taken":0.0,"cards_upgraded":["Eruption"]},{"damage_healed":0,"gold_gain":0,"player_choice":"Inject Mutagens","damage_taken":0,"relics_obtained":["MutagenicStrength"],"max_hp_gain":0,"max_hp_loss":0,"event_name":"Drug Dealer","floor":21,"gold_loss":0}],"is_beta":false,"boss_relics":[{"not_picked":["Calling Bell","Tiny House"],"picked":"Pandora\u0027s Box"}],"items_purged_floors":[5,19],"is_endless":false,"potions_floor_spawned":[1,4,10,12],"killed_by":"Shelled Parasite and Fungi","ascension_level":5}}