{"host":"0jile2yd1dg679g0","time":1610407418,"event":{"mods":["AchievementEnabler","Act Like it!","BaseMod","Better Third Choice","Colored Map","Colored Powertips","Gensokyo","Hermit","Luminous","Marisa????????","Minty Spire (QoL Compilation)","Random Character Button","Spicy Shops","StSLib","The Servant 0.9.4","Transform Curses","Waifu the Spire"],"gold_per_floor":[115,146,6,6,18,18,43,43,43,58,85,102,102,122,122,227,227,241,257,277,277,297,297,324,27,73,73,91,91,91,20,20,119,119,133,143,143,72,85,85,102,102,102,121,156,156,169,169,169,169],"floor_reached":51,"playtime":3646,"items_purged":[],"score":909,"play_id":"d70d0080-0a4b-4ed4-955a-c34243e77c0c","local_time":"20210111182338","is_ascension_mode":true,"campfire_choices":[{"floor":6,"key":"REST"},{"data":"White Noise","floor":8,"key":"SMITH"},{"data":"Self Repair","floor":13,"key":"SMITH"},{"data":"Hyperbeam","floor":15,"key":"SMITH"},{"data":"Streamline","floor":23,"key":"SMITH"},{"data":"Beam Cell","floor":27,"key":"SMITH"},{"data":"Undo","floor":29,"key":"SMITH"},{"data":"Rebound","floor":32,"key":"SMITH"},{"floor":40,"key":"RECALL"},{"floor":42,"key":"REST"},{"floor":46,"key":"REST"},{"floor":49,"key":"REST"}],"circlet_count":0,"master_deck":["Strike_B","Strike_B","Defend_B","Defend_B","Defend_B","Zap","Dualcast","Panache","Beam Cell+1","White Noise+1","Streamline+1","Hyperbeam+1","Go for the Eyes","Sweeping Beam","Self Repair+1","FTL","Buffer+1","CurseOfTheBell","Sweeping Beam+1","Gash","Beam Cell","Leap","Hello World+1","Undo+1","Buffer+1","Rebound+1","Beam Cell","Seek","White Noise+1","Conserve Battery+1","Leap","Core Surge","BootSequence","Conserve Battery+1","Turbo+1","Rebound","Hello World+1","Rebound+1","Hologram+1","Static Discharge+1","Turbo"],"relics":["Cracked Core","Pantograph","Pocketwatch","Mango","Anchor","InkBottle","Eternal Feather","Calling Bell","Potion Belt","Frozen Egg 2","FossilizedHelix","Meat on the Bone","Medical Kit","Centennial Puzzle","Dream Catcher","Fusion Hammer","Orrery","Cables","Shuriken"],"acts_visited":["Gensokyo:Gensokyo","TheCity","TheBeyond"],"potions_floor_usage":[2,19,20,22,33,45,45,45,45,45],"damage_taken":[{"damage":5,"enemies":"Gensokyo:Python","floor":1,"turns":4},{"damage":19,"enemies":"Gensokyo:Mamizou","floor":2,"turns":9},{"damage":6,"enemies":"Gensokyo:3_Fairies","floor":5,"turns":3},{"damage":0,"enemies":"Gensokyo:Mamizou","floor":7,"turns":6},{"damage":6,"enemies":"Gensokyo:Gryphon","floor":10,"turns":3},{"damage":9,"enemies":"Gensokyo:Cirno","floor":11,"turns":5},{"damage":1,"enemies":"Gensokyo:CorruptedTreant","floor":12,"turns":2},{"damage":0,"enemies":"Gensokyo:Kitsune","floor":14,"turns":2},{"damage":39,"enemies":"Gensokyo:Kokoro","floor":16,"turns":8},{"damage":22,"enemies":"2 Thieves","floor":18,"turns":3},{"damage":0,"enemies":"3 Byrds","floor":19,"turns":2},{"damage":0,"enemies":"Shelled Parasite and Fungi","floor":20,"turns":2},{"damage":18,"enemies":"Chosen and Byrds","floor":22,"turns":5},{"damage":30,"enemies":"Book of Stabbing","floor":24,"turns":5},{"damage":13,"enemies":"Cultist and Chosen","floor":28,"turns":5},{"damage":0,"enemies":"Champ","floor":33,"turns":12},{"damage":30,"enemies":"3 Darklings","floor":35,"turns":3},{"damage":0,"enemies":"3 Shapes","floor":36,"turns":3},{"damage":6,"enemies":"3 Darklings","floor":39,"turns":3},{"damage":8,"enemies":"Maw","floor":41,"turns":8},{"damage":0,"enemies":"4 Shapes","floor":44,"turns":2},{"damage":25,"enemies":"Reptomancer","floor":45,"turns":6},{"damage":2,"enemies":"Sphere and 2 Shapes","floor":47,"turns":3},{"damage":34,"enemies":"Donu and Deca","floor":50,"turns":7}],"seed_played":"4837281168781446769","potions_obtained":[{"floor":1,"key":"SkillPotion"},{"floor":10,"key":"LiquidMemories"},{"floor":12,"key":"Dexterity Potion"},{"floor":14,"key":"DistilledChaos"},{"floor":16,"key":"EssenceOfSteel"},{"floor":19,"key":"Dexterity Potion"},{"floor":20,"key":"Block Potion"},{"floor":28,"key":"PowerPotion"},{"floor":33,"key":"SkillPotion"},{"floor":35,"key":"SkillPotion"},{"floor":41,"key":"Dexterity Potion"}],"is_trial":false,"path_per_floor":["M","?","?","?","M","R","E","R","T","M","E","M","R","M","R","B",null,"M","M","M","?","M","R","E","$","T","R","M","R","?","$","R","B",null,"M","M","?","$","M","R","M","R","T","M","E","R","M","?","R","B",null],"character_chosen":"DEFECT","items_purchased":["Medical Kit","Centennial Puzzle","Rebound","Beam Cell","Orrery"],"campfire_rested":4,"item_purchase_floors":[25,25,31,31,38],"current_hp_per_floor":[49,30,30,23,17,43,43,43,43,37,28,27,36,46,55,51,89,77,87,87,87,79,89,69,69,69,84,81,89,89,89,89,89,89,69,79,79,79,83,89,89,89,89,89,74,89,87,87,89,65],"gold":169,"neow_bonus":"RANDOM_COLORLESS_2","is_daily":false,"chose_seed":false,"campfire_upgraded":7,"win_rate":0.0,"timestamp":1610407418,"path_taken":["M","?","?","?","M","R","E","R","T","M","E","M","R","M","R","BOSS","M","M","M","?","?","R","E","$","T","R","M","R","?","?","R","BOSS","M","M","?","$","M","R","M","R","T","M","E","R","?","?","R","BOSS"],"items_purchased_type":["Relic","Relic","Card","Card","Relic"],"build_version":"2020-12-22","purchased_purges":0,"victory":true,"max_hp_per_floor":[75,75,75,89,89,89,89,89,89,89,89,89,89,89,89,89,89,89,89,89,89,89,89,89,89,89,89,89,89,89,89,89,89,89,89,89,89,89,89,89,89,89,89,89,89,89,89,89,89,89],"card_choices":[{"not_picked":["Secret Technique","HandOfGreed"],"picked":"Panache","floor":0},{"not_picked":["Barrage","Go for the Eyes"],"picked":"Beam Cell","floor":1},{"not_picked":["Recycle","BootSequence"],"picked":"White Noise","floor":2},{"not_picked":["Barrage","Ball Lightning"],"picked":"Streamline","floor":5},{"not_picked":["BootSequence","Cold Snap"],"picked":"Hyperbeam","floor":7},{"not_picked":["Turbo","Ball Lightning"],"picked":"Go for the Eyes","floor":10},{"not_picked":["Tempest","Cold Snap"],"picked":"Sweeping Beam","floor":11},{"not_picked":["Barrage","Cold Snap"],"picked":"Self Repair","floor":12},{"not_picked":["Ball Lightning","Darkness"],"picked":"FTL","floor":14},{"not_picked":["All For One","Multi-Cast"],"picked":"Buffer","floor":16},{"not_picked":["Heatsinks+1","Ball Lightning+1"],"picked":"Sweeping Beam+1","floor":18},{"not_picked":["Capacitor+1","Cold Snap"],"picked":"Gash","floor":19},{"not_picked":["Barrage","Redo+1"],"picked":"Beam Cell","floor":20},{"not_picked":["Beam Cell","Loop+1"],"picked":"Leap","floor":22},{"not_picked":["White Noise","Rebound+1"],"picked":"Hello World+1","floor":24},{"not_picked":["Leap","Scrape"],"picked":"Undo","floor":28},{"not_picked":["Biased Cognition+1","Fission"],"picked":"Seek","floor":33},{"not_picked":["Turbo+1","Auto Shields+1"],"picked":"White Noise+1","floor":35},{"not_picked":["Storm+1","Heatsinks+1"],"picked":"Conserve Battery+1","floor":36},{"not_picked":["Ball Lightning+1","Lockon"],"picked":"Leap","floor":38},{"not_picked":["Compile Driver","Redo"],"picked":"Core Surge","floor":38},{"not_picked":["Leap","Melter"],"picked":"BootSequence","floor":38},{"not_picked":["Beam Cell+1","Turbo"],"picked":"Conserve Battery+1","floor":39},{"not_picked":["Rainbow","Steam"],"picked":"Turbo+1","floor":41},{"not_picked":["Redo+1","Heatsinks+1"],"picked":"Rebound","floor":42},{"not_picked":["Glacier+1","Storm+1","Ball Lightning+1"],"picked":"SKIP","floor":44},{"not_picked":["Blizzard+1","Conserve Battery"],"picked":"Hello World+1","floor":45},{"not_picked":["Go for the Eyes+1","Barrage+1"],"picked":"Rebound+1","floor":46},{"not_picked":["Tempest+1","Auto Shields"],"picked":"Hologram+1","floor":47},{"not_picked":["Cold Snap","Rebound+1"],"picked":"Turbo","floor":49}],"player_experience":270900,"relics_obtained":[{"floor":2,"key":"Pantograph"},{"floor":7,"key":"Anchor"},{"floor":9,"key":"InkBottle"},{"floor":11,"key":"Eternal Feather"},{"floor":17,"key":"Potion Belt"},{"floor":17,"key":"Frozen Egg 2"},{"floor":17,"key":"FossilizedHelix"},{"floor":24,"key":"Meat on the Bone"},{"floor":26,"key":"Dream Catcher"},{"floor":43,"key":"Cables"},{"floor":45,"key":"Shuriken"}],"event_choices":[{"damage_healed":0,"gold_gain":0,"player_choice":"Upgraded","damage_taken":0,"max_hp_gain":0,"max_hp_loss":0,"event_name":"Upgrade Shrine","floor":21,"gold_loss":0,"cards_upgraded":["Buffer"]},{"damage_healed":0,"gold_gain":0,"cards_transformed":["Strike_B"],"player_choice":"Transformed","damage_taken":0,"max_hp_gain":0,"max_hp_loss":0,"event_name":"Transmorgrifier","floor":30,"gold_loss":0,"cards_obtained":["Buffer"]},{"cards_removed":["Defend_B"],"damage_healed":0,"gold_gain":0,"player_choice":"Purged","damage_taken":0,"max_hp_gain":0,"max_hp_loss":0,"event_name":"Purifier","floor":37,"gold_loss":0},{"damage_healed":0,"gold_gain":0,"cards_transformed":["Strike_B"],"player_choice":"Transformed","damage_taken":0,"max_hp_gain":0,"max_hp_loss":0,"event_name":"Transmorgrifier","floor":48,"gold_loss":0,"cards_obtained":["Static Discharge"]}],"is_beta":false,"boss_relics":[{"not_picked":["Black Star","Tiny House"],"picked":"Calling Bell"},{"not_picked":["Sozu","Pandora\u0027s Box"],"picked":"Fusion Hammer"}],"items_purged_floors":[],"is_endless":false,"potions_floor_spawned":[1,10,12,14,16,19,20,28,33,35,41],"ascension_level":4}}