{"host":"wonp23fsqqcu31ie","time":1610331475,"event":{"mods":["2.2 Compatiblity","AchievementEnabler","Aspiration","BaseMod","Bestiary","Better Altar","Better Match","Better Sensory Stone","Better Skull","Better Third Choice","BetterRewards","Block Reminder","Colored Map","Colored Powertips","Conspire","Curses Come First","DeckTracker","Displayed Cursed Tome","Downfall","Energized Spire","Evolution","Hermit","Highlight Path","Hubris","Infinite Spire","Marisa????????","Minty Spire (QoL Compilation)","Permanent Neow","Prisma Mod","Quick Restart","Rare Cards Sparkle","Relic Stats","Replay The Spire","Robot Space Explorer","Shade Mod","Shop Mod","StSLib","SuperFastMode","The Animator","The Bug Knight","The Construct","The Cursed","The Disciple","The Dragon Tamer","The Gatherer","The Hierophant","The Marked","The Mystic","The Necromancer","The Poker Player","The Runesmith","The Saiyan","The Servant 0.9.4","The Witch","TheBandit"],"gold_per_floor":[126,126,156,13,35,35,61,61,61,86,101,127,127,127,127],"floor_reached":14,"playtime":374,"items_purged":[],"score":119,"play_id":"1a42283c-7484-407f-96de-e08992715ed1","local_time":"20210111131755","is_ascension_mode":true,"campfire_choices":[{"data":"animator:Alexander","floor":6,"key":"SMITH"},{"floor":8,"key":"RECALL"}],"circlet_count":0,"master_deck":["animator:ChaikaBohdan","animator:LizardPriest","animator:ChaikaBohdan","animator:Strike","animator:Strike","animator:Defend","animator:Defend","animator:Defend","animator:Alexander+1","animator:Rider","animator:ZankiKiguchi","animator:Millim","animator:ShinjiMatou","animator:SakuraMatou","animator:Souei","animator:Emonzaemon","Amnesia"],"relics":["animator:LivingPicture","animator:TheMissingPiece","EVO:Axolotl","aspiration:Nostalgia","Guardian:PocketSentry","hubris:SphereOfDissonance","Runesmith:AutoHammer","Replay:Bottled Flurry","ReplayTheSpireMod:Ring of Collecting","ReplayTheSpireMod:Ring of Challenge"],"acts_visited":["Exordium"],"potions_floor_usage":[10,10,10,12,14],"damage_taken":[{"damage":17,"enemies":"Jaw Worm","floor":1,"turns":5},{"damage":6,"enemies":"Cultist","floor":3,"turns":3},{"damage":0,"enemies":"2 Louse","floor":5,"turns":2},{"damage":21,"enemies":"Gremlin Nob","floor":7,"turns":4},{"damage":15,"enemies":"Lagavulin","floor":10,"turns":4},{"damage":4,"enemies":"Red Slaver","floor":11,"turns":3},{"damage":5,"enemies":"3 Sentries","floor":12,"turns":7},{"damage":6,"enemies":"Lagavulin","floor":14,"turns":3}],"seed_played":"2449377262750093049","potions_obtained":[{"floor":2,"key":"FearPotion"},{"floor":2,"key":"conspire:TimeTravelPotion"},{"floor":2,"key":"SneckoOil"},{"floor":10,"key":"Guardian:BlockOnCardUsePotion"},{"floor":12,"key":"SkillPotion"}],"is_trial":false,"path_per_floor":["M","?","M","$","M","R","E","R","T","E","M","E","?","E"],"character_chosen":"THE_ANIMATOR","items_purchased":["Guardian:PocketSentry"],"campfire_rested":0,"item_purchase_floors":[4],"current_hp_per_floor":[49,49,43,43,43,43,23,23,23,14,11,6,6,0,0],"gold":127,"neow_bonus":"NOSTALGIA","is_daily":false,"chose_seed":false,"campfire_upgraded":1,"win_rate":0.0,"timestamp":1610331475,"path_taken":["M","?","M","$","M","R","E","R","T","E","?","E","?","E"],"items_purchased_type":["Relic"],"build_version":"2020-12-22","purchased_purges":0,"victory":false,"max_hp_per_floor":[66,66,66,66,66,66,67,67,67,68,69,69,69,69,69],"relic_stats":{"counters":[8,31],"obtain_stats":[{"aspiration:Nostalgia":0,"animator:TheMissingPiece":0,"ReplayTheSpireMod:Ring of Collecting":13,"hubris:SphereOfDissonance":7,"animator:LivingPicture":0,"Guardian:PocketSentry":4,"Replay:Bottled Flurry":12,"EVO:Axolotl":0,"Runesmith:AutoHammer":10,"ReplayTheSpireMod:Ring of Challenge":13},{"aspiration:Nostalgia":0,"animator:TheMissingPiece":0,"ReplayTheSpireMod:Ring of Collecting":7,"hubris:SphereOfDissonance":4,"animator:LivingPicture":0,"Guardian:PocketSentry":2,"Replay:Bottled Flurry":7,"EVO:Axolotl":0,"Runesmith:AutoHammer":5,"ReplayTheSpireMod:Ring of Challenge":7},{"aspiration:Nostalgia":0,"animator:TheMissingPiece":0,"ReplayTheSpireMod:Ring of Collecting":28,"hubris:SphereOfDissonance":14,"animator:LivingPicture":0,"Guardian:PocketSentry":8,"Replay:Bottled Flurry":28,"EVO:Axolotl":0,"Runesmith:AutoHammer":18,"ReplayTheSpireMod:Ring of Challenge":28}]},"card_choices":[{"not_picked":["animator:Hakurou","animator:Genos"],"picked":"animator:ZankiKiguchi","floor":1},{"not_picked":["animator:Verdia","animator:Vesta"],"picked":"animator:Millim","floor":3},{"not_picked":["animator:ZankiKiguchi","animator:Shion"],"picked":"animator:ShinjiMatou","floor":5},{"not_picked":["animator:ShinjiMatou","animator:Alexander"],"picked":"animator:SakuraMatou","floor":7},{"not_picked":["animator:Illya","animator:ElricAlphonse"],"picked":"animator:Souei","floor":10},{"not_picked":["animator:YuiTsuruno","animator:Verdia"],"picked":"animator:Emonzaemon","floor":11},{"not_picked":["animator:OrikoMikuni","animator:Gluttony","animator:Sonic"],"picked":"SKIP","floor":12}],"player_experience":503448,"relics_obtained":[{"floor":7,"key":"hubris:SphereOfDissonance"},{"floor":10,"key":"Runesmith:AutoHammer"},{"floor":12,"key":"Replay:Bottled Flurry"},{"floor":13,"key":"ReplayTheSpireMod:Ring of Collecting"},{"floor":13,"key":"ReplayTheSpireMod:Ring of Challenge"}],"event_choices":[{"damage_healed":0,"gold_gain":0,"player_choice":"Got Potions","damage_taken":0,"max_hp_gain":0,"max_hp_loss":0,"event_name":"Lab","floor":2,"gold_loss":0}],"is_beta":false,"boss_relics":[],"items_purged_floors":[],"is_endless":false,"potions_floor_spawned":[10,12],"killed_by":"Lagavulin","ascension_level":2}}