{"host":"drrjwv4o5ms3zsrm","time":1610331122,"event":{"mods":["100% Spire Juice","ATMod(°¢èªMod)","Act Like it!","Aspiration","BaseMod","CapriCore","Colored Powertips","Conspire","Friendly Minions","Gensokyo","Jedi Mod","Lobotomy","LobotomyExtend","Minty Spire (QoL Compilation)","MostiFishMod","Reimu£¨²©ÀöÁéÃÎ£©","Replay The Spire","RumiaBox-Â¶Ã×æ«µÄÉñÃØºÐ×Ó","StSLib","TestMod","The Alterego","The Immortal","The Jungle","Waifu the Spire","WarShipGirlsR/Õ½½¢ÉÙÅ®R mod","[IsaacMod]ÒÔÈö¼âËþ","vexMod","¡¾ÒÅÎï¿¨ÅÆ¡¿REMEMod","²ÐÁôÖ®Îï","óô»ðÖ¸ÄÏ"],"gold_per_floor":[213,227,227,292,306,306,335,396,473,499,499,517,517,537,537,715,715,829,50,300,331,363,363,432,432,509,279,279,309,444,509,509,865,865,937,937,954,977,1018,1018,1037,1037,1063,1077,1077,1228,1228,382,382,538],"floor_reached":51,"playtime":2538,"items_purged":["Scarecrow","SpecialBullet"],"score":1333,"play_id":"222ce668-f06d-4e92-b4b2-1ab7cb6fe210","local_time":"20210111101202","is_ascension_mode":true,"campfire_choices":[],"circlet_count":0,"master_deck":["SpecialBullet","SpecialBullet","SpecialBullet","SpecialBullet","SpecialBullet","SpecialBullet","SpecialBullet","BettingIsNotGood","ControlCode","InformationCode","SecurityCode","AT_FamilyPortrait","Free:ReiMu+1","ScreamingWedge","Regret_ego","TodaysExpression","WallGazer","Regret_ego","ShyLook","TodaysExpression","MHz","Regret_ego","DisciplinaryCode","ExtractionCode","TodaysExpression","SpiderBud","GoldRush+1","Adoration","BlackSwan","Wellcheers","TodaysExpression","PunishingBird","Spore","LittleHelper","RecordCode","Diffraction+1","MeatLantern","jedi:forcepull+1","WelfareCode","GoldRush+1","OSAHOGD","Spore+1","LongBird","Regret_ego+1","Regret_ego+1","CENSORED_ego+1","GoldRush+1","GoldRush+1","SnowQueen","CENSORED_ego+1","Murderer","Tough+1","QueenOfHatred","GoldRush+1","Freischutz","Spore+1","RedShoes","Ecstasy+1","TT2Protocol","Variant","Pot Of Greed+1","Pot Of Greed+1","Pot Of Greed+1","Pot Of Greed+1","Pot Of Greed+1","Pot Of Greed+1","Rudolta","Soda+1","SummonCall","Penitence+1","Gensokyo:Kunekune+1","Gensokyo:RedCapeBlueCape+1","TrainingCode"],"relics":["CogitoBucket","testmod-TestBox","DaveBox","HushsDoor","AT_ATBox","REME_ComplimentaryCards","testmod-SaigiyounoYou","Brimstone","BelialBook","SynthV:TestCard","Gensokyo:CelestialsFlawlessClothing","Meat on the Bone","Lantern","vexMod:ConsolationPrize","BehaviorAdjustment","Replay:Bottled Snecko","Fusion Hammer","ChangeAnything","SteamSale","Technique","TentaclePot:ReiMu","Strange Spoon","REME_HourglassOfDeath","BrkXgEgg","Whetstone","REME_HandOfSuture","DoctorsRemote","AT_TheCollector","Gremlin Food","testmod-DeterminationOfClimber","GuppysHairball","ThornShield","ReplayTheSpireMod:Lightbulb","vexMod:FocusSash","Bottled Flame","Grinning Jar","Dream Catcher","Replay:Mystery Machine","testmod-Acrobat","jedi:firstaidkit","REME_CardOfGreed","Sling","HowToJump","testmod-FatalChain","jedi:matchstick"],"acts_visited":["Gensokyo:Gensokyo","Gensokyo:Gensokyoer","Gensokyo:Gensokyoest"],"potions_floor_usage":[30,30,30,51],"damage_taken":[{"damage":15,"enemies":"Gensokyo:2_Kodama","floor":1,"turns":2},{"damage":9,"enemies":"Gensokyo:Gryphon","floor":2,"turns":2},{"damage":77,"enemies":"Hiden Room Battle","floor":4,"turns":7},{"damage":6,"enemies":"Gensokyo:Python","floor":5,"turns":3},{"damage":30,"enemies":"Gensokyo:Mamizou","floor":7,"turns":6},{"damage":42,"enemies":"Gensokyo:3_Kodama","floor":8,"turns":8},{"damage":16,"enemies":"Gensokyo:CorruptedTreant","floor":10,"turns":4},{"damage":2,"enemies":"Gensokyo:LivingMonolith","floor":12,"turns":3},{"damage":18,"enemies":"Gensokyo:Gryphon_and_Rabbit","floor":14,"turns":2},{"damage":58,"enemies":"Gensokyo:Yukari","floor":16,"turns":8},{"damage":94,"enemies":"Gensokyo:2_Gloops","floor":18,"turns":4},{"damage":0,"enemies":"Gensokyo:CosmicMonolith","floor":21,"turns":3},{"damage":20,"enemies":"Gensokyo:Mirror_and_Dog","floor":22,"turns":2},{"damage":52,"enemies":"Gensokyo:Slime_Group","floor":24,"turns":5},{"damage":17,"enemies":"Gensokyo:Monolith_and_Dog","floor":29,"turns":4},{"damage":122,"enemies":"Gensokyo:Swordslinger","floor":30,"turns":5},{"damage":36,"enemies":"Gensokyo:Tenshi","floor":31,"turns":5},{"damage":55,"enemies":"Gensokyo:Eternal_Rivals","floor":33,"turns":8},{"damage":44,"enemies":"Gensokyo:3_Boulders","floor":35,"turns":1},{"damage":0,"enemies":"Gensokyo:3_Bats","floor":37,"turns":1},{"damage":0,"enemies":"Gensokyo:AtlasGolem","floor":38,"turns":2},{"damage":15,"enemies":"Gensokyo:Dusk_and_Dawn","floor":39,"turns":2},{"damage":0,"enemies":"Gensokyo:4_Bats","floor":41,"turns":1},{"damage":0,"enemies":"Gensokyo:3_Boulders","floor":44,"turns":1},{"damage":0,"enemies":"Gensokyo:Marisa","floor":46,"turns":1},{"damage":2,"enemies":"Gensokyo:Yuyuko","floor":50,"turns":2},{"damage":11,"enemies":"Malkuth","floor":51,"turns":4},{"damage":0,"enemies":"Hod","floor":51,"turns":2},{"damage":9,"enemies":"Chesed","floor":51,"turns":2},{"damage":30,"enemies":"Binah","floor":51,"turns":6},{"damage":90,"enemies":"Angela","floor":51,"turns":4}],"seed_played":"-5831904811646015610","potions_obtained":[{"floor":1,"key":"Cursed Concoction"},{"floor":5,"key":"LiquidMemories"},{"floor":8,"key":"AttackPotion"},{"floor":18,"key":"PowerPotion"},{"floor":35,"key":"Strength Potion"}],"is_trial":false,"path_per_floor":["M","M","?","?","M","R","E","M","T","M","R","M","R","M","R","B",null,"M","COS","?","M","M","R","M","R","T","$","R","M","M","E","R","B",null,"M","?","M","M","M","R","M","R","T","M","R","E","?","COS","R","B",null],"character_chosen":"Angela","items_purchased":["jedi:forcepull+1","BrkXgEgg","Whetstone","Damocles","GuppysHairball","CENSORED_ego+1"],"campfire_rested":0,"item_purchase_floors":[27,27,27,34,34,34],"current_hp_per_floor":[68,70,53,57,69,69,60,53,53,55,55,61,61,61,61,51,83,39,39,39,69,70,70,68,68,68,68,68,79,31,117,117,56,83,65,65,100,104,107,107,112,112,112,116,116,116,116,116,116,116],"gold":1957,"neow_bonus":"HUNDRED_GOLD","is_daily":false,"chose_seed":false,"campfire_upgraded":0,"win_rate":0.0,"timestamp":1610331122,"path_taken":["M","M","?","?","?","R","E","M","T","M","R","M","R","M","R","BOSS","M","COS","?","?","M","R","?","R","T","?","R","M","M","E","R","BOSS","M","?","M","?","M","R","M","R","T","M","R","E","?","COS","R","BOSS"],"items_purchased_type":["Card","Relic","Relic","Relic","Relic","Card"],"build_version":"2020-12-22","purchased_purges":2,"victory":true,"max_hp_per_floor":[70,70,70,70,70,70,74,78,78,82,82,86,86,90,90,94,94,98,98,93,97,101,101,105,105,105,105,105,109,113,117,117,121,92,96,96,100,104,108,108,112,112,112,116,116,116,116,116,116,116],"card_choices":[{"not_picked":[],"picked":"BettingIsNotGood","floor":0},{"not_picked":["CherryBlossom"],"picked":"ScreamingWedge","floor":1},{"not_picked":["CrimsonScar","Lantern","FourthMatchFlame","Penitence"],"picked":"SKIP","floor":2},{"not_picked":["TodaysExpression","Lantern","BearPaw"],"picked":"Regret_ego","floor":4},{"not_picked":["CUTE","Penitence","Tough"],"picked":"TodaysExpression","floor":5},{"not_picked":["Murderer","LittleHelper"],"picked":"WallGazer","floor":7},{"not_picked":["Beak","BlackSwan_ego","RapturousDream"],"picked":"Regret_ego","floor":7},{"not_picked":["CherryBlossoms","HeroicMonk"],"picked":"ShyLook","floor":8},{"not_picked":["Soda","RedEyes","Wingbeat"],"picked":"TodaysExpression","floor":8},{"not_picked":["Bloodbath","NakedNest"],"picked":"MHz","floor":10},{"not_picked":["RapturousDream","Beak","WristCuter"],"picked":"Regret_ego","floor":10},{"not_picked":["Laetitia","BeautyBeast"],"picked":"Scarecrow","floor":12},{"not_picked":["Reverberation","ShedSkin","SomewhereSpear"],"picked":"TodaysExpression","floor":12},{"not_picked":["BeautyBeast","DespairKnight"],"picked":"SpiderBud","floor":14},{"not_picked":["Wingbeat","Loneliness","FourthMatchFlame","CherryBlossom","SomewhereSpear"],"picked":"SKIP","floor":14},{"not_picked":["DaCapo","CENSORED_ego","Adoration","Pinks"],"picked":"GoldRush","floor":16},{"not_picked":["Justitia","CENSORED_ego","DaCapo","SoundOfStar"],"picked":"Adoration","floor":16},{"not_picked":["Scorched","BlueStar"],"picked":"BlackSwan","floor":16},{"not_picked":["CherryBlossoms","Murderer","Bloodbath"],"picked":"Singing Bowl","floor":18},{"not_picked":["Murderer","LaLuna"],"picked":"Wellcheers","floor":18},{"not_picked":["FourthMatchFlame","SomewhereSpear","RapturousDream","Mimicry"],"picked":"TodaysExpression","floor":18},{"not_picked":["BigBird","Freischutz"],"picked":"PunishingBird","floor":21},{"not_picked":["Noise","Tough","Ecstasy","FourthMatchFlame"],"picked":"Spore","floor":21},{"not_picked":["FourthMatchFlame","CUTE","BearPaw","Lantern+1","BloodyDesire"],"picked":"SKIP","floor":21},{"not_picked":["LittleHelper","FieryBird","Murderer"],"picked":"Singing Bowl","floor":22},{"not_picked":["VoidDream","Scorched"],"picked":"LittleHelper","floor":22},{"not_picked":["GreenStem","RapturousDream","Loneliness+1","Lamp","FourthMatchFlame"],"picked":"SKIP","floor":22},{"not_picked":["Christmas+1","Horn+1","SwordSharpenedByTears+1","TodaysExpression+1"],"picked":"Diffraction+1","floor":24},{"not_picked":["Bloodbath","BigBird","VoidDream"],"picked":"Singing Bowl","floor":24},{"not_picked":["MeltingLove","Murderer"],"picked":"MeatLantern","floor":24},{"not_picked":["CherryBlossom+1","Beak+1","Tough+1","Lamp+1","FourthMatchFlame+1"],"picked":"SKIP","floor":24},{"not_picked":["BlueStar","Woodsman","Porccubus"],"picked":"Singing Bowl","floor":29},{"not_picked":["LaLuna","UniverseFragment"],"picked":"Yin","floor":29},{"not_picked":["WristCuter+1","Wingbeat+1","SomewhereSpear+1","ScreamingWedge+1"],"picked":"GoldRush+1","floor":29},{"not_picked":["DespairKnight","BlackArmy","GreedKing"],"picked":"Singing Bowl","floor":30},{"not_picked":["Mercenary","LaLuna"],"picked":"OSAHOGD","floor":30},{"not_picked":["DaCapo+1","TodaysExpression+1","Reverberation+1","RedEyes+1"],"picked":"Spore+1","floor":30},{"not_picked":["Lamp+1","FourthMatchFlame+1","Harvest+1","RedEyes+1","ScreamingWedge+1"],"picked":"SKIP","floor":30},{"not_picked":["NakedNest","CherryBlossoms","Bloodbath"],"picked":"Singing Bowl","floor":31},{"not_picked":["CrumblingArmor","HappyTeddy"],"picked":"LongBird","floor":31},{"not_picked":["ScreamingWedge+1","MagicBullet+1","Penitence+1","CUTE+1"],"picked":"Regret_ego+1","floor":31},{"not_picked":["BlackSwan_ego+1","FourthMatchFlame+1","Lamp+1","Heaven+1"],"picked":"Regret_ego+1","floor":31},{"not_picked":["ParadiseLost+1","Twilight+1","Pinks+1","Justitia+1"],"picked":"CENSORED_ego+1","floor":33},{"not_picked":["SoundOfStar+1","Twilight+1","Mimicry+1","CENSORED_ego+1"],"picked":"GoldRush+1","floor":33},{"not_picked":["Pinks+1","ParadiseLost+1","TheSmile+1","CENSORED_ego+1"],"picked":"GoldRush+1","floor":33},{"not_picked":["SnowQueen","BlackArmy","Murderer"],"picked":"Singing Bowl","floor":33},{"not_picked":["HappyTeddy","Laetitia"],"picked":"SnowQueen","floor":33},{"not_picked":["Laetitia","GreedKing","BlueStar"],"picked":"Singing Bowl","floor":35},{"not_picked":["DreamingCurrent","MeltingLove"],"picked":"Murderer","floor":35},{"not_picked":["Heaven+1","Wingbeat+1","Moonlight+1","WristCuter+1"],"picked":"Tough+1","floor":35},{"not_picked":["Galaxy+1","SomewhereSpear+1","Noise+1","Wingbeat+1","CherryBlossom+1"],"picked":"SKIP","floor":35},{"not_picked":["FairyFestival","BlueStar"],"picked":"QueenOfHatred","floor":37},{"not_picked":["Pleasure+1","TodaysExpression+1","ScreamingWedge+1","Regret_ego+1"],"picked":"GoldRush+1","floor":37},{"not_picked":["Lantern+1","RapturousDream+1","TodaysExpression+1","ShedSkin+1","FrostShard+1"],"picked":"SKIP","floor":37},{"not_picked":["CrumblingArmor","WhiteNight","CENSORED"],"picked":"Singing Bowl","floor":38},{"not_picked":["VoidDream","BodiesMountain"],"picked":"Freischutz","floor":38},{"not_picked":["Horn+1","CrimsonScar+1","FeatherOfHonor+1","TodaysExpression+1"],"picked":"Spore+1","floor":38},{"not_picked":["DaCapo+1","Lantern+1","Amita+1","CherryBlossom+1","FrostShard+1"],"picked":"SKIP","floor":38},{"not_picked":["ShedSkin+1","Loneliness+1","Heaven+1","Penitence+1","CUTE+1"],"picked":"SKIP","floor":38},{"not_picked":["CrumblingArmor","Porccubus"],"picked":"RedShoes","floor":39},{"not_picked":["LifeForTheDareDevil+1","TodaysExpression+1","FrostShard+1","Harmony+1"],"picked":"Ecstasy+1","floor":39},{"not_picked":["RapturousDream+1","CrimsonScar+1","Heaven+1","Hypocrisy+1","CUTE+1"],"picked":"SKIP","floor":39},{"not_picked":["BeautyBeast","Scarecrow"],"picked":"Variant","floor":41},{"not_picked":["Wingbeat+1","CherryBlossom+1","WristCuter+1","Loneliness+1","Christmas+1"],"picked":"SKIP","floor":41},{"not_picked":["Harvest+1","Gaze+1","TodaysExpression+1","Hornet+1","Lantern+1"],"picked":"SKIP","floor":41},{"not_picked":["Wingbeat+1","CherryBlossom+1","WristCuter+1","Loneliness+1","Christmas+1"],"picked":"SKIP","floor":41},{"not_picked":["Harvest+1","Gaze+1","TodaysExpression+1","Hornet+1","Lantern+1"],"picked":"SKIP","floor":41},{"not_picked":["LaLuna","Mercenary"],"picked":"Rudolta","floor":44},{"not_picked":["CherryBlossom+1","InTheNameOfLoveAndHate+1","Tough+1","BearPaw+1"],"picked":"Soda+1","floor":44},{"not_picked":["SwordSharpenedByTears+1","SomewhereSpear+1","BearPaw+1","Moonlight+1","Wingbeat+1"],"picked":"SKIP","floor":44},{"not_picked":["Laetitia","HeroicMonk","GreedKing"],"picked":"Singing Bowl","floor":46},{"not_picked":["Regret_ego+1","RedEyes+1","FrostShard+1","ShedSkin+1"],"picked":"Penitence+1","floor":46},{"not_picked":["Tough+1","Harvest+1","Lamp+1","Noise+1","Discord+1"],"picked":"SKIP","floor":46}],"player_experience":313438,"relics_obtained":[{"floor":1,"key":"SynthV:TestCard"},{"floor":4,"key":"Meat on the Bone"},{"floor":4,"key":"Lantern"},{"floor":7,"key":"vexMod:ConsolationPrize"},{"floor":9,"key":"Replay:Bottled Snecko"},{"floor":26,"key":"REME_HourglassOfDeath"},{"floor":31,"key":"DoctorsRemote"},{"floor":35,"key":"ThornShield"},{"floor":37,"key":"ReplayTheSpireMod:Lightbulb"},{"floor":38,"key":"vexMod:FocusSash"},{"floor":39,"key":"Bottled Flame"},{"floor":41,"key":"Grinning Jar"},{"floor":43,"key":"Dream Catcher"},{"floor":44,"key":"Replay:Mystery Machine"},{"floor":46,"key":"testmod-Acrobat"},{"floor":46,"key":"jedi:firstaidkit"}],"event_choices":[{"damage_healed":0,"gold_gain":0,"player_choice":"Fight","damage_taken":0,"max_hp_gain":0,"max_hp_loss":0,"event_name":"HidenRoomEvent","floor":4,"gold_loss":0}],"is_beta":false,"boss_relics":[{"not_picked":["NightmareShop","PatriotShield"],"picked":"Fusion Hammer"},{"not_picked":[]},{"not_picked":["Honey Jar","vexMod:MysteryBossChallenge"],"picked":"testmod-DeterminationOfClimber"},{"not_picked":[]}],"items_purged_floors":[27,34],"is_endless":false,"potions_floor_spawned":[1,5,8,10,16,18,22,24,35],"ascension_level":5}}