{"host":"wxm9nhpxzwflah6x","time":1610357213,"event":{"mods":["2.2 Compatiblity","AchievementEnabler","BaseMod","Bestiary","Better Third Choice","Curses Come First","Minty Spire (QoL Compilation)","Quick Restart","Rare Cards Sparkle","StSLib"],"gold_per_floor":[117,117,127,127,141,141,171,171,226,226,260,279,353,44,44,139,189,204,237,253,271,200,200,234,234,234,234,252,252,263,280,280,385,385,397,397,179,179,191,191,243,243,243,96,96,96,33,48,48,48],"floor_reached":51,"playtime":2506,"items_purged":[],"score":834,"play_id":"ba8fe039-baa2-4870-954b-332c26fb8835","local_time":"20210111012653","is_ascension_mode":true,"campfire_choices":[{"data":"Noxious Fumes","floor":6.0,"key":"SMITH"},{"floor":8.0,"key":"REST"},{"data":"Blade Dance","floor":10.0,"key":"SMITH"},{"floor":15.0,"key":"REST"},{"floor":23.0,"key":"REST"},{"floor":25.0,"key":"REST"},{"floor":27.0,"key":"REST"},{"data":"Adrenaline","floor":29.0,"key":"SMITH"},{"floor":32.0,"key":"REST"},{"data":"Apotheosis","floor":40.0,"key":"SMITH"},{"floor":42.0,"key":"REST"},{"floor":45.0,"key":"REST"},{"data":"Night Terror","floor":49,"key":"SMITH"}],"circlet_count":0,"master_deck":["Defend_G","Defend_G","Defend_G","Survivor","Neutralize+1","Flechettes+1","Finisher+1","Outmaneuver+1","Blade Dance+1","Noxious Fumes+1","All Out Attack","Finisher","Masterful Stab","Blade Dance+1","Blade Dance","Masterful Stab","Adrenaline+1","Infinite Blades","Backstab+1","Accuracy","Blade Dance","Backstab","Adrenaline","Night Terror+1","Poisoned Stab","Apotheosis+1","Prepared","Accuracy","Prepared"],"relics":["Astrolabe","Whetstone","Toy Ornithopter","Du-Vu Doll","Lizard Tail","Tiny House","Red Mask","Bronze Scales","Turnip","Empty Cage","Membership Card","PreservedInsect","Incense Burner","Pear","Dead Branch"],"acts_visited":["Exordium","TheCity","TheBeyond"],"potions_floor_usage":[46,48,50],"damage_taken":[{"damage":0.0,"enemies":"Small Slimes","floor":1.0,"turns":3.0},{"damage":0.0,"enemies":"Cultist","floor":3.0,"turns":3.0},{"damage":6.0,"enemies":"Jaw Worm","floor":5.0,"turns":4.0},{"damage":18.0,"enemies":"3 Sentries","floor":7.0,"turns":4.0},{"damage":12.0,"enemies":"Gremlin Nob","floor":11.0,"turns":3.0},{"damage":0.0,"enemies":"3 Louse","floor":12.0,"turns":2.0},{"damage":0.0,"enemies":"Slime Boss","floor":16.0,"turns":4.0},{"damage":10.0,"enemies":"Chosen","floor":18.0,"turns":2.0},{"damage":22.0,"enemies":"Masked Bandits","floor":19.0,"turns":4.0},{"damage":17.0,"enemies":"2 Thieves","floor":20.0,"turns":4.0},{"damage":17.0,"enemies":"Snecko","floor":21.0,"turns":4.0},{"damage":0.0,"enemies":"Gremlin Leader","floor":24.0,"turns":6.0},{"damage":6.0,"enemies":"Centurion and Healer","floor":28.0,"turns":4.0},{"damage":1.0,"enemies":"Cultist and Chosen","floor":30.0,"turns":3.0},{"damage":11.0,"enemies":"Chosen and Byrds","floor":31.0,"turns":4.0},{"damage":66.0,"enemies":"Automaton","floor":33.0,"turns":7.0},{"damage":53.0,"enemies":"3 Shapes","floor":35.0,"turns":8.0},{"damage":12.0,"enemies":"Orb Walker","floor":39.0,"turns":3.0},{"damage":30.0,"enemies":"2 Orb Walkers","floor":41.0,"turns":3.0},{"damage":0,"enemies":"Writhing Mass","floor":46,"turns":1},{"damage":0,"enemies":"Transient","floor":48,"turns":5},{"damage":71,"enemies":"Donu and Deca","floor":50,"turns":7}],"seed_played":"133443092432995312","potions_obtained":[{"floor":1.0,"key":"LiquidMemories"},{"floor":3.0,"key":"Strength Potion"},{"floor":17.0,"key":"DuplicationPotion"},{"floor":20.0,"key":"SteroidPotion"},{"floor":28.0,"key":"PowerPotion"},{"floor":30.0,"key":"Weak Potion"},{"floor":31.0,"key":"Regen Potion"},{"floor":39.0,"key":"SmokeBomb"},{"floor":41.0,"key":"Fire Potion"},{"floor":48,"key":"Block Potion"}],"is_trial":false,"path_per_floor":["M","?","M","?","M","R","E","R","T","R","E","M","?","$","R","B",null,"M","?","M","M","$","R","E","R","T","R","M","R","M","M","R","B",null,"M","?","$","?","M","R","?","R","T","$","R","M","$","M","R","B",null],"character_chosen":"THE_SILENT","items_purchased":["Lizard Tail","Accuracy","Membership Card","PreservedInsect","Dead Branch","Accuracy","Prepared"],"campfire_rested":8,"item_purchase_floors":[14,22,37,37,44,47,47],"current_hp_per_floor":[70,70,70,70,64,64,46,67,67,67,55,55,55,55,70,70,75,65,43,26,14,14,36,36,58,58,75,69,69,68,57,75,19,75,22,66,66,66,54,54,24,43,53,53,75,76,76,76,76,10],"gold":48,"neow_bonus":"BOSS_RELIC","is_daily":false,"chose_seed":false,"campfire_upgraded":5,"win_rate":0.0,"timestamp":1610357213,"path_taken":["M","?","?","?","M","R","E","R","T","R","E","M","?","?","R","BOSS","M","?","M","M","$","R","E","R","T","R","M","R","M","M","R","BOSS","M","?","$","?","M","R","?","R","T","?","R","M","$","?","R","BOSS"],"items_purchased_type":["Relic","Card","Relic","Relic","Relic","Card","Card"],"build_version":"2020-12-22","purchased_purges":0,"victory":true,"max_hp_per_floor":[70,70,70,70,70,70,70,70,70,70,70,70,70,70,70,70,75,75,75,75,75,75,75,75,75,75,75,75,75,75,75,75,75,75,75,66,66,66,66,66,66,66,76,76,76,76,76,76,76,76],"card_choices":[{"not_picked":["Skewer","Outmaneuver"],"picked":"Blade Dance","floor":1.0},{"not_picked":["Flying Knee","Acrobatics"],"picked":"All Out Attack","floor":3.0},{"not_picked":["Escape Plan","Backflip"],"picked":"Masterful Stab","floor":5.0},{"not_picked":["Quick Slash","Flying Knee"],"picked":"Blade Dance","floor":7.0},{"not_picked":["Cloak And Dagger","Underhanded Strike"],"picked":"Blade Dance","floor":11.0},{"not_picked":["Riddle With Holes","Choke"],"picked":"Masterful Stab","floor":12.0},{"not_picked":["Corpse Explosion","Wraith Form v2"],"picked":"Adrenaline","floor":16.0},{"not_picked":["Poisoned Stab","Outmaneuver"],"picked":"Infinite Blades","floor":17.0},{"not_picked":["Acrobatics","Expertise","All Out Attack+1"],"picked":"SKIP","floor":18.0},{"not_picked":["Finisher","Bane","Concentrate"],"picked":"SKIP","floor":20.0},{"not_picked":["Bane","Distraction"],"picked":"Backstab+1","floor":21.0},{"not_picked":["Slice","Glass Knife"],"picked":"Blade Dance","floor":24.0},{"not_picked":["Prepared","Tactician"],"picked":"Backstab","floor":28.0},{"not_picked":["Outmaneuver","Dagger Throw","PiercingWail"],"picked":"SKIP","floor":30.0},{"not_picked":["Underhanded Strike","Deadly Poison"],"picked":"Adrenaline","floor":31.0},{"not_picked":["Corpse Explosion","Tools of the Trade"],"picked":"Night Terror","floor":33.0},{"not_picked":["Choke+1","Cloak And Dagger+1"],"picked":"Poisoned Stab","floor":35.0},{"not_picked":["Secret Weapon","Forethought"],"picked":"Apotheosis","floor":38.0},{"not_picked":["Choke","Flechettes"],"picked":"Prepared","floor":39.0},{"not_picked":["Underhanded Strike","Cloak And Dagger","Poisoned Stab"],"picked":"SKIP","floor":48}],"player_experience":228195,"relics_obtained":[{"floor":7.0,"key":"Whetstone"},{"floor":9.0,"key":"Toy Ornithopter"},{"floor":11.0,"key":"Du-Vu Doll"},{"floor":19.0,"key":"Red Mask"},{"floor":24.0,"key":"Bronze Scales"},{"floor":26.0,"key":"Turnip"},{"floor":41.0,"key":"Incense Burner"},{"floor":43.0,"key":"Pear"}],"event_choices":[{"damage_healed":0.0,"max_hp_gain":0.0,"max_hp_loss":0.0,"gold_gain":0.0,"cards_transformed":["Strike_G"],"event_name":"Transmorgrifier","player_choice":"Transformed","floor":2.0,"gold_loss":0.0,"damage_taken":0.0,"cards_obtained":["Noxious Fumes"]},{"damage_healed":0.0,"max_hp_gain":0.0,"max_hp_loss":0.0,"gold_gain":0.0,"cards_transformed":["Defend_G"],"event_name":"Living Wall","player_choice":"Change","floor":4.0,"gold_loss":0.0,"damage_taken":0.0,"cards_obtained":["Finisher"]},{"damage_healed":0.0,"max_hp_gain":0.0,"max_hp_loss":0.0,"gold_gain":74.0,"event_name":"Golden Wing","player_choice":"Gained Gold","floor":13.0,"gold_loss":0.0,"damage_taken":0.0},{"damage_healed":0.0,"max_hp_gain":0.0,"max_hp_loss":0.0,"gold_gain":0.0,"event_name":"Masked Bandits","player_choice":"Fought Bandits","floor":19.0,"gold_loss":0.0,"damage_taken":0.0},{"damage_healed":66.0,"max_hp_gain":0.0,"max_hp_loss":9.0,"gold_gain":0.0,"event_name":"The Moai Head","player_choice":"Heal","floor":36.0,"gold_loss":0.0,"damage_taken":0.0},{"damage_healed":0.0,"max_hp_gain":0.0,"max_hp_loss":0.0,"gold_gain":0.0,"event_name":"SensoryStone","player_choice":"Memory 1","floor":38.0,"gold_loss":0.0,"damage_taken":0.0},{"damage_healed":0.0,"max_hp_gain":0.0,"max_hp_loss":0.0,"gold_gain":0.0,"event_name":"Mysterious Sphere","player_choice":"Fight","floor":41.0,"gold_loss":0.0,"damage_taken":0.0}],"is_beta":false,"boss_relics":[{"not_picked":["Busted Crown","SlaversCollar"],"picked":"Tiny House"},{"not_picked":["Snecko Eye","HoveringKite"],"picked":"Empty Cage"}],"items_purged_floors":[],"is_endless":false,"potions_floor_spawned":[1,3,20,28,30,31,39,41,48],"ascension_level":1}}