{"host":"19t2eyow02s954g8","time":1610377630,"event":{"mods":["BaseMod","Colored Map","DeckTracker","Minty Spire (QoL Compilation)","StSLib","SuperFastMode"],"gold_per_floor":[116,133,208,208,208,236,236,254,254,264,264,307,325,338,338,434,434,434,414,29,29,29,29],"floor_reached":22,"playtime":1338,"items_purged":["Strike_G"],"score":442,"play_id":"321765fe-77a3-4970-9280-daf40d36b686","local_time":"20210112000710","is_ascension_mode":true,"campfire_choices":[{"data":"Slice","floor":7.0,"key":"SMITH"},{"data":"Blade Dance","floor":15.0,"key":"SMITH"}],"circlet_count":0,"master_deck":["AscendersBane","Strike_G","Strike_G","Strike_G","Defend_G","Defend_G","Defend_G","Defend_G","Defend_G","Survivor","Neutralize+1","Noxious Fumes","Slice+1","Dagger Throw","Blade Dance+1","Well Laid Plans","Acrobatics","PiercingWail","Distraction"],"relics":["Ring of the Snake","NeowsBlessing","Letter Opener","Oddly Smooth Stone","Golden Idol","Ornamental Fan","Ectoplasm","Sling"],"acts_visited":["Exordium","TheCity"],"potions_floor_usage":[],"damage_taken":[{"damage":0.0,"enemies":"Small Slimes","floor":1.0,"turns":1.0},{"damage":0.0,"enemies":"Jaw Worm","floor":2.0,"turns":1.0},{"damage":0.0,"enemies":"Lagavulin","floor":6.0,"turns":1.0},{"damage":0.0,"enemies":"2 Louse","floor":8.0,"turns":3.0},{"damage":0.0,"enemies":"Red Slaver","floor":10.0,"turns":3.0},{"damage":29.0,"enemies":"Gremlin Nob","floor":12.0,"turns":4.0},{"damage":4.0,"enemies":"Blue Slaver","floor":13.0,"turns":3.0},{"damage":0.0,"enemies":"Exordium Wildlife","floor":14.0,"turns":2.0},{"damage":28.0,"enemies":"Slime Boss","floor":16.0,"turns":8.0},{"damage":0.0,"enemies":"3 Byrds","floor":18.0,"turns":5.0},{"damage":0.0,"enemies":"2 Thieves","floor":19.0,"turns":2.0},{"damage":12,"enemies":"Snake Plant","floor":22,"turns":4}],"seed_played":"4233807823237762001","potions_obtained":[{"floor":1.0,"key":"FairyPotion"},{"floor":8.0,"key":"Dexterity Potion"},{"floor":13.0,"key":"Fire Potion"},{"floor":18.0,"key":"LiquidMemories"}],"is_trial":false,"path_per_floor":["M","M","?","?","?","E","R","M","T","M","?","E","M","M","R","B",null,"M","M","$","?","M"],"character_chosen":"THE_SILENT","items_purchased":["Sling","DuplicationPotion","Fire Potion"],"campfire_rested":0,"item_purchase_floors":[20,20,20],"current_hp_per_floor":[59,59,48,41,41,41,41,41,41,41,41,12,8,8,8,9,47,47,47,47,47,35,35],"gold":29,"neow_bonus":"THREE_ENEMY_KILL","is_daily":false,"chose_seed":false,"campfire_upgraded":2,"win_rate":0.0,"timestamp":1610377630,"path_taken":["M","M","?","?","?","E","R","M","T","?","?","E","M","M","R","BOSS","M","M","$","?","M"],"items_purchased_type":["Relic","Potion","Potion"],"build_version":"2020-12-22","purchased_purges":1,"victory":false,"max_hp_per_floor":[66,66,66,66,66,66,66,66,66,66,60,60,60,60,60,60,60,60,60,60,60,60,60],"card_choices":[{"not_picked":["PiercingWail","Deflect"],"picked":"Noxious Fumes","floor":1.0},{"not_picked":["Outmaneuver","Caltrops"],"picked":"Slice","floor":2.0},{"not_picked":["Riddle With Holes","Bane"],"picked":"Dagger Throw","floor":6.0},{"not_picked":["All Out Attack","Bane"],"picked":"Unload","floor":8.0},{"not_picked":["Quick Slash","Setup"],"picked":"Blade Dance","floor":10.0},{"not_picked":["Blade Dance","Flying Knee"],"picked":"Well Laid Plans","floor":12.0},{"not_picked":["Deadly Poison","Backflip","Poisoned Stab"],"picked":"SKIP","floor":13.0},{"not_picked":["Riddle With Holes","Flying Knee"],"picked":"Acrobatics","floor":14.0},{"not_picked":["Deflect","Predator"],"picked":"PiercingWail","floor":18.0},{"not_picked":["Flying Knee","Sucker Punch","Slice"],"picked":"SKIP","floor":19.0}],"player_experience":4247602,"relics_obtained":[{"floor":6.0,"key":"Letter Opener"},{"floor":9.0,"key":"Oddly Smooth Stone"},{"floor":12.0,"key":"Ornamental Fan"}],"event_choices":[{"damage_healed":0.0,"max_hp_gain":0.0,"max_hp_loss":0.0,"gold_gain":75.0,"event_name":"World of Goop","player_choice":"Gather Gold","floor":3.0,"gold_loss":0.0,"damage_taken":11.0},{"cards_removed":["Strike_G"],"damage_healed":0.0,"max_hp_gain":0.0,"max_hp_loss":0.0,"gold_gain":0.0,"event_name":"Golden Wing","player_choice":"Card Removal","floor":4.0,"gold_loss":0.0,"damage_taken":7.0},{"damage_healed":0.0,"max_hp_gain":0.0,"max_hp_loss":0.0,"gold_gain":0.0,"event_name":"Upgrade Shrine","player_choice":"Upgraded","floor":5.0,"gold_loss":0.0,"damage_taken":0.0,"cards_upgraded":["Neutralize"]},{"damage_healed":0.0,"max_hp_gain":0.0,"max_hp_loss":6.0,"gold_gain":0.0,"event_name":"Golden Idol","player_choice":"Lose Max HP","floor":11.0,"gold_loss":0.0,"damage_taken":0.0,"relics_obtained":["Golden Idol"]},{"damage_healed":0,"gold_gain":0,"cards_transformed":["Unload"],"player_choice":"Transformed","damage_taken":0,"max_hp_gain":0,"max_hp_loss":0,"event_name":"Transmorgrifier","floor":21,"gold_loss":0,"cards_obtained":["Distraction"]}],"is_beta":false,"boss_relics":[{"not_picked":["Velvet Choker","Snecko Eye"],"picked":"Ectoplasm"}],"items_purged_floors":[20],"is_endless":false,"potions_floor_spawned":[1,8,12,13,14,18],"killed_by":"Snake Plant","ascension_level":20}}