{"host":"ockkdcgl3b18tfz9","time":1610342253,"event":{"mods":["2.2 Compatiblity","BaseMod","Better Skull","Better Third Choice","BetterRewards","Hermit","Minty Spire (QoL Compilation)","Quick Restart","Replay The Spire","Spicy Shops","StSLib","SuperFastMode","The Jungle"],"gold_per_floor":[115,131,149,219,268,296,296,312,312,322,348,85,99,174,174,279,279,297,297,1,20,40,40,66,66,66],"floor_reached":25,"playtime":609,"items_purged":["ReplayTheSpireMod:Splinters"],"score":328,"play_id":"9fbe09b2-4788-4f3b-b177-d8b63a288eb9","local_time":"20210111121733","is_ascension_mode":true,"campfire_choices":[{"floor":7.0,"key":"REST"},{"floor":15.0,"key":"REST"},{"floor":23.0,"key":"REST"}],"circlet_count":0,"master_deck":["Strike_G","Strike_G","Strike_G","Strike_G","Strike_G","Defend_G","Defend_G","Defend_G","Defend_G","Defend_G","Survivor","Neutralize","Backstab","Predator","Cloak And Dagger","Slice","Escape Plan","Blade Dance","Blade Dance","Blade Dance","Dagger Throw","Storm of Steel+1","Storm of Steel+1","Corpse Explosion+1","Blade Dance","Finisher","Blade Dance"],"relics":["Ring of the Snake","Lee\u0027s Waffle","Paper Crane","Singing Bowl","Snake Skull","InkBottle","Question Card","Darkstone Periapt","Golden Egg","Strange Spoon","Replay:Fungal Core","CultistMask","Membership Card","Byrd Skull","Potion Belt"],"acts_visited":["Exordium","TheCity"],"potions_floor_usage":[24,24,24,25],"damage_taken":[{"damage":0.0,"enemies":"Cultist","floor":1.0,"turns":3.0},{"damage":4.0,"enemies":"Jaw Worm","floor":2.0,"turns":3.0},{"damage":0.0,"enemies":"2 Louse","floor":3.0,"turns":3.0},{"damage":39.0,"enemies":"3 Sentries","floor":6.0,"turns":9.0},{"damage":6.0,"enemies":"Exordium Wildlife","floor":8.0,"turns":3.0},{"damage":0.0,"enemies":"2 Fungi Beasts","floor":10.0,"turns":2.0},{"damage":23.0,"enemies":"Lagavulin","floor":11.0,"turns":6.0},{"damage":8.0,"enemies":"Gremlin Gang","floor":13.0,"turns":3.0},{"damage":37.0,"enemies":"Fading Forest","floor":16.0,"turns":11.0},{"damage":11.0,"enemies":"Spheric Guardian","floor":18.0,"turns":3.0},{"damage":4.0,"enemies":"Chosen","floor":21.0,"turns":3.0},{"damage":42.0,"enemies":"Centurion and Healer","floor":22.0,"turns":5.0},{"damage":25,"enemies":"Slavers","floor":24,"turns":4},{"damage":0,"enemies":"Snecko","floor":25,"turns":2}],"seed_played":"-251747286951577658","potions_obtained":[{"floor":2.0,"key":"Adrenaline Potion"},{"floor":10.0,"key":"Elixir"},{"floor":11.0,"key":"FearPotion"},{"floor":13.0,"key":"FearPotion"},{"floor":21.0,"key":"Weak Potion"},{"floor":24,"key":"SkillPotion"}],"is_trial":false,"path_per_floor":["M","M","M","?","?","E","R","M","T","M","E","$","M","?","R","B",null,"M","?","$","M","M","R","E","M"],"character_chosen":"THE_SILENT","items_purchased":["Lee\u0027s Waffle","Paper Crane","Singing Bowl","Snake Skull","Backstab","Strange Spoon","Storm of Steel","Membership Card","Byrd Skull"],"campfire_rested":3,"item_purchase_floors":[0,0,0,0,0,12,12,20,20],"current_hp_per_floor":[77,73,73,73,75,36,59,53,53,53,30,30,24,13,37,8,63,52,52,52,50,8,32,7,7,7],"gold":66,"neow_bonus":"","is_daily":false,"chose_seed":false,"campfire_upgraded":0,"win_rate":0.0,"timestamp":1610342253,"path_taken":["M","?","M","?","?","E","R","M","T","M","E","$","M","?","R","BOSS","M","?","$","M","M","R","E","M"],"items_purchased_type":["Relic","Relic","Relic","Relic","Card","Relic","Card","Relic","Relic"],"build_version":"2020-12-22","purchased_purges":1,"victory":false,"max_hp_per_floor":[77,77,77,77,79,79,79,79,79,79,79,79,81,81,81,81,81,81,81,81,83,83,83,83,83,83],"card_choices":[{"not_picked":["Calculated Gamble","Heel Hook"],"picked":"Predator","floor":1.0},{"not_picked":["Deflect","Outmaneuver"],"picked":"Cloak And Dagger","floor":2.0},{"not_picked":["Draining Mist","Flying Knee"],"picked":"Slice","floor":3.0},{"not_picked":["Slice","Dodge and Roll","Hidden Blade"],"picked":"Singing Bowl","floor":5.0},{"not_picked":["Heel Hook","Slice"],"picked":"Escape Plan","floor":5.0},{"not_picked":["Riddle With Holes","Dagger Throw"],"picked":"Blade Dance","floor":6.0},{"not_picked":["ReplayTheSpireMod:Exploit Weakness","Deadly Poison","Toxin Wave"],"picked":"Blade Dance","floor":8.0},{"not_picked":["Underhanded Strike","Bane","Fluid Movement"],"picked":"Blade Dance","floor":10.0},{"not_picked":["Draining Mist","Reflex","Noxious Fumes"],"picked":"Dagger Throw","floor":11.0},{"not_picked":["Malaise","Acrobatics","Cloak And Dagger","Sucker Punch"],"picked":"Singing Bowl","floor":13.0},{"not_picked":["Malaise","Adrenaline","Tools of the Trade"],"picked":"Corpse Explosion","floor":16.0},{"not_picked":["Sneak Up+1","Masterful Stab+1","Prepared+1"],"picked":"Blade Dance","floor":18.0},{"not_picked":["Deadly Poison","Calculated Gamble","All Out Attack+1","Terror"],"picked":"Singing Bowl","floor":21.0},{"not_picked":["Prepared","Blade Dance+1","Footwork+1"],"picked":"Finisher","floor":22.0},{"not_picked":["Malaise","Noxious Fumes","Backflip"],"picked":"Blade Dance","floor":24}],"player_experience":264927,"relics_obtained":[{"floor":5.0,"key":"InkBottle"},{"floor":6.0,"key":"Question Card"},{"floor":9.0,"key":"Darkstone Periapt"},{"floor":11.0,"key":"Golden Egg"},{"floor":24,"key":"Potion Belt"}],"event_choices":[{"damage_healed":0.0,"max_hp_gain":0.0,"max_hp_loss":0.0,"gold_gain":70.0,"event_name":"Golden Wing","player_choice":"Gained Gold","floor":4.0,"gold_loss":0.0,"damage_taken":0.0},{"damage_healed":0.0,"max_hp_gain":0.0,"max_hp_loss":0.0,"gold_gain":75.0,"event_name":"betterThird:BetterGoop","player_choice":"Gold","floor":14.0,"gold_loss":0.0,"damage_taken":11.0},{"damage_healed":0.0,"max_hp_gain":0.0,"max_hp_loss":0.0,"gold_gain":0.0,"event_name":"FaceTrader","player_choice":"Trade","floor":19.0,"gold_loss":0.0,"damage_taken":0.0,"relics_obtained":["CultistMask"]}],"is_beta":false,"boss_relics":[{"not_picked":["Painkiller Herb","Fusion Hammer"],"picked":"Replay:Fungal Core"}],"items_purged_floors":[12],"is_endless":false,"potions_floor_spawned":[2,10,11,13,21,24],"killed_by":"Snecko","ascension_level":6}}