{"host":"oy4pyvr762z5n0bb","time":1610390770,"event":{"mods":["AchievementEnabler","BaseMod","Colored Map","Colored Powertips","Googly Eyes","Key Reminder","Minty Spire (QoL Compilation)","Quick Restart","Relic Sorter","Slay the Relics Exporter","StSLib","SuperFastMode","Unceasing Turn Reminder","slay the spire mod where everything is the same but ironclad has a cowboy hat"],"gold_per_floor":[10,10,10,30,42,42,68,81,81,156,169,204,204,223,223,318,318,308,308,86,11,29,29,54,0,73,73,73],"floor_reached":27,"playtime":646,"items_purged":["Strike_R"],"score":349,"play_id":"2ad83cee-7ad6-4871-bb06-fb8536c249a2","local_time":"20210111104610","is_ascension_mode":true,"campfire_choices":[{"data":"Sever Soul","floor":6,"key":"SMITH"},{"floor":13,"key":"REST"},{"data":"Searing Blow","floor":15,"key":"SMITH"},{"data":"Armaments","floor":23,"key":"SMITH"}],"circlet_count":0,"master_deck":["Strike_R","Strike_R","Strike_R","Defend_R","Defend_R","Defend_R","Defend_R","Bash+1","Metallicize","Sever Soul+1","Pommel Strike","Dropkick","Thunderclap","Searing Blow+1","Flame Barrier","Armaments","Double Tap","Pommel Strike+1","Armaments+1"],"relics":["Black Blood","Champion Belt","Eternal Feather","Prayer Wheel","Pocketwatch","Mango","Toolbox","Bottled Lightning","Ornamental Fan"],"acts_visited":["Exordium","TheCity"],"potions_floor_usage":[12,16,16,27],"damage_taken":[{"damage":5,"enemies":"Small Slimes","floor":1,"turns":3},{"damage":3,"enemies":"Cultist","floor":4,"turns":4},{"damage":6,"enemies":"Jaw Worm","floor":5,"turns":3},{"damage":37,"enemies":"3 Sentries","floor":7,"turns":9},{"damage":15,"enemies":"3 Louse","floor":8,"turns":4},{"damage":0,"enemies":"2 Fungi Beasts","floor":11,"turns":3},{"damage":12,"enemies":"Gremlin Nob","floor":12,"turns":3},{"damage":6,"enemies":"Looter","floor":14,"turns":4},{"damage":56,"enemies":"Hexaghost","floor":16,"turns":12},{"damage":23,"enemies":"2 Thieves","floor":18,"turns":4},{"damage":12,"enemies":"Spheric Guardian","floor":22,"turns":7},{"damage":33,"enemies":"Book of Stabbing","floor":24,"turns":7},{"damage":82,"enemies":"Gremlin Leader","floor":27,"turns":8}],"seed_played":"-2090548715234386033","potions_obtained":[{"floor":1,"key":"Block Potion"},{"floor":11,"key":"FearPotion"},{"floor":12,"key":"AttackPotion"},{"floor":14,"key":"BloodPotion"},{"floor":22,"key":"Dexterity Potion"}],"is_trial":false,"path_per_floor":["M","?","$","M","M","R","E","M","T","?","M","E","R","M","R","B",null,"M","?","$","?","M","R","E","?","T","E"],"character_chosen":"IRONCLAD","items_purchased":["Toolbox"],"campfire_rested":1,"item_purchase_floors":[20],"current_hp_per_floor":[73,73,73,76,76,76,45,36,36,28,34,28,61,61,70,20,65,54,68,68,68,68,77,56,56,56,0,0],"gold":73,"neow_bonus":"ONE_RARE_RELIC","is_daily":false,"chose_seed":false,"campfire_upgraded":3,"win_rate":0.0,"timestamp":1610390770,"path_taken":["M","?","$","M","M","R","E","M","T","?","?","E","R","M","R","BOSS","M","?","$","?","M","R","E","?","T","E"],"items_purchased_type":["Relic"],"build_version":"2020-12-22","purchased_purges":1,"victory":false,"max_hp_per_floor":[80,80,80,80,80,80,80,80,80,80,80,80,80,80,80,80,80,80,94,94,94,94,94,94,94,94,94,94],"card_choices":[{"not_picked":["Iron Wave","True Grit"],"picked":"Metallicize","floor":1},{"not_picked":["Intimidate","Anger"],"picked":"Sever Soul","floor":4},{"not_picked":["Havoc","Body Slam"],"picked":"Pommel Strike","floor":5},{"not_picked":["Flame Barrier","Intimidate"],"picked":"Dropkick","floor":7},{"not_picked":["Perfected Strike","Cleave"],"picked":"Thunderclap","floor":8},{"not_picked":["Havoc","Shrug It Off"],"picked":"Searing Blow","floor":11},{"not_picked":["Anger","Twin Strike","Power Through"],"picked":"SKIP","floor":11},{"not_picked":["Exhume","Brutality","Sever Soul"],"picked":"SKIP","floor":12},{"not_picked":["Anger","Clothesline"],"picked":"Flame Barrier","floor":14},{"not_picked":["Clash","Hemokinesis"],"picked":"Armaments","floor":14},{"not_picked":["Corruption","Berserk"],"picked":"Double Tap","floor":16},{"not_picked":["Dark Embrace+1","Warcry+1"],"picked":"Pommel Strike+1","floor":18},{"not_picked":["Flex","Cleave","Ghostly Armor"],"picked":"SKIP","floor":18},{"not_picked":["Headbutt","Iron Wave"],"picked":"Armaments","floor":22},{"not_picked":["Headbutt","Whirlwind","Twin Strike"],"picked":"SKIP","floor":22},{"not_picked":["Exhume","Havoc+1","Bloodletting"],"picked":"SKIP","floor":24}],"player_experience":729926,"relics_obtained":[{"floor":7,"key":"Eternal Feather"},{"floor":9,"key":"Prayer Wheel"},{"floor":12,"key":"Pocketwatch"},{"floor":24,"key":"Bottled Lightning"},{"floor":26,"key":"Ornamental Fan"}],"event_choices":[{"damage_healed":0,"gold_gain":0,"player_choice":"Grow","damage_taken":0,"max_hp_gain":0,"max_hp_loss":0,"event_name":"Living Wall","floor":2,"gold_loss":0,"cards_upgraded":["Bash"]},{"damage_healed":0,"gold_gain":75,"player_choice":"Touch","damage_taken":8,"max_hp_gain":0,"max_hp_loss":0,"event_name":"FaceTrader","floor":10,"gold_loss":0},{"damage_healed":0,"gold_gain":0,"player_choice":"Opened","damage_taken":0,"relics_obtained":["Mango"],"max_hp_gain":0,"max_hp_loss":0,"event_name":"The Mausoleum","floor":19,"gold_loss":0},{"cards_removed":["Strike_R"],"damage_healed":0,"gold_gain":0,"player_choice":"Gave Gold","damage_taken":0,"max_hp_gain":0,"max_hp_loss":0,"event_name":"Beggar","floor":21,"gold_loss":75},{"damage_healed":0,"gold_gain":0,"player_choice":"Paid Fearfully","damage_taken":0,"max_hp_gain":0,"max_hp_loss":0,"event_name":"Masked Bandits","floor":25,"gold_loss":54}],"is_beta":false,"boss_relics":[{"not_picked":["Fusion Hammer","Coffee Dripper"],"picked":"Black Blood"}],"items_purged_floors":[20],"is_endless":false,"potions_floor_spawned":[1,11,12,14,22],"killed_by":"Gremlin Leader","ascension_level":9}}