{"host":"tlqi7e8l7c1qc0dn","time":1610389691,"event":{"mods":["Aspiration","BaseMod","Colored Map","Colored Powertips","Conspire","Curses Come First","Dark Map","Displayed Cursed Tome","Fox Events","Halation","Infinite Spire","Minty Spire (QoL Compilation)","Relic Sorter","Replay The Spire","Shop Mod","StSLib","Trackpad","??????REMEMod"],"gold_per_floor":[111,126,126,126,126,161,161,182,229,244,279,21,70,110,110,203,203,217,242,27,127,146,146,74,117,117,158,182,182,182,221,221,221,221],"floor_reached":33,"playtime":1172,"items_purged":["Bash","Headbutt","Headbutt"],"score":697,"play_id":"aaf96479-347d-4d5f-918c-53e5d86e8d0c","local_time":"20210111132811","is_ascension_mode":true,"campfire_choices":[{"floor":7.0,"key":"REST"},{"floor":15.0,"key":"REST"},{"data":"infinitespire:FinalStrike","floor":23.0,"key":"SMITH"},{"floor":30,"key":"REST"},{"floor":32,"key":"REST"}],"circlet_count":0,"master_deck":["AscendersBane","Strike_R","Strike_R","Strike_R","Strike_R","Strike_R","Defend_R","Defend_R","Defend_R","Pot Of Greed","Offering","Pot Of Greed","REME_Scribble","Shrug It Off","infinitespire:FinalStrike+1","Seeing Red","Thunderclap+1","Inflame","Pommel Strike","Limit Break","Metallicize","Pommel Strike","Pot Of Greed","Perfected Strike","REME_Scribble","Pommel Strike","Shame","ReplayTheSpireMod:Strike From Hell","Pommel Strike"],"relics":["Burning Blood","REME_ComplimentaryCards","Grinning Jar","Golden Idol","Torii","Tiny Chest","Odd Mushroom","Membership Card","Charon\u0027s Ashes","trackpad:DemonHeart","Gambling Chip","MerchantsRug","Shovel","PreservedInsect","MealTicket","Dream Catcher"],"acts_visited":["Exordium","TheCity"],"potions_floor_usage":[33],"damage_taken":[{"damage":4.0,"enemies":"Jaw Worm","floor":1.0,"turns":5.0},{"damage":11.0,"enemies":"Small Slimes","floor":2.0,"turns":3.0},{"damage":16.0,"enemies":"Gremlin Nob","floor":6.0,"turns":3.0},{"damage":4.0,"enemies":"2 Louse","floor":8.0,"turns":3.0},{"damage":16.0,"enemies":"Exordium Wildlife","floor":10.0,"turns":4.0},{"damage":18.0,"enemies":"The Mushroom Lair","floor":11.0,"turns":3.0},{"damage":6.0,"enemies":"Blue Slaver","floor":13.0,"turns":2.0},{"damage":13.0,"enemies":"3 Sentries","floor":14.0,"turns":5.0},{"damage":38.0,"enemies":"Fading Forest","floor":16.0,"turns":13.0},{"damage":12.0,"enemies":"Chosen","floor":18.0,"turns":4.0},{"damage":8.0,"enemies":"Spheric Guardian","floor":22.0,"turns":1.0},{"damage":18.0,"enemies":"conspire:SneckoGhost","floor":25.0,"turns":4.0},{"damage":26.0,"enemies":"REME_1_Revenger","floor":27.0,"turns":3.0},{"damage":9,"enemies":"Snake Plant","floor":28,"turns":2},{"damage":39,"enemies":"Slavers","floor":31,"turns":3},{"damage":68,"enemies":"Champ","floor":33,"turns":7}],"seed_played":"2388308850343455189","potions_obtained":[{"floor":2.0,"key":"ColorlessPotion"},{"floor":8.0,"key":"CultistPotion"},{"floor":13.0,"key":"GamblersBrew"},{"floor":14.0,"key":"FearPotion"},{"floor":25.0,"key":"Languid Potion"},{"floor":31,"key":"Energy Potion"}],"is_trial":false,"path_per_floor":["M","M","?","?","?","E","R","M","T","M","?","$","M","E","R","B",null,"M","T","$","?","M","R","$","E","T","E","M","?","R","E","R","B"],"character_chosen":"IRONCLAD","items_purchased":["Membership Card","Thunderclap+1","REME_GoldPotion","Gambling Chip","MerchantsRug"],"campfire_rested":4,"item_purchase_floors":[12,12,12,20,24],"current_hp_per_floor":[70,67,41,23,16,8,31,35,35,27,17,17,17,12,38,8,69,65,72,72,40,40,40,40,30,30,12,11,11,42,11,43,0,0],"gold":221,"neow_bonus":"RANDOM_COMMON_RELIC","is_daily":false,"chose_seed":false,"campfire_upgraded":1,"win_rate":0.0,"timestamp":1610389691,"path_taken":["M","M","?","?","?","E","R","M","T","?","?","?","M","E","R","BOSS","M","?","$","?","M","R","$","E","T","E","M","?","R","E","R","BOSS"],"items_purchased_type":["Relic","Card","Potion","Relic","Relic"],"build_version":"2020-12-22","purchased_purges":3,"victory":false,"max_hp_per_floor":[75,77,77,77,77,79,79,81,81,83,85,85,85,87,87,89,89,91,98,98,98,100,100,100,102,102,104,106,106,106,108,108,112,112],"card_choices":[{"not_picked":["Bloodletting","ReplayReversal"],"picked":"REME_Scribble","floor":1.0},{"not_picked":["Carnage","Run Through"],"picked":"Shrug It Off","floor":2.0},{"not_picked":["infinitespire:Fortify","infinitespire:Collect"],"picked":"infinitespire:FinalStrike","floor":4.0},{"not_picked":["Warcry","Barricade"],"picked":"Headbutt","floor":6.0},{"not_picked":["Replay:Undeath\u0027s Touch","Rage","Hemokinesis"],"picked":"SKIP","floor":8.0},{"not_picked":["Armaments","Sword Boomerang"],"picked":"Seeing Red","floor":10.0},{"not_picked":["Sever Soul","Body Slam"],"picked":"Headbutt","floor":11.0},{"not_picked":["Twin Strike","Run Through"],"picked":"Inflame","floor":13.0},{"not_picked":["Seeing Red","Clash"],"picked":"Pommel Strike","floor":14.0},{"not_picked":["Exhume","Brutality"],"picked":"Limit Break","floor":16.0},{"not_picked":["Thunderclap","Wild Strike","Ghostly Armor"],"picked":"SKIP","floor":18.0},{"not_picked":["True Grit","Abandon"],"picked":"Metallicize","floor":21.0},{"not_picked":["Anger","Replay:Undeath\u0027s Touch"],"picked":"Pommel Strike","floor":21.0},{"not_picked":["Clash","Uppercut"],"picked":"Perfected Strike","floor":22.0},{"not_picked":["Warcry","Brutality"],"picked":"REME_Scribble","floor":25.0},{"not_picked":["Warcry","Flex"],"picked":"Pommel Strike","floor":27.0},{"not_picked":["Pommel Strike","Clothesline","Fiend Fire"],"picked":"SKIP","floor":28},{"not_picked":["Anger+1","Pommel Strike"],"picked":"ReplayTheSpireMod:Strike From Hell","floor":31},{"not_picked":["Thunderclap","Carnage"],"picked":"Pommel Strike","floor":32}],"player_experience":846666,"relics_obtained":[{"floor":6.0,"key":"Torii"},{"floor":9.0,"key":"Tiny Chest"},{"floor":11.0,"key":"Odd Mushroom"},{"floor":14.0,"key":"Charon\u0027s Ashes"},{"floor":19.0,"key":"Strawberry"},{"floor":25.0,"key":"Shovel"},{"floor":26.0,"key":"PreservedInsect"},{"floor":27.0,"key":"MealTicket"},{"floor":31,"key":"Dream Catcher"}],"event_choices":[{"damage_healed":0.0,"max_hp_gain":0.0,"max_hp_loss":0.0,"gold_gain":0.0,"event_name":"Golden Idol","player_choice":"Take Damage","floor":3.0,"gold_loss":0.0,"damage_taken":26.0,"relics_obtained":["Golden Idol"]},{"cards_removed":["Defend_R"],"damage_healed":0.0,"max_hp_gain":0.0,"max_hp_loss":0.0,"gold_gain":0.0,"event_name":"Golden Wing","player_choice":"Card Removal","floor":5.0,"gold_loss":0.0,"damage_taken":7.0},{"damage_healed":0.0,"max_hp_gain":0.0,"max_hp_loss":0.0,"gold_gain":0.0,"event_name":"Mushrooms","player_choice":"Fought Mushrooms","floor":11.0,"gold_loss":0.0,"damage_taken":0.0}],"is_beta":false,"boss_relics":[{"not_picked":["halation:CatFaceCupcake","Fusion Hammer"],"picked":"trackpad:DemonHeart"}],"items_purged_floors":[12,20,24],"is_endless":false,"potions_floor_spawned":[2,8,13,14,16,22,25,31],"killed_by":"Champ","ascension_level":20}}