{"host":"j4g6ia6asvpyu2b0","time":1610370930,"event":{"mods":["BaseMod","Colored Map","Minty Spire (QoL Compilation)","Permanent Neow","Quick Restart","Relic Stats","StSLib","Unceasing Turn Reminder"],"gold_per_floor":[110,385,398,57,73,104,120,148,148,323,352,352,377,333,333,333,333],"floor_reached":16,"playtime":541,"items_purged":["Regret"],"score":192,"play_id":"ecc0f515-f5da-42d7-9fee-07adb6e30ace","local_time":"20210111061530","is_ascension_mode":true,"campfire_choices":[{"data":"Glass Knife","floor":15,"key":"SMITH"}],"circlet_count":0,"master_deck":["AscendersBane","Strike_G","Strike_G","Strike_G","Strike_G","Strike_G","Defend_G","Defend_G","Defend_G","Defend_G","Defend_G","Survivor","Neutralize","Dagger Throw","Sucker Punch","Well Laid Plans","Poisoned Stab","Poisoned Stab","Dagger Spray","Choke","Outmaneuver","Glass Knife+1","Choke"],"relics":["Ring of the Snake","Blood Vial","Lantern","Gremlin Horn","Kunai","FossilizedHelix","Ginger","Art of War"],"acts_visited":["Exordium"],"potions_floor_usage":[11,13],"damage_taken":[{"damage":0,"enemies":"Small Slimes","floor":1,"turns":4},{"damage":2,"enemies":"Cultist","floor":3,"turns":4},{"damage":0,"enemies":"2 Louse","floor":5,"turns":2},{"damage":25,"enemies":"3 Sentries","floor":6,"turns":9},{"damage":0,"enemies":"2 Fungi Beasts","floor":7,"turns":2},{"damage":22,"enemies":"Gremlin Nob","floor":8,"turns":4},{"damage":8,"enemies":"3 Sentries","floor":11,"turns":7},{"damage":17,"enemies":"Lagavulin","floor":13,"turns":6},{"damage":9,"enemies":"Slime Boss","floor":16,"turns":4}],"seed_played":"2903796725635522640","potions_obtained":[{"floor":3,"key":"GamblersBrew"},{"floor":5,"key":"LiquidBronze"},{"floor":7,"key":"SpeedPotion"}],"is_trial":false,"path_per_floor":["M","?","M","$","M","E","M","E","T","?","E","?","E","?","R","B"],"character_chosen":"THE_SILENT","items_purchased":["Lantern","Well Laid Plans","Poisoned Stab"],"campfire_rested":0,"item_purchase_floors":[4,4,4],"current_hp_per_floor":[65,65,65,65,67,44,46,26,26,26,20,20,5,5,5,0,0],"gold":333,"neow_bonus":"RANDOM_COMMON_RELIC","is_daily":false,"chose_seed":false,"campfire_upgraded":1,"win_rate":0.0,"timestamp":1610370930,"path_taken":["M","?","M","$","M","E","?","E","T","?","E","?","E","?","R","BOSS"],"items_purchased_type":["Relic","Card","Card"],"build_version":"2020-12-22","purchased_purges":1,"victory":false,"max_hp_per_floor":[70,70,70,70,70,70,70,70,70,70,70,70,70,70,70,70,70],"relic_stats":{"Blood Vial":18,"Gremlin Horn":[3,3],"counters":[9,42],"Art of War":[0],"Kunai":[9],"Ginger":[0],"obtain_stats":[{"Blood Vial":0,"Lantern":4,"Gremlin Horn":6,"Art of War":13,"Kunai":8,"Ginger":11,"FossilizedHelix":9,"Ring of the Snake":0},{"Blood Vial":0,"Lantern":2,"Gremlin Horn":4,"Art of War":8,"Kunai":6,"Ginger":7,"FossilizedHelix":6,"Ring of the Snake":0},{"Blood Vial":0,"Lantern":8,"Gremlin Horn":19,"Art of War":38,"Kunai":25,"Ginger":32,"FossilizedHelix":25,"Ring of the Snake":0}],"Ring of the Snake":[18]},"card_choices":[{"not_picked":["Prepared","Acrobatics"],"picked":"Dagger Throw","floor":1},{"not_picked":["Endless Agony","Acrobatics"],"picked":"Sucker Punch","floor":3},{"not_picked":["Caltrops","Accuracy"],"picked":"Poisoned Stab","floor":5},{"not_picked":["Underhanded Strike","Poisoned Stab"],"picked":"Dagger Spray","floor":6},{"not_picked":["Cloak And Dagger","Masterful Stab"],"picked":"Choke","floor":7},{"not_picked":["Accuracy","Setup"],"picked":"Outmaneuver","floor":8},{"not_picked":["Crippling Poison","Setup"],"picked":"Glass Knife","floor":11},{"not_picked":["Slice","Bane"],"picked":"Choke","floor":13}],"player_experience":803777,"relics_obtained":[{"floor":6,"key":"Gremlin Horn"},{"floor":8,"key":"Kunai"},{"floor":9,"key":"FossilizedHelix"},{"floor":11,"key":"Ginger"},{"floor":13,"key":"Art of War"}],"event_choices":[{"damage_healed":0,"gold_gain":275,"player_choice":"Desecrate","damage_taken":0,"max_hp_gain":0,"max_hp_loss":0,"event_name":"Golden Shrine","floor":2,"gold_loss":0,"cards_obtained":["Regret"]},{"damage_healed":0,"gold_gain":175,"player_choice":"AGREE","damage_taken":0,"max_hp_gain":0,"max_hp_loss":0,"event_name":"Liars Game","floor":10,"gold_loss":0,"cards_obtained":["Doubt"]},{"cards_removed":["Doubt"],"damage_healed":0,"gold_gain":0,"player_choice":"Forget","damage_taken":0,"max_hp_gain":0,"max_hp_loss":0,"event_name":"Living Wall","floor":12,"gold_loss":0},{"damage_healed":0,"gold_gain":0,"player_choice":"Left Gold","damage_taken":0,"max_hp_gain":0,"max_hp_loss":0,"event_name":"World of Goop","floor":14,"gold_loss":44}],"is_beta":false,"boss_relics":[],"items_purged_floors":[4],"is_endless":false,"potions_floor_spawned":[3,5,7],"killed_by":"Slime Boss","ascension_level":10}}