{"host":"cv77zuuuekizn3ic","time":1610331032,"event":{"mods":["AchievementEnabler","BaseMod","Marisa£®ÏF”Í°°ƒß¿Ì…≥£©","Minty Spire (QoL Compilation)","StSLib","Waifu the Spire","everything is the same but u backflip on backflip","slay the spire mod where everything is the same but ironclad has a cowboy hat"],"gold_per_floor":[116,129,54,54,54,54,88,88,88,103,123,20,63,77,77,171,171,187,187,200,214,257,257,275,275,275,291,291,334,347,382,382,382,382],"floor_reached":33,"playtime":1585,"items_purged":["Strike_R"],"score":694,"play_id":"40ae0f2f-ee13-431f-b62c-557a4b8bb407","local_time":"20210111101032","is_ascension_mode":true,"campfire_choices":[{"data":"Cleave","floor":6.0,"key":"SMITH"},{"data":"Shrug It Off","floor":8.0,"key":"SMITH"},{"data":"Armaments","floor":15.0,"key":"SMITH"},{"data":"Dark Embrace","floor":23.0,"key":"SMITH"},{"data":"Offering","floor":28.0,"key":"SMITH"},{"data":"Warcry","floor":32.0,"key":"SMITH"}],"circlet_count":0,"master_deck":["AscendersBane","Defend_R","Defend_R","Defend_R","Defend_R","Bash+1","Cleave+1","Reckless Charge+1","Shrug It Off+1","Sever Soul","Dark Embrace+1","Warcry","Armaments+1","Fire Breathing","Warcry+1","Reckless Charge","Power Through","Offering+1","Shockwave","Fire Breathing"],"relics":["Burning Blood","NeowsBlessing","Golden Idol","Question Card","StrikeDummy","Oddly Smooth Stone","Empty Cage","Red Mask","White Beast Statue","Bronze Scales","Smiling Mask"],"acts_visited":["Exordium","TheCity"],"potions_floor_usage":[],"damage_taken":[{"damage":0.0,"enemies":"Jaw Worm","floor":1.0,"turns":1.0},{"damage":0.0,"enemies":"Small Slimes","floor":2.0,"turns":1.0},{"damage":0.0,"enemies":"3 Sentries","floor":7.0,"turns":1.0},{"damage":2.0,"enemies":"2 Louse","floor":10.0,"turns":3.0},{"damage":0.0,"enemies":"2 Fungi Beasts","floor":11.0,"turns":2.0},{"damage":32.0,"enemies":"Gremlin Nob","floor":13.0,"turns":4.0},{"damage":8.0,"enemies":"Large Slime","floor":14.0,"turns":5.0},{"damage":29.0,"enemies":"Hexaghost","floor":16.0,"turns":11.0},{"damage":15.0,"enemies":"3 Byrds","floor":18.0,"turns":5.0},{"damage":24.0,"enemies":"Shell Parasite","floor":20.0,"turns":12.0},{"damage":27.0,"enemies":"Centurion and Healer","floor":21.0,"turns":10.0},{"damage":16.0,"enemies":"Masked Bandits","floor":22.0,"turns":3.0},{"damage":21.0,"enemies":"Cultist and Chosen","floor":24.0,"turns":4.0},{"damage":0.0,"enemies":"Snecko","floor":27.0,"turns":6.0},{"damage":6.0,"enemies":"Gremlin Leader","floor":29.0,"turns":6.0},{"damage":6.0,"enemies":"3 Cultists","floor":30.0,"turns":4.0},{"damage":16.0,"enemies":"Book of Stabbing","floor":31.0,"turns":4.0},{"damage":78,"enemies":"Automaton","floor":33,"turns":6}],"seed_played":"9113074699528043655","potions_obtained":[{"floor":2.0,"key":"ElixirPotion"},{"floor":10.0,"key":"GamblersBrew"},{"floor":13.0,"key":"GamblersBrew"},{"floor":16.0,"key":"FairyPotion"},{"floor":24.0,"key":"SmokeBomb"},{"floor":27.0,"key":"GamblersBrew"},{"floor":30.0,"key":"AttackPotion"},{"floor":31.0,"key":"SteroidPotion"}],"is_trial":false,"path_per_floor":["M","M","?","?","?","R","E","R","T","M","M","$","E","M","R","B",null,"M","?","M","M","?","R","M","?","T","M","R","E","M","E","R","B"],"character_chosen":"IRONCLAD","items_purchased":["Warcry"],"campfire_rested":0,"item_purchase_floors":[12],"current_hp_per_floor":[74,75,75,52,52,52,58,58,58,62,68,68,42,40,40,17,55,46,46,28,7,26,26,11,68,68,68,68,68,68,58,58,0,0],"gold":382,"neow_bonus":"THREE_ENEMY_KILL","is_daily":false,"chose_seed":false,"campfire_upgraded":6,"win_rate":0.0,"timestamp":1610331032,"path_taken":["M","M","?","?","?","R","E","R","T","M","M","$","E","M","R","BOSS","M","?","M","M","?","R","M","?","T","M","R","E","M","E","R","BOSS"],"items_purchased_type":["Card"],"build_version":"2020-12-22","purchased_purges":1,"victory":false,"max_hp_per_floor":[75,75,75,75,68,68,68,68,68,68,68,68,68,68,68,68,68,68,68,68,68,68,68,68,68,68,68,68,68,68,68,68,68,68],"card_choices":[{"not_picked":["Clothesline","Thunderclap"],"picked":"Cleave","floor":1.0},{"not_picked":["Flex","Carnage"],"picked":"Reckless Charge","floor":2.0},{"not_picked":["Wild Strike","Heavy Blade"],"picked":"Shrug It Off","floor":7.0},{"not_picked":["Rage","Thunderclap","Headbutt"],"picked":"Sever Soul","floor":10.0},{"not_picked":["Fiend Fire","Flame Barrier","Carnage"],"picked":"Dark Embrace","floor":11.0},{"not_picked":["Cleave","Rage","Blood for Blood"],"picked":"Armaments","floor":13.0},{"not_picked":["Body Slam","Thunderclap","Infernal Blade"],"picked":"Fire Breathing","floor":14.0},{"not_picked":["Rampage","Wild Strike","Flex"],"picked":"Warcry","floor":18.0},{"not_picked":["Clothesline","Heavy Blade","Sentinel"],"picked":"Fire Breathing","floor":20.0},{"not_picked":["Armaments","Body Slam","Havoc"],"picked":"Reckless Charge","floor":21.0},{"not_picked":["Blood for Blood","Headbutt","Flex+1"],"picked":"Power Through","floor":22.0},{"not_picked":["Iron Wave","Sword Boomerang","Dual Wield","Pommel Strike"],"picked":"SKIP","floor":24.0},{"not_picked":["Body Slam","Headbutt","Armaments"],"picked":"Offering","floor":27.0},{"not_picked":["Pommel Strike","Warcry","Sword Boomerang"],"picked":"Shockwave","floor":29.0},{"not_picked":["Flex","Heavy Blade","Infernal Blade","Thunderclap"],"picked":"SKIP","floor":30.0},{"not_picked":["Barricade","Burning Pact","Anger"],"picked":"Fire Breathing","floor":31.0}],"player_experience":843497,"relics_obtained":[{"floor":7.0,"key":"Question Card"},{"floor":9.0,"key":"StrikeDummy"},{"floor":13.0,"key":"Oddly Smooth Stone"},{"floor":22.0,"key":"Red Mask"},{"floor":26.0,"key":"White Beast Statue"},{"floor":29.0,"key":"Bronze Scales"},{"floor":31.0,"key":"Smiling Mask"}],"event_choices":[{"cards_removed":["Strike_R"],"damage_healed":0.0,"max_hp_gain":0.0,"max_hp_loss":0.0,"gold_gain":0.0,"event_name":"The Cleric","player_choice":"Card Removal","floor":3.0,"gold_loss":75.0,"damage_taken":0.0},{"damage_healed":0.0,"max_hp_gain":0.0,"max_hp_loss":0.0,"gold_gain":0.0,"event_name":"Shining Light","player_choice":"Entered Light","floor":4.0,"gold_loss":0.0,"damage_taken":23.0,"cards_upgraded":["Reckless Charge","Bash"]},{"damage_healed":0.0,"max_hp_gain":0.0,"max_hp_loss":7.0,"gold_gain":0.0,"event_name":"Golden Idol","player_choice":"Lose Max HP","floor":5.0,"gold_loss":0.0,"damage_taken":0.0,"relics_obtained":["Golden Idol"]},{"cards_removed":["Strike_R"],"damage_healed":0.0,"max_hp_gain":0.0,"max_hp_loss":0.0,"gold_gain":0.0,"event_name":"Back to Basics","player_choice":"Elegance","floor":19.0,"gold_loss":0.0,"damage_taken":0.0},{"damage_healed":0.0,"max_hp_gain":0.0,"max_hp_loss":0.0,"gold_gain":0.0,"event_name":"Masked Bandits","player_choice":"Fought Bandits","floor":22.0,"gold_loss":0.0,"damage_taken":0.0},{"cards_removed":["Fire Breathing"],"damage_healed":57.0,"max_hp_gain":0.0,"max_hp_loss":0.0,"gold_gain":0.0,"event_name":"Bonfire Elementals","player_choice":"Offered Uncommon","floor":25.0,"gold_loss":0.0,"damage_taken":0.0}],"is_beta":false,"boss_relics":[{"not_picked":["Snecko Eye","Busted Crown"],"picked":"Empty Cage"}],"items_purged_floors":[12],"is_endless":false,"potions_floor_spawned":[2,10,13,14,16,18,24,27,29,30,31],"killed_by":"Automaton","ascension_level":20}}