{"host":"gcawvv3k5o8rxu3x","time":1610384989,"event":{"mods":["100% Spire Juice","Act Like it!","Aspiration","Bard","BaseMod","Beaked The Cultist","Better Third Choice","BetterRewards","Colored Map","Colored Powertips","Conspire","Dark Map","Energized Spire","Friendly Minions","Gensokyo","GifTheSpireLib","Halation","Hallownest","Hermit","Highlight Path","Hubris","Infinite Spire","Jedi Mod","Marisa????????","Melee Mod","Minty Spire (QoL Compilation)","Rare Cards Sparkle","Relic Sorter","Replay The Spire","Robot Space Explorer","Shop Mod","Spicy Shops","Spikes Relics","StSLib","Stuff the Spire","The Blue Laboratory","The Bug Knight","The Construct","The Cursed","The Disciple","The Factory","The Gatherer","The Hierophant","The Jungle","The Marked","The Mystic","The Necromancer","The Poker Player","The Runesmith","The Servant 0.9.4","vexMod"],"gold_per_floor":[110,125,125,125,25,25,40,40,40,71,71,105,105,122,122,122,122],"floor_reached":16,"playtime":907,"items_purged":["Strike_G","Strike_G"],"score":112,"play_id":"70be938e-6d2d-4cb2-9f64-5b7ccf061064","local_time":"20210111120949","is_ascension_mode":true,"campfire_choices":[{"data":"Prepared","floor":6,"key":"SMITH"},{"floor":11,"key":"REST"},{"data":"Backstab","floor":15,"key":"SMITH"}],"circlet_count":0,"master_deck":["Strike_G","Strike_G","Strike_G","Defend_G","Defend_G","Defend_G","Defend_G","Defend_G","Survivor","Neutralize","Prepared+1","Slice","Quick Slash","Slice","Backstab+1"],"relics":["Ring of the Snake","RoseTintedShades","Blood Vial","Question Card","ShockBauble","hubris:Towel","hubris:GlazedTorus","StuffTheSpire:Gunfinga","Vajra","Hallownest:DreamNailRelic"],"acts_visited":["Exordium"],"potions_floor_usage":[8,10,12],"damage_taken":[{"damage":0,"enemies":"Hallownest:monsterHuskGuard","floor":1,"turns":4},{"damage":0,"enemies":"Hallownest:monsterHuskWarrior","floor":2,"turns":5},{"damage":1,"enemies":"Hallownest:2_Tiktiks_and_1_Crawlid","floor":7,"turns":3},{"damage":0,"enemies":"Hallownest:monsterAspidMother","floor":8,"turns":4},{"damage":14,"enemies":"Hallownest:eliteCrystalGuardian","floor":10,"turns":6},{"damage":17,"enemies":"Hallownest:eliteVengeflyKing","floor":12,"turns":4},{"damage":0,"enemies":"Hallownest:monsterFoolEater","floor":14,"turns":2},{"damage":46,"enemies":"Hallownest:BossBrokenVessel","floor":16,"turns":6}],"seed_played":"4090109411561509723","potions_obtained":[{"floor":2,"key":"blueLaboratory:BlinkPotion"},{"floor":7,"key":"PowerPotion"},{"floor":10,"key":"SteroidPotion"}],"is_trial":false,"path_per_floor":["M","M","T","?","$","R","M","M","T","E","R","E","?","M","R","B"],"character_chosen":"THE_SILENT","items_purchased":["RoseTintedShades","Blood Vial","Question Card"],"campfire_rested":1,"item_purchase_floors":[0,0,0],"current_hp_per_floor":[40,42,42,42,42,42,43,45,45,33,54,39,39,41,41,0,0],"gold":122,"neow_bonus":"","is_daily":false,"chose_seed":false,"campfire_upgraded":2,"win_rate":0.0,"timestamp":1610384989,"path_taken":["M","M","?","?","?","R","?","?","T","E","R","E","?","?","R","BOSS"],"items_purchased_type":["Relic","Relic","Relic"],"build_version":"2020-12-22","purchased_purges":2,"victory":false,"max_hp_per_floor":[70,70,70,70,70,70,70,70,70,70,70,70,70,70,70,70,70],"card_choices":[{"not_picked":["Reflex","Dagger Throw","hubris:SlightOfHand"],"picked":"Prepared","floor":1},{"not_picked":["StuffTheSpire:DoubleShiv","Dodge and Roll","jedi:acidrain"],"picked":"Slice","floor":2},{"not_picked":["infinitespire:Neurotoxin","Bane","Concentrate"],"picked":"Quick Slash","floor":7},{"not_picked":["InfectiousVector","jedi:unstablefumes","Deadly Poison","StuffTheSpire:MirrorStance"],"picked":"SKIP","floor":8},{"not_picked":["Poisoned Stab","StuffTheSpire:Python","Dagger Spray"],"picked":"Slice","floor":10},{"not_picked":["Quick Slash","jedi:pocketpoison","Flechettes"],"picked":"Backstab","floor":12},{"not_picked":["StuffTheSpire:ClusterCrunch","Sucker Punch","Pace","StuffTheSpire:MirrorStance"],"picked":"SKIP","floor":14}],"player_experience":139606,"relics_obtained":[{"floor":3,"key":"ShockBauble"},{"floor":9,"key":"hubris:GlazedTorus"},{"floor":10,"key":"StuffTheSpire:Gunfinga"},{"floor":12,"key":"Vajra"}],"event_choices":[],"is_beta":false,"boss_relics":[],"items_purged_floors":[0,5],"is_endless":false,"potions_floor_spawned":[2,7,10],"killed_by":"Hallownest:BossBrokenVessel","ascension_level":1}}