{"host":"Sean","time":1610325798,"event":{"mods":["BaseMod","Block Reminder","Colored Map","Colored Powertips","Highlight Path","Minty Spire (QoL Compilation)","Permanent Neow","Relic Stats"],"gold_per_floor":[112,287,287,301,4,39,139,139,163,175,188,222,21,47,47,152,152,169,169,179,196,213,246,246,279,279,308,308,322,338,21,21,119,119,136,17,35,0,0,26,26,53,53,105,69,69,81,81,81,81,81,81,1,28,28],"floor_reached":56,"playtime":3688,"items_purged":["Doubt","Defend_B","Defend_B"],"score":1645,"play_id":"8c95a251-5744-4874-878a-a188c02832b2","local_time":"20210111004318","is_ascension_mode":true,"campfire_choices":[{"data":"Consume","floor":8.0,"key":"SMITH"},{"floor":15.0,"key":"REST"},{"floor":24.0,"key":"REST"},{"floor":28.0,"key":"REST"},{"floor":32.0,"key":"RECALL"},{"floor":41,"key":"REST"},{"floor":46,"key":"REST"},{"floor":49,"key":"REST"},{"floor":52,"key":"REST"}],"circlet_count":0,"master_deck":["Strike_B+1","Strike_B","Strike_B","Strike_B","Defend_B","Defend_B+1","Zap","Dualcast","Thunder Strike","Conserve Battery","Sweeping Beam","Consume+1","Go for the Eyes","Turbo","Ball Lightning","Multi-Cast+1","Hologram+1","BootSequence+1","Hyperbeam+1","Steam+1","Reinforced Body+1","Hologram+1","Coolheaded+1","Leap+1","Leap+1","Rip and Tear+1","White Noise+1","Glacier+1","Apotheosis+1","Impatience+1","Machine Learning","Ball Lightning+1","Hologram+1","Undo+1","Defragment+1","Fission+1","Writhe","Capacitor+1","Hologram+1","Consume+1","Darkness+1","Seek+1"],"relics":["Cracked Core","Runic Capacitor","Kunai","Bag of Preparation","Toxic Egg 2","PreservedInsect","The Courier","Fusion Hammer","White Beast Statue","Boot","Eternal Feather","Potion Belt","Cursed Key","Red Mask","Dream Catcher","InkBottle","Du-Vu Doll","Bottled Tornado"],"acts_visited":["Exordium","TheCity","TheBeyond","TheEnding"],"potions_floor_usage":[35,40,50,50,54,55,55,55],"damage_taken":[{"damage":1.0,"enemies":"2 Louse","floor":1.0,"turns":2.0},{"damage":9.0,"enemies":"Jaw Worm","floor":4.0,"turns":4.0},{"damage":22.0,"enemies":"Lagavulin","floor":6.0,"turns":7.0},{"damage":0.0,"enemies":"Cultist","floor":10.0,"turns":4.0},{"damage":12.0,"enemies":"Exordium Wildlife","floor":11.0,"turns":4.0},{"damage":0.0,"enemies":"Gremlin Nob","floor":12.0,"turns":3.0},{"damage":15.0,"enemies":"Lagavulin","floor":14.0,"turns":5.0},{"damage":5.0,"enemies":"Slime Boss","floor":16.0,"turns":7.0},{"damage":1.0,"enemies":"2 Thieves","floor":18.0,"turns":3.0},{"damage":0.0,"enemies":"3 Byrds","floor":20.0,"turns":3.0},{"damage":1.0,"enemies":"Centurion and Healer","floor":21.0,"turns":6.0},{"damage":15.0,"enemies":"Shelled Parasite and Fungi","floor":22.0,"turns":6.0},{"damage":16.0,"enemies":"Gremlin Leader","floor":23.0,"turns":7.0},{"damage":9.0,"enemies":"Book of Stabbing","floor":25.0,"turns":4.0},{"damage":7.0,"enemies":"Slavers","floor":27.0,"turns":3.0},{"damage":0.0,"enemies":"Chosen and Byrds","floor":29.0,"turns":6.0},{"damage":0.0,"enemies":"Snake Plant","floor":30.0,"turns":4.0},{"damage":62,"enemies":"Collector","floor":33,"turns":10},{"damage":5,"enemies":"3 Shapes","floor":35,"turns":2},{"damage":0,"enemies":"3 Darklings","floor":37,"turns":4},{"damage":12,"enemies":"Giant Head","floor":40,"turns":8},{"damage":8,"enemies":"Nemesis","floor":42,"turns":5},{"damage":5,"enemies":"2 Orb Walkers","floor":44,"turns":4},{"damage":4,"enemies":"Writhing Mass","floor":47,"turns":6},{"damage":0,"enemies":"Donu and Deca","floor":50,"turns":8},{"damage":3,"enemies":"Shield and Spear","floor":54,"turns":4},{"damage":59,"enemies":"The Heart","floor":55,"turns":11}],"seed_played":"6457346372668289273","potions_obtained":[{"floor":1.0,"key":"SkillPotion"},{"floor":4.0,"key":"DuplicationPotion"},{"floor":11.0,"key":"Fire Potion"},{"floor":22.0,"key":"AttackPotion"},{"floor":23.0,"key":"Swift Potion"},{"floor":25.0,"key":"CultistPotion"},{"floor":27.0,"key":"ColorlessPotion"},{"floor":29.0,"key":"SpeedPotion"},{"floor":30.0,"key":"SteroidPotion"},{"floor":35,"key":"LiquidMemories"},{"floor":40,"key":"DistilledChaos"},{"floor":42,"key":"FairyPotion"},{"floor":47,"key":"GamblersBrew"},{"floor":54,"key":"FearPotion"}],"is_trial":false,"path_per_floor":["M","?","?","M","$","E","?","R","T","M","M","E","$","E","R","B",null,"M","?","M","M","M","E","R","E","T","E","R","M","M","$","R","B",null,"M","$","M","?","$","E","R","E","T","?","$","R","M","?","R","B",null,"R","$","E","B",null],"character_chosen":"DEFECT","items_purchased":["Consume","Runic Capacitor","PreservedInsect","Hologram+1","Apotheosis+1","FocusPotion","Impatience+1","Hologram+1","Hologram+1","ColorlessPotion","Energy Potion"],"campfire_rested":7,"item_purchase_floors":[5,5,13,13,31,31,31,36,45,53,53],"current_hp_per_floor":[74,74,59,50,50,28,28,28,28,28,16,16,16,1,23,18,61,60,60,60,59,44,28,50,41,41,34,71,71,71,71,75,13,60,55,55,55,55,55,43,75,67,67,62,62,75,71,71,75,75,75,75,75,72,13],"gold":28,"neow_bonus":"ONE_RANDOM_RARE_CARD","is_daily":false,"chose_seed":false,"campfire_upgraded":1,"win_rate":0.0,"timestamp":1610325798,"path_taken":["M","?","?","M","?","E","?","R","T","?","M","E","$","E","R","BOSS","M","?","M","M","?","E","R","E","T","E","R","M","M","$","R","BOSS","M","$","M","?","$","E","R","E","T","?","?","R","M","?","R","BOSS","R","$","E","BOSS"],"items_purchased_type":["Card","Relic","Relic","Card","Card","Potion","Card","Card","Card","Potion","Potion"],"build_version":"2020-12-18","purchased_purges":3,"victory":true,"max_hp_per_floor":[75,75,75,75,75,75,75,75,75,75,75,75,75,75,75,75,75,75,75,75,75,75,75,75,75,75,75,75,75,75,75,75,75,75,75,75,75,75,75,75,75,75,75,75,75,75,75,75,75,75,75,75,75,75,75],"relic_stats":{"Dream Catcher":4,"counters":[27,140],"Eternal Feather":54,"PreservedInsect":404,"Bag of Preparation":[48],"Kunai":[30],"Boot":[37],"Cursed Key":1,"obtain_stats":[{"Potion Belt":27,"Eternal Feather":26,"PreservedInsect":13,"The Courier":14,"Runic Capacitor":5,"Bag of Preparation":9,"Bottled Tornado":54,"Boot":25,"Cursed Key":34,"White Beast Statue":23,"Du-Vu Doll":44,"Dream Catcher":40,"Fusion Hammer":17,"Red Mask":38,"Kunai":6,"Toxic Egg 2":12,"Cracked Core":0,"InkBottle":42},{"Potion Belt":15,"Eternal Feather":14,"PreservedInsect":6,"The Courier":7,"Runic Capacitor":2,"Bag of Preparation":3,"Bottled Tornado":26,"Boot":14,"Cursed Key":18,"White Beast Statue":13,"Du-Vu Doll":23,"Dream Catcher":21,"Fusion Hammer":8,"Red Mask":20,"Kunai":3,"Toxic Egg 2":6,"Cracked Core":0,"InkBottle":22},{"Potion Belt":68,"Eternal Feather":65,"PreservedInsect":24,"The Courier":29,"Runic Capacitor":6,"Bag of Preparation":13,"Bottled Tornado":129,"Boot":65,"Cursed Key":88,"White Beast Statue":61,"Du-Vu Doll":111,"Dream Catcher":102,"Fusion Hammer":36,"Red Mask":94,"Kunai":13,"Toxic Egg 2":24,"Cracked Core":0,"InkBottle":107}],"InkBottle":[18]},"card_choices":[{"not_picked":["Undo","Recycle"],"picked":"Conserve Battery","floor":1.0},{"not_picked":["Double Energy","Go for the Eyes"],"picked":"Sweeping Beam","floor":4.0},{"not_picked":["FTL","Cold Snap"],"picked":"Go for the Eyes","floor":6.0},{"not_picked":["Chill","Sweeping Beam"],"picked":"Turbo","floor":10.0},{"not_picked":["Coolheaded","Steam"],"picked":"Ball Lightning","floor":11.0},{"not_picked":["Beam Cell","Scrape"],"picked":"Multi-Cast+1","floor":12.0},{"not_picked":["Conserve Battery+1","Compile Driver"],"picked":"BootSequence+1","floor":14.0},{"not_picked":["Buffer","Creative AI"],"picked":"Hyperbeam","floor":16.0},{"not_picked":["Stack+1","Blizzard"],"picked":"Steam+1","floor":18.0},{"not_picked":["Coolheaded+1","Beam Cell"],"picked":"Reinforced Body+1","floor":20.0},{"not_picked":["Fusion+1","Streamline"],"picked":"Hologram+1","floor":21.0},{"not_picked":["Sweeping Beam+1","Stack+1"],"picked":"Coolheaded+1","floor":22.0},{"not_picked":["All For One","Coolheaded+1"],"picked":"Leap+1","floor":23.0},{"not_picked":["Gash","Redo+1"],"picked":"Leap+1","floor":25.0},{"not_picked":["Thunder Strike","Sweeping Beam"],"picked":"Rip and Tear+1","floor":27.0},{"not_picked":["Turbo+1","Steam+1"],"picked":"White Noise+1","floor":29.0},{"not_picked":["Force Field+1","Sweeping Beam"],"picked":"Glacier+1","floor":30.0},{"not_picked":["All For One","Thunder Strike"],"picked":"Machine Learning","floor":33},{"not_picked":["Aggregate+1","Barrage+1"],"picked":"Ball Lightning+1","floor":35},{"not_picked":["Steam+1","Go for the Eyes","Glacier+1"],"picked":"SKIP","floor":37},{"not_picked":["Reinforced Body+1","All For One"],"picked":"Undo+1","floor":40},{"not_picked":["Cold Snap","Glacier+1"],"picked":"Defragment+1","floor":41},{"not_picked":["Streamline","Storm"],"picked":"Fission+1","floor":42},{"not_picked":["Go for the Eyes+1","Recycle+1"],"picked":"Capacitor+1","floor":44},{"not_picked":["Barrage+1","Leap+1"],"picked":"Consume+1","floor":46},{"not_picked":["Gash","Steam+1"],"picked":"Darkness+1","floor":47},{"not_picked":["Streamline+1","Capacitor"],"picked":"Seek+1","floor":54}],"player_experience":420170,"relics_obtained":[{"floor":6.0,"key":"Kunai"},{"floor":9.0,"key":"Bag of Preparation"},{"floor":12.0,"key":"Toxic Egg 2"},{"floor":14.0,"key":"The Courier"},{"floor":23.0,"key":"White Beast Statue"},{"floor":25.0,"key":"Boot"},{"floor":26.0,"key":"Eternal Feather"},{"floor":27.0,"key":"Potion Belt"},{"floor":40,"key":"Dream Catcher"},{"floor":42,"key":"InkBottle"},{"floor":44,"key":"Du-Vu Doll"},{"floor":54,"key":"Bottled Tornado"}],"event_choices":[{"damage_healed":0.0,"max_hp_gain":0.0,"max_hp_loss":0.0,"gold_gain":175.0,"event_name":"Liars Game","player_choice":"AGREE","floor":2.0,"gold_loss":0.0,"damage_taken":0.0,"cards_obtained":["Doubt"]},{"damage_healed":0.0,"max_hp_gain":0.0,"max_hp_loss":0.0,"gold_gain":0.0,"event_name":"Shining Light","player_choice":"Entered Light","floor":3.0,"gold_loss":0.0,"damage_taken":15.0,"cards_upgraded":["Strike_B","Defend_B"]},{"damage_healed":0.0,"max_hp_gain":0.0,"max_hp_loss":0.0,"gold_gain":100.0,"event_name":"Golden Shrine","player_choice":"Pray","floor":7.0,"gold_loss":0.0,"damage_taken":0.0},{"damage_healed":0.0,"max_hp_gain":0.0,"max_hp_loss":0.0,"gold_gain":0.0,"event_name":"Upgrade Shrine","player_choice":"Upgraded","floor":19.0,"gold_loss":0.0,"damage_taken":0.0,"cards_upgraded":["Hyperbeam"]},{"damage_healed":0,"gold_gain":0,"player_choice":"Paid","damage_taken":0,"relics_obtained":["Red Mask"],"max_hp_gain":0,"max_hp_loss":0,"event_name":"Tomb of Lord Red Mask","floor":38,"gold_loss":35},{"damage_healed":0,"gold_gain":0,"player_choice":"Fight","damage_taken":0,"max_hp_gain":0,"max_hp_loss":0,"event_name":"Mysterious Sphere","floor":44,"gold_loss":0},{"damage_healed":0,"gold_gain":0,"player_choice":"Ignored","damage_taken":0,"max_hp_gain":0,"max_hp_loss":0,"event_name":"SecretPortal","floor":48,"gold_loss":0}],"is_beta":true,"boss_relics":[{"not_picked":["Ectoplasm","SlaversCollar"],"picked":"Fusion Hammer"},{"not_picked":["Snecko Eye","Calling Bell"],"picked":"Cursed Key"}],"items_purged_floors":[5,31,36],"is_endless":false,"potions_floor_spawned":[1,4,11,22,23,25,27,29,30,33,35,37,40,42,44,47,54],"ascension_level":5}}