{"host":"p9t7qd83igtcp2bh","time":1610395677,"event":{"mods":["2.2 Compatiblity","AchievementEnabler","BaseMod","Colored Map","Colored Powertips","Custom Start","DeckTracker","Keyboard Shortcuts","Minty Spire (QoL Compilation)","Permanent Neow","StSLib","SuperFastMode","everything is the same but u backflip on backflip"],"gold_per_floor":[119,44,9,9,9,9,28,28,28,28,41,59,72,90,90,181,181,205,228,228,228],"floor_reached":20,"playtime":510,"items_purged":["Defend_G"],"score":291,"play_id":"12abd484-eedb-475e-8719-5561555cc186","local_time":"20210112050757","is_ascension_mode":true,"campfire_choices":[{"data":"Envenom","floor":6.0,"key":"SMITH"},{"data":"Acrobatics","floor":8.0,"key":"SMITH"},{"data":"Blade Dance","floor":10.0,"key":"SMITH"},{"data":"Prepared","floor":15.0,"key":"SMITH"}],"circlet_count":0,"master_deck":["AscendersBane","Strike_G","Strike_G","Strike_G","Strike_G","Strike_G","Defend_G","Defend_G","Defend_G","Defend_G","Survivor","Neutralize","Grand Finale","Blade Dance+1","Envenom+1","Acrobatics+1","Backflip","Calculated Gamble","Prepared+1","After Image","Dagger Throw","Reflex"],"relics":["Ring of the Snake","Golden Idol","Matryoshka","Sozu"],"acts_visited":["Exordium","TheCity"],"potions_floor_usage":[16,16],"damage_taken":[{"damage":4.0,"enemies":"Jaw Worm","floor":1.0,"turns":8.0},{"damage":2.0,"enemies":"2 Louse","floor":7.0,"turns":3.0},{"damage":0.0,"enemies":"Cultist","floor":11.0,"turns":3.0},{"damage":10.0,"enemies":"2 Fungi Beasts","floor":12.0,"turns":4.0},{"damage":12.0,"enemies":"Large Slime","floor":13.0,"turns":4.0},{"damage":0.0,"enemies":"Exordium Wildlife","floor":14.0,"turns":1.0},{"damage":29,"enemies":"The Guardian","floor":16,"turns":10},{"damage":8,"enemies":"2 Thieves","floor":18,"turns":4},{"damage":25,"enemies":"Spheric Guardian","floor":19,"turns":6},{"damage":15,"enemies":"Centurion and Healer","floor":20,"turns":3}],"seed_played":"622780632241548759","potions_obtained":[{"floor":1.0,"key":"DistilledChaos"},{"floor":11.0,"key":"SpeedPotion"},{"floor":13.0,"key":"DuplicationPotion"}],"is_trial":false,"path_per_floor":["M","$","?","?","?","R","M","R","T","R","M","M","M","M","R","B",null,"M","M","M"],"character_chosen":"THE_SILENT","items_purchased":[],"campfire_rested":0,"item_purchase_floors":[],"current_hp_per_floor":[55,55,66,60,60,60,58,58,58,58,58,48,36,36,36,7,47,39,14,0,0],"gold":228,"neow_bonus":"ONE_RANDOM_RARE_CARD","is_daily":false,"chose_seed":false,"campfire_upgraded":4,"win_rate":0.0,"timestamp":1610395677,"path_taken":["M","$","?","?","?","R","M","R","T","R","M","?","M","M","R","BOSS","M","M","M"],"items_purchased_type":[],"build_version":"2020-12-22","purchased_purges":1,"victory":false,"max_hp_per_floor":[66,66,66,60,60,60,60,60,60,60,60,60,60,60,60,60,60,60,60,60,60],"card_choices":[{"not_picked":["Underhanded Strike","Expertise"],"picked":"Blade Dance","floor":1.0},{"not_picked":["Choke","Dagger Throw"],"picked":"Acrobatics","floor":7.0},{"not_picked":["Flying Knee","Dagger Throw"],"picked":"Backflip","floor":11.0},{"not_picked":["Infinite Blades","Flying Knee","PiercingWail"],"picked":"SKIP","floor":12.0},{"not_picked":["Corpse Explosion","Dagger Spray"],"picked":"Calculated Gamble","floor":13.0},{"not_picked":["Finisher","Flechettes"],"picked":"Prepared","floor":14.0},{"not_picked":["Grand Finale","Glass Knife"],"picked":"After Image","floor":16},{"not_picked":["Outmaneuver","Underhanded Strike"],"picked":"Dagger Throw","floor":18},{"not_picked":["Flying Knee","Acrobatics"],"picked":"Reflex","floor":19}],"player_experience":609508,"relics_obtained":[{"floor":9.0,"key":"Matryoshka"}],"event_choices":[{"damage_healed":16.0,"max_hp_gain":0.0,"max_hp_loss":0.0,"gold_gain":0.0,"event_name":"The Cleric","player_choice":"Healed","floor":3.0,"gold_loss":35.0,"damage_taken":0.0},{"damage_healed":0.0,"max_hp_gain":0.0,"max_hp_loss":6.0,"gold_gain":0.0,"event_name":"Golden Idol","player_choice":"Lose Max HP","floor":4.0,"gold_loss":0.0,"damage_taken":0.0,"relics_obtained":["Golden Idol"]},{"damage_healed":0.0,"max_hp_gain":0.0,"max_hp_loss":0.0,"gold_gain":0.0,"event_name":"Match and Keep!","player_choice":"1 cards matched","floor":5.0,"gold_loss":0.0,"damage_taken":0.0,"cards_obtained":["Envenom"]}],"is_beta":false,"boss_relics":[{"not_picked":["Philosopher\u0027s Stone","Velvet Choker"],"picked":"Sozu"}],"items_purged_floors":[2],"is_endless":false,"potions_floor_spawned":[1,11,13,18],"killed_by":"Centurion and Healer","ascension_level":15}}