{"host":"jpzdg3po3tjxdjri","time":1610400841,"event":{"mods":["BaseMod","Better Third Choice","Colored Map","Colored Powertips","Minty Spire (QoL Compilation)","StSLib"],"gold_per_floor":[18,18,18,18,47,91,121,121,146,164,189,214,214,234,234,314,341,368,389,411,55,68,87,110,110,137,163,163,188,208,208,208,295,295,320,346,408,442,442,442,484,32,58,58,58,101,101,124,124,124],"floor_reached":51,"playtime":1670,"items_purged":["Power Through+1"],"score":1209,"play_id":"403fc6f7-8e57-44a4-8d22-50c68dcd7e10","local_time":"20210111213401","is_ascension_mode":true,"campfire_choices":[{"floor":8,"key":"REST"},{"data":"Limit Break","floor":13,"key":"SMITH"},{"data":"Flex","floor":15,"key":"SMITH"},{"data":"True Grit","floor":25,"key":"SMITH"},{"data":"Inflame","floor":28,"key":"SMITH"},{"data":"Heavy Blade","floor":32,"key":"SMITH"},{"data":"Sword Boomerang","floor":40,"key":"SMITH"},{"data":"Pommel Strike","floor":45,"key":"SMITH"},{"data":"Entrench","floor":49,"key":"SMITH"}],"circlet_count":0,"master_deck":["AscendersBane","Strike_R+1","Defend_R","Defend_R","Defend_R","Bash+1","Headbutt","Flex+1","Twin Strike+1","Flex","Flash of Steel","Limit Break+1","Sword Boomerang+1","Heavy Blade+1","Feed","Pummel+1","Uppercut+1","True Grit+1","Pommel Strike+1","Inflame+1","Shrug It Off","Feel No Pain","Headbutt","Shrug It Off+1","Reaper","Intimidate+1","Disarm","Clothesline+1","Sword Boomerang+1","Fire Breathing","Headbutt","Reckless Charge","Entrench+1"],"relics":["Burning Blood","Pocketwatch","CeramicFish","Boot","Smiling Mask","Orichalcum","Astrolabe","Oddly Smooth Stone","Pen Nib","Bag of Marbles","Whetstone","Philosopher\u0027s Stone","Champion Belt","Gambling Chip","Peace Pipe","Kunai","Blood Vial","Bag of Preparation","Mummified Hand","Red Skull"],"acts_visited":["Exordium","TheCity","TheBeyond"],"potions_floor_usage":[6,12,18,33,36,48,50],"damage_taken":[{"damage":8,"enemies":"Jaw Worm","floor":1,"turns":4},{"damage":3,"enemies":"Small Slimes","floor":5,"turns":3},{"damage":40,"enemies":"Lagavulin","floor":6,"turns":4},{"damage":0,"enemies":"Cultist","floor":11,"turns":2},{"damage":0,"enemies":"Gremlin Gang","floor":12,"turns":3},{"damage":21,"enemies":"Exordium Thugs","floor":14,"turns":4},{"damage":29,"enemies":"Hexaghost","floor":16,"turns":7},{"damage":12,"enemies":"3 Byrds","floor":18,"turns":3},{"damage":7,"enemies":"2 Thieves","floor":19,"turns":3},{"damage":0,"enemies":"Centurion and Healer","floor":20,"turns":4},{"damage":12,"enemies":"Snecko","floor":22,"turns":3},{"damage":6,"enemies":"Cultist and Chosen","floor":23,"turns":4},{"damage":12,"enemies":"Snake Plant","floor":24,"turns":3},{"damage":0,"enemies":"Snecko","floor":27,"turns":2},{"damage":9,"enemies":"Chosen and Byrds","floor":30,"turns":4},{"damage":32,"enemies":"Automaton","floor":33,"turns":6},{"damage":21,"enemies":"3 Shapes","floor":35,"turns":4},{"damage":0,"enemies":"Orb Walker","floor":36,"turns":1},{"damage":38,"enemies":"2 Orb Walkers","floor":37,"turns":4},{"damage":0,"enemies":"Mind Bloom Boss Battle","floor":38,"turns":5},{"damage":28,"enemies":"Reptomancer","floor":41,"turns":6},{"damage":4,"enemies":"Giant Head","floor":46,"turns":4},{"damage":3,"enemies":"Jaw Worm Horde","floor":48,"turns":3},{"damage":91,"enemies":"Awakened One","floor":50,"turns":9}],"seed_played":"2787196218395276160","potions_obtained":[{"floor":5,"key":"DistilledChaos"},{"floor":11,"key":"AttackPotion"},{"floor":14,"key":"Explosive Potion"},{"floor":16,"key":"SpeedPotion"},{"floor":18,"key":"ColorlessPotion"},{"floor":33,"key":"SteroidPotion"},{"floor":36,"key":"Weak Potion"},{"floor":41,"key":"AttackPotion"}],"is_trial":false,"path_per_floor":["M","?","T","$","M","E","?","R","T","?","M","M","R","M","R","B",null,"M","M","M","$","M","M","M","R","T","M","R","T","M","?","R","B",null,"M","M","?","?","?","R","E","$","T","T","R","E","?","M","R","B",null],"character_chosen":"IRONCLAD","items_purchased":["Oddly Smooth Stone","Pen Nib","Kunai","Headbutt","Blood Vial"],"campfire_rested":1,"item_purchase_floors":[21,21,42,42,42],"current_hp_per_floor":[66,66,66,66,69,35,35,57,57,57,63,69,69,54,54,31,64,61,63,69,69,66,66,60,60,60,66,66,66,66,66,66,40,75,76,82,72,78,78,78,56,56,56,56,56,79,79,87,87,37],"gold":124,"neow_bonus":"ONE_RARE_RELIC","is_daily":false,"chose_seed":false,"campfire_upgraded":8,"win_rate":0.0,"timestamp":1610400841,"path_taken":["M","?","?","$","M","E","?","R","T","?","M","M","R","M","R","BOSS","M","?","M","$","?","M","M","R","T","M","R","?","M","?","R","BOSS","M","?","?","?","?","R","E","$","T","?","R","E","?","M","R","BOSS"],"items_purchased_type":["Relic","Relic","Relic","Card","Relic"],"build_version":"2020-12-22","purchased_purges":1,"victory":true,"max_hp_per_floor":[75,75,75,75,75,75,75,75,75,75,75,75,75,75,75,75,75,78,81,81,81,84,84,84,84,84,84,84,84,87,87,87,87,87,90,90,90,90,85,85,85,85,85,85,85,85,85,88,88,88],"card_choices":[{"not_picked":["Clash","Anger"],"picked":"Headbutt","floor":1},{"not_picked":["Shockwave","Warcry"],"picked":"Flex","floor":5},{"not_picked":["Sentinel","Havoc"],"picked":"Twin Strike","floor":6},{"not_picked":["Power Through","Flame Barrier"],"picked":"Limit Break","floor":11},{"not_picked":["Cleave","Heavy Blade"],"picked":"Sword Boomerang","floor":12},{"not_picked":["Burning Pact","Cleave"],"picked":"Heavy Blade","floor":14},{"not_picked":["Immolate","Corruption"],"picked":"Feed","floor":16},{"not_picked":["Havoc","Pommel Strike"],"picked":"True Grit","floor":18},{"not_picked":["Clothesline","Armaments"],"picked":"Pommel Strike","floor":19},{"not_picked":["Thunderclap","Heavy Blade"],"picked":"Inflame","floor":20},{"not_picked":["Havoc","Body Slam","Combust"],"picked":"SKIP","floor":22},{"not_picked":["Perfected Strike","Pommel Strike"],"picked":"Shrug It Off","floor":23},{"not_picked":["Anger","Clash"],"picked":"Feel No Pain","floor":24},{"not_picked":["Bloodletting","Perfected Strike"],"picked":"Headbutt","floor":27},{"not_picked":["Rage","Armaments+1"],"picked":"Shrug It Off+1","floor":30},{"not_picked":["Demon Form","Immolate"],"picked":"Reaper","floor":33},{"not_picked":["Cleave","Flex"],"picked":"Intimidate+1","floor":35},{"not_picked":["Perfected Strike","Searing Blow+1"],"picked":"Disarm","floor":36},{"not_picked":["Headbutt","Clash"],"picked":"Clothesline+1","floor":37},{"not_picked":["Wild Strike+1","Evolve"],"picked":"Sword Boomerang+1","floor":38},{"not_picked":["Anger","Sword Boomerang+1"],"picked":"Fire Breathing","floor":41},{"not_picked":["True Grit+1","Thunderclap"],"picked":"Reckless Charge","floor":46},{"not_picked":["Cleave","Thunderclap"],"picked":"Entrench","floor":48}],"player_experience":829945,"relics_obtained":[{"floor":3,"key":"CeramicFish"},{"floor":6,"key":"Boot"},{"floor":9,"key":"Orichalcum"},{"floor":26,"key":"Bag of Marbles"},{"floor":29,"key":"Whetstone"},{"floor":37,"key":"Champion Belt"},{"floor":38,"key":"Gambling Chip"},{"floor":41,"key":"Peace Pipe"},{"floor":43,"key":"Bag of Preparation"},{"floor":44,"key":"Mummified Hand"},{"floor":46,"key":"Red Skull"}],"event_choices":[{"damage_healed":0,"gold_gain":0,"player_choice":"Grow","damage_taken":0,"max_hp_gain":0,"max_hp_loss":0,"event_name":"Living Wall","floor":2,"gold_loss":0,"cards_upgraded":["Bash"]},{"damage_healed":0,"gold_gain":30,"player_choice":"Searched \u00273\u0027 times","damage_taken":0,"relics_obtained":["Smiling Mask"],"max_hp_gain":0,"max_hp_loss":0,"event_name":"Dead Adventurer","floor":7,"gold_loss":0},{"damage_healed":0,"gold_gain":0,"player_choice":"2 cards matched","damage_taken":0,"max_hp_gain":0,"max_hp_loss":0,"event_name":"Match and Keep!","floor":10,"gold_loss":0,"cards_obtained":["Flex","Flash of Steel"]},{"cards_removed":["Strike_R"],"damage_healed":0,"gold_gain":0,"player_choice":"Offered Basic","damage_taken":0,"max_hp_gain":0,"max_hp_loss":0,"event_name":"Bonfire Elementals","floor":31,"gold_loss":0},{"damage_healed":0,"gold_gain":0,"player_choice":"Fight","damage_taken":0,"max_hp_gain":0,"max_hp_loss":0,"event_name":"Mysterious Sphere","floor":37,"gold_loss":0},{"damage_healed":0,"gold_gain":0,"player_choice":"Fight","damage_taken":0,"max_hp_gain":0,"max_hp_loss":0,"event_name":"MindBloom","floor":38,"gold_loss":0},{"damage_healed":0,"gold_gain":0,"player_choice":"Max HP","damage_taken":0,"max_hp_gain":0,"max_hp_loss":5,"event_name":"Winding Halls","floor":39,"gold_loss":0},{"cards_removed":["Defend_R"],"damage_healed":0,"gold_gain":0,"player_choice":"Removed Skill","damage_taken":0,"max_hp_gain":0,"max_hp_loss":0,"event_name":"Falling","floor":47,"gold_loss":0}],"is_beta":false,"boss_relics":[{"not_picked":["Velvet Choker","Pandora\u0027s Box"],"picked":"Astrolabe"},{"not_picked":["Snecko Eye","Runic Dome"],"picked":"Philosopher\u0027s Stone"}],"items_purged_floors":[21],"is_endless":false,"potions_floor_spawned":[5,11,14,16,18,23,33,36,37,41,46],"ascension_level":14}}