{"host":"sav7uxregyirlf69","time":1610340492,"event":{"mods":["AchievementEnabler","BaseMod","Colored Map","DeckTracker","Keyboard Shortcuts","Minty Spire (QoL Compilation)","READ ME - Guardian Mod","StSLib","SuperFastMode"],"gold_per_floor":[109,124,142,142,158,193,222,260,326,349,361,407,110,127,127,127,127],"floor_reached":16,"playtime":282,"items_purged":["Zap"],"score":186,"play_id":"1ef02777-8e78-4c03-8217-310961aa48ee","local_time":"20210111134812","is_ascension_mode":true,"campfire_choices":[{"data":"Hyperbeam","floor":11.0,"key":"SMITH"},{"data":"Fission","floor":15,"key":"SMITH"}],"circlet_count":0,"master_deck":["AscendersBane","Strike_B","Strike_B","Strike_B","Defend_B","Defend_B","Defend_B","Defend_B","Dualcast","Hyperbeam+1","Fusion","FTL","Chill","Beam Cell","Leap","Fission+1","Reinforced Body","Conserve Battery","Go for the Eyes","Recycle"],"relics":["Cracked Core","MawBank","Ornamental Fan","Toy Ornithopter","Gremlin Horn"],"acts_visited":["Exordium"],"potions_floor_usage":[],"damage_taken":[{"damage":0.0,"enemies":"Small Slimes","floor":1.0,"turns":1.0},{"damage":1.0,"enemies":"Cultist","floor":2.0,"turns":4.0},{"damage":2.0,"enemies":"Jaw Worm","floor":3.0,"turns":2.0},{"damage":0.0,"enemies":"Lots of Slimes","floor":5.0,"turns":1.0},{"damage":16.0,"enemies":"Lagavulin","floor":6.0,"turns":7.0},{"damage":8.0,"enemies":"2 Fungi Beasts","floor":7.0,"turns":3.0},{"damage":3.0,"enemies":"3 Sentries","floor":8.0,"turns":4.0},{"damage":13.0,"enemies":"Red Slaver","floor":10.0,"turns":3.0},{"damage":26.0,"enemies":"Gremlin Nob","floor":12.0,"turns":5.0},{"damage":0.0,"enemies":"Exordium Wildlife","floor":14.0,"turns":1.0},{"damage":21,"enemies":"Hexaghost","floor":16,"turns":9}],"seed_played":"4249453615146465635","potions_obtained":[{"floor":1.0,"key":"FairyPotion"},{"floor":3.0,"key":"AttackPotion"},{"floor":6.0,"key":"PotionOfCapacity"},{"floor":12.0,"key":"SpeedPotion"}],"is_trial":false,"path_per_floor":["M","M","M","?","M","E","M","E","T","M","R","E","$","M","R","B"],"character_chosen":"DEFECT","items_purchased":["Conserve Battery","Fruit Juice","Go for the Eyes","Recycle"],"campfire_rested":0,"item_purchase_floors":[13,13,13,13],"current_hp_per_floor":[68,67,65,65,65,49,41,38,38,25,25,20,20,20,20,0,0],"gold":127,"neow_bonus":"THREE_RARE_CARDS","is_daily":false,"chose_seed":false,"campfire_upgraded":2,"win_rate":0.0,"timestamp":1610340492,"path_taken":["M","M","M","?","M","E","?","E","T","M","R","E","?","M","R","BOSS"],"items_purchased_type":["Card","Potion","Card","Card"],"build_version":"2020-12-22","purchased_purges":1,"victory":false,"max_hp_per_floor":[68,68,68,68,68,68,68,68,68,68,68,68,68,68,68,68,68],"card_choices":[{"not_picked":["Machine Learning","Seek"],"picked":"Hyperbeam","floor":0.0},{"not_picked":["Coolheaded","Doom and Gloom"],"picked":"Fusion","floor":1.0},{"not_picked":["Compile Driver","Tempest"],"picked":"FTL","floor":2.0},{"not_picked":["Blizzard","Steam","Steam Power"],"picked":"SKIP","floor":3.0},{"not_picked":["Ball Lightning","Heatsinks"],"picked":"Chill","floor":5.0},{"not_picked":["Stack","Loop"],"picked":"Beam Cell","floor":6.0},{"not_picked":["Loop","Barrage","Compile Driver"],"picked":"SKIP","floor":7.0},{"not_picked":["Beam Cell","Barrage"],"picked":"Leap","floor":8.0},{"not_picked":["Steam","Ball Lightning"],"picked":"Fission","floor":10.0},{"not_picked":["Steam","Reinforced Body","Hello World"],"picked":"SKIP","floor":12.0},{"not_picked":["Steam","Hello World"],"picked":"Reinforced Body","floor":12.0},{"not_picked":["Hello World","Beam Cell","Leap"],"picked":"SKIP","floor":14.0}],"player_experience":1238170,"relics_obtained":[{"floor":6.0,"key":"MawBank"},{"floor":8.0,"key":"Ornamental Fan"},{"floor":9.0,"key":"Toy Ornithopter"},{"floor":12.0,"key":"Gremlin Horn"}],"event_choices":[{"cards_removed":["Strike_B"],"damage_healed":0.0,"max_hp_gain":0.0,"max_hp_loss":0.0,"gold_gain":0.0,"event_name":"Purifier","player_choice":"Purged","floor":4.0,"gold_loss":0.0,"damage_taken":0.0}],"is_beta":false,"boss_relics":[],"items_purged_floors":[13],"is_endless":false,"potions_floor_spawned":[1,3,6,7,12],"killed_by":"Hexaghost","ascension_level":10}}