{"host":"vh84ep2bvzg72dp7","time":1610394329,"event":{"mods":["2.2 Compatiblity","AchievementEnabler","Act Like it!","Aspiration","Astrologer","Bard","BaseMod","Beaked The Cultist","Better Altar","Better Match","Better Note","Better Sensory Stone","Better Skull","Better Third Choice","BetterRewards","Conspire","Downfall","Halation","Hallownest","Hermit","Hubris","Infinite Spire","Jorbs\u0027s Wanderer Trilogy","Marisa（霧雨　魔理沙）","Minty Spire (QoL Compilation)","MostiFishMod","Replay The Spire","Shop Mod","Spicy Shops","StSLib","The Alterego","The Animator","The Bug Knight","The Construct","The Cursed","The Hierophant","The Jungle","The Poker Player","The Runesmith","The Servant 0.9.4","The Wild Card","TheArtist","WarShipGirlsR/战舰少女R mod"],"gold_per_floor":[117,63,74,93,32,67,85,85,111,111,111,111,128,154,154,154,154],"floor_reached":16,"playtime":784,"items_purged":[],"score":110,"play_id":"fe3500f4-acd4-4b3a-aaee-32e04b9f2ff5","local_time":"20210112024529","is_ascension_mode":false,"campfire_choices":[{"floor":8,"key":"REST"},{"data":"HollowMod:SoulMaster","floor":10,"key":"SMITH"},{"data":"HollowMod:CycloneSlash","floor":12,"key":"SMITH"},{"floor":15,"key":"REST"}],"circlet_count":0,"master_deck":["HollowMod:NailStrikeStart","HollowMod:NailStrikeStart","HollowMod:NailStrikeStart","HollowMod:NailStrikeStart","HollowMod:QuickDashStart","HollowMod:QuickDashStart","HollowMod:QuickDashStart","HollowMod:QuickDashStart","HollowMod:FocusHealStart","HollowMod:PogoStrike","HollowMod:Grubsong","HollowMod:CloakDash+1","HollowMod:HeavyBlow","HollowMod:CycloneSlash+1","Pain","HollowMod:LifebloodCocoon","HollowMod:SoulStrike","HollowMod:SharpenedNail","HollowMod:CycloneSlash","HollowMod:HowlingWraiths","HollowMod:SoulMaster+1","HollowMod:VengefulVoid","HollowMod:CoiledNail","HollowMod:SiblingsShadow"],"relics":["HollowMod:VesselMask","DaveBox","ChiXiaoBlade","SynthV:TestCard","Orrery","Centennial Puzzle","Replay:Mystery Machine","Replay:Rubber Ducky","Pet Ghost","Bottled Lightning"],"acts_visited":["Hallownest:Greenpath"],"potions_floor_usage":[6],"damage_taken":[{"damage":4,"enemies":"Hallownest:monsterHuskGuard","floor":1,"turns":4},{"damage":1,"enemies":"Hallownest:2_Baldur","floor":3,"turns":5},{"damage":1,"enemies":"Hallownest:2_MossCreeps","floor":4,"turns":5},{"damage":29,"enemies":"Hallownest:eliteCrystalGuardian","floor":6,"turns":5},{"damage":15,"enemies":"Hallownest:monsterMossCharger","floor":7,"turns":6},{"damage":11,"enemies":"Hallownest:MossCreep_and_Mosskin","floor":13,"turns":4},{"damage":30,"enemies":"Hallownest:eliteMossKnight","floor":14,"turns":7},{"damage":0,"enemies":"Hallownest:BossFalseKnight","floor":16,"turns":2}],"seed_played":"7813199287626178052","potions_obtained":[{"floor":1,"key":"Adrenaline Potion"},{"floor":3,"key":"Block Potion"},{"floor":4,"key":"AttackPotion"},{"floor":13,"key":"DistilledChaos"}],"is_trial":false,"path_per_floor":["M","$","M","M","$","E","M","R","T","R","?","R","M","E","R","B"],"character_chosen":"THE_BUGKNIGHT","items_purchased":["HollowMod:CloakDash+1","Orrery"],"campfire_rested":2,"item_purchase_floors":[2,5],"current_hp_per_floor":[80,80,79,81,81,52,43,67,67,67,57,57,46,22,46,46,46],"gold":154,"neow_bonus":"TEN_PERCENT_HP_BONUS","is_daily":false,"chose_seed":false,"campfire_upgraded":2,"win_rate":0.0,"timestamp":1610394329,"path_taken":["M","?","?","?","?","E","M","R","T","R","?","R","M","E","R","BOSS"],"items_purchased_type":["Card","Relic"],"build_version":"2020-12-22","purchased_purges":0,"victory":false,"max_hp_per_floor":[82,82,82,82,82,82,82,82,82,82,82,82,82,82,82,82,82],"card_choices":[{"not_picked":["HollowMod:LifebloodCocoon","HollowMod:SoulShaman"],"picked":"HollowMod:Grubsong","floor":1},{"not_picked":["HollowMod:VengefulVoid","HollowMod:CornifersMapStart","HollowMod:WraithStrike","HollowMod:SiblingsSouls"],"picked":"HollowMod:HeavyBlow","floor":3},{"not_picked":["HollowMod:NewLittleFool","HollowMod:DescendingDark","HollowMod:BaldurShell","HollowMod:LifebloodCocoon"],"picked":"HollowMod:CycloneSlash","floor":4},{"not_picked":["HollowMod:DungDefenderAura","HollowMod:VoidDash","HollowMod:TaintedHusks","HollowMod:DreamGate"],"picked":"HollowMod:LifebloodCocoon","floor":5},{"not_picked":["HollowMod:PureNailStrike","HollowMod:GoodIntentions","HollowMod:ShapeofUnn","HollowMod:NewLittleFool"],"picked":"HollowMod:SoulStrike","floor":5},{"not_picked":["HollowMod:SoulSplash","HollowMod:ShadowDash","HollowMod:DesolateDive","HollowMod:GreatSlash"],"picked":"HollowMod:SharpenedNail","floor":5},{"not_picked":["HollowMod:NewLittleFool","HollowMod:SiblingsShadow","HollowMod:GoodIntentions","HollowMod:NewGlowingWomb"],"picked":"HollowMod:CycloneSlash","floor":5},{"not_picked":["HollowMod:TaintedHusks","HollowMod:CloakDash","HollowMod:LifebloodCocoon","HollowMod:InfectedCysts"],"picked":"HollowMod:HowlingWraiths","floor":5},{"not_picked":["HollowMod:DashSlash","HollowMod:SoulStrike","HollowMod:HowlingWraiths","HollowMod:DescendingDark"],"picked":"HollowMod:SoulMaster","floor":6},{"not_picked":["HollowMod:DescendingDark","HollowMod:HowlingWraiths","HollowMod:TaintedHusks","HollowMod:DashSlash"],"picked":"HollowMod:VengefulVoid","floor":7},{"not_picked":["HollowMod:HowlingWraiths","HollowMod:SoulSplash","HollowMod:ShadowDash","HollowMod:NewLittleFool"],"picked":"HollowMod:CoiledNail","floor":13},{"not_picked":["HollowMod:GoodIntentions","HollowMod:DoubleDash","HollowMod:DungDefenderAura","HollowMod:SiblingsSouls"],"picked":"HollowMod:SiblingsShadow","floor":14}],"player_experience":343526,"relics_obtained":[{"floor":1,"key":"SynthV:TestCard"},{"floor":6,"key":"Centennial Puzzle"},{"floor":9,"key":"Replay:Mystery Machine"},{"floor":14,"key":"Bottled Lightning"}],"event_choices":[],"is_beta":false,"boss_relics":[],"items_purged_floors":[],"is_endless":false,"potions_floor_spawned":[1,3,4,13,14],"killed_by":"Hallownest:BossFalseKnight","ascension_level":0}}