{"host":"j4g6ia6asvpyu2b0","time":1610372259,"event":{"mods":["BaseMod","Colored Map","Minty Spire (QoL Compilation)","Permanent Neow","Quick Restart","Relic Stats","StSLib","Unceasing Turn Reminder"],"gold_per_floor":[413,413,425,104,121,121,152,152,152,227,71,88,88,101,101,101,101],"floor_reached":16,"playtime":1099,"items_purged":[],"score":150,"play_id":"cfc97168-83b6-4e43-b58c-5103641660b5","local_time":"20210111063739","is_ascension_mode":true,"campfire_choices":[{"data":"Blade Dance","floor":6,"key":"SMITH"},{"data":"Poisoned Stab","floor":8,"key":"SMITH"},{"data":"Footwork","floor":13,"key":"SMITH"},{"data":"Infinite Blades","floor":15,"key":"SMITH"}],"circlet_count":0,"master_deck":["AscendersBane","Strike_G","Strike_G","Strike_G","Strike_G","Defend_G","Defend_G+1","Defend_G","Defend_G+1","Defend_G","Survivor","Neutralize","CurseOfTheBell","Poisoned Stab+1","Blade Dance+1","Infinite Blades+1","Footwork+1","Leg Sweep","Flying Knee","Endless Agony"],"relics":["Calling Bell","Centennial Puzzle","Blue Candle","Old Coin","Shuriken","Bottled Flame","War Paint","Omamori"],"acts_visited":["Exordium"],"potions_floor_usage":[],"damage_taken":[{"damage":6,"enemies":"Small Slimes","floor":1,"turns":4},{"damage":4,"enemies":"Cultist","floor":3,"turns":5},{"damage":12,"enemies":"Jaw Worm","floor":5,"turns":3},{"damage":7,"enemies":"3 Sentries","floor":7,"turns":7},{"damage":0,"enemies":"Large Slime","floor":12,"turns":6},{"damage":7,"enemies":"Red Slaver","floor":14,"turns":3},{"damage":16,"enemies":"Slime Boss","floor":16,"turns":5}],"seed_played":"-980026642883829805","potions_obtained":[{"floor":1,"key":"Explosive Potion"},{"floor":5,"key":"Weak Potion"},{"floor":12,"key":"GamblersBrew"}],"is_trial":false,"path_per_floor":["M","?","M","$","M","R","E","R","T","?","$","M","R","M","R","B"],"character_chosen":"THE_SILENT","items_purchased":["Shuriken","Infinite Blades","Omamori"],"campfire_rested":0,"item_purchase_floors":[4,4,11],"current_hp_per_floor":[57,57,53,53,41,41,34,34,34,23,23,23,23,16,16,0,0],"gold":101,"neow_bonus":"BOSS_RELIC","is_daily":false,"chose_seed":false,"campfire_upgraded":4,"win_rate":0.0,"timestamp":1610372259,"path_taken":["M","?","M","$","?","R","E","R","T","?","$","M","R","M","R","BOSS"],"items_purchased_type":["Relic","Card","Relic"],"build_version":"2020-12-22","purchased_purges":0,"victory":false,"max_hp_per_floor":[70,70,70,70,70,70,70,70,70,70,70,70,70,70,70,70,70],"relic_stats":{"Centennial Puzzle":[18],"counters":[7,33],"Shuriken":[16],"Blue Candle":[2],"War Paint":["Defend_G","Defend_G"],"obtain_stats":[{"Calling Bell":0,"Centennial Puzzle":0,"Bottled Flame":7,"Shuriken":4,"Blue Candle":0,"Omamori":11,"War Paint":9,"Ring of the Snake":0,"Old Coin":0},{"Calling Bell":0,"Centennial Puzzle":0,"Bottled Flame":4,"Shuriken":2,"Blue Candle":0,"Omamori":4,"War Paint":4,"Ring of the Snake":0,"Old Coin":0},{"Calling Bell":0,"Centennial Puzzle":0,"Bottled Flame":19,"Shuriken":9,"Blue Candle":0,"Omamori":19,"War Paint":19,"Ring of the Snake":0,"Old Coin":0}]},"card_choices":[{"not_picked":["Dagger Throw","Masterful Stab"],"picked":"Poisoned Stab","floor":1},{"not_picked":["Sucker Punch","Bullet Time"],"picked":"Blade Dance","floor":3},{"not_picked":["Backflip","PiercingWail"],"picked":"Footwork","floor":5},{"not_picked":["Storm of Steel","Calculated Gamble"],"picked":"Leg Sweep","floor":7},{"not_picked":["PiercingWail","Riddle With Holes"],"picked":"Flying Knee","floor":12},{"not_picked":["Poisoned Stab","Deflect"],"picked":"Endless Agony","floor":14}],"player_experience":803777,"relics_obtained":[{"floor":0,"key":"Centennial Puzzle"},{"floor":0,"key":"Blue Candle"},{"floor":0,"key":"Old Coin"},{"floor":7,"key":"Bottled Flame"},{"floor":9,"key":"War Paint"}],"event_choices":[{"cards_removed":["Strike_G"],"damage_healed":0,"gold_gain":0,"player_choice":"Purged","damage_taken":0,"max_hp_gain":0,"max_hp_loss":0,"event_name":"Purifier","floor":2,"gold_loss":0},{"damage_healed":0,"gold_gain":75,"player_choice":"Gather Gold","damage_taken":11,"max_hp_gain":0,"max_hp_loss":0,"event_name":"World of Goop","floor":10,"gold_loss":0}],"is_beta":false,"boss_relics":[],"items_purged_floors":[],"is_endless":false,"potions_floor_spawned":[1,5,12],"killed_by":"Slime Boss","ascension_level":10}}