{"host":"18wi9kpcl4eah7pe","time":1610348956,"event":{"mods":["BaseMod","Colored Powertips","Downfall","Minty Spire (QoL Compilation)","StSLib"],"gold_per_floor":[99,99,99,99,99,84,107,207,132,162,180,206,131,77,92,92,92,92],"floor_reached":16,"playtime":699,"items_purged":[],"score":104,"play_id":"ae06e433-f192-49d6-80ff-1c50b07ddcf1","local_time":"20210111010916","is_ascension_mode":false,"campfire_choices":[{"floor":1,"key":"RECALL"},{"floor":9,"key":"REST"},{"floor":13,"key":"REST"}],"circlet_count":0,"master_deck":["champ:Strike","champ:Strike","champ:Strike","champ:Strike","champ:Defend","champ:Defend","champ:Defend","champ:Defend","champ:Execute","champ:Taunt","champ:StanceDance","champ:FanOfKnives","champ:BerserkersShout","champ:CheapShot","champ:BerserkerStyle","champ:BladeFlurry","Doubt","champ:Taunt","expansioncontent:DonusPower","champ:SkillfulDodge","champ:DefensiveStyle","champ:IronFortress","champ:TornadoPunch","champ:DefensiveStyle","champ:FaceSlap"],"relics":["champ:ChampionCrown","downfall:HeartsMalice","Juzu Bracelet","downfall:GremlinSack","downfall:HeartBlessingRed","Blood Vial","Singing Bowl","downfall:HeartBlessingGreen"],"acts_visited":["Exordium"],"potions_floor_usage":[12,12,16],"damage_taken":[{"damage":0,"enemies":"Small Slimes","floor":2,"turns":1},{"damage":0,"enemies":"downfall:FleeingMerchant","floor":3,"turns":1},{"damage":0,"enemies":"Cultist","floor":5,"turns":1},{"damage":13,"enemies":"downfall:FleeingMerchant","floor":6,"turns":4},{"damage":55,"enemies":"downfall:FleeingMerchant","floor":8,"turns":6},{"damage":36,"enemies":"3 Sentries","floor":10,"turns":7},{"damage":13,"enemies":"2 Louse","floor":11,"turns":4},{"damage":50,"enemies":"Lagavulin","floor":12,"turns":9},{"damage":8,"enemies":"downfall:FleeingMerchant","floor":14,"turns":4},{"damage":22,"enemies":"Large Slime","floor":15,"turns":6},{"damage":35,"enemies":"downfall:Defect","floor":16,"turns":4}],"seed_played":"6202577710888052986","potions_obtained":[{"floor":8,"key":"Energy Potion"},{"floor":10,"key":"Swift Potion"},{"floor":12,"key":"Weak Potion"},{"floor":15,"key":"SteroidPotion"}],"is_trial":false,"path_per_floor":["R","M","$","?","M","$","T","?","R","E","M","E","R","$","M","B"],"character_chosen":"THE_CHAMP","items_purchased":["champ:DefensiveStyle"],"campfire_rested":2,"item_purchase_floors":[14],"current_hp_per_floor":[90,90,90,90,90,90,90,45,72,43,42,14,41,40,33,0,0,0],"gold":92,"neow_bonus":"THREE_ENEMY_KILL","is_daily":false,"chose_seed":false,"campfire_upgraded":0,"win_rate":0.0,"timestamp":1610348956,"path_taken":["R","M","$","?","?","$","T","?","R","E","M","E","R","?","M","BOSS"],"items_purchased_type":["Card"],"build_version":"2020-12-22","purchased_purges":0,"victory":false,"max_hp_per_floor":[90,90,90,90,90,90,90,90,90,90,90,92,92,92,92,92,92,92],"card_choices":[{"not_picked":["champ:RageSigil","champ:FaceSlap"],"picked":"champ:Aggression","floor":2},{"not_picked":["champ:BladeFlurry","champ:HeartStrike"],"picked":"champ:StanceDance","floor":3},{"not_picked":["champ:FocusedDefense","champ:ShieldSigil"],"picked":"champ:FanOfKnives","floor":5},{"not_picked":["champ:ShieldSigil","champ:BladeFlurry"],"picked":"champ:BerserkersShout","floor":6},{"not_picked":["champ:EnragedBash","champ:EnGarde"],"picked":"champ:SkillfulDodge","floor":8},{"not_picked":["champ:PerfectedStrike","champ:AdrenalArmor"],"picked":"champ:DefensiveStyle","floor":10},{"not_picked":["champ:Shatter","champ:SwordSigil"],"picked":"champ:IronFortress","floor":11},{"not_picked":["champ:GutPunch","champ:StanceDance","champ:HeavySlash"],"picked":"Singing Bowl","floor":12},{"not_picked":["champ:HeavySlash","champ:SkillfulDodge"],"picked":"champ:TornadoPunch","floor":14},{"not_picked":["champ:ShieldSigil","champ:BerserkersShout"],"picked":"champ:FaceSlap","floor":15}],"player_experience":898580,"relics_obtained":[{"floor":7,"key":"Juzu Bracelet"},{"floor":8,"key":"downfall:GremlinSack"},{"floor":10,"key":"Blood Vial"},{"floor":12,"key":"Singing Bowl"}],"event_choices":[{"cards_removed":["champ:Aggression"],"damage_healed":0,"gold_gain":0,"player_choice":"Offered Uncommon","damage_taken":0,"max_hp_gain":0,"max_hp_loss":0,"event_name":"Bonfire Elementals","floor":4,"gold_loss":0}],"is_beta":false,"boss_relics":[],"items_purged_floors":[],"is_endless":false,"potions_floor_spawned":[8,10,12,15],"killed_by":"downfall:Defect","ascension_level":0}}