{"host":"aiavweaozhyh9qiu","time":1610401913,"event":{"mods":["BaseMod","Minty Spire (QoL Compilation)"],"gold_per_floor":[117,135,135,155,179,212,387,387,387,487,526,211,226,245,245,375,375,393,37,46,0,0,0],"floor_reached":22,"playtime":1502,"items_purged":["Doubt"],"score":196,"play_id":"a6fad8c8-3285-4787-b406-ab3ff5eb386e","local_time":"20210111215153","is_ascension_mode":false,"campfire_choices":[{"data":"Anger","floor":8,"key":"SMITH"},{"floor":15,"key":"REST"}],"circlet_count":0,"master_deck":["Strike_R","Strike_R","Strike_R","Strike_R","Strike_R","Defend_R","Defend_R","Defend_R","Defend_R","Bash","Carnage","Body Slam","Injury","Anger+1","Iron Wave","Cleave","Double Tap","Rage","Armaments","Pommel Strike","Flex","Impervious","Twin Strike+1","Flex","Shrug It Off","Anger"],"relics":["Black Blood","NeowsBlessing","Golden Idol","Letter Opener","Bottled Flame","Mummified Hand","Anchor","Bottled Lightning"],"acts_visited":["Exordium","TheCity"],"potions_floor_usage":[6,16],"damage_taken":[{"damage":0,"enemies":"Cultist","floor":1,"turns":1},{"damage":0,"enemies":"2 Louse","floor":2,"turns":1},{"damage":0,"enemies":"Small Slimes","floor":4,"turns":1},{"damage":5,"enemies":"Exordium Thugs","floor":5,"turns":5},{"damage":28,"enemies":"Gremlin Nob","floor":6,"turns":4},{"damage":53,"enemies":"Lagavulin","floor":11,"turns":7},{"damage":0,"enemies":"Blue Slaver","floor":13,"turns":2},{"damage":0,"enemies":"Exordium Wildlife","floor":14,"turns":5},{"damage":39,"enemies":"Slime Boss","floor":16,"turns":13},{"damage":41,"enemies":"Spheric Guardian","floor":18,"turns":6},{"damage":10,"enemies":"2 Thieves","floor":20,"turns":4},{"damage":61,"enemies":"Snecko","floor":22,"turns":8}],"seed_played":"-1836952444315745255","potions_obtained":[{"floor":4,"key":"Explosive Potion"},{"floor":5,"key":"LiquidMemories"},{"floor":6,"key":"AttackPotion"},{"floor":13,"key":"SteroidPotion"}],"is_trial":false,"path_per_floor":["M","M","?","M","M","E","?","R","T","?","E","$","M","M","R","B",null,"M","$","M","?","M"],"character_chosen":"IRONCLAD","items_purchased":["Anchor","Rage","Armaments","Flex","Bottled Lightning","Shrug It Off"],"campfire_rested":1,"item_purchase_floors":[12,12,12,19,19,19],"current_hp_per_floor":[80,80,80,80,80,58,58,58,58,58,11,11,17,23,47,14,80,51,51,53,53,0,0],"gold":0,"neow_bonus":"THREE_ENEMY_KILL","is_daily":false,"chose_seed":false,"campfire_upgraded":1,"win_rate":0.0,"timestamp":1610401913,"path_taken":["M","?","?","M","M","E","?","R","T","?","E","$","?","M","R","BOSS","M","$","M","?","M"],"items_purchased_type":["Relic","Card","Card","Card","Relic","Card"],"build_version":"2020-12-22","purchased_purges":1,"victory":false,"max_hp_per_floor":[80,80,80,80,80,80,80,80,80,80,80,80,80,80,80,80,80,80,80,80,80,80,80],"card_choices":[{"not_picked":["Cleave","Fire Breathing"],"picked":"Carnage","floor":1},{"not_picked":["Shockwave","Warcry"],"picked":"Body Slam","floor":2},{"not_picked":["Iron Wave","Whirlwind"],"picked":"Anger","floor":4},{"not_picked":["Pummel","Perfected Strike"],"picked":"Iron Wave","floor":5},{"not_picked":["Hemokinesis","Thunderclap"],"picked":"Cleave","floor":6},{"not_picked":["Inflame","Rage"],"picked":"Double Tap","floor":11},{"not_picked":["Warcry","Perfected Strike"],"picked":"Pommel Strike","floor":13},{"not_picked":["Cleave","Sword Boomerang"],"picked":"Flex","floor":14},{"not_picked":["Fiend Fire","Juggernaut"],"picked":"Impervious","floor":16},{"not_picked":["True Grit","Infernal Blade"],"picked":"Twin Strike+1","floor":18},{"not_picked":["Infernal Blade","Battle Trance+1"],"picked":"Anger","floor":20}],"player_experience":13609,"relics_obtained":[{"floor":6,"key":"Letter Opener"},{"floor":9,"key":"Bottled Flame"},{"floor":11,"key":"Mummified Hand"}],"event_choices":[{"damage_healed":0,"gold_gain":0,"player_choice":"Take Wound","damage_taken":0,"relics_obtained":["Golden Idol"],"max_hp_gain":0,"max_hp_loss":0,"event_name":"Golden Idol","floor":3,"gold_loss":0,"cards_obtained":["Injury"]},{"damage_healed":0,"gold_gain":175,"player_choice":"AGREE","damage_taken":0,"max_hp_gain":0,"max_hp_loss":0,"event_name":"Liars Game","floor":7,"gold_loss":0,"cards_obtained":["Doubt"]},{"damage_healed":0,"gold_gain":100,"player_choice":"Pray","damage_taken":0,"max_hp_gain":0,"max_hp_loss":0,"event_name":"Golden Shrine","floor":10,"gold_loss":0},{"damage_healed":0,"gold_gain":0,"player_choice":"Paid Fearfully","damage_taken":0,"max_hp_gain":0,"max_hp_loss":0,"event_name":"Masked Bandits","floor":21,"gold_loss":46}],"is_beta":false,"boss_relics":[{"not_picked":["Tiny House","Runic Pyramid"],"picked":"Black Blood"}],"items_purged_floors":[12],"is_endless":false,"potions_floor_spawned":[4,5,6,13],"killed_by":"Snecko","ascension_level":0}}