{"host":"8lgo2trwv2o0qyml","time":1610392755,"event":{"mods":["BaseMod","Colored Map","Colored Powertips","DeckTracker","Highlight Path","Hubris","Infinite Spire","Minty Spire (QoL Compilation)","Quick Restart","Random Character Button","Relic Sorter","Replay The Spire","StSLib","SuperFastMode","Synergy Search"],"gold_per_floor":[119,132,132,407,422,450,469,469,469,482,554,589,589,624,624,624,624],"floor_reached":16,"playtime":589,"items_purged":[],"score":145,"play_id":"d9ce6a69-1161-4d2b-927a-ad1835c2b5c2","local_time":"20210111141915","is_ascension_mode":false,"campfire_choices":[{"floor":8,"key":"REST"},{"floor":15,"key":"REST"}],"circlet_count":0,"master_deck":["Strike_B","Strike_B+1","Strike_B+1","Strike_B","Defend_B","Defend_B","Defend_B","Defend_B","Zap","Dualcast","Compile Driver","Genetic Algorithm","Beam Cell","Regret","Chaos","Cold Snap","Sweeping Beam","Reboot","Beam Cell","hubris:SpecializedCircuitry","Panacea","Capacitor"],"relics":["Cracked Core","Onion Ring","infinitespire:Eraser","Blue Candle","Nunchaku","hubris:BallOfYels"],"acts_visited":["Exordium"],"potions_floor_usage":[6,7,14,16],"damage_taken":[{"damage":6,"enemies":"Jaw Worm","floor":1,"turns":3},{"damage":9,"enemies":"Small Slimes","floor":2,"turns":3},{"damage":3,"enemies":"Cultist","floor":5,"turns":3},{"damage":7,"enemies":"Gremlin Nob","floor":6,"turns":3},{"damage":0,"enemies":"Gremlin Gang","floor":7,"turns":1},{"damage":3,"enemies":"Exordium Wildlife","floor":10,"turns":4},{"damage":33,"enemies":"Lagavulin","floor":12,"turns":5},{"damage":0,"enemies":"Gremlin Nob","floor":14,"turns":2},{"damage":45,"enemies":"Hexaghost","floor":16,"turns":9}],"seed_played":"-2583829946504519344","potions_obtained":[{"floor":2,"key":"FearPotion"},{"floor":5,"key":"Explosive Potion"},{"floor":12,"key":"Fire Potion"},{"floor":14,"key":"PotionOfCapacity"}],"is_trial":false,"path_per_floor":["M","M","?","?","M","E","M","R","T","M","T","E","?","E","R","B"],"character_chosen":"DEFECT","items_purchased":[],"campfire_rested":2,"item_purchase_floors":[],"current_hp_per_floor":[69,60,45,45,42,35,35,57,57,54,54,21,21,21,43,0,0],"gold":624,"neow_bonus":"THREE_CARDS","is_daily":false,"chose_seed":false,"campfire_upgraded":0,"win_rate":0.0,"timestamp":1610392755,"path_taken":["M","M","?","?","?","E","?","R","T","M","?","E","?","E","R","BOSS"],"items_purchased_type":[],"build_version":"2020-12-22","purchased_purges":0,"victory":false,"max_hp_per_floor":[75,75,75,75,75,75,75,75,75,75,75,75,75,75,75,75,75],"card_choices":[{"not_picked":["Streamline","ReplayTheSpireMod:Repulse"],"picked":"Compile Driver","floor":0},{"not_picked":["Storm","Ball Lightning"],"picked":"Genetic Algorithm","floor":1},{"not_picked":["Recycle","Blizzard"],"picked":"Beam Cell","floor":2},{"not_picked":["ReplayGash","Rebound"],"picked":"Chaos","floor":5},{"not_picked":["Beam Cell","Turbo"],"picked":"Cold Snap","floor":6},{"not_picked":["Undo","Darkness"],"picked":"Sweeping Beam","floor":7},{"not_picked":["Coolheaded","ReplayGash"],"picked":"Reboot","floor":10},{"not_picked":["Stack","Coolheaded"],"picked":"Beam Cell","floor":12},{"not_picked":["Leap","Streamline"],"picked":"Capacitor","floor":14}],"player_experience":57723,"relics_obtained":[{"floor":6,"key":"Onion Ring"},{"floor":9,"key":"infinitespire:Eraser"},{"floor":11,"key":"Blue Candle"},{"floor":12,"key":"Nunchaku"},{"floor":14,"key":"hubris:BallOfYels"}],"event_choices":[{"damage_healed":0,"gold_gain":0,"player_choice":"Entered Light","damage_taken":15,"max_hp_gain":0,"max_hp_loss":0,"event_name":"Shining Light","floor":3,"gold_loss":0,"cards_upgraded":["Strike_B","Strike_B"]},{"damage_healed":0,"gold_gain":275,"player_choice":"Desecrate","damage_taken":0,"max_hp_gain":0,"max_hp_loss":0,"event_name":"Golden Shrine","floor":4,"gold_loss":0,"cards_obtained":["Regret"]},{"damage_healed":0,"gold_gain":0,"player_choice":"2 cards matched","damage_taken":0,"max_hp_gain":0,"max_hp_loss":0,"event_name":"Match and Keep!","floor":13,"gold_loss":0,"cards_obtained":["hubris:SpecializedCircuitry","Panacea"]}],"is_beta":false,"boss_relics":[],"items_purged_floors":[],"is_endless":false,"potions_floor_spawned":[2,5,12,14],"killed_by":"Hexaghost","ascension_level":0}}