{"host":"lsq35p0sdkx2xifo","time":1610395309,"event":{"mods":["AchievementEnabler","BaseMod","Highlight Path","Minty Spire (QoL Compilation)","StSLib","The Senshi"],"gold_per_floor":[112,7,27,45,45,45,77,2,2,12,40,40,58,71,71,161,224,244,294,194,218,212,212,212],"floor_reached":23,"playtime":1171,"items_purged":["Strike_G","Strike_G"],"score":332,"play_id":"37c210d8-8283-42b7-8df6-08aaee9ea748","local_time":"20210111120149","is_ascension_mode":true,"campfire_choices":[{"data":"Neutralize","floor":6,"key":"SMITH"},{"floor":15,"key":"REST"}],"circlet_count":0,"master_deck":["AscendersBane","Strike_G","Strike_G","Strike_G","Defend_G","Defend_G","Defend_G","Defend_G","Defend_G","Survivor","Neutralize+1","Sucker Punch","Noxious Fumes","Crippling Poison+1","Footwork","Heel Hook","Predator","Deflect","Poisoned Stab","Escape Plan","Bouncing Flask","Tools of the Trade","Blur","Bane","Heel Hook"],"relics":["Ring of the Snake","Sundial","Oddly Smooth Stone","Pear","Golden Idol","Tiny House","Akabeko"],"acts_visited":["Exordium","TheCity"],"potions_floor_usage":[7,11,16,16,17,23,23],"damage_taken":[{"damage":2,"enemies":"Cultist","floor":1,"turns":5},{"damage":9,"enemies":"Jaw Worm","floor":3,"turns":5},{"damage":3,"enemies":"2 Louse","floor":4,"turns":4},{"damage":15,"enemies":"3 Sentries","floor":7,"turns":6},{"damage":2,"enemies":"Looter","floor":10,"turns":4},{"damage":19,"enemies":"Lagavulin","floor":11,"turns":6},{"damage":0,"enemies":"Large Slime","floor":13,"turns":6},{"damage":7,"enemies":"3 Louse","floor":14,"turns":3},{"damage":19,"enemies":"Hexaghost","floor":16,"turns":10},{"damage":10,"enemies":"Shell Parasite","floor":18,"turns":6},{"damage":25,"enemies":"2 Thieves","floor":22,"turns":4},{"damage":50,"enemies":"Book of Stabbing","floor":23,"turns":9}],"seed_played":"-3884447053052514237","potions_obtained":[{"floor":0,"key":"PowerPotion"},{"floor":0,"key":"Strength Potion"},{"floor":7,"key":"LiquidBronze"},{"floor":11,"key":"Weak Potion"},{"floor":17,"key":"EntropicBrew"},{"floor":18,"key":"Dexterity Potion"}],"is_trial":false,"path_per_floor":["M","$","M","M","?","R","E","$","T","M","E","?","M","M","R","B",null,"M","?","$","T","M","E"],"character_chosen":"THE_SILENT","items_purchased":["Noxious Fumes","Crippling Poison"],"campfire_rested":1,"item_purchase_floors":[2,2],"current_hp_per_floor":[61,61,52,49,49,49,34,34,34,32,23,23,23,16,38,19,65,55,55,55,55,30,0,0],"gold":212,"neow_bonus":"THREE_SMALL_POTIONS","is_daily":false,"chose_seed":false,"campfire_upgraded":1,"win_rate":0.0,"timestamp":1610395309,"path_taken":["M","$","M","M","?","R","E","$","T","?","E","?","M","M","R","BOSS","M","?","$","?","M","E"],"items_purchased_type":["Card","Card"],"build_version":"2020-12-22","purchased_purges":2,"victory":false,"max_hp_per_floor":[70,70,70,70,70,70,70,70,70,70,80,74,74,74,74,74,79,79,79,79,79,79,79,79],"card_choices":[{"not_picked":["Skewer","Deflect"],"picked":"Sucker Punch","floor":1},{"not_picked":["Dagger Spray","Flechettes"],"picked":"Footwork","floor":3},{"not_picked":["Escape Plan","Finisher"],"picked":"Heel Hook","floor":4},{"not_picked":["Outmaneuver","Expertise"],"picked":"Predator","floor":7},{"not_picked":["PiercingWail","Endless Agony"],"picked":"Deflect","floor":10},{"not_picked":["Blade Dance","All Out Attack"],"picked":"Poisoned Stab","floor":11},{"not_picked":["Acrobatics","Slice"],"picked":"Escape Plan","floor":13},{"not_picked":["Crippling Poison","Slice"],"picked":"Bouncing Flask","floor":14},{"not_picked":["Venomology","Phantasmal Killer"],"picked":"Tools of the Trade","floor":16},{"not_picked":["Prepared","Reflex"],"picked":"Blur","floor":17},{"not_picked":["Sucker Punch","Dodge and Roll"],"picked":"Bane","floor":18},{"not_picked":["Predator","Dagger Throw"],"picked":"Heel Hook","floor":22}],"player_experience":1330831,"relics_obtained":[{"floor":7,"key":"Sundial"},{"floor":9,"key":"Oddly Smooth Stone"},{"floor":11,"key":"Pear"},{"floor":21,"key":"Akabeko"}],"event_choices":[{"damage_healed":0,"gold_gain":0,"player_choice":"Leave","damage_taken":0,"max_hp_gain":0,"max_hp_loss":0,"event_name":"FaceTrader","floor":5,"gold_loss":0},{"damage_healed":0,"gold_gain":0,"player_choice":"Lose Max HP","damage_taken":0,"relics_obtained":["Golden Idol"],"max_hp_gain":0,"max_hp_loss":6,"event_name":"Golden Idol","floor":12,"gold_loss":0},{"damage_healed":0,"gold_gain":100,"player_choice":"Bet on Murderer","damage_taken":0,"max_hp_gain":0,"max_hp_loss":0,"event_name":"The Joust","floor":19,"gold_loss":50}],"is_beta":false,"boss_relics":[{"not_picked":["Pandora\u0027s Box","Philosopher\u0027s Stone"],"picked":"Tiny House"}],"items_purged_floors":[8,20],"is_endless":false,"potions_floor_spawned":[1,3,7,11,18],"killed_by":"Book of Stabbing","ascension_level":13}}