{"host":"kiepq204ejgahl1h","time":1610365708,"event":{"mods":["ATMod(°¢èªMod)","Act Like it!","Aspiration","BaseMod","BetterRewards","Booster Modes","Colored Map","Colored Powertips","Conjunction","Conspire","Curses Come First","Dota2Spire","Downfall","Energized Spire","GifTheSpireLib","Gold Saver","Halation","Hubris","Infinite Spire","Ironclad Rager","Jedi Mod","KinomotoSakuraMod(Ä¾Ö®±¾Ó£)","KomeijiMod","LagranYue(À­¸ñÀÊ¡¤ÔÂ)","Marisa£¨ìFÓê¡¡Ä§ÀíÉ³£©","Minty Spire (QoL Compilation)","MostiFishMod","Pale of the Ancients","Prisma Mod","Quarter Circle Forward PUNCH!","Quick Restart","RRrroohrrRGHHhhh!!","Rare Cards Sparkle","Reimu£¨²©ÀöÁéÃÎ£©","Relic Stats","Remilia£¨ÀÙÃ×ÀòÑÇ£©","Replay The Spire","Robot Space Explorer","RumiaBox-Â¶Ã×æ«µÄÉñÃØºÐ×Ó","SCP261 Mod","SIMod","SacredBarkPlus","Spikes Relics","Spires \u0026 Sneckos","StSLib","Stuff the Spire","TestMod","The Bug Knight","The Gatherer","The Marked","The Mystic","The Servant 0.9.4","Virulent Crown","Yakumo Yukari mod","Youmu£¨»êÆÇÑýÃÎ£©","vexMod","¡¾ÒÅÎï¿¨ÅÆ¡¿REMEMod"],"gold_per_floor":[1234,1254,1291,1291,823,823,823,823,833,858,884,902,954,971,997,1010,1010,1106,1106,1117,942,952,967,967,995,995,1046,1046,1046,657,691,741,756,756,853,853,872,889,651,498,408,433,443,477,502,514,540,540,540,540,540,540,558,578,593,620,620,661,661,661,661,691],"floor_reached":63,"playtime":4234,"items_purged":["AT_purpleEX","Defend_purpleEX","AT_purpleEX","Defend_purpleEX","testmod-HandmadeProducts","AT_purpleEX","Defend_purpleEX"],"score":1758,"play_id":"cc6ace54-fdd4-439d-86ff-073396251195","local_time":"20210111194828","is_ascension_mode":true,"campfire_choices":[{"data":"Rainbow","floor":6.0,"key":"SMITH"},{"floor":17.0,"key":"REST"},{"data":"Realm_recovery_purpleEX","floor":29.0,"key":"SMITH"},{"data":"StretchesForeverDream_purple","floor":34.0,"key":"SMITH"},{"floor":59,"key":"RECALL"}],"circlet_count":0,"master_deck":["AT_purpleEX+1","Defend_purpleEX+1","Observe_purple_1+1","Observe_purple_2+1","AT_FamilyPortrait+1","Rainbow+1","AdvanceAttack_purple+1","MetroBOOM_purple+1","Magnetism+1","Realm_recovery_purpleEX+1","SfantasyHide_purple+1","Charmbait_purple+1","ContainerChange_purple+1","Worldmountain_purple+1","Theboundaryofcreation_purpleEX+1","RuleDissolution_purple+1","StretchesForeverDream_purple+1","Monsters_DoubleDeathButterfly_purple+1","REME_ProfessionalPlagiarism+1","Theboundaryofcreation_purpleEX+1","DimensionStaggered_purple+1","Flash of Steel+1","WeekHit_purple+1","Erosivefilter_purple+1","DistantPastFriend_purple+1","Mirror_FourBoundary_purple+1"],"relics":["Boundary_crack","Memoryfragments_purpleEX","DaveBox","AT_ATBox","testmod-TestBox","REME_ComplimentaryCards","LagranYue:RandomDrawCardRelic","MetatronsCube","testmod-Justice","conspire:GlowingRock","Whetstone","ReplayTheSpireMod:TigerMarble","Pet Ghost","RuthlessExorcism:ReiMu","SynthV:TestCard","aspiration:ArtOfWarUpgrade","vexMod:Spyglass","qcfpunch:Red_Beret","Replay:Mystery Machine","Gremlin Food","Bottled Tornado","Prayer Wheel","aspiration:FutureDiary","qcfpunch:Handcuffs","SecretRecord","hubris:ToyBattleship","Dota2Spire:ArmletOfMordiggian","Dota2Spire:MaskOfMadness","PreservedInsect","aspiration:RandomNobGenerator","jedi:Pinwheel","SnailShell","hubris:TenFootPole","StuffTheSpire:GrapeVine","Dota2Spire:DrumOfEndurance","SpikesRelics:DaevaFist","paleoftheancients:Timepiece","Letter Opener","CultistMask","paleoftheancients:SoulOfTheGuardian","paleoftheancients:BlurryLens","Dota2Spire:HandOfMidas","Nunchaku"],"acts_visited":["Exordium","TheCity","TheBeyond","paleoftheancients:PaleOfTheAncients"],"potions_floor_usage":[53,62],"damage_taken":[{"damage":0.0,"enemies":"conspire:RoseBush","floor":1.0,"turns":2.0},{"damage":0.0,"enemies":"Jaw Worm","floor":2.0,"turns":3.0},{"damage":0.0,"enemies":"conspire:MimicChest","floor":3.0,"turns":3.0},{"damage":0.0,"enemies":"2 Louse","floor":9.0,"turns":1.0},{"damage":11.0,"enemies":"3 Sentries","floor":10.0,"turns":3.0},{"damage":1.0,"enemies":"Lots of Slimes","floor":12.0,"turns":1.0},{"damage":0.0,"enemies":"Exordium Thugs","floor":14.0,"turns":3.0},{"damage":18.0,"enemies":"Gremlin Nob","floor":15.0,"turns":3.0},{"damage":0.0,"enemies":"Gremlin Gang","floor":16.0,"turns":2.0},{"damage":6.0,"enemies":"Slime Boss","floor":18.0,"turns":7.0},{"damage":0.0,"enemies":"3 Byrds","floor":20.0,"turns":3.0},{"damage":0.0,"enemies":"Shell Parasite","floor":22.0,"turns":2.0},{"damage":0.0,"enemies":"3 Cultists","floor":23.0,"turns":3.0},{"damage":21.0,"enemies":"Replay:Snechameleon","floor":25.0,"turns":3.0},{"damage":16.0,"enemies":"Book of Stabbing","floor":27.0,"turns":3.0},{"damage":0.0,"enemies":"Slavers","floor":31.0,"turns":1.0},{"damage":0.0,"enemies":"Snecko","floor":32.0,"turns":3.0},{"damage":0.0,"enemies":"Snake Plant","floor":33.0,"turns":3.0},{"damage":8.0,"enemies":"Automaton","floor":35.0,"turns":4.0},{"damage":0.0,"enemies":"Orb Walker","floor":37.0,"turns":2.0},{"damage":0.0,"enemies":"3 Darklings","floor":38.0,"turns":2.0},{"damage":0.0,"enemies":"Giant Head","floor":42.0,"turns":4.0},{"damage":0.0,"enemies":"Writhing Mass","floor":43.0,"turns":2.0},{"damage":0.0,"enemies":"R_Hoarder","floor":44.0,"turns":2.0},{"damage":0.0,"enemies":"Jaw Worm Horde","floor":46.0,"turns":1.0},{"damage":0.0,"enemies":"Nemesis","floor":47.0,"turns":3.0},{"damage":0.0,"enemies":"Nemesis","floor":48.0,"turns":2.0},{"damage":0,"enemies":"Awakened One","floor":52,"turns":6},{"damage":0,"enemies":"Awakened One","floor":53,"turns":5},{"damage":0,"enemies":"Awakened One","floor":54,"turns":4},{"damage":0,"enemies":"paleoftheancients:BASlime2","floor":55,"turns":1},{"damage":0,"enemies":"paleoftheancients:BASlime2","floor":58,"turns":2},{"damage":1,"enemies":"paleoftheancients:N","floor":62,"turns":6}],"seed_played":"-1576907979505516110","potions_obtained":[{"floor":1.0,"key":"Block Potion"},{"floor":2.0,"key":"Strength Potion"},{"floor":3.0,"key":"Weak Potion"},{"floor":16.0,"key":"LiquidBronze"},{"floor":18.0,"key":"Block Potion"},{"floor":22.0,"key":"Energy Potion"},{"floor":25.0,"key":"Elixir"},{"floor":27.0,"key":"champ:CounterPotion"},{"floor":31.0,"key":"REME_GoldPotion"},{"floor":38.0,"key":"SkillPotion"},{"floor":42.0,"key":"Swift Potion"},{"floor":58,"key":"SpeedPotion"}],"is_trial":false,"path_per_floor":["M","M","?","?","$","R","PTL","PTL","M","E","T","M","T","M","E","M","R","B",null,"M","$","M","M","AVR","E","T","E","T","R","$","E","M","M","R","B",null,"M","M","$","$","$","E","M","E","T","M","E","?","$","$","R","B","M","M","M","T","R","M","R","T","?","B",null],"character_chosen":"Youkari","items_purchased":["conspire:GlowingRock","Whetstone","ReplayTheSpireMod:TigerMarble","Pet Ghost","RuthlessExorcism:ReiMu","vexMod:Spyglass","Magnetism","REME_ProfessionalPlagiarism","jedi:Pinwheel","SnailShell","Flash of Steel"],"campfire_rested":1,"item_purchase_floors":[0,0,0,0,0,5,5,30,39,40,41],"current_hp_per_floor":[29,30,32,32,32,32,32,32,32,23,23,23,23,26,11,12,33,29,70,70,70,70,70,70,53,53,39,39,39,39,59,66,70,70,62,70,70,70,70,70,70,70,70,70,70,70,70,70,70,70,70,70,70,70,70,70,70,70,70,70,70,70],"gold":691,"neow_bonus":"","is_daily":false,"chose_seed":false,"campfire_upgraded":3,"win_rate":0.0,"timestamp":1610365708,"path_taken":["M","M","?","?","$","R","PTL","PTL","M","E","T","?","?","M","E","M","R","BOSS","M","$","M","M","AVR","E","?","E","T","R","?","E","M","M","R","BOSS","M","M","?","$","?","E","M","E","T","?","E","?","?","?","R","BOSS","M","M","?","T","R","M","R","T","?","BOSS"],"items_purchased_type":["Relic","Relic","Relic","Relic","Relic","Relic","Card","Card","Relic","Relic","Card"],"build_version":"2020-12-22","purchased_purges":7,"victory":true,"max_hp_per_floor":[70,70,70,70,70,70,70,70,70,70,70,70,70,70,70,70,70,70,70,70,70,70,70,70,70,70,70,70,70,70,70,70,70,70,70,70,70,70,70,70,70,70,70,70,70,70,70,70,70,70,70,70,70,70,70,70,70,70,70,70,70,70],"relic_stats":{"Nunchaku":[2],"counters":[283,1026],"Prayer Wheel":13,"PreservedInsect":268,"Whetstone":["AT_purpleEX","Observe_purple_1"],"Letter Opener":[568],"obtain_stats":[{"Replay:Accelerometer":9,"StuffTheSpire:Barrel":25,"AT_ATBox":0,"LagranYue:RandomDrawCardRelic":0,"WarlordEmblem:MantleBaku":13,"Spirit Poop":50,"Whetstone":0,"qcfpunch:Red_Beret":10,"MagicDraw4":9,"Bottled Tornado":15,"testmod-BlackFramedGlasses":0,"MagicDraw2":21,"jedi:shrinkray":0,"MagicDraw1":24,"conspire:GlowingRock":0,"testmod-Prudence":0,"MealTicket":43,"vexMod:DeviousBotling":17,"halation:PromiseList":49,"WarlordEmblem:BrokenMantle":0,"testmod-TestBox":0,"testmod-Register":31,"Pen Nib":14,"Dota2Spire:Bloodstone":34,"AT_EbonyIvory":58,"Replay:Ancient Bell":17,"Ling":0,"qcfpunch:Broken_Tusk":26,"StuffTheSpire:MayFlowers":10,"CultistMask":30,"hubris:TenFootPole":42,"Technique":0,"ChiLing":0,"MetatronsCube":0,"WarlordEmblem:VoidPower":17,"Torii":44,"DaveBox":0,"Singing Bowl":8,"Dota2Spire:Vanguard":40,"Bag of Preparation":0,"Replay:Multitool":10,"StuffTheSpire:GrapeVine":44,"LagranYue:MagicReflectiveArmorRelic":0,"Smiling Mask":26,"testmod-CasingShield":25,"Pet Ghost":0,"Shovel":8,"vexMod:RedPlottingStone":27,"Dota2Spire:BladeMail":6,"testmod-ObsoleteBoomerang":31,"halation:Toothbrush":42,"aspiration:FutureDiary":19,"LagranYue:NewUniverseRelic":13,"Potion Belt":22,"StuffTheSpire:TintedRock":7,"PreservedInsect":31,"aspiration:RandomNobGenerator":36,"Boundary_crack":0,"halation:SelfBoilingWater":45,"PrismaMod:PrismaSapphireUpgrade":34,"AT_ImmortalShieldbow":37,"Busted Crown":34,"Ornamental Fan":36,"ExplosiveVial":0,"CrazyTorch:ReiMu":36,"Art of War":3,"SpikesRelics:DaevaFist":47,"halation:AfternoonTea":6,"paleoftheancients:SoulOfTheThorton":53,"AT_SunfireAegis":23,"REME_ComplimentaryCards":0,"Dota2Spire:MaskOfMadness":55,"Chi":0,"Dota2Spire:ArmletOfMordiggian":27,"HollowMod:StagPassRelic":7,"HornCleat":42,"Prayer Wheel":30,"aspiration:ArtOfWarUpgrade":57,"Iron Hammer":0,"qcfpunch:Handcuffs":24,"Toxic Egg 2":4,"LugNut":13,"conspire:Dentures":9,"Dota2Spire:HandOfMidas":56,"paleoftheancients:KeyRelic":50,"ReplayTheSpireMod:CursedCoin":29,"StuffTheSpire:ForceGauntlet":32,"Astrolabe":21,"WarlordEmblem:WuziBook":43,"Replay:Kaleidoscope":23,"Letter Opener":50,"paleoftheancients:Timepiece":50,"testmod-RealStoneCalender":0,"Replay:Baseball":38,"conspire:GiftBox":41,"Molten Egg 2":5,"Onion Ring":43,"Nloth\u0027s Gift":20,"ReplayTheSpireMod:TigerMarble":0,"hubris:ToyBattleship":26,"StuffTheSpire:OldFever":0,"testmod-OneHitWonder":54,"Memoryfragments_purpleEX":0,"SnailShell":40,"PrismaMod:PrismaSapphire":0,"aspiration:TomeofQuesting":48,"Dota2Spire:DrumOfEndurance":45,"SecretRecord":25,"LagranYue:RareGoldArmorRelic":17,"Replay:Mystery Machine":11,"jedi:Pinwheel":39,"vexMod:Spyglass":5,"StuffTheSpire:Experiment12":57,"Nunchaku":60,"Chameleon Ring":15,"testmod-InjuryResistance":44,"paleoftheancients:SoulOfTheGuardian":52,"testmod-Motorcycle":21,"MiniBlackHole":13,"qcfpunch:Necklace_of_Skulls":17,"Gremlin Food":13,"paleoftheancients:BlurryLens":55,"Guide Book":19,"vexMod:FocusSash":23,"testmod-Justice":0,"jedi:fakemustache":0,"testmod-Antiphasic":45,"SynthV:TestCard":1,"vexMod:HeadHunter":4,"Bag of Marbles":46,"RuthlessExorcism:ReiMu":0},{"Replay:Accelerometer":197,"StuffTheSpire:Barrel":178,"AT_ATBox":0,"LagranYue:RandomDrawCardRelic":167,"WarlordEmblem:MantleBaku":172,"Spirit Poop":245,"Whetstone":191,"qcfpunch:Red_Beret":255,"MagicDraw4":223,"Bottled Tornado":258,"testmod-BlackFramedGlasses":0,"MagicDraw2":201,"jedi:shrinkray":191,"MagicDraw1":202,"conspire:GlowingRock":250,"testmod-Prudence":167,"MealTicket":242,"vexMod:DeviousBotling":173,"halation:PromiseList":217,"WarlordEmblem:BrokenMantle":167,"testmod-TestBox":167,"testmod-Register":180,"Pen Nib":172,"Dota2Spire:Bloodstone":236,"AT_EbonyIvory":249,"Replay:Ancient Bell":227,"Ling":191,"qcfpunch:Broken_Tusk":178,"StuffTheSpire:MayFlowers":171,"CultistMask":234,"hubris:TenFootPole":272,"Technique":0,"ChiLing":191,"MetatronsCube":0,"WarlordEmblem:VoidPower":200,"Torii":187,"DaveBox":0,"Singing Bowl":223,"Dota2Spire:Vanguard":240,"Bag of Preparation":167,"Replay:Multitool":224,"StuffTheSpire:GrapeVine":274,"LagranYue:MagicReflectiveArmorRelic":191,"Smiling Mask":232,"testmod-CasingShield":203,"Pet Ghost":250,"Shovel":197,"vexMod:RedPlottingStone":178,"Dota2Spire:BladeMail":222,"testmod-ObsoleteBoomerang":235,"halation:Toothbrush":214,"aspiration:FutureDiary":260,"LagranYue:NewUniverseRelic":172,"Potion Belt":201,"StuffTheSpire:TintedRock":222,"PreservedInsect":266,"aspiration:RandomNobGenerator":269,"Boundary_crack":0,"halation:SelfBoilingWater":215,"PrismaMod:PrismaSapphireUpgrade":181,"AT_ImmortalShieldbow":237,"Busted Crown":207,"Ornamental Fan":237,"ExplosiveVial":218,"CrazyTorch:ReiMu":237,"Art of War":253,"SpikesRelics:DaevaFist":276,"halation:AfternoonTea":196,"paleoftheancients:SoulOfTheThorton":248,"AT_SunfireAegis":231,"REME_ComplimentaryCards":0,"Dota2Spire:MaskOfMadness":248,"Chi":191,"Dota2Spire:ArmletOfMordiggian":265,"HollowMod:StagPassRelic":170,"HornCleat":242,"Prayer Wheel":180,"aspiration:ArtOfWarUpgrade":281,"Iron Hammer":167,"qcfpunch:Handcuffs":263,"Toxic Egg 2":169,"LugNut":199,"conspire:Dentures":170,"Dota2Spire:HandOfMidas":281,"paleoftheancients:KeyRelic":245,"ReplayTheSpireMod:CursedCoin":204,"StuffTheSpire:ForceGauntlet":206,"Astrolabe":229,"WarlordEmblem:WuziBook":214,"Replay:Kaleidoscope":202,"Letter Opener":245,"paleoftheancients:Timepiece":245,"testmod-RealStoneCalender":167,"Replay:Baseball":183,"conspire:GiftBox":185,"Molten Egg 2":169,"Onion Ring":186,"Nloth\u0027s Gift":229,"ReplayTheSpireMod:TigerMarble":250,"hubris:ToyBattleship":264,"StuffTheSpire:OldFever":167,"testmod-OneHitWonder":248,"Memoryfragments_purpleEX":0,"SnailShell":271,"PrismaMod:PrismaSapphire":0,"aspiration:TomeofQuesting":244,"Dota2Spire:DrumOfEndurance":274,"SecretRecord":264,"LagranYue:RareGoldArmorRelic":227,"Replay:Mystery Machine":255,"jedi:Pinwheel":271,"vexMod:Spyglass":253,"StuffTheSpire:Experiment12":249,"Nunchaku":282,"Chameleon Ring":199,"testmod-InjuryResistance":214,"paleoftheancients:SoulOfTheGuardian":247,"testmod-Motorcycle":229,"MiniBlackHole":172,"qcfpunch:Necklace_of_Skulls":227,"Gremlin Food":256,"paleoftheancients:BlurryLens":281,"Guide Book":201,"vexMod:FocusSash":177,"testmod-Justice":0,"jedi:fakemustache":191,"testmod-Antiphasic":243,"SynthV:TestCard":219,"vexMod:HeadHunter":194,"Bag of Marbles":188,"RuthlessExorcism:ReiMu":250},{"Replay:Accelerometer":746,"StuffTheSpire:Barrel":686,"AT_ATBox":0,"LagranYue:RandomDrawCardRelic":641,"WarlordEmblem:MantleBaku":661,"Spirit Poop":909,"Whetstone":734,"qcfpunch:Red_Beret":944,"MagicDraw4":834,"Bottled Tornado":951,"testmod-BlackFramedGlasses":0,"MagicDraw2":764,"jedi:shrinkray":734,"MagicDraw1":768,"conspire:GlowingRock":932,"testmod-Prudence":641,"MealTicket":898,"vexMod:DeviousBotling":666,"halation:PromiseList":816,"WarlordEmblem:BrokenMantle":641,"testmod-TestBox":641,"testmod-Register":691,"Pen Nib":661,"Dota2Spire:Bloodstone":881,"AT_EbonyIvory":925,"Replay:Ancient Bell":850,"Ling":734,"qcfpunch:Broken_Tusk":686,"StuffTheSpire:MayFlowers":656,"CultistMask":873,"hubris:TenFootPole":993,"Technique":0,"ChiLing":734,"MetatronsCube":0,"WarlordEmblem:VoidPower":762,"Torii":719,"DaveBox":0,"Singing Bowl":834,"Dota2Spire:Vanguard":889,"Bag of Preparation":641,"Replay:Multitool":838,"StuffTheSpire:GrapeVine":997,"LagranYue:MagicReflectiveArmorRelic":734,"Smiling Mask":865,"testmod-CasingShield":770,"Pet Ghost":932,"Shovel":746,"vexMod:RedPlottingStone":686,"Dota2Spire:BladeMail":832,"testmod-ObsoleteBoomerang":877,"halation:Toothbrush":803,"aspiration:FutureDiary":960,"LagranYue:NewUniverseRelic":661,"Potion Belt":764,"StuffTheSpire:TintedRock":832,"PreservedInsect":975,"aspiration:RandomNobGenerator":985,"Boundary_crack":0,"halation:SelfBoilingWater":810,"PrismaMod:PrismaSapphireUpgrade":696,"AT_ImmortalShieldbow":883,"Busted Crown":785,"Ornamental Fan":883,"ExplosiveVial":821,"CrazyTorch:ReiMu":883,"Art of War":940,"SpikesRelics:DaevaFist":1001,"halation:AfternoonTea":743,"paleoftheancients:SoulOfTheThorton":919,"AT_SunfireAegis":862,"REME_ComplimentaryCards":0,"Dota2Spire:MaskOfMadness":919,"Chi":734,"Dota2Spire:ArmletOfMordiggian":974,"HollowMod:StagPassRelic":653,"HornCleat":898,"Prayer Wheel":691,"aspiration:ArtOfWarUpgrade":1018,"Iron Hammer":641,"qcfpunch:Handcuffs":968,"Toxic Egg 2":648,"LugNut":751,"conspire:Dentures":653,"Dota2Spire:HandOfMidas":1018,"paleoftheancients:KeyRelic":909,"ReplayTheSpireMod:CursedCoin":776,"StuffTheSpire:ForceGauntlet":780,"Astrolabe":854,"WarlordEmblem:WuziBook":803,"Replay:Kaleidoscope":768,"Letter Opener":909,"paleoftheancients:Timepiece":909,"testmod-RealStoneCalender":641,"Replay:Baseball":700,"conspire:GiftBox":710,"Molten Egg 2":648,"Onion Ring":714,"Nloth\u0027s Gift":854,"ReplayTheSpireMod:TigerMarble":932,"hubris:ToyBattleship":971,"StuffTheSpire:OldFever":641,"testmod-OneHitWonder":919,"Memoryfragments_purpleEX":0,"SnailShell":989,"PrismaMod:PrismaSapphire":0,"aspiration:TomeofQuesting":905,"Dota2Spire:DrumOfEndurance":997,"SecretRecord":971,"LagranYue:RareGoldArmorRelic":850,"Replay:Mystery Machine":944,"jedi:Pinwheel":989,"vexMod:Spyglass":940,"StuffTheSpire:Experiment12":925,"Nunchaku":1020,"Chameleon Ring":751,"testmod-InjuryResistance":803,"paleoftheancients:SoulOfTheGuardian":917,"testmod-Motorcycle":854,"MiniBlackHole":661,"qcfpunch:Necklace_of_Skulls":850,"Gremlin Food":945,"paleoftheancients:BlurryLens":1018,"Guide Book":764,"vexMod:FocusSash":682,"testmod-Justice":0,"jedi:fakemustache":734,"testmod-Antiphasic":901,"SynthV:TestCard":823,"vexMod:HeadHunter":740,"Bag of Marbles":723,"RuthlessExorcism:ReiMu":932}]},"card_choices":[{"not_picked":["Mirror_FormAndEmptin_purple","Yakumo_Ran_purple"],"picked":"AdvanceAttack_purple","floor":1.0},{"not_picked":["AdvanceAttack_purple","Fantasy_PerpetualMotionMachine_purple","Yakumo_Ran_purple","Bait_HighSpeedFlying_purple","Shallow_ocean_purpleEX"],"picked":"SKIP","floor":2.0},{"not_picked":["SharpContractionReality_purple","Umbrella_purple","AdvanceAttack_purple","Realm_recovery_purpleEX"],"picked":"MetroBOOM_purple","floor":3.0},{"not_picked":["SharpContractionReality_purple","Umbrella_purple","Mirror_FormAndEmptin_purple","MagicEyes_LaplaceDemon_purple"],"picked":"Realm_recovery_purpleEX","floor":9.0},{"not_picked":["Worldmountain_purple","SharpContractionReality_purple","Fantasy_PerpetualMotionMachine_purple","ExistenceContinue_purple"],"picked":"SfantasyHide_purple","floor":10.0},{"not_picked":["StateErode_purple","SfantasyHide_purple","AdvanceAttack_purple","DimensionStaggered_purple"],"picked":"Charmbait_purple","floor":12.0},{"not_picked":["StateErode_purple","Realm_recovery_purpleEX","MNeedle_purple","StateDuplicate_purple","DimensionStaggered_purple"],"picked":"SKIP","floor":14.0},{"not_picked":["Realm_recovery_purpleEX","SfantasyHide_purple","Nest_LightFlightworm_purple","StateErode_purple","BarrageBoundary_PipeDream_purple"],"picked":"SKIP","floor":15.0},{"not_picked":["Anti_communist_purple","MetroBOOM_purple","SfantasyHide_purple","DarkRealmRedLine_purple","Realm_recovery_purpleEX"],"picked":"SKIP","floor":16.0},{"not_picked":["BarrageBoundary_PipeDream_purple","Theboundaryofcreation_purpleEX","WasteWire_Metro_purple","Monsters_DoubleDeathButterfly_purple"],"picked":"ContainerChange_purple","floor":18.0},{"not_picked":["Mirror_FormAndEmptin_purple+1","MetroBOOM_purple","RuleDissolution_purple+1","AdvanceAttack_purple"],"picked":"Worldmountain_purple+1","floor":20.0},{"not_picked":["SharpContractionReality_purple","Computing_the_future_purpleEX","Umbrella_purple","OmniscientAndOmnipotent_Monster_purple","StateDuplicate_purple"],"picked":"SKIP","floor":20.0},{"not_picked":["AdvanceAttack_purple+1","Mirror_WaveAndshot_purple","MonsterNeedle_purple","Realm_recovery_purpleEX"],"picked":"Theboundaryofcreation_purpleEX","floor":22.0},{"not_picked":["Photoelasticity_Doppler_Effect_purple","Mirror_FormAndEmptin_purple+1","MeetDecomposer_purple","Worldmountain_purple","RuleDissolution_purple"],"picked":"SKIP","floor":22.0},{"not_picked":["AdvanceAttack_purple+1","SfantasyHide_purple","BarrageBoundary_PipeDream_purple","DimensionStaggered_purple"],"picked":"RuleDissolution_purple+1","floor":23.0},{"not_picked":["Umbrella_purple","ExistenceContinue_purple","WeekHit_purple","ButterflyHabitatTemple_purple+1","Bait_Toxicbait_purple"],"picked":"SKIP","floor":23.0},{"not_picked":["DarkRealmRedLine_purple","Bait_HighSpeedFlying_purple","Extrememeaning_purpleEX","OpenedBox_purple"],"picked":"StretchesForeverDream_purple","floor":25.0},{"not_picked":["AdvanceAttack_purple","ExistenceContinue_purple","Bait_Toxicbait_purple+1","Line_surface_state_purple"],"picked":"Monsters_DoubleDeathButterfly_purple","floor":27.0},{"not_picked":["RealityDreamConfluencek_purple","Shallow_ocean_purpleEX","MetroBOOM_purple","SharpContractionReality_purple","GluttonyofRealm_purpleEX"],"picked":"SKIP","floor":31.0},{"not_picked":["StateDuplicate_purple+1","Worldmountain_purple","Realm_recovery_purpleEX+1","Mirror_FormAndEmptin_purple","MNeedle_purple"],"picked":"SKIP","floor":32.0},{"not_picked":["Mirror_FormAndEmptin_purple","RealityDreamConfluencek_purple","StretchesForeverDream_purple","DarkRealmRedLine_purple","Shallow_ocean_purpleEX"],"picked":"SKIP","floor":32.0},{"not_picked":["Line_surface_state_purple","MonsterNeedle_purple","StateErode_purple+1","MeetDecomposer_purple","DimensionStaggered_purple"],"picked":"SKIP","floor":33.0},{"not_picked":["ExistenceContinue_purple","AdvanceAttack_purple","BarrageBoundary_PipeDream_purple","StateDuplicate_purple","Umbrella_purple"],"picked":"SKIP","floor":33.0},{"not_picked":["Computing_the_future_purpleEX","UniverseChoice_purple","Fancifulhole_purple","D_absorption_purple"],"picked":"Theboundaryofcreation_purpleEX","floor":35.0},{"not_picked":["OmniscientAndOmnipotent_Monster_purple","WingOfChimera_purple","SharpContractionReality_purple+1","Line_surface_state_purple"],"picked":"DimensionStaggered_purple+1","floor":37.0},{"not_picked":["Umbrella_purple+1","MNeedle_purple","MeetDecomposer_purple+1","Charmbait_purple+1","ExistenceContinue_purple"],"picked":"SKIP","floor":37.0},{"not_picked":["StateDuplicate_purple+1","EighthInstrument_OneDividesIntoTwo_purple","MeetDecomposer_purple","AdvanceAttack_purple+1","DimensionStaggered_purple+1"],"picked":"SKIP","floor":38.0},{"not_picked":["ContainerChange_purple","Charmbait_purple","OpenedBox_purple+1","Umbrella_purple","StateDuplicate_purple+1"],"picked":"SKIP","floor":38.0},{"not_picked":["Worldmountain_purple+1","RuleDissolution_purple+1","DimensionStaggered_purple","WangLiang_OokamiKakushi_purple","WorldDissolvedintheRealm_purple"],"picked":"SKIP","floor":42.0},{"not_picked":["DimensionStaggered_purple","SharpContractionReality_purple","RuptureOfTimeAndSpace_purple","SfantasyHide_purple"],"picked":"WeekHit_purple+1","floor":43.0},{"not_picked":["Mirror_Drifter_purple+1","MeetDecomposer_purple","AdvanceAttack_purple","DimensionStaggered_purple+1","DarkRealmRedLine_purple"],"picked":"SKIP","floor":43.0},{"not_picked":["Mirror_Drifter_purple+1","MeetDecomposer_purple","AdvanceAttack_purple","DimensionStaggered_purple+1","DarkRealmRedLine_purple"],"picked":"SKIP","floor":43.0},{"not_picked":["Boundary_DynamicStaticEquilibrium_purple","Fantasy_PerpetualMotionMachine_purple+1","Mirror_Drifter_purple+1","DimensionStaggered_purple"],"picked":"Erosivefilter_purple+1","floor":44.0},{"not_picked":["ExistenceContinue_purple","DimensionStaggered_purple","StateDuplicate_purple","SharpContractionReality_purple+1","Worldmountain_purple"],"picked":"SKIP","floor":46.0},{"not_picked":["Bait_Toxicbait_purple","WorldDissolvedintheRealm_purple+1","StateDuplicate_purple","MeetDecomposer_purple+1","MetroBOOM_purple"],"picked":"SKIP","floor":46.0},{"not_picked":["Erosivefilter_purple+1","ExistenceContinue_purple+1","Shallow_ocean_purpleEX+1","Theboundaryofcreation_purpleEX","RuleDissolution_purple"],"picked":"SKIP","floor":47.0},{"not_picked":["Mirror_FormAndEmptin_purple+1","CommonSense_AntiCommonSense_purple","Fantasy_PerpetualMotionMachine_purple","Realm_recovery_purpleEX+1"],"picked":"Mirror_FourBoundary_purple+1","floor":53},{"not_picked":["RealityDreamConfluencek_purple+1","AdvanceAttack_purple","Umbrella_purple","StretchesForeverDream_purple+1","Anti_communist_purple+1"],"picked":"SKIP","floor":53},{"not_picked":["Charmbait_purple+1","WatchEChange_purple+1","Line_surface_state_purple","Umbrella_purple+1","DimensionStaggered_purple+1"],"picked":"SKIP","floor":54},{"not_picked":["Umbrella_purple+1","MetroBOOM_purple+1","MeetDecomposer_purple+1","Line_surface_state_purple+1","StateDuplicate_purple"],"picked":"SKIP","floor":54},{"not_picked":["StateDuplicate_purple","ExistenceContinue_purple+1","Human_Monster_Realm_purple","OmniscientAndOmnipotent_Monster_purple+1","MeetDecomposer_purple+1"],"picked":"SKIP","floor":55},{"not_picked":["Erosivefilter_purple","WatchEChange_purple","RuleDissolution_purple+1","Extrememeaning_purpleEX+1","DimensionStaggered_purple"],"picked":"SKIP","floor":55},{"not_picked":["Worldmountain_purple+1","DarkRealmRedLine_purple+1","StateDuplicate_purple","SharpContractionReality_purple","Boundary_ObjectiveBoundary_purple+1"],"picked":"SKIP","floor":58},{"not_picked":["ProofOfUnderstanding_purple","Fantasy_PerpetualMotionMachine_purple+1","MNeedle_purple+1","Nest_LightFlightworm_purple+1","StateDuplicate_purple+1"],"picked":"SKIP","floor":58}],"player_experience":1368090,"relics_obtained":[{"floor":1.0,"key":"SynthV:TestCard"},{"floor":3.0,"key":"Art of War"},{"floor":10.0,"key":"qcfpunch:Red_Beret"},{"floor":11.0,"key":"Replay:Mystery Machine"},{"floor":13.0,"key":"Gremlin Food"},{"floor":15.0,"key":"Bottled Tornado"},{"floor":25.0,"key":"SecretRecord"},{"floor":26.0,"key":"hubris:ToyBattleship"},{"floor":27.0,"key":"Dota2Spire:ArmletOfMordiggian"},{"floor":28.0,"key":"Dota2Spire:MaskOfMadness"},{"floor":31.0,"key":"PreservedInsect"},{"floor":42.0,"key":"hubris:TenFootPole"},{"floor":44.0,"key":"StuffTheSpire:GrapeVine"},{"floor":45.0,"key":"Dota2Spire:DrumOfEndurance"},{"floor":47.0,"key":"SpikesRelics:DaevaFist"},{"floor":53,"key":"paleoftheancients:SoulOfTheGuardian"},{"floor":55,"key":"paleoftheancients:BlurryLens"},{"floor":56,"key":"Dota2Spire:HandOfMidas"},{"floor":60,"key":"Nunchaku"}],"event_choices":[{"damage_healed":0.0,"max_hp_gain":0.0,"max_hp_loss":0.0,"gold_gain":0.0,"event_name":"The Woman in Blue","player_choice":"Bought 0 Potions","floor":4.0,"gold_loss":0.0,"damage_taken":0.0}],"is_beta":false,"boss_relics":[{"not_picked":["CosmicIsotope","hubris:CrackedHourglass"],"picked":"aspiration:FutureDiary"},{"not_picked":["Pandora\u0027s Box","energizedSpire:HugeHouse"],"picked":"aspiration:RandomNobGenerator"}],"items_purged_floors":[0,0,0,5,21,24,30],"is_endless":false,"potions_floor_spawned":[1,2,3,16,18,22,25,27,31,38,42,44,46,48,58],"ascension_level":1}}