{"host":"qq27suot6m8koe0b","time":1610359840,"event":{"mods":["Act Like it!","BaseMod","CapriCore","GifTheSpireLib","Lobotomy","Minty Spire (QoL Compilation)","StSLib"],"gold_per_floor":[113,113,113,123,48,82,82,108,108,108,108,17,17,38,38,163,226,251,251,264,264,264,300,318,331,382,15,15,15,42,68,80,218,230,258,270,345,357,369,416,459,29,29,62,62,113,145,177,186,186,186],"floor_reached":50,"playtime":1719,"items_purged":["Regret"],"score":728,"play_id":"b9ec5691-d947-4eb7-88f8-939c31e9f097","local_time":"20210111181040","is_ascension_mode":false,"campfire_choices":[],"circlet_count":0,"master_deck":["SpecialBullet","SpecialBullet","SpecialBullet","SpecialBullet","SpecialBullet","SpecialBullet","SpecialBullet","InformationCode","SecurityCode","TrainingCode","Wingbeat","QueenOfHatred","OSAHOGD","Horn+1","Logging+1","Horn+1","DaCapo+1","LaLuna","Heaven+1","CrimsonScar+1","SwordSharpenedByTears+1","OldLady","Scorched","Moonlight+1","Ecstasy","BlackArmy","Wingbeat+1","FieryBird","ParadiseLost+1","ControlCode","CENSORED_ego","Penitence+1","TT2Protocol","WristCuter+1","Logging+1","SummonCall","SomewhereSpear+1","WristCuter+1","Soda+1","WelfareCode"],"relics":["CogitoBucket","Incense Burner","Akabeko","TungstenRod","Shuriken","Molten Egg 2","Golden Idol","Tiny House","SkinProphecy","Du-Vu Doll","StoneCalendar","MawBank","AspirationHeart","Black Star","Pocketwatch","Letter Opener","CeramicFish","Blood Vial","HellTrain","AtMidnight","Pantograph","Bag of Marbles","HornCleat","Ginger","Dream Catcher"],"acts_visited":["Exordium","TheCity","TheBeyond"],"potions_floor_usage":[30,33,50],"damage_taken":[{"damage":6,"enemies":"Cultist","floor":1,"turns":3},{"damage":2,"enemies":"Small Slimes","floor":4,"turns":3},{"damage":19,"enemies":"Gremlin Nob","floor":6,"turns":6},{"damage":21,"enemies":"3 Sentries","floor":8,"turns":7},{"damage":10,"enemies":"Jaw Worm","floor":14,"turns":3},{"damage":11,"enemies":"Hexaghost","floor":16,"turns":5},{"damage":30,"enemies":"Spheric Guardian","floor":18,"turns":3},{"damage":0,"enemies":"Shell Parasite","floor":20,"turns":1},{"damage":36,"enemies":"Gremlin Leader","floor":23,"turns":6},{"damage":15,"enemies":"Centurion and Healer","floor":24,"turns":3},{"damage":0,"enemies":"3 Cultists","floor":25,"turns":1},{"damage":10,"enemies":"Shelled Parasite and Fungi","floor":30,"turns":3},{"damage":0,"enemies":"Snake Plant","floor":31,"turns":2},{"damage":33,"enemies":"Champ","floor":33,"turns":7},{"damage":0,"enemies":"3 Darklings","floor":35,"turns":1},{"damage":62,"enemies":"Mind Bloom Boss Battle","floor":37,"turns":6},{"damage":60,"enemies":"Giant Head","floor":40,"turns":6},{"damage":15,"enemies":"Orb Walker","floor":41,"turns":3},{"damage":0,"enemies":"Sphere and 2 Shapes","floor":44,"turns":2},{"damage":0,"enemies":"Nemesis","floor":46,"turns":3},{"damage":0,"enemies":"3 Darklings","floor":47,"turns":2},{"damage":2,"enemies":"4 Shapes","floor":48,"turns":1},{"damage":170,"enemies":"Awakened One","floor":50,"turns":3}],"seed_played":"-8344773478417917891","potions_obtained":[{"floor":4,"key":"LiquidMemories"},{"floor":16,"key":"AttackPotion"},{"floor":17,"key":"Energy Potion"},{"floor":33,"key":"DistilledChaos"},{"floor":35,"key":"SneckoOil"},{"floor":40,"key":"Energy Potion"},{"floor":44,"key":"LiquidBronze"}],"is_trial":false,"path_per_floor":["M","$","?","M","$","E","R","E","T","T","R","$","?","M","R","B",null,"M","?","M","?","$","E","M","M","T","$","?","?","M","M","R","B",null,"M","?","?","?","T","E","M","$","T","M","R","E","M","M","R","B"],"character_chosen":"Angela","items_purchased":["Horn+1","Logging+1","StoneCalendar","Ecstasy","WristCuter+1","Pantograph","Bag of Marbles"],"campfire_rested":0,"item_purchase_floors":[12,12,27,27,42,42,42],"current_hp_per_floor":[77,77,77,77,77,66,66,59,59,59,59,59,59,19,19,26,82,62,62,70,70,70,55,58,66,66,66,46,46,56,71,71,76,133,135,135,97,97,97,63,71,71,71,84,84,106,119,127,127,0,0],"gold":186,"neow_bonus":"TEN_PERCENT_HP_BONUS","is_daily":false,"chose_seed":false,"campfire_upgraded":0,"win_rate":0.0,"timestamp":1610359840,"path_taken":["M","?","?","M","$","E","R","E","T","?","R","?","?","M","R","BOSS","M","?","M","?","$","E","M","?","T","$","?","?","M","?","R","BOSS","M","?","?","?","?","E","M","$","T","M","R","E","?","?","R","BOSS"],"items_purchased_type":["Card","Card","Relic","Card","Card","Relic","Relic"],"build_version":"2020-12-22","purchased_purges":1,"victory":false,"max_hp_per_floor":[77,77,77,77,77,77,77,77,77,77,77,77,77,77,77,77,82,86,86,88,88,88,94,100,102,102,102,107,107,121,127,127,133,133,135,135,137,137,137,139,143,143,143,145,145,147,149,151,151,155,155],"card_choices":[{"not_picked":["Bloodbath","PunishingBird"],"picked":"Yin","floor":1},{"not_picked":["RedEyes","SomewhereSpear"],"picked":"SKIP","floor":1},{"not_picked":["Adoration"],"picked":"Wingbeat","floor":4},{"not_picked":["PunishingBird","DreamingCurrent"],"picked":"QueenOfHatred","floor":6},{"not_picked":["Wingbeat"],"picked":"Hornet","floor":6},{"not_picked":["Scarecrow","Bloodbath"],"picked":"OSAHOGD","floor":8},{"not_picked":["Wingbeat","SomewhereSpear"],"picked":"SKIP","floor":8},{"not_picked":["Penitence"],"picked":"Horn+1","floor":14},{"not_picked":["Pinks"],"picked":"DaCapo","floor":16},{"not_picked":["Variant","GalaxyChild"],"picked":"LaLuna","floor":18},{"not_picked":["Regret_ego+1"],"picked":"Heaven+1","floor":18},{"not_picked":["Discord+1"],"picked":"CrimsonScar+1","floor":20},{"not_picked":["Woodsman","FairyFestival"],"picked":"OldLady","floor":23},{"not_picked":["Regret_ego","Loneliness"],"picked":"SKIP","floor":23},{"not_picked":["Scarecrow","VoidDream"],"picked":"Scorched","floor":24},{"not_picked":["FourthMatchFlame+1","CherryBlossom+1"],"picked":"SKIP","floor":24},{"not_picked":["ScreamingWedge"],"picked":"Moonlight+1","floor":25},{"not_picked":["LifeForTheDareDevil+1","TodaysExpression"],"picked":"SKIP","floor":30},{"not_picked":["MeatLantern","HeroicMonk"],"picked":"BlackArmy","floor":31},{"not_picked":["SwordSharpenedByTears+1"],"picked":"Wingbeat+1","floor":31},{"not_picked":["Porccubus","ShyLook"],"picked":"FieryBird","floor":33},{"not_picked":["Twilight+1"],"picked":"ParadiseLost+1","floor":33},{"not_picked":["Heaven+1","Noise"],"picked":"SKIP","floor":35},{"not_picked":["TodaysExpression+1"],"picked":"CENSORED_ego","floor":37},{"not_picked":["Beak+1","Pleasure"],"picked":"SKIP","floor":40},{"not_picked":["Horn+1"],"picked":"Penitence+1","floor":41},{"not_picked":["Regret_ego"],"picked":"Logging+1","floor":44},{"not_picked":["TodaysExpression+1"],"picked":"SomewhereSpear+1","floor":46},{"not_picked":["FourthMatchFlame+1"],"picked":"WristCuter+1","floor":47},{"not_picked":["Wingbeat+1"],"picked":"Soda+1","floor":48}],"player_experience":278380,"relics_obtained":[{"floor":6,"key":"Akabeko"},{"floor":8,"key":"TungstenRod"},{"floor":9,"key":"Shuriken"},{"floor":10,"key":"Molten Egg 2"},{"floor":23,"key":"Du-Vu Doll"},{"floor":37,"key":"Pocketwatch"},{"floor":39,"key":"Letter Opener"},{"floor":40,"key":"CeramicFish"},{"floor":40,"key":"Blood Vial"},{"floor":41,"key":"AtMidnight"},{"floor":43,"key":"HornCleat"},{"floor":46,"key":"Ginger"},{"floor":46,"key":"Dream Catcher"}],"event_choices":[{"damage_healed":0,"gold_gain":0,"player_choice":"Box","damage_taken":0,"relics_obtained":["Incense Burner"],"max_hp_gain":0,"max_hp_loss":0,"event_name":"Big Fish","floor":3,"gold_loss":0,"cards_obtained":["Regret"]},{"damage_healed":0,"gold_gain":0,"player_choice":"Take Wound","damage_taken":0,"relics_obtained":["Golden Idol"],"max_hp_gain":0,"max_hp_loss":0,"event_name":"Golden Idol","floor":13,"gold_loss":0,"cards_obtained":["Injury"]},{"cards_removed":["Injury"],"damage_healed":0,"gold_gain":0,"player_choice":"Elegance","damage_taken":0,"max_hp_gain":0,"max_hp_loss":0,"event_name":"Back to Basics","floor":19,"gold_loss":0},{"damage_healed":0,"gold_gain":0,"cards_transformed":["Hornet"],"player_choice":"Transformed","damage_taken":0,"max_hp_gain":0,"max_hp_loss":0,"event_name":"Transmorgrifier","floor":21,"gold_loss":0,"cards_obtained":["SwordSharpenedByTears"]},{"damage_healed":0,"gold_gain":0,"player_choice":"Shed Blood","damage_taken":26,"max_hp_gain":5,"max_hp_loss":0,"event_name":"Forgotten Altar","floor":28,"gold_loss":0},{"damage_healed":0,"gold_gain":0,"player_choice":"Opened","damage_taken":0,"relics_obtained":["MawBank"],"max_hp_gain":0,"max_hp_loss":0,"event_name":"The Mausoleum","floor":29,"gold_loss":0,"cards_obtained":["Writhe"]},{"cards_removed":["SpecialBullet"],"damage_healed":0,"gold_gain":0,"player_choice":"Removed Attack","damage_taken":0,"max_hp_gain":0,"max_hp_loss":0,"event_name":"Falling","floor":36,"gold_loss":0},{"damage_healed":0,"gold_gain":0,"player_choice":"Fight","damage_taken":0,"max_hp_gain":0,"max_hp_loss":0,"event_name":"MindBloom","floor":37,"gold_loss":0},{"damage_healed":0,"gold_gain":0,"player_choice":"Ignored","damage_taken":0,"max_hp_gain":0,"max_hp_loss":0,"event_name":"Tomb of Lord Red Mask","floor":38,"gold_loss":0}],"is_beta":false,"boss_relics":[{"not_picked":["SacredBark","Snecko Eye"],"picked":"Tiny House"},{"not_picked":["Sozu","Runic Dome"],"picked":"Black Star"}],"items_purged_floors":[5],"is_endless":false,"potions_floor_spawned":[4,16,23,24,33,35,40,44,47],"killed_by":"Awakened One","ascension_level":0}}