{"host":"tnsigirk6wurdark","time":1610358025,"event":{"mods":["BaseMod","Colored Map","Colored Powertips","DeckTracker","Highlight Path","Minty Spire (QoL Compilation)","Quick Restart","Relic Sorter","StSLib","SuperFastMode","Synergy Search"],"gold_per_floor":[112,124,49,59,59,59,93,93,93,109,121,121,21,32,32,103,103,120,120,137,4,17,42,42,42,68,83,83,102,102,120,120,120,120],"floor_reached":33,"playtime":1787,"items_purged":["Strike_G","Strike_G"],"score":500,"play_id":"a056b3ee-4250-478f-82bc-a2c8b3e853d8","local_time":"20210111094025","is_ascension_mode":true,"campfire_choices":[{"data":"All Out Attack","floor":6,"key":"SMITH"},{"data":"Dagger Spray","floor":8,"key":"SMITH"},{"data":"Blur","floor":12,"key":"SMITH"},{"data":"Deadly Poison","floor":15,"key":"SMITH"},{"floor":25,"key":"REST"},{"floor":28,"key":"REST"},{"floor":30,"key":"REST"},{"data":"PiercingWail","floor":32,"key":"SMITH"}],"circlet_count":0,"master_deck":["AscendersBane","Strike_G+1","Strike_G","Defend_G","Defend_G","Defend_G","Defend_G","Defend_G","Survivor","Neutralize+1","All Out Attack+1","Blade Dance+1","Dagger Spray+1","Deflect","Blur+1","Deadly Poison+1","Unload","Deflect","PiercingWail+1","Flash of Steel","Deflect","Blade Dance","Bane+1","Backflip"],"relics":["Ring of the Snake","MealTicket","Ninja Scroll","Black Star","Whetstone","Oddly Smooth Stone","Blood Vial"],"acts_visited":["Exordium","TheCity"],"potions_floor_usage":[14,16,20,23,23,33],"damage_taken":[{"damage":0,"enemies":"2 Louse","floor":1,"turns":5},{"damage":0,"enemies":"Cultist","floor":2,"turns":4},{"damage":7,"enemies":"Small Slimes","floor":4,"turns":5},{"damage":24,"enemies":"Gremlin Nob","floor":7,"turns":4},{"damage":0,"enemies":"Gremlin Gang","floor":10,"turns":1},{"damage":1,"enemies":"Blue Slaver","floor":11,"turns":3},{"damage":7,"enemies":"Large Slime","floor":14,"turns":3},{"damage":8,"enemies":"Slime Boss","floor":16,"turns":11},{"damage":24,"enemies":"2 Thieves","floor":18,"turns":5},{"damage":28,"enemies":"Spheric Guardian","floor":20,"turns":6},{"damage":19,"enemies":"Snake Plant","floor":22,"turns":6},{"damage":0,"enemies":"Slavers","floor":23,"turns":2},{"damage":6,"enemies":"Shelled Parasite and Fungi","floor":27,"turns":6},{"damage":13,"enemies":"Snecko","floor":29,"turns":5},{"damage":0,"enemies":"Centurion and Healer","floor":31,"turns":8},{"damage":91,"enemies":"Collector","floor":33,"turns":9}],"seed_played":"-4594064960930337929","potions_obtained":[{"floor":10,"key":"AttackPotion"},{"floor":11,"key":"Poison Potion"},{"floor":16,"key":"LiquidBronze"},{"floor":22,"key":"SteroidPotion"},{"floor":23,"key":"Swift Potion"}],"is_trial":false,"path_per_floor":["M","M","$","M","?","R","E","R","T","M","M","R","$","M","R","B",null,"M","?","M","$","M","E","$","R","T","M","R","M","R","M","R","B"],"character_chosen":"THE_SILENT","items_purchased":["Flash of Steel","Block Potion"],"campfire_rested":3,"item_purchase_floors":[21,21],"current_hp_per_floor":[65,65,65,58,58,58,34,34,34,34,33,33,48,41,41,33,62,38,38,10,25,6,6,21,42,42,38,59,48,69,71,71,0,0],"gold":120,"neow_bonus":"TEN_PERCENT_HP_BONUS","is_daily":false,"chose_seed":false,"campfire_upgraded":5,"win_rate":0.0,"timestamp":1610358025,"path_taken":["M","M","$","M","?","R","E","R","T","M","M","R","$","M","R","BOSS","M","?","M","$","M","E","$","R","T","M","R","M","R","M","R","BOSS"],"items_purchased_type":["Card","Potion"],"build_version":"2020-12-22","purchased_purges":2,"victory":false,"max_hp_per_floor":[72,72,72,72,72,72,72,72,72,72,72,72,72,72,72,72,72,72,72,72,72,72,72,72,72,72,72,72,72,72,72,72,72,72],"card_choices":[{"not_picked":["Dodge and Roll","Bane"],"picked":"All Out Attack","floor":1},{"not_picked":["Tactician","Prepared","Calculated Gamble"],"picked":"SKIP","floor":2},{"not_picked":["Expertise","Bane"],"picked":"Blade Dance","floor":4},{"not_picked":["Flying Knee","Malaise"],"picked":"Dagger Spray","floor":7},{"not_picked":["Flying Knee","Sucker Punch"],"picked":"Deflect","floor":10},{"not_picked":["Terror","Cloak And Dagger"],"picked":"Blur","floor":11},{"not_picked":["Acrobatics","Tactician"],"picked":"Deadly Poison","floor":14},{"not_picked":["Adrenaline","Envenom"],"picked":"Unload","floor":16},{"not_picked":["Blur","Acrobatics"],"picked":"Deflect","floor":18},{"not_picked":["Setup","Endless Agony"],"picked":"PiercingWail","floor":20},{"not_picked":["Noxious Fumes","Underhanded Strike+1"],"picked":"Deflect","floor":22},{"not_picked":["Unload","Dagger Throw+1"],"picked":"Blade Dance","floor":23},{"not_picked":["Quick Slash","Outmaneuver"],"picked":"Bane+1","floor":27},{"not_picked":["Quick Slash","Outmaneuver","Grand Finale"],"picked":"SKIP","floor":29},{"not_picked":["Slice","Caltrops"],"picked":"Backflip","floor":31}],"player_experience":666173,"relics_obtained":[{"floor":7,"key":"MealTicket"},{"floor":9,"key":"Ninja Scroll"},{"floor":23,"key":"Whetstone"},{"floor":23,"key":"Oddly Smooth Stone"},{"floor":26,"key":"Blood Vial"}],"event_choices":[{"damage_healed":0,"gold_gain":0,"player_choice":"Upgraded","damage_taken":0,"max_hp_gain":0,"max_hp_loss":0,"event_name":"Upgrade Shrine","floor":5,"gold_loss":0,"cards_upgraded":["Blade Dance"]},{"cards_removed":["Strike_G"],"damage_healed":0,"gold_gain":0,"player_choice":"Elegance","damage_taken":0,"max_hp_gain":0,"max_hp_loss":0,"event_name":"Back to Basics","floor":19,"gold_loss":0}],"is_beta":false,"boss_relics":[{"not_picked":["Philosopher\u0027s Stone","Snecko Eye"],"picked":"Black Star"}],"items_purged_floors":[3,13],"is_endless":false,"potions_floor_spawned":[10,11,16,22,23],"killed_by":"Collector","ascension_level":14}}