{"host":"s2ap0bnrs90y0f0j","time":1610342477,"event":{"mods":["BaseMod","Minty Spire (QoL Compilation)","StSLib","TheArtist"],"gold_per_floor":[118,118,118,118,133,133,166,179,179,179,179],"floor_reached":10,"playtime":367,"items_purged":[],"score":173,"play_id":"9af02490-63b2-4470-9f2a-317880db31a4","local_time":"20210111002117","is_ascension_mode":true,"campfire_choices":[{"data":"artistmod:DarkenDrawing","floor":6,"key":"SMITH"}],"circlet_count":0,"master_deck":["AscendersBane","artistmod:StrokeStrike","artistmod:StrokeStrike","artistmod:StrokeStrike","artistmod:StrokeStrike","artistmod:DaringDefend","artistmod:DaringDefend","artistmod:DaringDefend","artistmod:BrushBash","artistmod:DarkenDrawing+1","artistmod:BlueBurst","artistmod:BrownBrush","artistmod:IndigoIncapitation","artistmod:VibrantVision"],"relics":["artistmod:BlueBrush","NeowsBlessing","Golden Idol","Blue Candle","Toxic Egg 2"],"acts_visited":["Exordium"],"potions_floor_usage":[10],"damage_taken":[{"damage":0,"enemies":"Cultist","floor":1,"turns":1},{"damage":0,"enemies":"2 Louse","floor":5,"turns":2},{"damage":0,"enemies":"Lagavulin","floor":7,"turns":1},{"damage":1,"enemies":"Small Slimes","floor":8,"turns":4},{"damage":65,"enemies":"3 Sentries","floor":10,"turns":16}],"seed_played":"-4284378660991880919","potions_obtained":[{"floor":8,"key":"SneckoOil"}],"is_trial":false,"path_per_floor":["M","?","?","?","M","R","E","M","T","E"],"character_chosen":"THE_ARTIST","items_purchased":[],"campfire_rested":0,"item_purchase_floors":[],"current_hp_per_floor":[58,63,63,63,63,63,63,62,62,0,0],"gold":179,"neow_bonus":"THREE_ENEMY_KILL","is_daily":false,"chose_seed":false,"campfire_upgraded":1,"win_rate":0.0,"timestamp":1610342477,"path_taken":["M","?","?","?","?","R","E","M","T","E"],"items_purchased_type":[],"build_version":"2020-12-22","purchased_purges":0,"victory":false,"max_hp_per_floor":[64,69,63,63,63,63,63,63,63,63,63],"card_choices":[{"not_picked":["artistmod:ColorCopy","artistmod:MagentaMadness"],"picked":"artistmod:BlueBurst","floor":1},{"not_picked":["artistmod:MagentaMadness","artistmod:SuperbSchooling"],"picked":"artistmod:BrownBrush","floor":5},{"not_picked":["artistmod:ArtisticAgony","artistmod:PaintballPelt"],"picked":"artistmod:IndigoIncapitation","floor":7},{"not_picked":["artistmod:ChromaCrash","artistmod:SuperbSchooling"],"picked":"artistmod:VibrantVision","floor":8}],"player_experience":646613,"relics_obtained":[{"floor":7,"key":"Blue Candle"},{"floor":9,"key":"Toxic Egg 2"}],"event_choices":[{"damage_healed":0,"gold_gain":0,"player_choice":"Donut","damage_taken":0,"max_hp_gain":5,"max_hp_loss":0,"event_name":"Big Fish","floor":2,"gold_loss":0},{"damage_healed":0,"gold_gain":0,"player_choice":"Lose Max HP","damage_taken":0,"relics_obtained":["Golden Idol"],"max_hp_gain":0,"max_hp_loss":6,"event_name":"Golden Idol","floor":3,"gold_loss":0},{"cards_removed":["artistmod:DaringDefend"],"damage_healed":0,"gold_gain":0,"player_choice":"Offered Basic","damage_taken":0,"max_hp_gain":0,"max_hp_loss":0,"event_name":"Bonfire Elementals","floor":4,"gold_loss":0}],"is_beta":false,"boss_relics":[],"items_purged_floors":[],"is_endless":false,"potions_floor_spawned":[8],"killed_by":"3 Sentries","ascension_level":18}}