{"host":"7l2t4psy44vpcd9q","time":1610366534,"event":{"mods":["AchievementEnabler","BaseMod","DeckTracker","Minty Spire (QoL Compilation)","SuperFastMode"],"gold_per_floor":[109,72,90,15,15,15,48,48,75,75,95,95,121,138,138,216,216,230,250,81,93,104,104,104,155,205,205,218,143,143,169,169,243,243,258,278,127,138,153,153,166,185,259,259,270,270,270,281,281,281,281],"floor_reached":50,"playtime":2478,"items_purged":["Strike_P","Strike_P"],"score":1048,"play_id":"ab3f1f35-372c-4f68-9172-1de7e70fb425","local_time":"20210111210214","is_ascension_mode":true,"campfire_choices":[{"data":"Eruption","floor":6.0,"key":"SMITH"},{"data":"TalkToTheHand","floor":8.0,"key":"SMITH"},{"data":"BattleHymn","floor":12.0,"key":"SMITH"},{"data":"MasterReality","floor":15.0,"key":"SMITH"},{"data":"Protect","floor":23.0,"key":"SMITH"},{"floor":27.0,"key":"REST"},{"floor":32.0,"key":"REST"},{"floor":40,"key":"REST"},{"floor":46,"key":"REST"},{"floor":49,"key":"REST"}],"circlet_count":0,"master_deck":["AscendersBane","Strike_P","Defend_P","Defend_P","Defend_P","Eruption+1","Vigilance","TalkToTheHand+1","CarveReality","Protect+1","FlurryOfBlows","BattleHymn+1","MasterReality+1","Establishment","InnerPeace","Crescendo","RitualDagger","FearNoEvil+1","Prostrate+1","Vengeance","Vault","Meditate+1","EmptyBody","Protect","Adaptation","Halt+1","EmptyBody+1","Perseverance+1","Perseverance"],"relics":["Sozu","Shuriken","PreservedInsect","Centennial Puzzle","Vajra","Velvet Choker","Lee\u0027s Waffle","Damaru","Dream Catcher","Eternal Feather","SlaversCollar","Question Card"],"acts_visited":["Exordium","TheCity","TheBeyond"],"potions_floor_usage":[],"damage_taken":[{"damage":0.0,"enemies":"Cultist","floor":1.0,"turns":2.0},{"damage":1.0,"enemies":"Small Slimes","floor":3.0,"turns":4.0},{"damage":0.0,"enemies":"Lagavulin","floor":7.0,"turns":3.0},{"damage":1.0,"enemies":"Jaw Worm","floor":11.0,"turns":2.0},{"damage":0.0,"enemies":"Gremlin Nob","floor":13.0,"turns":2.0},{"damage":0.0,"enemies":"Exordium Thugs","floor":14.0,"turns":2.0},{"damage":31.0,"enemies":"The Guardian","floor":16.0,"turns":5.0},{"damage":8.0,"enemies":"3 Byrds","floor":18.0,"turns":5.0},{"damage":40.0,"enemies":"Shell Parasite","floor":19.0,"turns":4.0},{"damage":25.0,"enemies":"Snake Plant","floor":21.0,"turns":4.0},{"damage":5.0,"enemies":"Shelled Parasite and Fungi","floor":22.0,"turns":3.0},{"damage":23.0,"enemies":"Centurion and Healer","floor":28.0,"turns":2.0},{"damage":4.0,"enemies":"Gremlin Leader","floor":31.0,"turns":4.0},{"damage":43,"enemies":"Collector","floor":33,"turns":7},{"damage":21,"enemies":"3 Shapes","floor":35,"turns":4},{"damage":0,"enemies":"Orb Walker","floor":36,"turns":2},{"damage":13,"enemies":"Writhing Mass","floor":38,"turns":5},{"damage":20,"enemies":"4 Shapes","floor":39,"turns":3},{"damage":19,"enemies":"3 Darklings","floor":41,"turns":4},{"damage":1,"enemies":"Sphere and 2 Shapes","floor":42,"turns":5},{"damage":21,"enemies":"Spire Growth","floor":45,"turns":5},{"damage":33,"enemies":"Transient","floor":48,"turns":7},{"damage":47,"enemies":"Time Eater","floor":50,"turns":4}],"seed_played":"6333182355175805466","potions_obtained":[],"is_trial":false,"path_per_floor":["M","$","M","$","T","R","E","R","T","?","M","R","E","M","R","B",null,"M","M","$","M","M","R","?","T","T","R","M","?","?","E","R","B",null,"M","M","$","M","M","R","M","M","T","?","M","R","?","M","R","B"],"character_chosen":"WATCHER","items_purchased":["CarveReality","Lee\u0027s Waffle","EmptyBody"],"campfire_rested":5,"item_purchase_floors":[2,20,37],"current_hp_per_floor":[61,61,60,60,60,60,60,60,60,60,59,59,59,59,59,28,58,50,10,75,50,45,45,39,39,39,61,38,38,38,34,68,25,63,42,42,42,29,9,46,27,26,26,26,5,41,41,8,44,0,0],"gold":281,"neow_bonus":"BOSS_RELIC","is_daily":false,"chose_seed":false,"campfire_upgraded":5,"win_rate":0.0,"timestamp":1610366534,"path_taken":["M","?","M","$","?","R","E","R","T","?","?","R","E","M","R","BOSS","M","M","$","M","M","R","?","?","T","R","?","?","?","E","R","BOSS","M","?","$","M","M","R","M","M","T","?","M","R","?","M","R","BOSS"],"items_purchased_type":["Card","Relic","Card"],"build_version":"2020-12-22","purchased_purges":2,"victory":false,"max_hp_per_floor":[68,68,68,68,68,68,68,68,68,68,68,68,68,68,68,68,68,68,68,75,75,75,75,75,75,75,75,75,75,75,75,75,75,75,75,75,75,75,75,75,75,75,75,71,71,71,71,71,71,71,71],"card_choices":[{"not_picked":["ThirdEye","FollowUp"],"picked":"TalkToTheHand","floor":1.0},{"not_picked":["SashWhip","EmptyBody"],"picked":"Protect","floor":3.0},{"not_picked":["Collect","Halt"],"picked":"FlurryOfBlows","floor":7.0},{"not_picked":["Weave","EmptyBody"],"picked":"BattleHymn","floor":11.0},{"not_picked":["CutThroughFate","ClearTheMind","WindmillStrike"],"picked":"SKIP","floor":13.0},{"not_picked":["Conclude","SashWhip"],"picked":"MasterReality","floor":14.0},{"not_picked":["DevaForm","DeusExMachina"],"picked":"Establishment","floor":16.0},{"not_picked":["FollowUp","SashWhip+1"],"picked":"InnerPeace","floor":18.0},{"not_picked":["Prostrate","ThirdEye","ForeignInfluence"],"picked":"SKIP","floor":19.0},{"not_picked":["InnerPeace","Evaluate"],"picked":"Crescendo","floor":21.0},{"not_picked":["CrushJoints","BowlingBash","FollowUp"],"picked":"SKIP","floor":22.0},{"not_picked":["Prostrate","ForeignInfluence"],"picked":"FearNoEvil+1","floor":27.0},{"not_picked":["Blasphemy","WaveOfTheHand","FearNoEvil"],"picked":"SKIP","floor":28.0},{"not_picked":["ClearTheMind","FollowUp"],"picked":"Prostrate+1","floor":31.0},{"not_picked":["CrushJoints","FollowUp"],"picked":"Vengeance","floor":32.0},{"not_picked":["Omniscience","LessonLearned"],"picked":"Vault","floor":33},{"not_picked":["EmptyFist+1","PathToVictory+1"],"picked":"Meditate+1","floor":35},{"not_picked":["Swivel+1","Pray","ClearTheMind"],"picked":"SKIP","floor":36},{"not_picked":["Fasting2","Indignation+1"],"picked":"Protect","floor":38},{"not_picked":["Crescendo","Evaluate"],"picked":"Adaptation","floor":39},{"not_picked":["EmptyBody","Devotion"],"picked":"Halt+1","floor":41},{"not_picked":["ClearTheMind","Meditate"],"picked":"EmptyBody+1","floor":42},{"not_picked":["ThirdEye","PathToVictory","FlurryOfBlows","Evaluate"],"picked":"SKIP","floor":45},{"not_picked":["FollowUp+1","CrushJoints","ClearTheMind"],"picked":"Adaptation","floor":46},{"not_picked":["Evaluate","FollowUp","EmptyFist"],"picked":"Perseverance+1","floor":48},{"not_picked":["BowlingBash","CrushJoints+1","PathToVictory"],"picked":"Perseverance","floor":49}],"player_experience":1183907,"relics_obtained":[{"floor":5.0,"key":"Shuriken"},{"floor":7.0,"key":"PreservedInsect"},{"floor":9.0,"key":"Centennial Puzzle"},{"floor":13.0,"key":"Vajra"},{"floor":25.0,"key":"Damaru"},{"floor":26.0,"key":"Dream Catcher"},{"floor":31.0,"key":"Eternal Feather"},{"floor":43,"key":"Question Card"}],"event_choices":[{"cards_removed":["Defend_P"],"damage_healed":0.0,"max_hp_gain":0.0,"max_hp_loss":0.0,"gold_gain":0.0,"event_name":"Bonfire Elementals","player_choice":"Offered Basic","floor":10.0,"gold_loss":0.0,"damage_taken":0.0},{"damage_healed":0.0,"max_hp_gain":0.0,"max_hp_loss":0.0,"gold_gain":0.0,"event_name":"Nest","player_choice":"Joined the Cult","floor":24.0,"gold_loss":0.0,"damage_taken":6.0,"cards_obtained":["RitualDagger"]},{"cards_removed":["Strike_P"],"damage_healed":0.0,"max_hp_gain":0.0,"max_hp_loss":0.0,"gold_gain":0.0,"event_name":"Beggar","player_choice":"Gave Gold","floor":29.0,"gold_loss":75.0,"damage_taken":0.0},{"damage_healed":0.0,"max_hp_gain":0.0,"max_hp_loss":0.0,"gold_gain":0.0,"event_name":"Match and Keep!","player_choice":"0 cards matched","floor":30.0,"gold_loss":0.0,"damage_taken":0.0,"cards_obtained":[]},{"damage_healed":0,"gold_gain":0,"player_choice":"Max HP","damage_taken":0,"max_hp_gain":0,"max_hp_loss":4,"event_name":"Winding Halls","floor":44,"gold_loss":0},{"cards_removed":["Adaptation"],"damage_healed":0,"gold_gain":0,"player_choice":"Removed Power","damage_taken":0,"max_hp_gain":0,"max_hp_loss":0,"event_name":"Falling","floor":47,"gold_loss":0}],"is_beta":false,"boss_relics":[{"not_picked":["Runic Dome","SacredBark"],"picked":"Velvet Choker"},{"not_picked":["Tiny House","Cursed Key"],"picked":"SlaversCollar"}],"items_purged_floors":[4,37],"is_endless":false,"potions_floor_spawned":[3,11,14,19,31,33,36,39,41,42],"killed_by":"Time Eater","ascension_level":20}}