{"host":"6gwm7y0tp7acoxay","time":1610363957,"event":{"mods":["BaseMod","Colored Map","Keyboard Shortcuts","Minty Spire (QoL Compilation)","Quick Restart","StSLib","SuperFastMode","everything is the same but u backflip on backflip"],"gold_per_floor":[118,118,118,137,137,464,464,498,523,448,498,527,561,572,572,646,646,663,672,686,686,686,719,728,756,807,807,834,834,868,911,911,999,999,1018,1018,1018,1018,1043,1086,427,455,503,113,113,125,152,179,179,179,179,179,179,67,97,97],"floor_reached":57,"playtime":1859,"items_purged":[],"score":2964,"play_id":"d974650e-7814-43ef-8033-976c727d086b","local_time":"20210111201917","daily_mods":["SealedDeck","Heirloom","Flight"],"is_ascension_mode":true,"campfire_choices":[{"data":"Armaments","floor":7.0,"key":"SMITH"},{"data":"Inflame","floor":15.0,"key":"SMITH"},{"floor":24.0,"key":"REST"},{"data":"Limit Break","floor":27.0,"key":"SMITH"},{"floor":29.0,"key":"REST"},{"data":"True Grit","floor":32.0,"key":"SMITH"},{"floor":45.0,"key":"REST"},{"floor":49.0,"key":"RECALL"},{"data":"Burning Pact","floor":53.0,"key":"SMITH"}],"circlet_count":0,"master_deck":["AscendersBane","Dropkick","Thunderclap","True Grit+1","Feel No Pain","Armaments+1","Dropkick","Whirlwind+1","Inflame+1","Power Through","Burning Pact+1","Limit Break+1","Rage","Offering","Shockwave+1","Sever Soul","Sword Boomerang+1","Reaper"],"relics":["Burning Blood","Thread and Needle","Bag of Marbles","Old Coin","CeramicFish","Omamori","Dream Catcher","Mark of Pain","Nunchaku","Vajra","Singing Bowl","Kunai","Eternal Feather","Runic Dome","Frozen Egg 2","Question Card","Lee\u0027s Waffle","Happy Flower","Lizard Tail","Darkstone Periapt","Blood Vial","Whetstone","Pen Nib","Centennial Puzzle"],"acts_visited":["Exordium","TheCity","TheBeyond","TheEnding"],"potions_floor_usage":[55,55,56],"damage_taken":[{"damage":2.0,"enemies":"Jaw Worm","floor":1.0,"turns":3.0},{"damage":0.0,"enemies":"2 Louse","floor":4.0,"turns":1.0},{"damage":4.0,"enemies":"Gremlin Nob","floor":6.0,"turns":3.0},{"damage":6.0,"enemies":"Lagavulin","floor":8.0,"turns":4.0},{"damage":0.0,"enemies":"Small Slimes","floor":12.0,"turns":1.0},{"damage":4.0,"enemies":"Gremlin Nob","floor":13.0,"turns":3.0},{"damage":0.0,"enemies":"Looter","floor":14.0,"turns":2.0},{"damage":42.0,"enemies":"Hexaghost","floor":16.0,"turns":9.0},{"damage":0.0,"enemies":"Chosen","floor":18.0,"turns":3.0},{"damage":3.0,"enemies":"2 Thieves","floor":20.0,"turns":3.0},{"damage":50.0,"enemies":"Book of Stabbing","floor":23.0,"turns":5.0},{"damage":0.0,"enemies":"Chosen and Byrds","floor":25.0,"turns":5.0},{"damage":31.0,"enemies":"Gremlin Leader","floor":28.0,"turns":4.0},{"damage":10.0,"enemies":"Slavers","floor":30.0,"turns":4.0},{"damage":13.0,"enemies":"Gremlin Leader","floor":31.0,"turns":5.0},{"damage":21.0,"enemies":"Champ","floor":33.0,"turns":8.0},{"damage":6.0,"enemies":"3 Darklings","floor":35.0,"turns":3.0},{"damage":25.0,"enemies":"Orb Walker","floor":39.0,"turns":4.0},{"damage":47.0,"enemies":"Reptomancer","floor":40.0,"turns":5.0},{"damage":87.0,"enemies":"Nemesis","floor":42.0,"turns":13.0},{"damage":2.0,"enemies":"3 Darklings","floor":46.0,"turns":2.0},{"damage":6.0,"enemies":"Giant Head","floor":47.0,"turns":4.0},{"damage":24.0,"enemies":"4 Shapes","floor":48.0,"turns":3.0},{"damage":49.0,"enemies":"Time Eater","floor":50.0,"turns":6.0},{"damage":64.0,"enemies":"Awakened One","floor":51.0,"turns":11.0},{"damage":76,"enemies":"Shield and Spear","floor":55,"turns":6},{"damage":176,"enemies":"The Heart","floor":56,"turns":9}],"seed_played":"-2481059671118080313","potions_obtained":[{"floor":1.0,"key":"DuplicationPotion"},{"floor":6.0,"key":"Strength Potion"},{"floor":20.0,"key":"ColorlessPotion"},{"floor":23.0,"key":"Strength Potion"},{"floor":39.0,"key":"Regen Potion"},{"floor":40.0,"key":"Block Potion"},{"floor":48.0,"key":"Swift Potion"},{"floor":55,"key":"Weak Potion"}],"is_trial":true,"path_per_floor":["M","?","?","M","?","E","R","E","T","?","?","M","E","M","R","B",null,"M","?","M","?","$","E","R","M","T","R","E","R","E","E","R","B",null,"M","T","T","?","M","E","$","E","T","$","R","M","E","M","R","B","B",null,"R","$","E","B",null],"character_chosen":"IRONCLAD","items_purchased":["Lee\u0027s Waffle","Happy Flower","Lizard Tail","Sword Boomerang","EntropicBrew","PowerPotion","Whetstone","Strength Potion","SkillPotion"],"campfire_rested":3,"item_purchase_floors":[41,41,41,44,44,44,44,54,54],"current_hp_per_floor":[72,77,70,76,71,73,73,73,73,73,65,71,73,79,79,43,71,77,77,80,80,80,36,60,66,66,66,43,69,67,60,66,51,77,79,79,79,88,69,42,95,16,16,16,56,64,68,52,61,56,21,83,92,92,105,65],"gold":97,"neow_bonus":"","is_daily":false,"chose_seed":false,"campfire_upgraded":5,"win_rate":0.0,"timestamp":1610363957,"path_taken":["M","?","?","M","?","E","R","E","T","?","?","?","E","M","R","BOSS","M","?","?","?","$","E","R","?","T","R","E","R","E","E","R","BOSS","M","?","?","?","?","E","$","E","T","$","R","M","E","M","R","BOSS","BOSS","R","$","E","BOSS"],"items_purchased_type":["Relic","Relic","Relic","Card","Potion","Potion","Relic","Potion","Potion"],"build_version":"2020-12-22","purchased_purges":0,"victory":true,"max_hp_per_floor":[75,80,80,80,80,80,80,80,80,80,80,80,80,80,80,80,80,80,80,80,80,80,80,80,80,80,80,82,84,86,86,86,86,86,88,88,88,88,88,88,95,97,97,97,99,101,103,103,103,103,103,103,103,103,105,105],"card_choices":[{"not_picked":["Headbutt","Heavy Blade"],"picked":"Inflame","floor":1.0},{"not_picked":["Twin Strike","Warcry","Body Slam"],"picked":"SKIP","floor":4.0},{"not_picked":["Juggernaut","Iron Wave","Rampage"],"picked":"SKIP","floor":6.0},{"not_picked":["Pommel Strike","Rupture","Sever Soul"],"picked":"SKIP","floor":8.0},{"not_picked":["Flex","Twin Strike"],"picked":"Power Through","floor":12.0},{"not_picked":["Power Through","Iron Wave","Body Slam"],"picked":"SKIP","floor":13.0},{"not_picked":["Dual Wield","Cleave","Shrug It Off"],"picked":"SKIP","floor":14.0},{"not_picked":["Clash","Thunderclap+1","Carnage"],"picked":"SKIP","floor":18.0},{"not_picked":["Headbutt","Burning Pact","Clash"],"picked":"SKIP","floor":20.0},{"not_picked":["Wild Strike","Clash","Clothesline"],"picked":"SKIP","floor":23.0},{"not_picked":["Clothesline","Clash"],"picked":"Burning Pact","floor":24.0},{"not_picked":["Pommel Strike","Perfected Strike"],"picked":"Limit Break","floor":25.0},{"not_picked":["Ghostly Armor","Bloodletting","Pommel Strike"],"picked":"Singing Bowl","floor":28.0},{"not_picked":["Wild Strike","Ghostly Armor","Perfected Strike"],"picked":"Singing Bowl","floor":29.0},{"not_picked":["Iron Wave+1","Wild Strike+1","Intimidate"],"picked":"Singing Bowl","floor":30.0},{"not_picked":["Wild Strike","Impervious"],"picked":"Rage","floor":31.0},{"not_picked":["Fiend Fire","Exhume"],"picked":"Offering","floor":33.0},{"not_picked":["Ghostly Armor","Cleave+1","Flex"],"picked":"Singing Bowl","floor":35.0},{"not_picked":["Headbutt+1","Thunderclap"],"picked":"Shockwave+1","floor":39.0},{"not_picked":["Twin Strike","Iron Wave+1"],"picked":"Sever Soul","floor":40.0},{"not_picked":["Power Through+1","Heavy Blade","Entrench","Armaments"],"picked":"Singing Bowl","floor":42.0},{"not_picked":["True Grit","Searing Blow+1","Shockwave","Sword Boomerang"],"picked":"Singing Bowl","floor":45.0},{"not_picked":["Iron Wave","Armaments","Clothesline","Warcry+1"],"picked":"Singing Bowl","floor":46.0},{"not_picked":["Reckless Charge","Flex","Heavy Blade","Ghostly Armor+1"],"picked":"Singing Bowl","floor":47.0},{"not_picked":["Body Slam","Armaments","Cleave"],"picked":"Reaper","floor":48.0},{"not_picked":["Iron Wave","Juggernaut+1","Blood for Blood","True Grit"],"picked":"Singing Bowl","floor":55}],"player_experience":4387705,"relics_obtained":[{"floor":6.0,"key":"Old Coin"},{"floor":8.0,"key":"CeramicFish"},{"floor":9.0,"key":"Omamori"},{"floor":13.0,"key":"Dream Catcher"},{"floor":23.0,"key":"Nunchaku"},{"floor":26.0,"key":"Vajra"},{"floor":28.0,"key":"Singing Bowl"},{"floor":30.0,"key":"Kunai"},{"floor":31.0,"key":"Eternal Feather"},{"floor":37.0,"key":"Frozen Egg 2"},{"floor":40.0,"key":"Question Card"},{"floor":42.0,"key":"Darkstone Periapt"},{"floor":43.0,"key":"Blood Vial"},{"floor":47.0,"key":"Pen Nib"},{"floor":55,"key":"Centennial Puzzle"}],"event_choices":[{"damage_healed":0.0,"max_hp_gain":5.0,"max_hp_loss":0.0,"gold_gain":0.0,"event_name":"Big Fish","player_choice":"Donut","floor":2.0,"gold_loss":0.0,"damage_taken":0.0},{"cards_removed":["Infernal Blade"],"damage_healed":0.0,"max_hp_gain":0.0,"max_hp_loss":0.0,"gold_gain":0.0,"event_name":"Golden Wing","player_choice":"Card Removal","floor":3.0,"gold_loss":0.0,"damage_taken":7.0},{"damage_healed":0.0,"max_hp_gain":0.0,"max_hp_loss":0.0,"gold_gain":0.0,"event_name":"Scrap Ooze","player_choice":"Success","floor":5.0,"gold_loss":0.0,"damage_taken":5.0,"relics_obtained":["Bag of Marbles"]},{"cards_removed":["Flex"],"damage_healed":0.0,"max_hp_gain":0.0,"max_hp_loss":0.0,"gold_gain":0.0,"event_name":"The Cleric","player_choice":"Card Removal","floor":10.0,"gold_loss":75.0,"damage_taken":0.0},{"damage_healed":0.0,"max_hp_gain":0.0,"max_hp_loss":0.0,"gold_gain":50.0,"event_name":"FaceTrader","player_choice":"Touch","floor":11.0,"gold_loss":0.0,"damage_taken":8.0},{"damage_healed":0.0,"max_hp_gain":0.0,"max_hp_loss":0.0,"gold_gain":0.0,"cards_transformed":["Flame Barrier"],"event_name":"Transmorgrifier","player_choice":"Transformed","floor":19.0,"gold_loss":0.0,"damage_taken":0.0,"cards_obtained":["Havoc"]},{"cards_removed":["Havoc"],"damage_healed":5.0,"max_hp_gain":0.0,"max_hp_loss":0.0,"gold_gain":0.0,"event_name":"Bonfire Elementals","player_choice":"Offered Common","floor":21.0,"gold_loss":0.0,"damage_taken":0.0},{"cards_removed":["Havoc"],"damage_healed":5.0,"max_hp_gain":0.0,"max_hp_loss":0.0,"gold_gain":0.0,"event_name":"Bonfire Elementals","player_choice":"Offered Special","floor":21.0,"gold_loss":0.0,"damage_taken":0.0},{"damage_healed":18.0,"max_hp_gain":0.0,"max_hp_loss":0.0,"gold_gain":0.0,"event_name":"Winding Halls","player_choice":"Writhe","floor":38.0,"gold_loss":0.0,"damage_taken":0.0,"cards_obtained":["Writhe"]}],"is_beta":false,"boss_relics":[{"not_picked":["Cursed Key","Coffee Dripper"],"picked":"Mark of Pain"},{"not_picked":["Runic Cube","Tiny House"],"picked":"Runic Dome"}],"items_purged_floors":[],"is_endless":false,"potions_floor_spawned":[1,6,12,20,23,39,40,47,48,55],"ascension_level":20}}