{"host":"rupmf8lnk599ormj","time":1610373382,"event":{"mods":["2.2 Compatiblity","AchievementEnabler","BaseMod","Better Match","Better Third Choice","BetterRewards","ChefMod","Colored Map","Colored Powertips","Downfall","Evolution","Gold Saver","Googly Eyes","Hero for Fun","Hubris","Minty Spire (QoL Compilation)","Quick Restart","Rare Cards Sparkle","Replay The Spire","Spicy Shops","StSLib","The Cursed","The Poker Player"],"gold_per_floor":[1064,1075,1091,1091,1104,309,309,338,338,338,338,338,338],"floor_reached":11,"playtime":669,"items_purged":[],"score":61,"play_id":"5868776b-2051-4043-8f0c-4a3accebd06b","local_time":"20210111085622","is_ascension_mode":false,"metric_token":1490,"campfire_choices":[{"floor":1.0,"key":"RECALL"}],"circlet_count":0,"master_deck":["Consecrate+1","PokerPlayerMod:Diamond1","PokerPlayerMod:Diamond2","PokerPlayerMod:Diamond3","PokerPlayerMod:Diamond4","PokerPlayerMod:Diamond5","PokerPlayerMod:Spade1","PokerPlayerMod:Spade2","PokerPlayerMod:Spade3","PokerPlayerMod:Spade4","PokerPlayerMod:Club1","PokerPlayerMod:Club2","PokerPlayerMod:Heart2","PokerPlayerMod:TrumpStrike","PokerPlayerMod:BadJoker","PokerPlayerMod:Mulligan","PokerPlayerMod:Manipulation","PokerPlayerMod:Extraction","PokerPlayerMod:Fold","PokerPlayerMod:Harden","hubris:EnhanceAbility","PokerPlayerMod:Heart9","PokerPlayerMod:Harden","PokerPlayerMod:CardBurn","PokerPlayerMod:Club2","PokerPlayerMod:Club3","PokerPlayerMod:Club4","PokerPlayerMod:Club5","PokerPlayerMod:Club6"],"relics":["PokerPlayerMod:DeckCase","EVO:Axolotl","Omamori","Blood Vial","Odd Mushroom"],"acts_visited":["Exordium"],"potions_floor_usage":[],"damage_taken":[{"damage":2.0,"enemies":"Cultist","floor":2.0,"turns":3.0},{"damage":13.0,"enemies":"2 Louse","floor":3.0,"turns":3.0},{"damage":21.0,"enemies":"Small Slimes","floor":5.0,"turns":3.0},{"damage":0.0,"enemies":"downfall:FleeingMerchant","floor":6.0,"turns":4.0},{"damage":27,"enemies":"The Mushroom Lair","floor":8,"turns":4},{"damage":25,"enemies":"Lagavulin","floor":11,"turns":4}],"seed_played":"7921814692164538679","potions_obtained":[{"floor":2.0,"key":"CultistPotion"}],"is_trial":false,"path_per_floor":["R_BF","M","M","?","M","$","T","?","?","$","E"],"character_chosen":"THE_POKER_PLAYER","items_purchased":["Omamori","Blood Vial","hubris:EnhanceAbility","PokerPlayerMod:Heart9","PokerPlayerMod:Harden"],"campfire_rested":0,"item_purchase_floors":[6,6,6,6,6],"current_hp_per_floor":[57,57,46,51,30,32,32,18,18,18,0,0,0],"gold":338,"neow_bonus":"TEN_PERCENT_HP_BONUS","is_daily":false,"chose_seed":false,"campfire_upgraded":0,"win_rate":0.0,"timestamp":1610373382,"path_taken":["R_BF","?","M","?","M","$","T","?","?","?","E"],"items_purchased_type":["Relic","Relic","Card","Card","Card"],"build_version":"2020-12-22","purchased_purges":0,"victory":false,"max_hp_per_floor":[57,57,57,62,62,62,62,62,62,62,62,62,62],"card_choices":[{"not_picked":["PokerPlayerMod:HotShotCut","PokerPlayerMod:Diamond1"],"picked":"PokerPlayerMod:Manipulation","floor":2.0},{"not_picked":["PokerPlayerMod:Diamond2","PokerPlayerMod:Club2"],"picked":"PokerPlayerMod:Extraction","floor":3.0},{"not_picked":["PokerPlayerMod:DiamondStrike","PokerPlayerMod:Club2"],"picked":"PokerPlayerMod:Fold","floor":5.0},{"not_picked":["PokerPlayerMod:Diamond5","PokerPlayerMod:ClubShade"],"picked":"PokerPlayerMod:Harden","floor":6.0},{"not_picked":["PokerPlayerMod:Heart5","PokerPlayerMod:Diamond6"],"picked":"PokerPlayerMod:CardBurn","floor":8}],"player_experience":190059,"relics_obtained":[{"floor":8,"key":"Odd Mushroom"}],"event_choices":[{"damage_healed":0.0,"max_hp_gain":5.0,"max_hp_loss":0.0,"gold_gain":0.0,"event_name":"Big Fish","player_choice":"Donut","floor":4.0,"gold_loss":0.0,"damage_taken":0.0},{"damage_healed":0,"gold_gain":0,"player_choice":"Fought Mushrooms","damage_taken":0,"max_hp_gain":0,"max_hp_loss":0,"event_name":"Mushrooms","floor":8,"gold_loss":0},{"damage_healed":0,"gold_gain":0,"player_choice":"Jackpot","damage_taken":0,"max_hp_gain":0,"max_hp_loss":0,"event_name":"PokerPlayerMod:ExordiumClub","floor":9,"gold_loss":0,"cards_obtained":["PokerPlayerMod:Club2","PokerPlayerMod:Club3","PokerPlayerMod:Club4","PokerPlayerMod:Club5","PokerPlayerMod:Club6"]},{"damage_healed":0,"gold_gain":0,"player_choice":"Jackpot","damage_taken":0,"max_hp_gain":0,"max_hp_loss":0,"event_name":"PokerPlayerMod:ExordiumClub","floor":9,"gold_loss":0,"cards_obtained":["PokerPlayerMod:Club2","PokerPlayerMod:Club3","PokerPlayerMod:Club4","PokerPlayerMod:Club5","PokerPlayerMod:Club6"]},{"damage_healed":0,"gold_gain":0,"player_choice":"Jackpot","damage_taken":0,"max_hp_gain":0,"max_hp_loss":0,"event_name":"PokerPlayerMod:ExordiumClub","floor":9,"gold_loss":0,"cards_obtained":["PokerPlayerMod:Club2","PokerPlayerMod:Club3","PokerPlayerMod:Club4","PokerPlayerMod:Club5","PokerPlayerMod:Club6"]},{"damage_healed":0,"gold_gain":0,"player_choice":"Jackpot","damage_taken":0,"max_hp_gain":0,"max_hp_loss":0,"event_name":"PokerPlayerMod:ExordiumClub","floor":9,"gold_loss":0,"cards_obtained":["PokerPlayerMod:Club2","PokerPlayerMod:Club3","PokerPlayerMod:Club4","PokerPlayerMod:Club5","PokerPlayerMod:Club6"]},{"damage_healed":0,"gold_gain":0,"player_choice":"Jackpot","damage_taken":0,"max_hp_gain":0,"max_hp_loss":0,"event_name":"PokerPlayerMod:ExordiumClub","floor":9,"gold_loss":0,"cards_obtained":["PokerPlayerMod:Club2","PokerPlayerMod:Club3","PokerPlayerMod:Club4","PokerPlayerMod:Club5","PokerPlayerMod:Club6"]}],"is_beta":false,"boss_relics":[],"items_purged_floors":[],"is_endless":false,"potions_floor_spawned":[2,3],"killed_by":"Lagavulin","ascension_level":0}}