{"host":"jvd5k9mqzerszifx","time":1610380713,"event":{"mods":["AchievementEnabler","Act Like it!","BaseMod","Better Note","Better Third Choice","Colored Map","Colored Powertips","Conspire","Gensokyo","Hallownest","Hermit","Hubris","Infinite Spire","Lobotomy","Minty Spire (QoL Compilation)","MostiFishMod","Replay The Spire","Reworked Bosses","Spicy Shops","StSLib","The Administrix","The Bug Knight","The Cursed","The Factory","The Jungle","【功能Mod】聪明的最终Boss"],"gold_per_floor":[130,130,150,150,150,150,180,214,214,244,244,272,938,992,992,1182,1182,1206,202,302,406,52,122,122,122,168,236,236,276,316,316,316,516,516,556,614,614,646,680,736,736,800,800,4,24,14,14,60,60,70,70,70,47,113,169],"floor_reached":56,"playtime":2868,"items_purged":[],"score":1524,"play_id":"5215150b-fd38-4aea-9165-0179e65cbf88","local_time":"20210111235833","is_ascension_mode":true,"campfire_choices":[{"data":"hermit:Snapshot","floor":6,"key":"SMITH"},{"data":"hermit:Strike_Hermit","floor":6,"key":"PURGE"},{"data":"hermit:Strike_Hermit","floor":6,"key":"PURGE"},{"data":"hermit:Strike_Hermit","floor":6,"key":"PURGE"},{"data":"hermit:Defend_Hermit","floor":6,"key":"PURGE"},{"data":"hermit:Defend_Hermit","floor":6,"key":"PURGE"},{"data":"hermit:Strike_Hermit","floor":6,"key":"SMITH"},{"data":"hermit:Defend_Hermit","floor":6,"key":"SMITH"},{"data":"hermit:Defend_Hermit","floor":6,"key":"PURGE"},{"data":"hermit:Covet","floor":6,"key":"SMITH"},{"data":"hermit:Glare","floor":6,"key":"SMITH"},{"data":"hermit:LoneWolf","floor":6,"key":"SMITH"},{"data":"hermit:Glare","floor":6,"key":"SMITH"},{"data":"hermit:Coalescence","floor":6,"key":"SMITH"},{"floor":6,"key":"RECALL"},{"data":"hermit:RoundhouseKick","floor":11,"key":"SMITH"},{"data":"hermit:Quickdraw","floor":11,"key":"SMITH"},{"data":"hermit:CursedWeapon","floor":11,"key":"SMITH"},{"data":"hermit:Strike_Hermit+1","floor":11,"key":"PURGE"},{"data":"hermit:Defend_Hermit+1","floor":11,"key":"PURGE"},{"floor":11,"key":"REST"},{"data":"hermit:Enervate","floor":15,"key":"SMITH"},{"data":"hermit:Snipe","floor":15,"key":"SMITH"},{"data":"hermit:Gambit","floor":15,"key":"SMITH"},{"floor":15,"key":"REST"},{"data":"MostiFishMod:SephirahHod","floor":24,"key":"SMITH"},{"data":"Specialist","floor":24,"key":"SMITH"},{"data":"conspire:Banana","floor":24,"key":"SMITH"},{"floor":24,"key":"REST"},{"data":"hermit:Purgatory","floor":28,"key":"PURGE"},{"floor":28,"key":"REST"},{"data":"hermit:BigShot","floor":32,"key":"SMITH"},{"data":"hermit:Combo","floor":32,"key":"SMITH"},{"floor":32,"key":"REST"},{"data":"hermit:Quickdraw","floor":41,"key":"SMITH"},{"floor":41,"key":"REST"},{"data":"Bandage Up","floor":49,"key":"SMITH"},{"data":"hermit:TrackingShot","floor":49,"key":"SMITH"},{"floor":49,"key":"REST"},{"floor":52,"key":"REST"}],"circlet_count":0,"master_deck":["hermit:Snapshot+1","hermit:Glare+1","hermit:LoneWolf+1","hermit:Glare+1","hermit:Glare+1","hermit:Coalescence+1","hermit:RoundhouseKick+1","hermit:Quickdraw+1","hermit:CursedWeapon+1","hermit:Enervate+1","hermit:Snipe+1","hermit:Gambit+1","MostiFishMod:SephirahHod+1","Specialist+1","conspire:Banana+1","hermit:BigShot+1","hermit:Combo+1","hermit:Coalescence+1","hermit:CursedWeapon+1","hermit:Quickdraw+1","hermit:Coalescence+1","hermit:Glare+1","Bandage Up+1","hermit:TrackingShot+1","hermit:FlashPowder","hermit:TakeCover"],"relics":["hermit:Momento","Peace Pipe","Ginger","Turnip","Unceasing Top","Omamori","Ice Cream","The Courier","Medical Kit","WingedGreaves","DaveBox","SynthV:TestCard","Art of War","EGODaCapo","conspire:DeflatedDodgeball","Old Coin","Blue Doll","MostiFishMod:Hod","Darkstone Periapt","ReplayTheSpireMod:TigerMarble","Toy Ornithopter","Regal Pillow","conspire:TopHat","Ancient Tea Set","infinitespire:ShieldingShard","Ring of Greed","Tiny Chest","infinitespire:Midas Blood","ReplayTheSpireMod:Ring of Sloth","Happy Flower","SynthV","hubris:EmptyBottle","hubris:ToyBattleship","Potion Belt","Centennial Puzzle","Pantograph","infinitespire:PuzzleCube","Black Star","ArrowTower","DianPoetry","Pen Nib","Replay:Baseball","Quantum Egg","Frozen Egg 2","Frozen Eye","Bottled Lightning","Anchor","infinitespire:PuzzleCube"],"acts_visited":["Gensokyo:Gensokyo","theJungle:Jungle","TheBeyond","TheEnding"],"potions_floor_usage":[16,33,50,50,50,50,50,50,55,55,55],"damage_taken":[{"damage":8,"enemies":"Gensokyo:Gryphon","floor":1,"turns":3},{"damage":4,"enemies":"Gensokyo:Python","floor":3,"turns":3},{"damage":6,"enemies":"Gensokyo:2_Kodama","floor":7,"turns":3},{"damage":0,"enemies":"Gensokyo:VengefulSpirit","floor":8,"turns":3},{"damage":0,"enemies":"Gensokyo:3_Kodama","floor":10,"turns":2},{"damage":0,"enemies":"Gensokyo:CorruptedTreant","floor":12,"turns":1},{"damage":2,"enemies":"Gensokyo:Aya","floor":13,"turns":5},{"damage":2,"enemies":"Gensokyo:Cirno","floor":14,"turns":4},{"damage":15,"enemies":"Gensokyo:Kokoro","floor":16,"turns":8},{"damage":0,"enemies":"theJungle:MUSHROOMGANG","floor":18,"turns":1},{"damage":0,"enemies":"theJungle:MamaSnecko","floor":23,"turns":2},{"damage":1,"enemies":"theJungle:2_Phrogs","floor":27,"turns":1},{"damage":0,"enemies":"Shell Parasite","floor":29,"turns":1},{"damage":0,"enemies":"theJungle:2_Snecko_Cultists","floor":30,"turns":2},{"damage":0,"enemies":"theJungle:TotemBoss","floor":33,"turns":3},{"damage":0,"enemies":"Orb Walker","floor":35,"turns":1},{"damage":0,"enemies":"conspire:MimicChest","floor":36,"turns":1},{"damage":0,"enemies":"3 Darklings","floor":38,"turns":1},{"damage":0,"enemies":"Transient","floor":39,"turns":5},{"damage":0,"enemies":"Nemesis","floor":40,"turns":2},{"damage":0,"enemies":"Giant Head","floor":42,"turns":2},{"damage":0,"enemies":"4 Shapes","floor":45,"turns":2},{"damage":0,"enemies":"Replay:Hell Engine","floor":50,"turns":4},{"damage":0,"enemies":"Shield and Spear","floor":54,"turns":1},{"damage":15,"enemies":"The Heart","floor":55,"turns":6}],"seed_played":"-3906611015440667014","potions_obtained":[{"floor":1,"key":"AttackPotion"},{"floor":8,"key":"Adrenaline Potion"},{"floor":10,"key":"Milkshake"},{"floor":12,"key":"Elixir"},{"floor":16,"key":"ColorlessPotion"},{"floor":27,"key":"DuplicationPotion"},{"floor":29,"key":"Dexterity Potion"},{"floor":35,"key":"BlessingOfTheForge"},{"floor":54,"key":"Strength Potion"}],"is_trial":false,"path_per_floor":["M","?","M","T","?","R","M","M","T","M","R","M","E","E","R","B",null,"M","$","?","?","$","E","R","?","T","E","R","M","M","T","R","B",null,"M","?","AVR","M","M","E","R","E","T","$","M","$","?","T","R","B",null,"R","$","E","B",null],"character_chosen":"HERMIT","items_purchased":["Darkstone Periapt","ReplayTheSpireMod:TigerMarble","Toy Ornithopter","Regal Pillow","conspire:TopHat","Ancient Tea Set","infinitespire:ShieldingShard","Specialist","conspire:Banana","Happy Flower","SynthV","hubris:EmptyBottle","Quantum Egg","Frozen Egg 2","Frozen Eye","Bandage Up","Bottled Lightning","hermit:TrackingShot","hermit:FlashPowder"],"campfire_rested":8,"item_purchase_floors":[19,19,19,19,19,19,19,19,19,22,22,22,44,44,44,44,44,46,53],"current_hp_per_floor":[67,67,63,63,63,63,57,57,57,57,75,75,73,71,75,60,75,75,75,75,65,65,67,77,77,77,78,79,81,83,83,83,85,85,85,85,85,85,87,89,89,91,91,91,93,93,93,93,93,95,95,95,95,97,90],"gold":169,"neow_bonus":"THREE_CARDS","is_daily":false,"chose_seed":false,"campfire_upgraded":22,"win_rate":0.0,"timestamp":1610380713,"path_taken":["M","?","M","?","?","R","?","M","T","?","R","M","E","E","R","BOSS","M","$","?","?","$","E","R","?","T","E","R","M","?","?","R","BOSS","M","?","AVR","?","M","E","R","E","T","$","M","$","?","?","R","BOSS","R","$","E","BOSS"],"items_purchased_type":["Relic","Relic","Relic","Relic","Relic","Relic","Relic","Card","Card","Relic","Relic","Relic","Relic","Relic","Relic","Card","Relic","Card","Card"],"build_version":"2020-12-22","purchased_purges":0,"victory":true,"max_hp_per_floor":[75,75,75,75,75,75,75,75,75,75,75,75,75,75,75,75,75,75,75,75,75,75,77,77,77,77,79,79,81,83,83,83,85,85,85,85,85,85,87,89,89,91,91,91,93,93,93,93,93,95,95,95,95,97,99],"card_choices":[{"not_picked":["hermit:Ricochet","hermit:HighCaliber"],"picked":"hermit:Glare","floor":0},{"not_picked":["hermit:Roulette","hermit:DeadMansHand"],"picked":"hermit:LoneWolf","floor":1},{"not_picked":["hermit:WideOpen","hermit:Vantage","hermit:ItchyTrigger","hermit:Misfire"],"picked":"hermit:Glare","floor":3},{"not_picked":["hermit:NoHoldsBarred","hermit:Coalescence","hermit:Malice","hermit:Manifest"],"picked":"hermit:RoundhouseKick","floor":7},{"not_picked":["hermit:HighCaliber","hermit:Glare","hermit:HoleUp","hermit:TakeAim"],"picked":"hermit:Quickdraw","floor":8},{"not_picked":["hermit:CalledShot","hermit:NoHoldsBarred","hermit:Maintenance","hermit:Dive"],"picked":"hermit:CursedWeapon","floor":10},{"not_picked":["hermit:Manifest","hermit:Misfire","hermit:Snipe","hermit:Vantage"],"picked":"hermit:Enervate","floor":12},{"not_picked":["hermit:Manifest","hermit:Brawl","hermit:Scavenge","hermit:Misfire"],"picked":"hermit:Snipe","floor":13},{"not_picked":["hermit:HoleUp","hermit:WideOpen","hermit:PistolWhip","hermit:Gestalt"],"picked":"hermit:Gambit","floor":14},{"not_picked":["hermit:Misfire","hermit:Snipe+1","hermit:Cheat","hermit:LowProfile"],"picked":"hermit:Grudge+1","floor":18},{"not_picked":["hermit:HighCaliber","hermit:Vantage+1","hermit:Cheat","hermit:Ricochet","hermit:RoundhouseKick"],"picked":"SKIP","floor":23},{"not_picked":["hermit:Shortfuse","hermit:HighCaliber","hermit:ItchyTrigger+1","hermit:Purgatory","hermit:FromBeyond"],"picked":"SKIP","floor":27},{"not_picked":["hermit:Gestalt","hermit:Vantage","hermit:Deadeye","hermit:LowProfile"],"picked":"hermit:BigShot","floor":29},{"not_picked":["hermit:Vantage+1","hermit:Scavenge","hermit:ItchyTrigger+1","hermit:TrackingShot"],"picked":"hermit:Combo","floor":30},{"not_picked":["hermit:Manifest+1","hermit:Vantage","hermit:Maintenance+1","hermit:TrackingShot+1"],"picked":"hermit:Coalescence+1","floor":35},{"not_picked":["hermit:LoneWolf+1","hermit:Coalescence","hermit:Glare","hermit:NoHoldsBarred"],"picked":"hermit:CursedWeapon+1","floor":36},{"not_picked":["hermit:TrackingShot","hermit:EternalForm","hermit:Dive+1","hermit:ItchyTrigger","hermit:Snipe+1"],"picked":"SKIP","floor":38},{"not_picked":["hermit:BodyArmor","hermit:Desperado+1","hermit:Manifest","hermit:TrackingShot+1"],"picked":"hermit:Quickdraw","floor":39},{"not_picked":["hermit:Grudge","hermit:Showdown+1","hermit:Brawl+1","hermit:Purgatory"],"picked":"hermit:Coalescence+1","floor":40},{"not_picked":["hermit:Showdown+1","hermit:GhostlyPresence+1","hermit:Feint+1","hermit:BodyArmor+1"],"picked":"hermit:Glare+1","floor":42},{"not_picked":["hermit:Determination+1","hermit:Ricochet+1","hermit:LowProfile+1","hermit:HighCaliber","hermit:Desperado+1"],"picked":"SKIP","floor":45},{"not_picked":["hermit:Dive+1","hermit:Spite","hermit:Feint+1","hermit:HoleUp+1"],"picked":"hermit:TakeCover","floor":54}],"player_experience":217532,"relics_obtained":[{"floor":1,"key":"SynthV:TestCard"},{"floor":4,"key":"Art of War"},{"floor":9,"key":"conspire:DeflatedDodgeball"},{"floor":13,"key":"Old Coin"},{"floor":14,"key":"Blue Doll"},{"floor":20,"key":"Ring of Greed"},{"floor":20,"key":"Tiny Chest"},{"floor":20,"key":"infinitespire:Midas Blood"},{"floor":20,"key":"ReplayTheSpireMod:Ring of Sloth"},{"floor":23,"key":"hubris:ToyBattleship"},{"floor":26,"key":"Potion Belt"},{"floor":31,"key":"Centennial Puzzle"},{"floor":36,"key":"Pantograph"},{"floor":40,"key":"ArrowTower"},{"floor":40,"key":"DianPoetry"},{"floor":42,"key":"Pen Nib"},{"floor":42,"key":"Replay:Baseball"},{"floor":48,"key":"Anchor"},{"floor":54,"key":"infinitespire:PuzzleCube"}],"event_choices":[{"damage_healed":0,"gold_gain":0,"cards_transformed":["hermit:Covet"],"player_choice":"Transformed","damage_taken":0,"max_hp_gain":0,"max_hp_loss":0,"event_name":"Transmorgrifier","floor":25,"gold_loss":0,"cards_obtained":["hermit:Purgatory"]},{"cards_removed":["hermit:Grudge"],"damage_healed":0,"gold_gain":0,"player_choice":"Purged","damage_taken":0,"max_hp_gain":0,"max_hp_loss":0,"event_name":"Purifier","floor":47,"gold_loss":0}],"is_beta":false,"boss_relics":[{"not_picked":["Velvet Choker","hermit:BartenderGlass"],"picked":"MostiFishMod:Hod"},{"not_picked":["TimeKeys","PatriotShield","hubris:GrandSneckoEye"]}],"items_purged_floors":[],"is_endless":false,"potions_floor_spawned":[1,8,10,12,16,27,29,35,38,40,54],"ascension_level":2}}