{"host":"s794kqxf2n1qz2yr","time":1610333886,"event":{"mods":["100% Spire Juice","2.2 Compatiblity","AchievementEnabler","Aspiration","BaseMod","ChefMod","Downfall","Friendly Minions","Hermit","Minty Spire (QoL Compilation)","Permanent Neow","StSLib","The Animator"],"gold_per_floor":[119,219,229,229,248,34,34,51,51,51,64,79,97,2,2,105,155,166,166,39,39,52,52,62,62,88,98,98,109,109,126,126,126,126,126],"floor_reached":33,"playtime":1601,"items_purged":["Flash of Steel"],"score":268,"play_id":"dbdcd0dd-ab00-429f-9843-b2021fcd404b","local_time":"20210111025806","daily_mods":["SealedDeck"],"is_ascension_mode":false,"campfire_choices":[{"data":"Slimebound:AcidTongue","floor":7,"key":"SMITH"},{"data":"Slimebound:HauntingLick","floor":10,"key":"SMITH"},{"data":"Slimebound:SamplingLick","floor":15,"key":"SMITH"},{"data":"Slimebound:Schlurp","floor":23,"key":"SMITH"},{"data":"Slimebound:Schlurp","floor":25,"key":"SMITH"},{"data":"Slimebound:HauntingLick","floor":32,"key":"SMITH"}],"circlet_count":0,"master_deck":["Slimebound:LeechingTouch","Slimebound:LeechingTouch","Slimebound:SamplingLick+1","Slimebound:SamplingLick","Slimebound:Schlurp+1","Slimebound:Gluttony","Slimebound:HauntingLick+1","Slimebound:Schlurp+1","Slimebound:SpikyOuterGoop+1","Slimebound:AcidTongue+1","Slimebound:HauntingLick+1","Slimebound:DouseInSlime+1","Slimebound:Schlurp+1","Slimebound:HauntingLick+1"],"relics":["Slimebound:AbsorbEndCombat","sneckomod:BlankCard","Tiny House","Nloth\u0027s Gift","Slimebound:AggressiveSlimeRelic","aspiration:RitualStick","aspiration:HiddenCompartment"],"acts_visited":["Exordium","TheCity"],"potions_floor_usage":[19,29],"damage_taken":[{"damage":0,"enemies":"Jaw Worm","floor":1,"turns":2},{"damage":0,"enemies":"Cultist","floor":3,"turns":3},{"damage":0,"enemies":"Small Slimes","floor":5,"turns":3},{"damage":0,"enemies":"Gremlin Gang","floor":8,"turns":4},{"damage":6,"enemies":"Exordium Thugs","floor":11,"turns":3},{"damage":1,"enemies":"3 Louse","floor":12,"turns":3},{"damage":13,"enemies":"Lots of Slimes","floor":13,"turns":4},{"damage":3,"enemies":"Slime Boss","floor":16,"turns":9},{"damage":2,"enemies":"2 Thieves","floor":18,"turns":4},{"damage":0,"enemies":"3 Byrds","floor":19,"turns":2},{"damage":0,"enemies":"Snake Plant","floor":22,"turns":3},{"damage":13,"enemies":"Snecko","floor":24,"turns":5},{"damage":4,"enemies":"Shelled Parasite and Fungi","floor":27,"turns":3},{"damage":14,"enemies":"Centurion and Healer","floor":29,"turns":5},{"damage":4,"enemies":"Chosen and Byrds","floor":31,"turns":4},{"damage":83,"enemies":"Collector","floor":33,"turns":5}],"seed_played":"-1057733372227653512","potions_obtained":[{"floor":5,"key":"SmokeBomb"},{"floor":13,"key":"SkillPotion"},{"floor":17,"key":"Regen Potion"},{"floor":27,"key":"sneckomod:MuddlingPotion"}],"is_trial":true,"path_per_floor":["M","?","M","?","M","$","R","M","T","R","M","M","M","$","R","B",null,"M","M","$","?","M","R","M","R","T","M","?","M","?","M","R","B"],"character_chosen":"SLIMEBOUND","items_purchased":["sneckomod:BlankCard","Slimebound:AcidTongue","Flash of Steel","Slimebound:Schlurp+1"],"campfire_rested":0,"item_purchase_floors":[6,6,14,20],"current_hp_per_floor":[60,60,60,60,60,60,60,60,60,60,58,60,59,59,59,60,65,65,65,65,65,65,65,54,54,54,60,47,57,57,65,65,0,0,0],"gold":126,"neow_bonus":"","is_daily":false,"chose_seed":false,"campfire_upgraded":6,"win_rate":0.0,"timestamp":1610333886,"path_taken":["M","?","?","?","M","$","R","M","T","R","M","?","M","?","R","BOSS","M","M","$","?","M","R","M","R","T","?","?","M","?","M","R","BOSS"],"items_purchased_type":["Relic","Card","Card","Card"],"build_version":"2020-12-22","purchased_purges":1,"victory":false,"max_hp_per_floor":[60,60,60,60,60,60,60,60,60,60,60,60,60,60,60,60,65,65,65,65,65,65,65,65,65,65,65,65,65,65,65,65,65,65,65],"card_choices":[{"not_picked":["Slimebound:SplitBruiser","Slimebound:GoopSpray","Slimebound:LeechEnergy"],"picked":"SKIP","floor":1},{"not_picked":["Slimebound:DisruptingSlam","Slimebound:ComboTackle","Slimebound:PressTheAttack"],"picked":"SKIP","floor":3},{"not_picked":["Slimebound:LeechEnergy","Slimebound:ForwardTackle","Slimebound:BestDefense"],"picked":"SKIP","floor":5},{"not_picked":["Slimebound:Prepare","Slimebound:SplitBruiser","Slimebound:LeechingTouch"],"picked":"SKIP","floor":8},{"not_picked":["Slimebound:PressTheAttack","Slimebound:ViciousTackle"],"picked":"Slimebound:HauntingLick+1","floor":11},{"not_picked":["Slimebound:PressTheAttack","Slimebound:GrowthPunch","Slimebound:SplitLeeching+1"],"picked":"SKIP","floor":12},{"not_picked":["Slimebound:ViciousTackle","Slimebound:RainOfGoop+1","Slimebound:SplitAcid+1"],"picked":"SKIP","floor":13},{"not_picked":["Slimebound:CheckThePlaybook+1","Slimebound:SlimeSlap"],"picked":"Slimebound:DouseInSlime+1","floor":16},{"not_picked":["Slimebound:LeadByExample+1","Slimebound:BestDefense","Slimebound:GoopTackle+1"],"picked":"SKIP","floor":18},{"not_picked":["Slimebound:GoopTackle+1","Slimebound:SlimeTap","Slimebound:FlameTackle"],"picked":"SKIP","floor":22},{"not_picked":["Slimebound:FinishingTackle","Slimebound:RollThrough+1","Slimebound:ProtectTheBoss"],"picked":"SKIP","floor":24},{"not_picked":["Slimebound:RallyTheTroops","Slimebound:Equalize","Slimebound:ViciousTackle"],"picked":"SKIP","floor":27},{"not_picked":["Slimebound:ItLooksTasty","Slimebound:Dissolve","Slimebound:LivingWall"],"picked":"SKIP","floor":29},{"not_picked":["Slimebound:SplitBruiser","Slimebound:SpikyOuterGoop"],"picked":"Slimebound:HauntingLick","floor":31}],"player_experience":342254,"relics_obtained":[{"floor":9,"key":"Toxic Egg 2"},{"floor":26,"key":"Slimebound:AggressiveSlimeRelic"}],"event_choices":[{"damage_healed":0,"gold_gain":100,"player_choice":"Gold","damage_taken":0,"max_hp_gain":0,"max_hp_loss":0,"event_name":"Wheel of Change","floor":2,"gold_loss":0},{"cards_removed":["Slimebound:Nibble"],"damage_healed":0,"gold_gain":0,"player_choice":"Offered Uncommon","damage_taken":0,"max_hp_gain":0,"max_hp_loss":0,"event_name":"Bonfire Elementals","floor":4,"gold_loss":0},{"damage_healed":0,"gold_gain":0,"player_choice":"Traded Relic","damage_taken":0,"relics_obtained":["Nloth\u0027s Gift"],"max_hp_gain":0,"max_hp_loss":0,"event_name":"N\u0027loth","floor":21,"relics_lost":["Toxic Egg 2"],"gold_loss":0},{"damage_healed":0,"gold_gain":0,"player_choice":"Gave Potion","damage_taken":0,"relics_obtained":["aspiration:HiddenCompartment"],"max_hp_gain":0,"max_hp_loss":0,"event_name":"WeMeetAgain","floor":30,"gold_loss":0}],"is_beta":false,"boss_relics":[{"not_picked":["aspiration:WatcherSkillbook","aspiration:RitualDagger"],"picked":"Tiny House"}],"items_purged_floors":[20],"is_endless":false,"potions_floor_spawned":[5,13,27],"killed_by":"Collector","ascension_level":0}}