{"host":"wnty67d4nhrob9mt","time":1610324233,"event":{"mods":["BaseMod","Block Reminder","Infinite Spire","Minty Spire (QoL Compilation)","Permanent Neow","Quick Restart","Relic Stats","Replay The Spire","StSLib","The Jungle"],"gold_per_floor":[110,110,123,141,154,181,181,181,181,192,192,222,234,234,308,404,404,388,408,408,91,111,111,141,154,207,51,68,80,80,95,95,199,199,228,262,289,322,372,422,422,422,422,422,462,462,462,503,95,129,129,129],"floor_reached":53,"playtime":4653,"items_purged":[],"score":1333,"play_id":"cd5d2e34-cbd3-4461-a896-8d2490d48085","local_time":"20210111031713","is_ascension_mode":true,"campfire_choices":[{"data":"Chill","floor":7,"key":"SMITH"},{"data":"Defragment","floor":23,"key":"SMITH"},{"floor":32,"key":"DIG"},{"data":"1","floor":42,"key":"LIFT"},{"data":"2","floor":44,"key":"LIFT"},{"data":"3","floor":51,"key":"LIFT"}],"circlet_count":0,"master_deck":["Strike_B","Strike_B","Strike_B","Strike_B+1","Defend_B","Defend_B","Defend_B","Defend_B","Zap","Dualcast","Defragment+1","Chill+1","Beam Cell","Conserve Battery","Self Repair","Hello World","Redo","Mirror Shield+1","Double Energy","Pain","Melter","Genetic Algorithm+1","Self Repair+1","Beam Cell","Go for the Eyes","Echo Form+1","Ball Lightning+1","Barrage","BasicCrystalCard+1","Stack","Buffer+1","Compile Driver","Lockon+1","FIFO Queue+1","Compile Driver","ReplayGash","Static Discharge+1","Ball Lightning","Beam Cell","Ball Lightning","infinitespire:Oblivion","Ball Lightning+1","BootSequence+1","Delirium","Amnesia","Writhe","All For One","Crystallizer+1","Streamline+1","Storm+1","Conserve Battery+1","BootSequence+1","Consume+1","Hologram+1","Leap+1","Rebound+1","Beam Cell+1","Capacitor+1","Streamline+1","Gash","Defragment+1","Stack+1","White Noise+1","Sweeping Beam+1","Melter","Gash+1"],"relics":["Cracked Core","Prayer Wheel","Replay:Bottled Steam","WarpedTongs","Frozen Egg 2","ReplayTheSpireMod:Lightbulb","Nuclear Battery","Replay:Rubber Ducky","Mercury Hourglass","Blue Candle","Geode","Happy Flower","infinitespire:Joker Card","Thread and Needle","infinitespire:EvilPickle","Replay:Ancient Bell","Blood Vial","infinitespire:FocusingShard","Girya","Prayer Wheel","infinitespire:CursedDice","Replay:Bottled Flurry","Ancient Tea Set","infinitespire:WardingShard","Symbiotic Virus","Sling","Durian"],"acts_visited":["Exordium","TheCity","TheBeyond"],"potions_floor_usage":[16],"damage_taken":[{"damage":12,"enemies":"2 Louse","floor":1,"turns":3},{"damage":0,"enemies":"Cultist","floor":3,"turns":3},{"damage":2,"enemies":"Small Slimes","floor":4,"turns":3},{"damage":0,"enemies":"Looter","floor":5,"turns":4},{"damage":0,"enemies":"Lagavulin","floor":6,"turns":7},{"damage":8,"enemies":"Red Slaver","floor":10,"turns":3},{"damage":10,"enemies":"3 Sentries","floor":12,"turns":8},{"damage":7,"enemies":"Large Slime","floor":13,"turns":6},{"damage":19,"enemies":"Slime Boss","floor":16,"turns":9},{"damage":23,"enemies":"2 Thieves","floor":18,"turns":4},{"damage":4,"enemies":"3 Byrds","floor":19,"turns":5},{"damage":10,"enemies":"Centurion and Healer","floor":22,"turns":9},{"damage":2,"enemies":"Replay:Snechameleon","floor":24,"turns":7},{"damage":1,"enemies":"Snake Plant","floor":25,"turns":5},{"damage":0,"enemies":"Cultist and Chosen","floor":28,"turns":5},{"damage":1,"enemies":"3 Cultists","floor":29,"turns":5},{"damage":5,"enemies":"Chosen and Byrds","floor":31,"turns":4},{"damage":1,"enemies":"Pondfish","floor":33,"turns":7},{"damage":0,"enemies":"Orb Walker","floor":35,"turns":3},{"damage":3,"enemies":"3 Shapes","floor":36,"turns":4},{"damage":1,"enemies":"Writhing Mass","floor":37,"turns":4},{"damage":2,"enemies":"Sphere and 2 Shapes","floor":38,"turns":5},{"damage":2,"enemies":"Mind Bloom Boss Battle","floor":39,"turns":5},{"damage":1,"enemies":"Reptomancer","floor":40,"turns":4},{"damage":5,"enemies":"Transient","floor":45,"turns":5},{"damage":1,"enemies":"3 Darklings","floor":48,"turns":4},{"damage":0,"enemies":"Nemesis","floor":50,"turns":5},{"damage":52,"enemies":"Awakened One","floor":52,"turns":9}],"seed_played":"-3475133469900092097","potions_obtained":[{"floor":3,"key":"SteroidPotion"},{"floor":5,"key":"ColorlessPotion"},{"floor":13,"key":"Cursed Concoction"},{"floor":18,"key":"LiquidMemories"},{"floor":25,"key":"AttackPotion"},{"floor":28,"key":"AttackPotion"}],"is_trial":false,"path_per_floor":["M","?","M","M","M","E","R","?","T","M","?","E","M","?","R","B",null,"M","M","?","$","M","R","E","M","T","$","M","M","AVR","M","R","B",null,"M","M","M","M","?","E","T","R","T","R","M","PTL","PTL","M","$","E","R","B",null],"character_chosen":"DEFECT","items_purchased":["Mercury Hourglass","Buffer+1","Happy Flower","Symbiotic Virus","Sling"],"campfire_rested":0,"item_purchase_floors":[21,21,27,49,49],"current_hp_per_floor":[63,63,63,61,68,75,75,75,75,74,74,71,75,60,60,58,75,69,75,75,75,75,75,75,75,75,75,75,75,75,75,75,75,75,75,72,73,75,73,74,74,74,74,74,75,75,75,75,75,80,80,35],"gold":129,"neow_bonus":"ONE_RANDOM_RARE_CARD","is_daily":false,"chose_seed":false,"campfire_upgraded":2,"win_rate":0.0,"timestamp":1610324233,"path_taken":["M","?","M","M","M","E","R","?","T","?","?","E","M","?","R","BOSS","M","M","?","$","M","R","E","M","T","$","M","?","AVR","M","R","BOSS","M","M","M","M","?","E","?","R","T","R","M","PTL","PTL","M","$","E","R","BOSS"],"items_purchased_type":["Relic","Card","Relic","Relic","Relic"],"build_version":"2020-12-22","purchased_purges":0,"victory":true,"max_hp_per_floor":[75,75,75,75,75,75,75,75,75,75,75,75,75,75,75,75,75,75,75,75,75,75,75,75,75,75,75,75,75,75,75,75,75,75,75,75,75,75,75,75,75,75,75,75,75,75,75,75,75,80,80,80],"relic_stats":{"Blood Vial":7,"Happy Flower":[23],"counters":[28,143],"Blue Candle":[18],"Prayer Wheel":19,"obtain_stats":[{"Ancient Tea Set":41,"Sling":49,"Replay:Rubber Ducky":20,"Blood Vial":34,"Prayer Wheel":1,"Replay:Bottled Flurry":40,"Cracked Core":0,"Replay:Bottled Steam":6,"Girya":34,"Happy Flower":27,"infinitespire:CursedDice":39,"Blue Candle":24,"Thread and Needle":32,"infinitespire:Joker Card":30,"infinitespire:FocusingShard":34,"Geode":26,"Replay:Ancient Bell":34,"Frozen Egg 2":9,"WarpedTongs":8,"Nuclear Battery":17,"Mercury Hourglass":21,"infinitespire:EvilPickle":33,"infinitespire:WardingShard":43,"Durian":50,"ReplayTheSpireMod:Lightbulb":12,"Symbiotic Virus":49},{"Ancient Tea Set":24,"Sling":26,"Replay:Rubber Ducky":11,"Blood Vial":18,"Prayer Wheel":1,"Replay:Bottled Flurry":24,"Cracked Core":0,"Replay:Bottled Steam":5,"Girya":18,"Happy Flower":14,"infinitespire:CursedDice":23,"Blue Candle":13,"Thread and Needle":17,"infinitespire:Joker Card":16,"infinitespire:FocusingShard":18,"Geode":14,"Replay:Ancient Bell":18,"Frozen Egg 2":5,"WarpedTongs":5,"Nuclear Battery":9,"Mercury Hourglass":11,"infinitespire:EvilPickle":18,"infinitespire:WardingShard":24,"Durian":27,"ReplayTheSpireMod:Lightbulb":7,"Symbiotic Virus":26},{"Ancient Tea Set":120,"Sling":129,"Replay:Rubber Ducky":55,"Blood Vial":96,"Prayer Wheel":1,"Replay:Bottled Flurry":120,"Cracked Core":0,"Replay:Bottled Steam":20,"Girya":96,"Happy Flower":76,"infinitespire:CursedDice":116,"Blue Candle":71,"Thread and Needle":89,"infinitespire:Joker Card":85,"infinitespire:FocusingShard":96,"Geode":76,"Replay:Ancient Bell":96,"Frozen Egg 2":20,"WarpedTongs":20,"Nuclear Battery":46,"Mercury Hourglass":55,"infinitespire:EvilPickle":96,"infinitespire:WardingShard":120,"Durian":134,"ReplayTheSpireMod:Lightbulb":31,"Symbiotic Virus":129}],"WarpedTongs":[113],"Mercury Hourglass":[388]},"card_choices":[{"not_picked":["Leap","Scrape"],"picked":"Defragment","floor":1},{"not_picked":["Hologram","Beam Cell"],"picked":"Chill","floor":1},{"not_picked":["Steam","Leap"],"picked":"Beam Cell","floor":3},{"not_picked":["Barrage","Sunder"],"picked":"Conserve Battery","floor":3},{"not_picked":["ReplaySort","Turbo"],"picked":"Self Repair","floor":4},{"not_picked":["Hello World","Auto Shields","Beam Cell"],"picked":"SKIP","floor":4},{"not_picked":["Auto Shields","Beam Cell"],"picked":"Hello World","floor":4},{"not_picked":["Leap","Beam Cell"],"picked":"Redo","floor":5},{"not_picked":["Sweeping Beam","Hologram"],"picked":"Mirror Shield","floor":5},{"not_picked":["Steam Power","Recycle"],"picked":"Double Energy","floor":6},{"not_picked":["ReplayGash","Coolheaded"],"picked":"Melter","floor":10},{"not_picked":["Barrage","Force Field"],"picked":"Genetic Algorithm","floor":10},{"not_picked":["Gash","Leap"],"picked":"Self Repair+1","floor":12},{"not_picked":["Glacier","Leap"],"picked":"Beam Cell","floor":13},{"not_picked":["Compile Driver","Gash"],"picked":"Go for the Eyes","floor":13},{"not_picked":["Machine Learning+1","Meteor Strike"],"picked":"Echo Form+1","floor":16},{"not_picked":["Lockon","Glacier"],"picked":"Ball Lightning+1","floor":18},{"not_picked":["Go for the Eyes+1","Scrape"],"picked":"Barrage","floor":18},{"not_picked":["Coolheaded","Conserve Battery+1"],"picked":"BasicCrystalCard+1","floor":19},{"not_picked":["Panic Button","Doom and Gloom"],"picked":"Stack","floor":19},{"not_picked":["Stack","Hyperbeam"],"picked":"Compile Driver","floor":22},{"not_picked":["Steam","Turbo"],"picked":"Lockon+1","floor":22},{"not_picked":["Panic Button","Fusion"],"picked":"FIFO Queue+1","floor":24},{"not_picked":["ReplayTheSpireMod:GoodbyeWorld+1","Coolheaded+1"],"picked":"Compile Driver","floor":25},{"not_picked":["ReplayGash","Self Repair+1","Go for the Eyes"],"picked":"SKIP","floor":25},{"not_picked":["Self Repair+1","Go for the Eyes"],"picked":"ReplayGash","floor":25},{"not_picked":["Hello World+1","Turbo"],"picked":"Static Discharge+1","floor":28},{"not_picked":["Rebound+1","Compile Driver"],"picked":"Ball Lightning","floor":28},{"not_picked":["Genetic Algorithm","Turbo"],"picked":"Beam Cell","floor":29},{"not_picked":["Coolheaded","Doom and Gloom+1"],"picked":"Ball Lightning","floor":29},{"not_picked":["Sweeping Beam+1","Compile Driver"],"picked":"Ball Lightning+1","floor":31},{"not_picked":["Skim","Conserve Battery"],"picked":"BootSequence+1","floor":31},{"not_picked":["Core Surge","Rainbow"],"picked":"ReplayTheSpireMod:Fabricate Wheel","floor":33},{"not_picked":["AbeCurse","Languid"],"picked":"Delirium","floor":34},{"not_picked":["Overencumbered","Languid"],"picked":"Amnesia","floor":34},{"not_picked":["Hallucinations","Parasite"],"picked":"Writhe","floor":34},{"not_picked":["Steam+1","Heatsinks+1"],"picked":"All For One","floor":35},{"not_picked":["Barrage","Auto Shields"],"picked":"Crystallizer+1","floor":35},{"not_picked":["Hello World+1","Core Surge"],"picked":"Streamline+1","floor":36},{"not_picked":["Blizzard","Redo"],"picked":"Storm+1","floor":36},{"not_picked":["Go for the Eyes+1","Recycle+1"],"picked":"Conserve Battery+1","floor":36},{"not_picked":["Sweeping Beam","Rebound+1"],"picked":"BootSequence+1","floor":37},{"not_picked":["Rebound+1","Hologram+1"],"picked":"Consume+1","floor":37},{"not_picked":["ReplayTheSpireMod:GoodbyeWorld+1","Compile Driver"],"picked":"Hologram+1","floor":37},{"not_picked":["Coolheaded+1","Undo"],"picked":"Leap+1","floor":38},{"not_picked":["Cold Snap+1","Coolheaded+1"],"picked":"Rebound+1","floor":38},{"not_picked":["Coolheaded","Glacier"],"picked":"Beam Cell+1","floor":38},{"not_picked":["ReplayTheSpireMod:Omega Cannon","Streamline+1"],"picked":"Capacitor+1","floor":39},{"not_picked":["Sweeping Beam+1","Undo"],"picked":"Streamline+1","floor":40},{"not_picked":["Sweeping Beam+1","Stack+1"],"picked":"Gash","floor":45},{"not_picked":["Crystallizer+1","Conserve Battery"],"picked":"Defragment+1","floor":45},{"not_picked":["Panic Button","Cold Snap+1"],"picked":"Stack+1","floor":45},{"not_picked":["ReplayTheSpireMod:GoodbyeWorld+1","ReplayTheSpireMod:System Scan"],"picked":"White Noise+1","floor":48},{"not_picked":["Turbo+1","Panic Button"],"picked":"Sweeping Beam+1","floor":48},{"not_picked":["Rebound+1","Compile Driver"],"picked":"Melter","floor":48},{"not_picked":["BasicCrystalCard+1","ReplayTheSpireMod:Reroute Power+1"],"picked":"Gash+1","floor":50}],"player_experience":160492,"relics_obtained":[{"floor":6,"key":"Replay:Bottled Steam"},{"floor":9,"key":"Frozen Egg 2"},{"floor":12,"key":"ReplayTheSpireMod:Lightbulb"},{"floor":24,"key":"Blue Candle"},{"floor":26,"key":"Geode"},{"floor":32,"key":"Thread and Needle"},{"floor":39,"key":"infinitespire:CursedDice"},{"floor":40,"key":"Replay:Bottled Flurry"},{"floor":41,"key":"Ancient Tea Set"},{"floor":43,"key":"infinitespire:WardingShard"},{"floor":50,"key":"Durian"}],"event_choices":[{"damage_healed":0,"gold_gain":0,"player_choice":"Leave","damage_taken":0,"max_hp_gain":0,"max_hp_loss":0,"event_name":"The Cleric","floor":2,"gold_loss":0},{"damage_healed":0,"gold_gain":0,"player_choice":"Rummage","damage_taken":0,"relics_obtained":["WarpedTongs"],"max_hp_gain":0,"max_hp_loss":0,"event_name":"Accursed Blacksmith","floor":8,"gold_loss":0,"cards_obtained":["Pain"]},{"damage_healed":0,"gold_gain":0,"player_choice":"Grow","damage_taken":0,"max_hp_gain":0,"max_hp_loss":0,"event_name":"Living Wall","floor":11,"gold_loss":0,"cards_upgraded":["Genetic Algorithm"]},{"damage_healed":0,"gold_gain":0,"player_choice":"Entered Light","damage_taken":15,"max_hp_gain":0,"max_hp_loss":0,"event_name":"Shining Light","floor":14,"gold_loss":0,"cards_upgraded":["Strike_B","Mirror Shield"]},{"damage_healed":0,"gold_gain":0,"player_choice":"Gave Potion","damage_taken":0,"relics_obtained":["Replay:Rubber Ducky"],"max_hp_gain":0,"max_hp_loss":0,"event_name":"WeMeetAgain","floor":20,"gold_loss":0},{"damage_healed":0,"gold_gain":0,"player_choice":"Fight","damage_taken":0,"max_hp_gain":0,"max_hp_loss":0,"event_name":"MindBloom","floor":39,"gold_loss":0}],"is_beta":false,"boss_relics":[{"not_picked":["Runic Pyramid","Runic Dome"],"picked":"Nuclear Battery"},{"not_picked":["Coffee Dripper","FrozenCore"],"picked":"Replay:Ancient Bell"},{"not_picked":["Dream Catcher","Simple Rune"],"picked":"Blood Vial"},{"not_picked":["Letter Opener","Quantum Egg"],"picked":"infinitespire:FocusingShard"},{"not_picked":["Unceasing Top","Replay:Multitool"],"picked":"Girya"}],"items_purged_floors":[],"is_endless":false,"potions_floor_spawned":[3,5,13,18,25,28,31,33,35,39,40,50],"ascension_level":1}}