{"host":"gfcy6tva0ju5i6qm","time":1610409491,"event":{"mods":["AchievementEnabler","Act Like it!","Bartender","BaseMod","Best Route Mod","Better Altar","Better Match","Better Note","Better Sensory Stone","Better Skull","Block Reminder","Colored Map","Colored Powertips","DeckTracker","Energized Spire","Friendly Minions","GifTheSpireLib","Hermit","Jorbs\u0027s Wanderer Trilogy","Minty Spire (QoL Compilation)","Rare Cards Sparkle","Shop Mod","StSLib","The Bladedancer","The Bug Knight","The Cursed","The Disciple","The Hierophant","The Judge","The Servant 0.9.4","TheFirefly","everything is the same but u backflip on backflip"],"gold_per_floor":[115,132,147,160,176,176,176,176,176,196,231,231,242,255,255,350,350,362,362,376,388,406,438,438,467,467,493,503,503,514,514,514],"floor_reached":31,"playtime":2435,"items_purged":[],"score":410,"play_id":"72ee13a3-9324-4489-a00e-f49c0f69ca35","local_time":"20210111185811","is_ascension_mode":true,"campfire_choices":[{"data":"DevaForm","floor":6.0,"key":"SMITH"},{"data":"WaveOfTheHand","floor":8.0,"key":"SMITH"},{"data":"Scrawl","floor":12.0,"key":"SMITH"},{"floor":15.0,"key":"REST"},{"floor":24.0,"key":"REST"},{"floor":29.0,"key":"REST"}],"circlet_count":0,"master_deck":["Strike_P","Strike_P","Strike_P","Defend_P","Defend_P","Defend_P","Defend_P","Eruption","Vigilance","DevaForm+1","WaveOfTheHand+1","BowlingBash","Crescendo","FlyingSleeves","LikeWater","FearNoEvil","CrushJoints","Scrawl+1","FollowUp","Wireheading","Blasphemy","Whirlwind+1","Swivel","Halt","Wallop","ClearTheMind+1","Wallop+1","ThirdEye+1"],"relics":["HolyWater","TeardropLocket","Yang","Letter Opener","HollowMod:PaleOreRelic","Orichalcum","White_Cape"],"acts_visited":["Exordium","TheCity"],"potions_floor_usage":[],"damage_taken":[{"damage":0.0,"enemies":"Small Slimes","floor":1.0,"turns":3.0},{"damage":0.0,"enemies":"2 Louse","floor":2.0,"turns":2.0},{"damage":1.0,"enemies":"Jaw Worm","floor":3.0,"turns":3.0},{"damage":0.0,"enemies":"Red Slaver","floor":4.0,"turns":1.0},{"damage":6.0,"enemies":"3 Louse","floor":5.0,"turns":3.0},{"damage":6.0,"enemies":"Lots of Slimes","floor":10.0,"turns":4.0},{"damage":0.0,"enemies":"Gremlin Nob","floor":11.0,"turns":2.0},{"damage":0.0,"enemies":"2 Fungi Beasts","floor":13.0,"turns":3.0},{"damage":10.0,"enemies":"Exordium Wildlife","floor":14.0,"turns":2.0},{"damage":37.0,"enemies":"The Guardian","floor":16.0,"turns":8.0},{"damage":4.0,"enemies":"Chosen","floor":18.0,"turns":4.0},{"damage":0.0,"enemies":"Spheric Guardian","floor":20.0,"turns":2.0},{"damage":15.0,"enemies":"Snake Plant","floor":21.0,"turns":6.0},{"damage":7.0,"enemies":"Cultist and Chosen","floor":22.0,"turns":7.0},{"damage":30.0,"enemies":"Gremlin Leader","floor":23.0,"turns":6.0},{"damage":11.0,"enemies":"Book of Stabbing","floor":25.0,"turns":4.0},{"damage":7.0,"enemies":"Gremlin Leader","floor":27.0,"turns":3.0},{"damage":0.0,"enemies":"Centurion and Healer","floor":28.0,"turns":4.0},{"damage":0.0,"enemies":"Snake Plant","floor":30.0,"turns":1.0},{"damage":28,"enemies":"Book of Stabbing","floor":31,"turns":5}],"seed_played":"-2927549719013013525","potions_obtained":[{"floor":3.0,"key":"Fire Potion"},{"floor":10.0,"key":"DistilledChaos"},{"floor":11.0,"key":"StancePotion"},{"floor":16.0,"key":"Swift Potion"},{"floor":18.0,"key":"Ancient Potion"},{"floor":20.0,"key":"LiquidMemories"},{"floor":21.0,"key":"CultistPotion"},{"floor":30.0,"key":"AttackPotion"}],"is_trial":false,"path_per_floor":["M","M","M","M","M","R","?","R","T","M","E","R","M","M","R","B",null,"M","?","M","M","M","E","R","E","T","E","M","R","M","E"],"character_chosen":"WATCHER","items_purchased":[],"campfire_rested":3,"item_purchase_floors":[],"current_hp_per_floor":[51,51,50,50,44,44,44,44,44,38,38,38,38,28,49,12,57,53,53,53,38,31,1,22,11,11,4,4,25,25,0,0],"gold":514,"neow_bonus":"THREE_RARE_CARDS","is_daily":false,"chose_seed":false,"campfire_upgraded":3,"win_rate":0.0,"timestamp":1610409491,"path_taken":["M","M","M","M","M","R","?","R","T","M","E","R","M","M","R","BOSS","M","?","?","M","M","E","R","E","T","E","M","R","M","E"],"items_purchased_type":[],"build_version":"2020-12-22","purchased_purges":0,"victory":false,"max_hp_per_floor":[72,72,72,72,72,72,72,72,72,72,72,72,72,72,72,72,72,72,72,72,72,72,72,72,72,72,72,72,72,72,72,72],"card_choices":[{"not_picked":["Ragnarok","Devotion"],"picked":"DevaForm","floor":0.0},{"not_picked":["FlurryOfBlows","Conclude"],"picked":"WaveOfTheHand","floor":1.0},{"not_picked":["ThirdEye","ClearTheMind"],"picked":"BowlingBash","floor":2.0},{"not_picked":["BowlingBash","Swivel"],"picked":"Crescendo","floor":3.0},{"not_picked":["Evaluate","EmptyBody"],"picked":"FlyingSleeves","floor":4.0},{"not_picked":["SandsOfTime","SashWhip"],"picked":"LikeWater","floor":5.0},{"not_picked":["Weave","ClearTheMind"],"picked":"CrushJoints","floor":10.0},{"not_picked":["FlyingSleeves","Conclude"],"picked":"Scrawl","floor":11.0},{"not_picked":["CrushJoints","Crescendo"],"picked":"FollowUp","floor":13.0},{"not_picked":["Protect","SashWhip"],"picked":"Wireheading","floor":14.0},{"not_picked":["DevaForm","Wish"],"picked":"Blasphemy","floor":16.0},{"not_picked":["CrushJoints","FollowUp","BowlingBash"],"picked":"SKIP","floor":18.0},{"not_picked":["PathToVictory","Protect"],"picked":"Swivel","floor":20.0},{"not_picked":["EmptyFist+1","SashWhip"],"picked":"Halt","floor":21.0},{"not_picked":["FollowUp","Judgement","Pray"],"picked":"SKIP","floor":22.0},{"not_picked":["SandsOfTime","Worship"],"picked":"Wallop","floor":23.0},{"not_picked":["EmptyBody+1","WreathOfFlame"],"picked":"ClearTheMind+1","floor":25.0},{"not_picked":["WheelKick","Scrawl"],"picked":"Wallop+1","floor":27.0},{"not_picked":["FlyingSleeves","Halt"],"picked":"ThirdEye+1","floor":28.0},{"not_picked":["Consecrate+1","SashWhip","ClearTheMind"],"picked":"SKIP","floor":30.0}],"player_experience":450727,"relics_obtained":[{"floor":9.0,"key":"TeardropLocket"},{"floor":11.0,"key":"Yang"},{"floor":23.0,"key":"Letter Opener"},{"floor":25.0,"key":"HollowMod:PaleOreRelic"},{"floor":26.0,"key":"Orichalcum"},{"floor":27.0,"key":"White_Cape"}],"event_choices":[{"damage_healed":0.0,"max_hp_gain":0.0,"max_hp_loss":0.0,"gold_gain":0.0,"cards_transformed":["Strike_P"],"event_name":"Living Wall","player_choice":"Change","floor":7.0,"gold_loss":0.0,"damage_taken":0.0,"cards_obtained":["FearNoEvil"]},{"cards_removed":["DevaForm"],"damage_healed":0.0,"max_hp_gain":0.0,"max_hp_loss":0.0,"gold_gain":0.0,"event_name":"betterNote:BetterNote","player_choice":"Take \u0026 Give","floor":19.0,"gold_loss":0.0,"damage_taken":0.0,"cards_obtained":["Whirlwind"]}],"is_beta":false,"boss_relics":[{"not_picked":["energizedSpire:MagnifyingGlass","energizedSpire:NeverEndingSparkler"],"picked":"HolyWater"}],"items_purged_floors":[],"is_endless":false,"potions_floor_spawned":[3,10,11,16,18,20,21,30],"killed_by":"Book of Stabbing","ascension_level":5}}