{"host":"jlz4is0nf6zo9oab","time":1610393521,"event":{"mods":["AchievementEnabler","BaseMod","Colored Map","Colored Powertips","Highlight Path","Minty Spire (QoL Compilation)","StSLib"],"gold_per_floor":[114,114,114,133,158,158,181,146,146,146,176,25,25,68,68,188,188,209,224,224,224,224,224,224,224,249,249,268,268,348,361,361,492,492,515,528,432,432,432,466,466,4,4,4,20,61,61,84,84,84,84],"floor_reached":50,"playtime":1847,"items_purged":["Strike_G"],"score":790,"play_id":"8bc1e893-7d14-40e3-82fb-a4eecfda3a84","local_time":"20210111203201","is_ascension_mode":true,"campfire_choices":[{"data":"Bouncing Flask","floor":6,"key":"SMITH"},{"data":"Neutralize","floor":10,"key":"SMITH"},{"floor":13,"key":"REST"},{"floor":15,"key":"REST"},{"data":"Footwork","floor":23,"key":"SMITH"},{"data":"Bane","floor":25,"key":"SMITH"},{"data":"Survivor","floor":27,"key":"SMITH"},{"data":"Blur","floor":29,"key":"SMITH"},{"data":"Crippling Poison","floor":32,"key":"SMITH"},{"floor":41,"key":"REST"},{"floor":44,"key":"REST"},{"floor":47,"key":"REST"},{"floor":49,"key":"REST"}],"circlet_count":0,"master_deck":["AscendersBane","Strike_G+1","Strike_G+1","Defend_G+1","Defend_G+1","Defend_G+1","Defend_G+1","Survivor+1","Neutralize+1","Bouncing Flask+1","Footwork+1","Bane+1","Die Die Die","Unload+1","Venomology+1","Blur+1","Crippling Poison+1","Corpse Explosion","Noxious Fumes","Dramatic Entrance","Bouncing Flask+1","Bane+1"],"relics":["Ring of the Serpent","Golden Idol","CultistMask","Bag of Marbles","Juzu Bracelet","Odd Mushroom","Blue Candle","Astrolabe","MutagenicStrength","Blood Vial","Gremlin Horn","MealTicket","InkBottle","Strange Spoon","White Beast Statue","Meat on the Bone"],"acts_visited":["Exordium","TheCity","TheBeyond"],"potions_floor_usage":[11,16,18,19,19,28,31,31,33,35,36,38,40,45,45,45,45,46,46,46,48,48,50,50,50],"damage_taken":[{"damage":2,"enemies":"Jaw Worm","floor":1,"turns":5},{"damage":10,"enemies":"Small Slimes","floor":4,"turns":4},{"damage":0,"enemies":"Cultist","floor":7,"turns":4},{"damage":23,"enemies":"The Mushroom Lair","floor":11,"turns":5},{"damage":32,"enemies":"Gremlin Nob","floor":14,"turns":5},{"damage":15,"enemies":"The Guardian","floor":16,"turns":9},{"damage":4,"enemies":"Chosen","floor":18,"turns":4},{"damage":17,"enemies":"2 Thieves","floor":19,"turns":4},{"damage":0,"enemies":"Snake Plant","floor":28,"turns":3},{"damage":3,"enemies":"Sentry and Sphere","floor":31,"turns":3},{"damage":116,"enemies":"Champ","floor":33,"turns":17},{"damage":40,"enemies":"3 Darklings","floor":35,"turns":3},{"damage":25,"enemies":"Orb Walker","floor":36,"turns":6},{"damage":0,"enemies":"3 Darklings","floor":38,"turns":1},{"damage":39,"enemies":"Reptomancer","floor":40,"turns":7},{"damage":21,"enemies":"Writhing Mass","floor":45,"turns":7},{"damage":31,"enemies":"Nemesis","floor":46,"turns":9},{"damage":34,"enemies":"Spire Growth","floor":48,"turns":5},{"damage":60,"enemies":"Donu and Deca","floor":50,"turns":5}],"seed_played":"3693547315849678813","potions_obtained":[{"floor":1,"key":"Strength Potion"},{"floor":7,"key":"DuplicationPotion"},{"floor":11,"key":"Swift Potion"},{"floor":19,"key":"FairyPotion"},{"floor":28,"key":"CultistPotion"},{"floor":33,"key":"Poison Potion"},{"floor":36,"key":"AttackPotion"},{"floor":40,"key":"EssenceOfSteel"},{"floor":45,"key":"ColorlessPotion"},{"floor":46,"key":"ColorlessPotion"},{"floor":48,"key":"DistilledChaos"}],"is_trial":false,"path_per_floor":["M","?","?","M","T","R","M","?","T","R","?","$","R","E","R","B",null,"M","M","?","$","?","R","?","R","T","R","M","R","T","M","R","B",null,"M","M","$","M","?","E","R","$","T","R","M","E","R","M","R","B"],"character_chosen":"THE_SILENT","items_purchased":["Footwork","SmokeBomb","InkBottle","Strange Spoon","Block Potion"],"campfire_rested":6,"item_purchase_floors":[12,37,42,42,42],"current_hp_per_floor":[61,44,44,34,34,34,34,51,51,51,28,28,49,17,38,23,58,54,37,80,80,80,80,80,80,80,80,80,80,80,77,77,4,61,23,15,15,17,17,13,37,52,52,76,57,28,52,32,56,0,0],"gold":84,"neow_bonus":"THREE_CARDS","is_daily":false,"chose_seed":false,"campfire_upgraded":7,"win_rate":0.0,"timestamp":1610393521,"path_taken":["M","?","?","?","?","R","M","?","T","R","?","?","R","E","R","BOSS","M","M","?","?","?","R","?","R","T","R","M","R","?","M","R","BOSS","M","M","$","M","?","E","R","$","T","R","M","E","R","M","R","BOSS"],"items_purchased_type":["Card","Potion","Relic","Relic","Potion"],"build_version":"2020-12-22","purchased_purges":1,"victory":false,"max_hp_per_floor":[70,70,70,70,70,70,70,70,70,70,70,70,70,70,70,70,70,70,70,80,80,80,80,80,80,80,80,80,80,80,80,80,80,80,80,80,80,80,80,80,80,80,80,80,80,80,80,80,80,80,80],"card_choices":[{"not_picked":["PiercingWail","Endless Agony"],"picked":"Bouncing Flask","floor":0},{"not_picked":["Choke","Finisher","Backflip"],"picked":"SKIP","floor":1},{"not_picked":["Bouncing Flask","Leg Sweep","Masterful Stab"],"picked":"SKIP","floor":4},{"not_picked":["Dagger Spray","Underhanded Strike","Sucker Punch"],"picked":"SKIP","floor":7},{"not_picked":["Poisoned Stab","Well Laid Plans"],"picked":"Bane","floor":14},{"not_picked":["Night Terror","A Thousand Cuts"],"picked":"Die Die Die","floor":16},{"not_picked":["Dagger Spray","Finisher","Slice"],"picked":"SKIP","floor":18},{"not_picked":["Quick Slash","Flechettes","Flying Knee"],"picked":"SKIP","floor":19},{"not_picked":["Poisoned Stab","Leg Sweep"],"picked":"Blur","floor":28},{"not_picked":["Blade Dance","Quick Slash+1"],"picked":"Crippling Poison","floor":31},{"not_picked":["Doppelganger","Phantasmal Killer"],"picked":"Corpse Explosion","floor":33},{"not_picked":["Dodge and Roll","Cloak And Dagger+1"],"picked":"Noxious Fumes","floor":35},{"not_picked":["Deflect","Dodge and Roll","Terror"],"picked":"SKIP","floor":36},{"not_picked":["Impatience","Discovery"],"picked":"Dramatic Entrance","floor":39},{"not_picked":["Dagger Spray","Masterful Stab","Phantasmal Killer"],"picked":"SKIP","floor":40},{"not_picked":["Blade Dance+1","Sucker Punch"],"picked":"Bouncing Flask+1","floor":45},{"not_picked":["Blade Dance+1","Poisoned Stab+1","Leg Sweep"],"picked":"SKIP","floor":46},{"not_picked":["Escape Plan","Cloak And Dagger"],"picked":"Bane+1","floor":48}],"player_experience":942172,"relics_obtained":[{"floor":5,"key":"Bag of Marbles"},{"floor":9,"key":"Juzu Bracelet"},{"floor":11,"key":"Odd Mushroom"},{"floor":14,"key":"Blue Candle"},{"floor":26,"key":"Blood Vial"},{"floor":30,"key":"Gremlin Horn"},{"floor":40,"key":"MealTicket"},{"floor":43,"key":"White Beast Statue"},{"floor":46,"key":"Meat on the Bone"}],"event_choices":[{"damage_healed":0,"gold_gain":0,"player_choice":"Take Damage","damage_taken":17,"relics_obtained":["Golden Idol"],"max_hp_gain":0,"max_hp_loss":0,"event_name":"Golden Idol","floor":2,"gold_loss":0},{"damage_healed":0,"gold_gain":0,"player_choice":"Trade","damage_taken":0,"relics_obtained":["CultistMask"],"max_hp_gain":0,"max_hp_loss":0,"event_name":"FaceTrader","floor":3,"gold_loss":0},{"damage_healed":17,"gold_gain":0,"player_choice":"Healed","damage_taken":0,"max_hp_gain":0,"max_hp_loss":0,"event_name":"The Cleric","floor":8,"gold_loss":35},{"damage_healed":0,"gold_gain":0,"player_choice":"Fought Mushrooms","damage_taken":0,"max_hp_gain":0,"max_hp_loss":0,"event_name":"Mushrooms","floor":11,"gold_loss":0},{"cards_removed":["Doppelganger"],"damage_healed":33,"gold_gain":0,"player_choice":"Offered Rare","damage_taken":0,"max_hp_gain":10,"max_hp_loss":0,"event_name":"Bonfire Elementals","floor":20,"gold_loss":0},{"damage_healed":0,"gold_gain":0,"player_choice":"Inject Mutagens","damage_taken":0,"relics_obtained":["MutagenicStrength"],"max_hp_gain":0,"max_hp_loss":0,"event_name":"Drug Dealer","floor":22,"gold_loss":0},{"damage_healed":0,"gold_gain":0,"player_choice":"Simplicity","damage_taken":0,"max_hp_gain":0,"max_hp_loss":0,"event_name":"Back to Basics","floor":24,"gold_loss":0,"cards_upgraded":["Strike_G","Strike_G","Defend_G","Defend_G","Defend_G","Defend_G"]},{"damage_healed":0,"gold_gain":0,"player_choice":"Memory 1","damage_taken":0,"max_hp_gain":0,"max_hp_loss":0,"event_name":"SensoryStone","floor":39,"gold_loss":0}],"is_beta":false,"boss_relics":[{"not_picked":["Velvet Choker","Sozu"],"picked":"Astrolabe"},{"not_picked":["Empty Cage","SlaversCollar"],"picked":"Ring of the Serpent"}],"items_purged_floors":[12],"is_endless":false,"potions_floor_spawned":[1,7,11,19,28,33,36,38,40,45,46,48],"killed_by":"Donu and Deca","ascension_level":12}}