{"host":"eemx8njkng76fu5x","time":1610406974,"event":{"mods":["2.2 Compatiblity","BaseMod","Downfall","Minty Spire (QoL Compilation)","Permanent Neow","StSLib","Unceasing Turn Reminder","Unknown Chances"],"gold_per_floor":[349,362,375,386,145,70,93,123,139,169,195,210,60,91,101,205,205,205,222,237,252,267,267,267,297,297,322,322,64,83,114,124,227,227,227,241,256,256,256,256,256,268,283,314,314,334,334,298,310,310,310,345,97,97,97],"floor_reached":56,"playtime":3622,"items_purged":["Guardian:Strike_Guardian","Guardian:Strike_Guardian","Parasite"],"score":1612,"play_id":"34d0706d-7426-43eb-87e1-671c0c3742c2","local_time":"20210112071614","is_ascension_mode":true,"campfire_choices":[{"floor":1.0,"key":"RECALL"},{"data":"Guardian:SentryBeam","floor":6.0,"key":"SMITH"},{"data":"Guardian:SentryBeam","floor":13.0,"key":"SMITH"},{"data":"Guardian:VentSteam","floor":18.0,"key":"SMITH"},{"data":"Guardian:Harden","floor":23.0,"key":"SMITH"},{"data":"Guardian:ArmoredProtocol","floor":26.0,"key":"SMITH"},{"data":"Guardian:PiercingHide","floor":28.0,"key":"SMITH"},{"data":"Guardian:BronzeOrb","floor":35.0,"key":"SMITH"},{"data":"Guardian:PolyBeam","floor":40.0,"key":"SMITH"},{"data":"Guardian:TemporalShield","floor":45.0,"key":"SMITH"},{"data":"Guardian:TwinSlam","floor":47.0,"key":"SMITH"},{"data":"Guardian:Incinerate","floor":54.0,"key":"SMITH"}],"circlet_count":0,"master_deck":["Guardian:Strike_Guardian","Guardian:Defend_Guardian","Guardian:Defend_Guardian","Guardian:Defend_Guardian","Guardian:Defend_Guardian","Guardian:CurlUp","Guardian:TwinSlam+1","Guardian:SentryBeam+1","Guardian:ChargeCore","Guardian:SentryBeam+1","Guardian:TemporalStrike","Guardian:Incinerate+1","Guardian:ArmoredProtocol+1","Guardian:PiercingHide+1","Guardian:VentSteam+1","CurseOfTheBell","Guardian:TemporalShield+1","Guardian:PrimingBeam+1","Guardian:Harden+1","Guardian:PrimingBeam+1","Guardian:EvasiveProtocol+1","Guardian:ArmoredProtocol+1","Guardian:PolyBeam+1","Guardian:BronzeOrb+1","Guardian:Emergency+1"],"relics":["Guardian:ModeShifter","hexamod:BolsterEngine","downfall:HeartBlessingRed","Boot","Odd Mushroom","Bottled Flame","downfall:HeartBlessingGreen","downfall:HeartBlessingBlue","White Beast Statue","Calling Bell","Bag of Marbles","InkBottle","champ:DeflectingBracers","WingedGreaves","Frozen Egg 2","Thread and Needle","Centennial Puzzle","Coffee Dripper","Toy Ornithopter","Calipers","Shuriken","Blood Vial","Kunai"],"acts_visited":["Exordium","TheCity","TheBeyond","TheEnding"],"potions_floor_usage":[55,55,55,55,55],"damage_taken":[{"damage":5.0,"enemies":"Cultist","floor":2.0,"turns":5.0},{"damage":0.0,"enemies":"Small Slimes","floor":3.0,"turns":2.0},{"damage":0.0,"enemies":"Jaw Worm","floor":4.0,"turns":2.0},{"damage":0.0,"enemies":"downfall:FleeingMerchant","floor":5.0,"turns":4.0},{"damage":0.0,"enemies":"Blue Slaver","floor":9.0,"turns":3.0},{"damage":4.0,"enemies":"The Mushroom Lair","floor":10.0,"turns":3.0},{"damage":3.0,"enemies":"3 Sentries","floor":11.0,"turns":5.0},{"damage":5.0,"enemies":"Lots of Slimes","floor":12.0,"turns":2.0},{"damage":2.0,"enemies":"Lagavulin","floor":14.0,"turns":4.0},{"damage":7.0,"enemies":"Gremlin Gang","floor":15.0,"turns":4.0},{"damage":5.0,"enemies":"downfall:Defect","floor":16.0,"turns":5.0},{"damage":0.0,"enemies":"3 Byrds","floor":19.0,"turns":3.0},{"damage":0.0,"enemies":"Centurion and Healer","floor":20.0,"turns":4.0},{"damage":4.0,"enemies":"Snecko","floor":21.0,"turns":3.0},{"damage":0.0,"enemies":"Cultist and Chosen","floor":22.0,"turns":4.0},{"damage":14.0,"enemies":"Gremlin Leader","floor":25.0,"turns":7.0},{"damage":18.0,"enemies":"Slavers","floor":27.0,"turns":4.0},{"damage":0.0,"enemies":"downfall:FleeingMerchant","floor":29.0,"turns":4.0},{"damage":0.0,"enemies":"3 Cultists","floor":30.0,"turns":3.0},{"damage":0.0,"enemies":"Book of Stabbing","floor":31.0,"turns":4.0},{"damage":0.0,"enemies":"Chosen and Byrds","floor":32.0,"turns":4.0},{"damage":0.0,"enemies":"downfall:Silent","floor":33.0,"turns":5.0},{"damage":0.0,"enemies":"3 Shapes","floor":36.0,"turns":3.0},{"damage":0.0,"enemies":"3 Darklings","floor":37.0,"turns":3.0},{"damage":0.0,"enemies":"4 Shapes","floor":42.0,"turns":3.0},{"damage":0.0,"enemies":"Sphere and 2 Shapes","floor":43.0,"turns":3.0},{"damage":0.0,"enemies":"Giant Head","floor":44.0,"turns":5.0},{"damage":0.0,"enemies":"Writhing Mass","floor":46.0,"turns":4.0},{"damage":0.0,"enemies":"downfall:FleeingMerchant","floor":48.0,"turns":2.0},{"damage":0.0,"enemies":"Spire Growth","floor":49.0,"turns":3.0},{"damage":0.0,"enemies":"downfall:Ironclad","floor":50.0,"turns":5.0},{"damage":0.0,"enemies":"downfall:CharBossMerchant","floor":52.0,"turns":6.0},{"damage":0,"enemies":"downfall:NeowBoss","floor":55,"turns":19}],"seed_played":"2114700557302585427","potions_obtained":[{"floor":2.0,"key":"AttackPotion"},{"floor":9.0,"key":"SkillPotion"},{"floor":11.0,"key":"hexamod:EctoCoolerPotion"},{"floor":12.0,"key":"Slimebound:ThreeZeroPotion"},{"floor":15.0,"key":"Weak Potion"},{"floor":16.0,"key":"Guardian:DefensiveModePotion"},{"floor":19.0,"key":"DuplicationPotion"},{"floor":22.0,"key":"Ancient Potion"},{"floor":42.0,"key":"Dexterity Potion"},{"floor":44.0,"key":"EssenceOfSteel"},{"floor":48.0,"key":"EntropicBrew"}],"is_trial":false,"path_per_floor":["R","M","M","M","$","R","T","?","M","?","E","M","R","E","M","B",null,"R","M","M","M","M","R","T","E","R","E","R","$","M","E","M","B",null,"R","M","M","?","?","R","T","M","M","E","R","M","R","$","M","B",null,"E","$","R","B",null],"character_chosen":"GUARDIAN","items_purchased":["hexamod:BolsterEngine","Guardian:Gem_Yellow","Guardian:ArmoredProtocol+1","Shuriken","Kunai"],"campfire_rested":0,"item_purchase_floors":[5,29,29,48,53],"current_hp_per_floor":[72,67,67,67,67,67,67,67,67,63,60,55,65,63,56,51,82,82,82,82,78,78,78,78,64,64,46,46,46,46,46,46,46,82,82,82,82,82,82,82,82,82,82,82,82,82,82,79,79,79,79,79,79,79,79],"gold":97,"neow_bonus":"TWO_FIFTY_GOLD","is_daily":false,"chose_seed":false,"campfire_upgraded":11,"win_rate":0.0,"timestamp":1610406974,"path_taken":["R","M","M","M","?","R","T","?","M","?","E","?","R","E","M","BOSS","R","M","?","?","M","R","T","E","R","E","R","$","M","E","M","BOSS","R","M","M","?","?","R","T","M","M","E","R","M","R","$","M","BOSS","E","$","R","BOSS"],"items_purchased_type":["Relic","Card","Card","Relic","Relic"],"build_version":"2020-12-22","purchased_purges":3,"victory":true,"max_hp_per_floor":[72,72,72,72,72,72,72,72,72,72,72,72,82,82,82,82,82,82,82,82,82,82,82,82,82,82,82,82,82,82,82,82,82,82,82,82,82,82,82,82,82,82,82,82,82,82,82,79,79,79,79,79,79,79,79],"card_choices":[{"not_picked":["Guardian:PiercingHide","Guardian:GuardianWhirl"],"picked":"Guardian:SentryBeam","floor":2.0},{"not_picked":["Guardian:ShieldCharger","Guardian:PrimingBeam"],"picked":"Guardian:ChargeCore","floor":3.0},{"not_picked":["Guardian:Suspension","Guardian:ShieldSpikes"],"picked":"Guardian:SentryBeam","floor":4.0},{"not_picked":["Guardian:Recover","Guardian:Gem_Lightblue"],"picked":"Guardian:Gem_Cyan","floor":5.0},{"not_picked":["Guardian:GemFire","Guardian:VentSteam"],"picked":"Guardian:TemporalStrike","floor":9.0},{"not_picked":["Guardian:BronzeArmor","Guardian:Suspension"],"picked":"Guardian:Incinerate","floor":10.0},{"not_picked":["Guardian:FloatingOrbs","Guardian:CompilePackage"],"picked":"Guardian:ArmoredProtocol","floor":11.0},{"not_picked":["Guardian:ShieldCharger","Guardian:MultiBeam"],"picked":"Guardian:PiercingHide","floor":12.0},{"not_picked":["Guardian:PiercingHide","Guardian:DonusPower"],"picked":"Guardian:VentSteam","floor":14.0},{"not_picked":["Guardian:Preprogram","Guardian:Gem_Fragmented"],"picked":"Guardian:Gem_White","floor":15.0},{"not_picked":["Guardian:ShieldCharger","Guardian:CrystalBeam"],"picked":"Guardian:TemporalShield","floor":19.0},{"not_picked":["Guardian:Suspension","Guardian:ShieldSpikes"],"picked":"Guardian:PrimingBeam+1","floor":20.0},{"not_picked":["Guardian:RollAttack","Guardian:PrimingBeam"],"picked":"Guardian:Harden","floor":21.0},{"not_picked":["Guardian:ChargeCore","Guardian:TimeBomb"],"picked":"Guardian:PrimingBeam+1","floor":22.0},{"not_picked":["Guardian:Recover","Guardian:FuturePlans+1"],"picked":"Guardian:Gem_Yellow","floor":25.0},{"not_picked":["Guardian:Recover","Guardian:PrimingBeam"],"picked":"Guardian:EvasiveProtocol+1","floor":27.0},{"not_picked":["Guardian:ChargeUp","Guardian:Recover+1"],"picked":"Guardian:Gem_White","floor":29.0},{"not_picked":["Guardian:Gem_Lightblue","Guardian:PrismaticBarrier"],"picked":"Guardian:PolyBeam","floor":30.0},{"not_picked":["Guardian:PrismaticBeam","Guardian:GuardianWhirl"],"picked":"Guardian:BronzeOrb","floor":31.0},{"not_picked":["Guardian:Preprogram","Guardian:Orbwalk+1","Guardian:DecasProtection"],"picked":"SKIP","floor":32.0},{"not_picked":["Guardian:BaubleBeam","Guardian:SphericShield"],"picked":"Guardian:Gem_Orange","floor":33.0},{"not_picked":["Guardian:TimeCapacitor+1","Guardian:RollAttack","Guardian:Recover"],"picked":"SKIP","floor":36.0},{"not_picked":["Guardian:PrismaticBeam","Guardian:Gem_Lightblue","Guardian:TemporalStrike"],"picked":"SKIP","floor":37.0},{"not_picked":["Guardian:ShieldCharger+1","Guardian:Gem_Cyan"],"picked":"Guardian:Gem_Yellow","floor":42.0},{"not_picked":["Guardian:Gem_Purple","Guardian:CrystalBeam"],"picked":"Guardian:Emergency+1","floor":43.0},{"not_picked":["Guardian:Gem_Purple","Guardian:Gem_Cyan","Guardian:StasisField"],"picked":"SKIP","floor":44.0},{"not_picked":["Guardian:Gem_Green","Guardian:RollAttack+1","Guardian:MultiBeam+1"],"picked":"SKIP","floor":46.0},{"not_picked":["Guardian:Emergency","Guardian:Reroute","Guardian:FloatingOrbs+1"],"picked":"SKIP","floor":48.0},{"not_picked":["Guardian:Gem_Green","Guardian:Gem_Lightblue","Guardian:CrystalBeam"],"picked":"SKIP","floor":49.0},{"not_picked":["Guardian:VentSteam","Guardian:Gem_Blue","Guardian:TemporalShield"],"picked":"SKIP","floor":52.0}],"player_experience":473365,"relics_obtained":[{"floor":10.0,"key":"Odd Mushroom"},{"floor":11.0,"key":"Bottled Flame"},{"floor":14.0,"key":"White Beast Statue"},{"floor":17.0,"key":"Bag of Marbles"},{"floor":17.0,"key":"InkBottle"},{"floor":17.0,"key":"champ:DeflectingBracers"},{"floor":24.0,"key":"WingedGreaves"},{"floor":25.0,"key":"Frozen Egg 2"},{"floor":27.0,"key":"Thread and Needle"},{"floor":31.0,"key":"Centennial Puzzle"},{"floor":41.0,"key":"Toy Ornithopter"},{"floor":44.0,"key":"Calipers"},{"floor":52.0,"key":"Blood Vial"}],"event_choices":[{"damage_healed":0.0,"max_hp_gain":0.0,"max_hp_loss":0.0,"gold_gain":0.0,"event_name":"Mushrooms","player_choice":"Fought Mushrooms","floor":10.0,"gold_loss":0.0,"damage_taken":0.0},{"cards_removed":["Guardian:Strike_Guardian"],"damage_healed":0.0,"max_hp_gain":0.0,"max_hp_loss":0.0,"gold_gain":0.0,"event_name":"Falling","player_choice":"Removed Attack","floor":39.0,"gold_loss":0.0,"damage_taken":0.0}],"is_beta":false,"boss_relics":[{"not_picked":["Velvet Choker","Busted Crown"],"picked":"Calling Bell"},{"not_picked":["Cursed Key","Fusion Hammer"],"picked":"Coffee Dripper"}],"items_purged_floors":[5,29,48],"is_endless":false,"potions_floor_spawned":[2,9,11,12,15,16,19,20,21,22,25,27,29,30,31,32,33,36,37,42,43,44,46,48,49,52],"ascension_level":1}}