{"host":"vfg9szunmpjwj08o","time":1610378064,"event":{"mods":["Act Like it!","BaseMod","Challenge The Spire","Colored Map","Colored Powertips","Dark Map","Fox Events","Minty Spire (QoL Compilation)","StSLib","Waifu the Spire"],"gold_per_floor":[117,117,129,145,7,32,32,57,103,121,16,16,34,44,44,44,44],"floor_reached":16,"playtime":728,"items_purged":[],"score":218,"play_id":"3781e09c-ccb3-40f2-bc8f-b96a1f141554","local_time":"20210111161424","is_ascension_mode":true,"campfire_choices":[{"data":"Zap","floor":7,"key":"SMITH"},{"data":"Discovery","floor":12,"key":"SMITH"},{"data":"Dualcast","floor":15,"key":"SMITH"}],"circlet_count":0,"master_deck":["AscendersBane","Strike_B","Strike_B","Strike_B","Defend_B","Defend_B","Defend_B","Defend_B","Zap+1","Dualcast+1","Impatience","Cold Snap","Fusion","Go for the Eyes","Recycle","Impatience","Conserve Battery","Discovery+1","Capacitor","Skim"],"relics":["Cracked Core","HornCleat","Regal Pillow","Strawberry"],"acts_visited":["Exordium"],"potions_floor_usage":[6,8,13,14],"damage_taken":[{"damage":0,"enemies":"Small Slimes","floor":1,"turns":3},{"damage":2,"enemies":"Jaw Worm","floor":3,"turns":4},{"damage":0,"enemies":"Cultist","floor":4,"turns":3},{"damage":38,"enemies":"Gremlin Nob","floor":6,"turns":4},{"damage":22,"enemies":"Lagavulin","floor":8,"turns":8},{"damage":3,"enemies":"2 Fungi Beasts","floor":10,"turns":3},{"damage":8,"enemies":"Gremlin Gang","floor":13,"turns":5},{"damage":3,"enemies":"Exordium Thugs","floor":14,"turns":4},{"damage":15,"enemies":"Hexaghost","floor":16,"turns":7}],"seed_played":"5664865238833383478","potions_obtained":[{"floor":3,"key":"Explosive Potion"},{"floor":4,"key":"Regen Potion"},{"floor":10,"key":"SneckoOil"},{"floor":14,"key":"Fruit Juice"}],"is_trial":false,"path_per_floor":["M","?","M","M","$","E","R","E","T","M","$","R","M","M","R","B"],"character_chosen":"DEFECT","items_purchased":["Recycle","Impatience","Discovery"],"campfire_rested":0,"item_purchase_floors":[5,5,11],"current_hp_per_floor":[64,64,62,62,62,24,24,17,24,21,21,21,13,15,15,0,0],"gold":44,"neow_bonus":"RANDOM_COLORLESS","is_daily":false,"chose_seed":false,"campfire_upgraded":3,"win_rate":0.0,"timestamp":1610378064,"path_taken":["M","?","M","M","$","E","R","E","T","M","?","R","?","M","R","BOSS"],"items_purchased_type":["Card","Card","Card"],"build_version":"2020-12-22","purchased_purges":0,"victory":false,"max_hp_per_floor":[71,71,71,71,71,71,71,71,78,78,78,78,78,83,83,83,83],"card_choices":[{"not_picked":["Blind","PanicButton"],"picked":"Impatience","floor":0},{"not_picked":["Genetic Algorithm","Hologram"],"picked":"Cold Snap","floor":1},{"not_picked":["Static Discharge","Barrage"],"picked":"Fusion","floor":3},{"not_picked":["Beam Cell","White Noise"],"picked":"Go for the Eyes","floor":4},{"not_picked":["Ball Lightning","Heatsinks"],"picked":"Conserve Battery","floor":6},{"not_picked":["Amplify","Ball Lightning","Beam Cell"],"picked":"SKIP","floor":8},{"not_picked":["Static Discharge","Fusion","Beam Cell"],"picked":"SKIP","floor":10},{"not_picked":["Rebound","Cold Snap"],"picked":"Capacitor","floor":13},{"not_picked":["Ball Lightning","Static Discharge"],"picked":"Skim","floor":14}],"player_experience":1055473,"relics_obtained":[{"floor":6,"key":"HornCleat"},{"floor":8,"key":"Regal Pillow"},{"floor":9,"key":"Strawberry"}],"event_choices":[{"cards_removed":["Strike_B"],"damage_healed":0,"gold_gain":0,"player_choice":"Forget","damage_taken":0,"max_hp_gain":0,"max_hp_loss":0,"event_name":"Living Wall","floor":2,"gold_loss":0}],"is_beta":false,"boss_relics":[],"items_purged_floors":[],"is_endless":false,"potions_floor_spawned":[3,4,10,14],"killed_by":"Hexaghost","ascension_level":19}}