{"host":"92108ef2q9tm8rod","time":1610386446,"event":{"mods":["BaseMod","Defuse TimeMaze Blight","Minty Spire (QoL Compilation)","StSLib","The Jungle"],"gold_per_floor":[110,110,125,145,162,162,180,180,180,194,214,240,273,304,304,406,456,467,430,279,299,316,316,342,188,212,212,224,250,250,269,269,364,364,374,385,235,249,265,265,294,294,317,43,68,95,95,20,20,20],"floor_reached":51,"playtime":2687,"items_purged":[],"score":1022,"play_id":"520d5d2d-19b5-4301-8382-29c1b841b1a3","local_time":"20210111173406","daily_mods":["SealedDeck","Purple Cards","Heirloom","Flight"],"is_ascension_mode":false,"campfire_choices":[{"data":"WindmillStrike","floor":6,"key":"SMITH"},{"data":"Deflect","floor":8,"key":"SMITH"},{"data":"SandsOfTime","floor":15,"key":"SMITH"},{"data":"Adrenaline","floor":23,"key":"SMITH"},{"data":"Deadly Poison","floor":27,"key":"SMITH"},{"floor":30,"key":"DIG"},{"data":"Dash","floor":32,"key":"SMITH"},{"data":"BowlingBash","floor":40,"key":"SMITH"},{"floor":42,"key":"DIG"},{"floor":47,"key":"REST"},{"floor":49,"key":"DIG"}],"circlet_count":0,"master_deck":["Dash+1","Protect+1","SandsOfTime+1","BowlingBash+1","FollowUp","FollowUp","Slice","Backflip","Deflect+1","Deadly Poison+1","WindmillStrike+1","Crippling Poison","Adrenaline+1","Noxious Fumes+1","Noxious Fumes+1"],"relics":["Ring of the Snake","Shovel","Mercury Hourglass","Matryoshka","Frozen Egg 2","Bag of Preparation","Tiny House","DollysMirror","Omamori","TwistedFunnel","Blood Vial","Boot","Gambling Chip","Regal Pillow","Black Star","Snake Skull","Lantern","Toxic Egg 2","Mummified Hand","Orichalcum","Smiling Mask","Membership Card","Ornamental Fan","Dream Catcher","Akabeko","MealTicket","Thread and Needle","Ice Cream"],"acts_visited":["Exordium","Exordium","TheBeyond"],"potions_floor_usage":[12,16,16,16,24,29,31,33,33,36,45,46,50,50,50],"damage_taken":[{"damage":0,"enemies":"Cultist","floor":1,"turns":2},{"damage":0,"enemies":"Small Slimes","floor":3,"turns":2},{"damage":0,"enemies":"2 Louse","floor":4,"turns":2},{"damage":0,"enemies":"Large Slime","floor":5,"turns":3},{"damage":0,"enemies":"Exordium Wildlife","floor":7,"turns":2},{"damage":0,"enemies":"Looter","floor":10,"turns":2},{"damage":0,"enemies":"Red Slaver","floor":11,"turns":2},{"damage":0,"enemies":"Gremlin Nob","floor":12,"turns":3},{"damage":8,"enemies":"Lagavulin","floor":13,"turns":4},{"damage":0,"enemies":"Gremlin Nob","floor":14,"turns":3},{"damage":0,"enemies":"Slime Boss","floor":16,"turns":4},{"damage":1,"enemies":"theJungle:MUSHROOMGANG","floor":18,"turns":3},{"damage":0,"enemies":"Shell Parasite","floor":21,"turns":4},{"damage":1,"enemies":"theJungle:SlimyTreeVines","floor":22,"turns":5},{"damage":0,"enemies":"theJungle:MamaSnecko","floor":24,"turns":4},{"damage":0,"enemies":"Snake Plant","floor":28,"turns":3},{"damage":16,"enemies":"theJungle:2_Phrogs","floor":29,"turns":4},{"damage":0,"enemies":"theJungle:Lyon","floor":31,"turns":3},{"damage":0,"enemies":"theJungle:QueenSpyder","floor":33,"turns":4},{"damage":0,"enemies":"Orb Walker","floor":35,"turns":3},{"damage":0,"enemies":"3 Darklings","floor":36,"turns":2},{"damage":6,"enemies":"Spire Growth","floor":38,"turns":4},{"damage":1,"enemies":"Transient","floor":39,"turns":5},{"damage":16,"enemies":"Reptomancer","floor":41,"turns":5},{"damage":27,"enemies":"Giant Head","floor":45,"turns":7},{"damage":8,"enemies":"Nemesis","floor":46,"turns":5},{"damage":27,"enemies":"Awakened One","floor":50,"turns":10}],"seed_played":"-4080606304198532870","potions_obtained":[{"floor":3,"key":"EssenceOfSteel"},{"floor":11,"key":"Fire Potion"},{"floor":12,"key":"Fire Potion"},{"floor":14,"key":"CunningPotion"},{"floor":16,"key":"FearPotion"},{"floor":17,"key":"FearPotion"},{"floor":24,"key":"SteroidPotion"},{"floor":28,"key":"SkillPotion"},{"floor":29,"key":"Energy Potion"},{"floor":33,"key":"DistilledChaos"},{"floor":35,"key":"SkillPotion"},{"floor":45,"key":"Fire Potion"}],"is_trial":true,"path_per_floor":["M","$","M","M","M","R","M","R","T","M","M","E","E","E","R","B",null,"M","$","$","M","M","R","E","$","T","R","M","E","R","M","R","B",null,"M","M","$","M","M","R","E","R","T","$","E","E","R","$","R","B",null],"character_chosen":"THE_SILENT","items_purchased":["Noxious Fumes+1","DollysMirror","TwistedFunnel","Snake Skull","Membership Card","Ornamental Fan","Block Potion","Weak Potion","Dexterity Potion"],"campfire_rested":1,"item_purchase_floors":[19,20,25,37,44,44,48,48,48],"current_hp_per_floor":[70,70,70,70,70,70,70,70,70,70,70,70,62,62,62,62,75,74,74,74,74,74,74,74,74,74,74,75,59,59,61,61,63,75,75,75,75,69,70,70,56,56,56,56,31,25,62,75,75,48],"gold":20,"neow_bonus":"","is_daily":false,"chose_seed":false,"campfire_upgraded":7,"win_rate":0.0,"timestamp":1610386446,"path_taken":["M","$","M","M","M","R","M","R","T","M","M","E","E","E","R","BOSS","M","$","$","M","M","R","E","$","T","R","M","E","R","M","R","BOSS","M","M","$","M","?","R","E","R","T","$","E","E","R","$","R","BOSS"],"items_purchased_type":["Card","Relic","Relic","Relic","Relic","Relic","Potion","Potion","Potion"],"build_version":"2020-12-22","purchased_purges":0,"victory":true,"max_hp_per_floor":[70,70,70,70,70,70,70,70,70,70,70,70,70,70,70,70,75,75,75,75,75,75,75,75,75,75,75,75,75,75,75,75,75,75,75,75,75,75,75,75,75,75,75,75,75,75,75,75,75,75],"card_choices":[{"not_picked":["Halt","FearNoEvil"],"picked":"WindmillStrike","floor":1},{"not_picked":["Choke","Deflect","EmptyFist"],"picked":"SKIP","floor":3},{"not_picked":["Worship","BowlingBash","SashWhip"],"picked":"SKIP","floor":4},{"not_picked":["BowlingBash","SashWhip","Cloak And Dagger"],"picked":"SKIP","floor":5},{"not_picked":["Backstab","JustLucky","Well Laid Plans"],"picked":"SKIP","floor":7},{"not_picked":["Swivel","Meditate","SashWhip"],"picked":"SKIP","floor":10},{"not_picked":["Leg Sweep","PiercingWail"],"picked":"Crippling Poison","floor":11},{"not_picked":["Bullet Time","Vengeance","Bane"],"picked":"SKIP","floor":12},{"not_picked":["JustLucky","Glass Knife","BattleHymn+1"],"picked":"SKIP","floor":13},{"not_picked":["Collect","Quick Slash","LessonLearned"],"picked":"SKIP","floor":14},{"not_picked":["Venomology","ConjureBlade"],"picked":"Adrenaline","floor":16},{"not_picked":["Endless Agony+1","Nirvana+1","PiercingWail"],"picked":"SKIP","floor":18},{"not_picked":["Acrobatics","PiercingWail","Outmaneuver"],"picked":"SKIP","floor":21},{"not_picked":["WreathOfFlame","EmptyBody","Nirvana+1"],"picked":"SKIP","floor":22},{"not_picked":["BattleHymn+1","Fasting2+1","Slice"],"picked":"SKIP","floor":24},{"not_picked":["Escape Plan+1","Cloak And Dagger+1","Tactician"],"picked":"SKIP","floor":28},{"not_picked":["ClearTheMind","Fasting2+1","Choke"],"picked":"SKIP","floor":29},{"not_picked":["BowlingBash","Blade Dance","Quick Slash"],"picked":"SKIP","floor":31},{"not_picked":["Dagger Throw+1","FollowUp+1","Dagger Spray"],"picked":"SKIP","floor":35},{"not_picked":["ClearTheMind","Underhanded Strike+1","Crescendo"],"picked":"SKIP","floor":36},{"not_picked":["Blade Dance+1","Halt","Deadly Poison"],"picked":"SKIP","floor":38},{"not_picked":["Heel Hook+1","FlurryOfBlows+1","Prostrate+1"],"picked":"SKIP","floor":39},{"not_picked":["Poisoned Stab","Deflect+1","Alpha+1"],"picked":"SKIP","floor":41},{"not_picked":["Bouncing Flask+1","WheelKick","Bane+1"],"picked":"SKIP","floor":45},{"not_picked":["Vault+1","Scrawl+1","LikeWater+1"],"picked":"SKIP","floor":46}],"player_experience":3273465,"relics_obtained":[{"floor":9,"key":"Mercury Hourglass"},{"floor":12,"key":"Matryoshka"},{"floor":13,"key":"Frozen Egg 2"},{"floor":14,"key":"Bag of Preparation"},{"floor":24,"key":"Omamori"},{"floor":26,"key":"Blood Vial"},{"floor":26,"key":"Boot"},{"floor":29,"key":"Gambling Chip"},{"floor":30,"key":"Regal Pillow"},{"floor":41,"key":"Lantern"},{"floor":41,"key":"Toxic Egg 2"},{"floor":42,"key":"Mummified Hand"},{"floor":43,"key":"Orichalcum"},{"floor":43,"key":"Smiling Mask"},{"floor":45,"key":"Dream Catcher"},{"floor":45,"key":"Akabeko"},{"floor":46,"key":"MealTicket"},{"floor":46,"key":"Thread and Needle"},{"floor":49,"key":"Ice Cream"}],"event_choices":[],"is_beta":false,"boss_relics":[{"not_picked":["HoveringKite","Calling Bell"],"picked":"Tiny House"},{"not_picked":["Fusion Hammer","Philosopher\u0027s Stone"],"picked":"Black Star"}],"items_purged_floors":[],"is_endless":false,"potions_floor_spawned":[3,11,12,14,16,24,28,29,33,35,45],"ascension_level":0}}