{"host":"r6da5kb9dzaaglw2","time":1610380684,"event":{"mods":["AchievementEnabler","BaseMod","Colored Powertips","Duelist Mod","GifTheSpireLib","Minty Spire (QoL Compilation)","StSLib"],"gold_per_floor":[135,148,223,223,240,270,270,301,301,330,255,275,285,89,89,187,187,198,198,216,227,227,256,256,281,281,298,332,37,48,83,83,183,183,200,200,255,255,272,272,304,324,347,347,190,37,62,76,76,76,76,76,24,52,52],"floor_reached":56,"playtime":5135,"items_purged":["theDuelist:Sparks"],"score":1804,"play_id":"50ad3cc8-6eb5-4052-9203-03630f6a37c6","local_time":"20210111165804","is_ascension_mode":true,"campfire_choices":[{"data":"theDuelist:AcidTrapHole","floor":7,"key":"SMITH"},{"data":"theDuelist:ArchfiendInterceptor","floor":15,"key":"SMITH"},{"data":"theDuelist:RedMirror","floor":24,"key":"SMITH"},{"data":"theDuelist:ArchfiendInterceptor","floor":32,"key":"SMITH"},{"floor":40,"key":"RECALL"},{"floor":44,"key":"REST"},{"floor":49,"key":"REST"},{"floor":52,"key":"REST"}],"circlet_count":0,"master_deck":["theDuelist:ArchfiendSoldier","theDuelist:ArchfiendSoldier","theDuelist:ArchfiendSoldier","theDuelist:FiendMegacyber+1","theDuelist:Sparks","theDuelist:SummonedSkull+1","theDuelist:Relinkuriboh","theDuelist:GoblinKing+1","theDuelist:ArchfiendInterceptor+1","theDuelist:ArchfiendInterceptor+1","theDuelist:FabledGallabas","theDuelist:RedMirror+1","theDuelist:UmbralHorrorGhost+1","theDuelist:GracefulCharity","theDuelist:Doomdog+1","theDuelist:DarkMasterZorc+1","theDuelist:PortraitSecret+1","theDuelist:RedSprinter+1","theDuelist:BerserkerCrush+4"],"relics":["theDuelist:MillenniumPuzzle","theDuelist:CardPoolRelic","theDuelist:CardPoolBasicRelic","theDuelist:BoosterPackPoolRelic","theDuelist:CardPoolAddRelic","theDuelist:CardPoolMinusRelic","theDuelist:CardPoolSaveRelic","theDuelist:CardPoolOptionsRelic","PreservedInsect","TungstenRod","theDuelist:MillenniumPrayerbook","Art of War","theDuelist:DuelistOrichalcum","theDuelist:ShopToken","SlaversCollar","theDuelist:MonsterEggRelic","MutagenicStrength","Frozen Egg 2","theDuelist:MillenniumRing","theDuelist:MillenniumArmor","theDuelist:SummonAnchorRare","War Paint","Fusion Hammer","Ginger","theDuelist:NamelessWarRelicC","theDuelist:PrayerPageB","MealTicket","theDuelist:TrapVortex","Whetstone","Orichalcum","Self Forming Clay"],"acts_visited":["Exordium","TheCity","TheBeyond","TheEnding"],"potions_floor_usage":[6,10,27,37,50,54,55,55],"damage_taken":[{"damage":7,"enemies":"Jaw Worm","floor":1,"turns":3},{"damage":0,"enemies":"Cultist","floor":2,"turns":3},{"damage":1,"enemies":"2 Louse","floor":5,"turns":3},{"damage":12,"enemies":"Gremlin Nob","floor":6,"turns":4},{"damage":20,"enemies":"Lagavulin","floor":8,"turns":5},{"damage":0,"enemies":"3 Sentries","floor":10,"turns":4},{"damage":0,"enemies":"Large Slime","floor":12,"turns":3},{"damage":0,"enemies":"Blue Slaver","floor":13,"turns":3},{"damage":4,"enemies":"The Guardian","floor":16,"turns":9},{"damage":0,"enemies":"Chosen","floor":18,"turns":4},{"damage":0,"enemies":"Spheric Guardian","floor":20,"turns":3},{"damage":7,"enemies":"3 Cultists","floor":21,"turns":6},{"damage":0,"enemies":"Book of Stabbing","floor":23,"turns":3},{"damage":0,"enemies":"Gremlin Leader","floor":25,"turns":3},{"damage":5,"enemies":"Snake Plant","floor":27,"turns":3},{"damage":0,"enemies":"Book of Stabbing","floor":28,"turns":3},{"damage":0,"enemies":"Centurion and Healer","floor":30,"turns":3},{"damage":0,"enemies":"Slavers","floor":31,"turns":2},{"damage":0,"enemies":"Collector","floor":33,"turns":5},{"damage":8,"enemies":"3 Shapes","floor":35,"turns":4},{"damage":0,"enemies":"2 Orb Walkers","floor":37,"turns":3},{"damage":0,"enemies":"Orb Walker","floor":39,"turns":2},{"damage":0,"enemies":"Reptomancer","floor":41,"turns":2},{"damage":0,"enemies":"Spire Growth","floor":42,"turns":3},{"damage":0,"enemies":"Giant Head","floor":47,"turns":3},{"damage":0,"enemies":"Writhing Mass","floor":48,"turns":3},{"damage":20,"enemies":"Donu and Deca","floor":50,"turns":5},{"damage":16,"enemies":"Shield and Spear","floor":54,"turns":3},{"damage":11,"enemies":"The Heart","floor":55,"turns":5}],"seed_played":"-6189187509532210650","potions_obtained":[{"floor":2,"key":"theDuelist:OrbBottle"},{"floor":4,"key":"theDuelist:SealedPackC"},{"floor":4,"key":"theDuelist:FlamingBottle"},{"floor":10,"key":"theDuelist:BurningPotionB"},{"floor":16,"key":"theDuelist:DebuffFuryPotion"},{"floor":18,"key":"Swift Potion"},{"floor":27,"key":"ColorlessPotion"},{"floor":30,"key":"theDuelist:MillenniumElixir"},{"floor":33,"key":"theDuelist:WhiteBottle"},{"floor":42,"key":"theDuelist:BarricadePotion"}],"is_trial":false,"path_per_floor":["M","M","?","?","M","E","R","E","T","E","$","M","M","$","R","B",null,"M","?","M","M","?","E","R","E","T","M","E","$","M","E","R","B",null,"M","?","?","?","M","R","E","M","T","R","$","$","E","M","R","B",null,"R","$","E","B",null],"character_chosen":"THE_DUELIST","items_purchased":["theDuelist:DuelistOrichalcum","theDuelist:ShopToken","theDuelist:SummonAnchorRare","theDuelist:TrapVortex","Whetstone","Energy Potion"],"campfire_rested":3,"item_purchase_floors":[14,14,29,45,46,53],"current_hp_per_floor":[73,73,62,62,61,49,49,29,29,29,29,29,29,29,29,25,66,66,61,61,54,54,54,54,54,54,49,49,49,49,49,49,60,75,67,67,67,67,67,67,67,67,67,70,70,70,70,70,70,50,65,70,70,54,43],"gold":52,"neow_bonus":"UPGRADE_CARD","is_daily":false,"chose_seed":false,"campfire_upgraded":4,"win_rate":0.0,"timestamp":1610380684,"path_taken":["M","M","?","?","M","E","R","E","T","E","$","M","M","$","R","BOSS","M","?","M","M","?","E","R","E","T","M","E","$","M","E","R","BOSS","M","?","?","?","M","R","E","M","T","R","?","$","E","M","R","BOSS","R","$","E","BOSS"],"items_purchased_type":["Relic","Relic","Relic","Relic","Relic","Potion"],"build_version":"2020-12-22","purchased_purges":1,"victory":true,"max_hp_per_floor":[80,80,80,80,80,80,80,80,80,80,80,80,80,80,80,80,80,80,80,80,80,80,80,80,80,80,80,80,80,80,80,80,80,80,80,80,80,70,70,70,70,70,70,70,70,70,70,70,70,70,70,70,70,70,70],"card_choices":[{"not_picked":["theDuelist:Lajinn","theDuelist:UmbralHorrorUniform","theDuelist:ArchfiendSoldier","theDuelist:CheerfulCoffin"],"picked":"theDuelist:Relinkuriboh","floor":1},{"not_picked":["theDuelist:Cloning","theDuelist:FuryFire+1","theDuelist:MagicalStone+1","theDuelist:OneForOne+1","theDuelist:DestructPotion"],"picked":"SKIP","floor":2},{"not_picked":["theDuelist:FlyingSaucer","theDuelist:FeatherShot","theDuelist:DarkFusion","theDuelist:Lajinn"],"picked":"theDuelist:AcidTrapHole","floor":5},{"not_picked":["theDuelist:UmbralHorrorGhost","theDuelist:TerraTerrible","theDuelist:FiendMegacyber","theDuelist:KingYami"],"picked":"theDuelist:GoblinKing","floor":6},{"not_picked":["theDuelist:FabledAshenveil","theDuelist:DarkHunter","theDuelist:MsJudge","theDuelist:BeastTalwar"],"picked":"theDuelist:ArchfiendInterceptor","floor":8},{"not_picked":["theDuelist:DarkCubicLord","theDuelist:ArchfiendCommander","theDuelist:CallGrave","theDuelist:Tierra","theDuelist:DarkMasterZorc"],"picked":"SKIP","floor":10},{"not_picked":["theDuelist:BottomlessTrapHole","theDuelist:SlateWarrior"],"picked":"theDuelist:ArchfiendInterceptor","floor":12},{"not_picked":["theDuelist:UmbralHorrorGhost","theDuelist:BeastTalwar","theDuelist:CyberArchfiend","theDuelist:ArchfiendSoldier","theDuelist:WanderingKing"],"picked":"SKIP","floor":13},{"not_picked":["theDuelist:FeatherShot","theDuelist:Wildfire","theDuelist:PutridPudding","theDuelist:ArchfiendGeneral"],"picked":"theDuelist:FabledGallabas","floor":16},{"not_picked":["theDuelist:DoomDonuts+1","theDuelist:DarknessNeosphere+1","theDuelist:Doomdog"],"picked":"theDuelist:RedMirror","floor":18},{"not_picked":["theDuelist:TwinHeadedWolf","theDuelist:CheerfulCoffin","theDuelist:ArchfiendSoldier","theDuelist:DarkFusion","theDuelist:DarkHunter"],"picked":"SKIP","floor":20},{"not_picked":["theDuelist:DarkFusion","theDuelist:FlyingSaucer","theDuelist:KingYami","theDuelist:SlateWarrior"],"picked":"theDuelist:UmbralHorrorGhost","floor":21},{"not_picked":["theDuelist:AttackTheMoon","theDuelist:ClearKuriboh","theDuelist:Mudora","theDuelist:WingedKuriboh","theDuelist:RainbowOverdragon+1"],"picked":"SKIP","floor":23},{"not_picked":["theDuelist:AcidTrapHole","theDuelist:DarkFusion"],"picked":"theDuelist:GracefulCharity","floor":25},{"not_picked":["theDuelist:ClearKuriboh","theDuelist:GauntletWarrior","theDuelist:Hinotama","theDuelist:MillenniumGolem","theDuelist:BattleOx"],"picked":"SKIP","floor":27},{"not_picked":["theDuelist:BeastTalwar","theDuelist:GiantOrc","theDuelist:UmbralHorrorUniform","theDuelist:DarkFusion","theDuelist:PotDuality"],"picked":"SKIP","floor":28},{"not_picked":["theDuelist:DoomDonuts+1","theDuelist:DarknessNeosphere+1","theDuelist:RedMirror+1","theDuelist:CallGrave+1"],"picked":"theDuelist:Doomdog+1","floor":30},{"not_picked":["theDuelist:WormWarlord","theDuelist:RedMedicine","theDuelist:EarthquakeGiant","theDuelist:BlackPendant+1"],"picked":"theDuelist:DianKeto","floor":31},{"not_picked":["theDuelist:PutridPudding","theDuelist:ArchfiendGeneral+1","theDuelist:ArchfiendCommander+1","theDuelist:FabledGallabas"],"picked":"theDuelist:DarkMasterZorc+1","floor":33},{"not_picked":["theDuelist:FeatherShot+1","theDuelist:BerserkerCrush+2","theDuelist:Wildfire+1","theDuelist:DarkFusion+1","theDuelist:LightningDarts"],"picked":"SKIP","floor":35},{"not_picked":["theDuelist:AcidTrapHole","theDuelist:FiendSkull+1","theDuelist:FabledAshenveil+1"],"picked":"SKIP","floor":39},{"not_picked":["theDuelist:Cloning","theDuelist:MirrorForce","theDuelist:PowerWall","theDuelist:RainbowLife+1"],"picked":"theDuelist:GoldenApples+1","floor":41},{"not_picked":["theDuelist:DoomDonuts+1","theDuelist:DarknessNeosphere+1","theDuelist:RedMirror+1","theDuelist:Doomdog+1","theDuelist:CallGrave+1"],"picked":"SKIP","floor":42},{"not_picked":["theDuelist:DrivenDaredevil+1","theDuelist:Pumpking+1","theDuelist:DarkFusion","theDuelist:WanderingKing"],"picked":"theDuelist:PortraitSecret+1","floor":47},{"not_picked":["theDuelist:Zombyra+1","theDuelist:Pumpking","theDuelist:BeastTalwar","theDuelist:AcidTrapHole+1"],"picked":"theDuelist:RedSprinter+1","floor":48},{"not_picked":["theDuelist:PotDuality+1","theDuelist:ChangeHeart+1","theDuelist:ReleaseFromStone+1","theDuelist:DarkFusion+4"],"picked":"theDuelist:BerserkerCrush+4","floor":54}],"player_experience":509640,"relics_obtained":[{"floor":6,"key":"PreservedInsect"},{"floor":8,"key":"TungstenRod"},{"floor":9,"key":"theDuelist:MillenniumPrayerbook"},{"floor":10,"key":"Art of War"},{"floor":23,"key":"Frozen Egg 2"},{"floor":25,"key":"theDuelist:MillenniumRing"},{"floor":28,"key":"theDuelist:MillenniumArmor"},{"floor":31,"key":"War Paint"},{"floor":37,"key":"Ginger"},{"floor":41,"key":"theDuelist:PrayerPageB"},{"floor":43,"key":"MealTicket"},{"floor":47,"key":"Orichalcum"},{"floor":54,"key":"Self Forming Clay"}],"event_choices":[{"damage_healed":0,"gold_gain":75,"player_choice":"Gather Gold","damage_taken":11,"max_hp_gain":0,"max_hp_loss":0,"event_name":"World of Goop","floor":3,"gold_loss":0},{"damage_healed":0,"gold_gain":0,"player_choice":"Got Potions","damage_taken":0,"max_hp_gain":0,"max_hp_loss":0,"event_name":"Lab","floor":4,"gold_loss":0},{"damage_healed":0,"gold_gain":0,"player_choice":"Dig - random Duelist relic","duelist":true,"damage_taken":0,"max_hp_gain":0,"max_hp_loss":0,"event_name":"Aknamkanon\u0027s Tomb","floor":19,"gold_loss":0},{"damage_healed":0,"gold_gain":0,"player_choice":"Inject Mutagens","damage_taken":0,"relics_obtained":["MutagenicStrength"],"max_hp_gain":0,"max_hp_loss":0,"event_name":"Drug Dealer","floor":22,"gold_loss":0},{"damage_healed":0,"gold_gain":0,"player_choice":"Leave","duelist":true,"damage_taken":0,"max_hp_gain":0,"max_hp_loss":0,"event_name":"Relic Duplicator","floor":36,"gold_loss":0},{"damage_healed":0,"gold_gain":0,"player_choice":"Fight","damage_taken":0,"max_hp_gain":0,"max_hp_loss":0,"event_name":"Mysterious Sphere","floor":37,"gold_loss":0},{"total_magic_score":74,"gold_gain":0,"duelist":true,"damage_taken":0,"relics_obtained":["theDuelist:NamelessWarRelicC"],"points":7,"war_reward":3,"max_hp_gain":0,"max_hp_loss":10,"spent_points":{"magic":1,"greed":1,"war":3,"power":1,"hunger":1},"event_name":"Nameless Tomb","floor":38,"gold_loss":0,"cards_obtained":[]}],"is_beta":false,"boss_relics":[{"not_picked":["Empty Cage","theDuelist:MillenniumKey"],"picked":"SlaversCollar"},{"not_picked":["Philosopher\u0027s Stone","Runic Pyramid"],"picked":"Fusion Hammer"}],"items_purged_floors":[11],"is_endless":false,"potions_floor_spawned":[2,5,10,16,18,21,27,30,33,35,42,47],"ascension_level":5}}