{"host":"pbf6u3tyx46snqc7","time":1610332859,"event":{"mods":["AchievementEnabler","BaseMod","Colored Map","Minty Spire (QoL Compilation)","Rare Cards Sparkle","SuperFastMode"],"gold_per_floor":[10,10,25,44,69,69,94,94,94,129,163,163,181,181,181,301,301,322,30,300,52,52,52,75,145,145,161,86,86,111,132,132,251,251,266,289,145,164,227,240,260,276,276,276,77,77,98,142,142,142],"floor_reached":51,"playtime":3060,"items_purged":["Nirvana"],"score":681,"play_id":"5cd7cc72-5163-456c-9f86-090e5534da2b","local_time":"20210111114059","is_ascension_mode":false,"campfire_choices":[{"data":"Wallop","floor":6.0,"key":"SMITH"},{"floor":8.0,"key":"REST"},{"floor":12.0,"key":"REST"},{"floor":15.0,"key":"REST"},{"floor":23.0,"key":"REST"},{"floor":29.0,"key":"REST"},{"floor":32.0,"key":"REST"},{"floor":46.0,"key":"REST"},{"floor":49.0,"key":"REST"}],"circlet_count":0,"master_deck":["Strike_P+1","Strike_P+1","Strike_P","Defend_P+1","Defend_P+1","Defend_P+1","Eruption+1","Vigilance+1","LessonLearned+1","Wallop+1","Consecrate+1","ThirdEye+1","CutThroughFate","Tantrum+1","InnerPeace+1","Halt+1","DeusExMachina+1","EmptyBody","Adaptation+1","EmptyMind","FlyingSleeves+1","Crescendo+1","CarveReality+1","Indignation+1","EmptyFist+1","Judgement","FollowUp+1","CrushJoints+1","CutThroughFate+1","Protect+1","Parasite","BattleHymn+1"],"relics":["PureWater","Golden Idol","Mummified Hand","WingedGreaves","Odd Mushroom","Matryoshka","VioletLotus","Tiny Chest","Pantograph","Oddly Smooth Stone","Molten Egg 2","War Paint","Nunchaku","SlaversCollar","Art of War","Du-Vu Doll","The Courier","Pear","Frozen Egg 2"],"acts_visited":["Exordium","TheCity","TheBeyond"],"potions_floor_usage":[50,50,50],"damage_taken":[{"damage":3.0,"enemies":"Jaw Worm","floor":1.0,"turns":2.0},{"damage":8.0,"enemies":"Small Slimes","floor":3.0,"turns":4.0},{"damage":0.0,"enemies":"2 Louse","floor":4.0,"turns":1.0},{"damage":0.0,"enemies":"Large Slime","floor":5.0,"turns":4.0},{"damage":12.0,"enemies":"Exordium Thugs","floor":7.0,"turns":4.0},{"damage":18.0,"enemies":"Lagavulin","floor":10.0,"turns":7.0},{"damage":5.0,"enemies":"The Mushroom Lair","floor":11.0,"turns":3.0},{"damage":2.0,"enemies":"2 Fungi Beasts","floor":13.0,"turns":2.0},{"damage":21.0,"enemies":"The Guardian","floor":16.0,"turns":10.0},{"damage":32.0,"enemies":"2 Thieves","floor":18.0,"turns":4.0},{"damage":0.0,"enemies":"Chosen","floor":24.0,"turns":1.0},{"damage":33.0,"enemies":"Snake Plant","floor":27.0,"turns":2.0},{"damage":14.0,"enemies":"Chosen and Byrds","floor":30.0,"turns":5.0},{"damage":0.0,"enemies":"Centurion and Healer","floor":31.0,"turns":3.0},{"damage":51.0,"enemies":"Champ","floor":33.0,"turns":10.0},{"damage":0.0,"enemies":"Orb Walker","floor":35.0,"turns":2.0},{"damage":0.0,"enemies":"3 Darklings","floor":36.0,"turns":3.0},{"damage":0.0,"enemies":"Jaw Worm Horde","floor":38.0,"turns":2.0},{"damage":0.0,"enemies":"Mind Bloom Boss Battle","floor":39.0,"turns":3.0},{"damage":1.0,"enemies":"Sphere and 2 Shapes","floor":40.0,"turns":3.0},{"damage":36.0,"enemies":"Maw","floor":41.0,"turns":6.0},{"damage":20.0,"enemies":"Jaw Worm Horde","floor":42.0,"turns":2.0},{"damage":16.0,"enemies":"Writhing Mass","floor":47.0,"turns":7.0},{"damage":10.0,"enemies":"Reptomancer","floor":48.0,"turns":5.0},{"damage":52,"enemies":"Time Eater","floor":50,"turns":8}],"seed_played":"1346566785798383631","potions_obtained":[{"floor":1.0,"key":"LiquidBronze"},{"floor":3.0,"key":"SneckoOil"},{"floor":7.0,"key":"DuplicationPotion"},{"floor":11.0,"key":"SpeedPotion"},{"floor":16.0,"key":"Ambrosia"},{"floor":18.0,"key":"SkillPotion"},{"floor":27.0,"key":"DistilledChaos"},{"floor":30.0,"key":"AttackPotion"},{"floor":36.0,"key":"DistilledChaos"},{"floor":42.0,"key":"Block Potion"},{"floor":47.0,"key":"CultistPotion"},{"floor":48.0,"key":"Ambrosia"}],"is_trial":false,"path_per_floor":["M","?","M","M","M","R","M","R","T","E","?","R","M","?","R","B",null,"M","$","?","$","?","R","M","T","T","M","$","R","M","M","R","B",null,"M","M","$","M","?","M","M","M","T","?","$","R","M","E","R","B",null],"character_chosen":"WATCHER","items_purchased":["Adaptation","EmptyMind","Tiny Chest","Pantograph","Art of War","Pear"],"campfire_rested":8,"item_purchase_floors":[19,19,19,21,37,45],"current_hp_per_floor":[69,51,43,43,43,43,31,52,52,34,29,50,48,36,57,36,72,40,40,13,13,13,34,34,34,34,1,1,22,8,8,29,3,72,72,72,72,72,72,71,35,15,15,15,25,48,32,22,45,18],"gold":142,"neow_bonus":"THREE_RARE_CARDS","is_daily":false,"chose_seed":false,"campfire_upgraded":1,"win_rate":0.0,"timestamp":1610332859,"path_taken":["M","?","M","M","M","R","M","R","T","E","?","R","M","?","R","BOSS","M","$","?","?","?","R","M","?","T","M","$","R","M","?","R","BOSS","M","M","$","M","?","M","M","M","T","?","$","R","M","E","R","BOSS"],"items_purchased_type":["Card","Card","Relic","Relic","Relic","Relic"],"build_version":"2020-12-22","purchased_purges":1,"victory":true,"max_hp_per_floor":[72,72,72,72,72,72,72,72,72,72,72,72,72,72,72,72,72,72,72,72,72,72,72,72,72,72,72,72,72,72,72,72,72,72,72,72,72,72,72,72,72,72,72,68,78,78,78,78,78,78],"card_choices":[{"not_picked":["Ragnarok","DevaForm"],"picked":"LessonLearned","floor":0.0},{"not_picked":["LikeWater","SandsOfTime"],"picked":"Wallop","floor":1.0},{"not_picked":["EmptyFist","Crescendo"],"picked":"Consecrate","floor":3.0},{"not_picked":["PathToVictory","BowlingBash"],"picked":"ThirdEye","floor":4.0},{"not_picked":["Crescendo","EmptyBody"],"picked":"CutThroughFate","floor":5.0},{"not_picked":["Weave","ThirdEye","CrushJoints"],"picked":"SKIP","floor":7.0},{"not_picked":["Nirvana","LikeWater"],"picked":"Tantrum","floor":10.0},{"not_picked":["SandsOfTime","Fasting2"],"picked":"InnerPeace","floor":11.0},{"not_picked":["FlyingSleeves","WindmillStrike"],"picked":"Halt","floor":13.0},{"not_picked":["DevaForm","Omniscience"],"picked":"DeusExMachina","floor":16.0},{"not_picked":["SashWhip","JustLucky"],"picked":"EmptyBody","floor":18.0},{"not_picked":["ThirdEye","Weave"],"picked":"Crescendo+1","floor":24.0},{"not_picked":["CrushJoints+1","LessonLearned+1"],"picked":"CarveReality+1","floor":27.0},{"not_picked":["Halt","PathToVictory"],"picked":"Indignation+1","floor":30.0},{"not_picked":["PathToVictory","SandsOfTime+1"],"picked":"EmptyFist+1","floor":31.0},{"not_picked":["DevaForm","ConjureBlade"],"picked":"Judgement","floor":33.0},{"not_picked":["FlyingSleeves+1","PathToVictory+1"],"picked":"FollowUp+1","floor":35.0},{"not_picked":["Evaluate+1","WheelKick+1"],"picked":"CrushJoints+1","floor":36.0},{"not_picked":["BowlingBash+1","EmptyFist+1"],"picked":"CutThroughFate+1","floor":38.0},{"not_picked":["Consecrate+1","Prostrate","Worship"],"picked":"SKIP","floor":40.0},{"not_picked":["Omniscience","CutThroughFate+1","Crescendo+1"],"picked":"SKIP","floor":41.0},{"not_picked":["InnerPeace+1","CutThroughFate+1"],"picked":"Protect+1","floor":42.0},{"not_picked":["Indignation+1","Crescendo+1","LikeWater"],"picked":"SKIP","floor":47.0},{"not_picked":["Consecrate+1","BowlingBash+1"],"picked":"BattleHymn+1","floor":48.0}],"player_experience":405194,"relics_obtained":[{"floor":9.0,"key":"Mummified Hand"},{"floor":10.0,"key":"WingedGreaves"},{"floor":11.0,"key":"Odd Mushroom"},{"floor":25.0,"key":"Oddly Smooth Stone"},{"floor":25.0,"key":"Molten Egg 2"},{"floor":26.0,"key":"War Paint"},{"floor":26.0,"key":"Nunchaku"},{"floor":39.0,"key":"Du-Vu Doll"},{"floor":43.0,"key":"The Courier"},{"floor":48.0,"key":"Frozen Egg 2"}],"event_choices":[{"damage_healed":0.0,"max_hp_gain":0.0,"max_hp_loss":0.0,"gold_gain":0.0,"event_name":"Golden Idol","player_choice":"Take Damage","floor":2.0,"gold_loss":0.0,"damage_taken":18.0,"relics_obtained":["Golden Idol"]},{"damage_healed":0.0,"max_hp_gain":0.0,"max_hp_loss":0.0,"gold_gain":0.0,"event_name":"Mushrooms","player_choice":"Fought Mushrooms","floor":11.0,"gold_loss":0.0,"damage_taken":0.0},{"damage_healed":0.0,"max_hp_gain":0.0,"max_hp_loss":0.0,"gold_gain":0.0,"event_name":"Scrap Ooze","player_choice":"Success","floor":14.0,"gold_loss":0.0,"damage_taken":12.0,"relics_obtained":["Matryoshka"]},{"damage_healed":0.0,"max_hp_gain":0.0,"max_hp_loss":0.0,"gold_gain":270.0,"event_name":"Knowing Skull","player_choice":"GOLD GOLD GOLD ","floor":20.0,"potions_obtained":[],"gold_loss":0.0,"damage_taken":27.0,"cards_obtained":[]},{"damage_healed":0.0,"max_hp_gain":0.0,"max_hp_loss":0.0,"gold_gain":0.0,"cards_transformed":["Defend_P","Strike_P"],"event_name":"Drug Dealer","player_choice":"Became Test Subject","floor":22.0,"gold_loss":0.0,"damage_taken":0.0,"cards_obtained":["Nirvana","FlyingSleeves"]},{"damage_healed":0.0,"max_hp_gain":0.0,"max_hp_loss":0.0,"gold_gain":0.0,"event_name":"MindBloom","player_choice":"Fight","floor":39.0,"gold_loss":0.0,"damage_taken":0.0},{"damage_healed":0.0,"max_hp_gain":0.0,"max_hp_loss":4.0,"gold_gain":0.0,"event_name":"Winding Halls","player_choice":"Max HP","floor":44.0,"gold_loss":0.0,"damage_taken":0.0}],"is_beta":false,"boss_relics":[{"not_picked":["Velvet Choker","Snecko Eye"],"picked":"VioletLotus"},{"not_picked":["Runic Pyramid","Runic Dome"],"picked":"SlaversCollar"}],"items_purged_floors":[28],"is_endless":false,"potions_floor_spawned":[1,3,7,11,16,18,27,30,36,42,47,48],"ascension_level":0}}