{"host":"ta9mufxydm4vkknf","time":1610399141,"event":{"mods":["AchievementEnabler","BaseMod","Minty Spire (QoL Compilation)","Quick Restart"],"gold_per_floor":[109,109,128,145,70,70,103,103,103,114,130,164,176,189,189,294,294,311,226,255,255,275,275,289,304,304,304,323,348,348,171,171,274,274,287,247,267,227,102,132,145,145,169,169,169],"floor_reached":44,"playtime":2258,"items_purged":["Strike_R","Strike_R","Strike_R"],"score":613,"play_id":"0fa03c7b-6e51-4b24-849a-8654a2bb59cf","local_time":"20210111220541","is_ascension_mode":true,"campfire_choices":[{"data":"Discovery","floor":6,"key":"SMITH"},{"data":"Uppercut","floor":15,"key":"SMITH"},{"data":"Pain","floor":23,"key":"PURGE"},{"data":"Flex","floor":30,"key":"SMITH"},{"data":"Whirlwind","floor":32,"key":"SMITH"},{"data":"Disarm","floor":42,"key":"SMITH"}],"circlet_count":0,"master_deck":["Strike_R","Defend_R","Defend_R","Defend_R","Defend_R","Bash","Battle Trance","Reaper","Discovery+1","Pommel Strike","Disarm+1","Uppercut+1","Flex+1","Pommel Strike","Whirlwind+1","Fiend Fire","True Grit+1","Wild Strike+1","Spot Weakness+1","RitualDagger","Iron Wave+1","Shockwave+1","Infernal Blade+1"],"relics":["Coffee Dripper","Magic Flower","Peace Pipe","Bottled Flame","Velvet Choker","Frozen Egg 2","Red Mask","WarpedTongs","Calipers","Unceasing Top","Runic Cube","StoneCalendar","Ancient Tea Set"],"acts_visited":["Exordium","TheCity","TheBeyond"],"potions_floor_usage":[18,20,28,29,33,40,40],"damage_taken":[{"damage":1,"enemies":"Cultist","floor":1,"turns":3},{"damage":5,"enemies":"Small Slimes","floor":3,"turns":3},{"damage":2,"enemies":"2 Louse","floor":4,"turns":3},{"damage":30,"enemies":"Gremlin Nob","floor":7,"turns":4},{"damage":2,"enemies":"2 Fungi Beasts","floor":10,"turns":4},{"damage":1,"enemies":"Looter","floor":11,"turns":3},{"damage":20,"enemies":"3 Sentries","floor":12,"turns":6},{"damage":15,"enemies":"Exordium Thugs","floor":13,"turns":4},{"damage":13,"enemies":"Gremlin Gang","floor":14,"turns":4},{"damage":47,"enemies":"Slime Boss","floor":16,"turns":10},{"damage":0,"enemies":"Spheric Guardian","floor":18,"turns":3},{"damage":0,"enemies":"Masked Bandits","floor":20,"turns":2},{"damage":6,"enemies":"Shell Parasite","floor":22,"turns":4},{"damage":27,"enemies":"Centurion and Healer","floor":24,"turns":5},{"damage":17,"enemies":"Snecko","floor":25,"turns":4},{"damage":13,"enemies":"Snake Plant","floor":28,"turns":2},{"damage":13,"enemies":"Book of Stabbing","floor":29,"turns":4},{"damage":69,"enemies":"Collector","floor":33,"turns":10},{"damage":14,"enemies":"Orb Walker","floor":35,"turns":3},{"damage":15,"enemies":"3 Shapes","floor":37,"turns":4},{"damage":29,"enemies":"Giant Head","floor":40,"turns":6},{"damage":20,"enemies":"3 Darklings","floor":41,"turns":5},{"damage":57,"enemies":"Nemesis","floor":44,"turns":5}],"seed_played":"-6488209009345782012","potions_obtained":[{"floor":4,"key":"ColorlessPotion"},{"floor":7,"key":"Ancient Potion"},{"floor":11,"key":"SteroidPotion"},{"floor":22,"key":"SteroidPotion"},{"floor":24,"key":"ElixirPotion"},{"floor":25,"key":"DuplicationPotion"},{"floor":33,"key":"Weak Potion"},{"floor":36,"key":"DuplicationPotion"},{"floor":37,"key":"DuplicationPotion"}],"is_trial":false,"path_per_floor":["M","?","M","M","$","R","E","?","T","M","M","E","M","M","R","B",null,"M","?","?","?","M","R","M","M","T","?","M","E","R","$","R","B",null,"M","?","M","?","$","E","M","R","T","E"],"character_chosen":"IRONCLAD","items_purchased":["Regen Potion"],"campfire_rested":0,"item_purchase_floors":[31],"current_hp_per_floor":[79,79,74,78,78,78,54,54,54,64,69,67,66,65,65,36,69,69,69,80,80,74,74,59,42,42,36,32,28,28,28,28,10,63,66,66,66,66,66,48,28,28,28,0,0],"gold":169,"neow_bonus":"BOSS_RELIC","is_daily":false,"chose_seed":false,"campfire_upgraded":5,"win_rate":0.0,"timestamp":1610399141,"path_taken":["M","?","M","M","?","R","E","?","T","?","M","E","M","M","R","BOSS","M","?","?","?","?","R","M","?","T","?","M","E","R","?","R","BOSS","M","?","?","?","$","E","?","R","T","E"],"items_purchased_type":["Potion"],"build_version":"2020-12-22","purchased_purges":3,"victory":false,"max_hp_per_floor":[80,80,80,80,80,80,80,80,80,80,80,80,80,80,80,80,80,80,80,80,80,80,80,80,80,80,80,80,80,80,80,80,80,80,80,80,80,80,80,80,80,80,80,80,80],"card_choices":[{"not_picked":["Clash","Havoc"],"picked":"Battle Trance","floor":1},{"not_picked":["Heavy Blade","Twin Strike"],"picked":"Pommel Strike","floor":3},{"not_picked":["Iron Wave","Power Through"],"picked":"Disarm","floor":4},{"not_picked":["Pommel Strike","Juggernaut"],"picked":"Uppercut","floor":7},{"not_picked":["Anger","Disarm"],"picked":"Flex","floor":10},{"not_picked":["Warcry","Intimidate"],"picked":"Pommel Strike","floor":11},{"not_picked":["Rampage","Limit Break","Entrench"],"picked":"SKIP","floor":12},{"not_picked":["Rampage","Limit Break","Entrench"],"picked":"SKIP","floor":12},{"not_picked":["Body Slam","Heavy Blade","Fire Breathing"],"picked":"SKIP","floor":13},{"not_picked":["Armaments","Warcry"],"picked":"Whirlwind","floor":14},{"not_picked":["Limit Break","Juggernaut"],"picked":"Fiend Fire","floor":16},{"not_picked":["Combust","Perfected Strike","Iron Wave"],"picked":"SKIP","floor":18},{"not_picked":["Cleave","Uppercut+1"],"picked":"True Grit","floor":20},{"not_picked":["True Grit","Havoc"],"picked":"Wild Strike+1","floor":22},{"not_picked":["Infernal Blade","Flex"],"picked":"Spot Weakness+1","floor":24},{"not_picked":["Iron Wave","Battle Trance","Wild Strike"],"picked":"SKIP","floor":25},{"not_picked":["Evolve+1","Intimidate"],"picked":"Iron Wave+1","floor":28},{"not_picked":["Feel No Pain+1","Anger","Pommel Strike"],"picked":"SKIP","floor":29},{"not_picked":["Pommel Strike+1","Headbutt+1"],"picked":"Shockwave+1","floor":35},{"not_picked":["Flame Barrier","Cleave+1"],"picked":"Infernal Blade+1","floor":37},{"not_picked":["Fire Breathing+1","Clothesline+1","Rampage+1"],"picked":"SKIP","floor":40},{"not_picked":["Clash+1","Thunderclap+1","Headbutt+1"],"picked":"SKIP","floor":41}],"player_experience":268176,"relics_obtained":[{"floor":7,"key":"Magic Flower"},{"floor":9,"key":"Peace Pipe"},{"floor":12,"key":"Bottled Flame"},{"floor":20,"key":"Red Mask"},{"floor":26,"key":"Calipers"},{"floor":29,"key":"Unceasing Top"},{"floor":40,"key":"StoneCalendar"},{"floor":43,"key":"Ancient Tea Set"}],"event_choices":[{"damage_healed":0,"gold_gain":0,"player_choice":"2 cards matched","damage_taken":0,"max_hp_gain":0,"max_hp_loss":0,"event_name":"Match and Keep!","floor":2,"gold_loss":0,"cards_obtained":["Reaper","Discovery"]},{"cards_removed":["Strike_R"],"damage_healed":0,"gold_gain":0,"player_choice":"Card Removal","damage_taken":0,"max_hp_gain":0,"max_hp_loss":0,"event_name":"Wheel of Change","floor":8,"gold_loss":0},{"damage_healed":0,"gold_gain":0,"player_choice":"Obtained Relic","damage_taken":0,"relics_obtained":["Frozen Egg 2"],"max_hp_gain":0,"max_hp_loss":0,"event_name":"Addict","floor":19,"gold_loss":85},{"damage_healed":0,"gold_gain":0,"player_choice":"Fought Bandits","damage_taken":0,"max_hp_gain":0,"max_hp_loss":0,"event_name":"Masked Bandits","floor":20,"gold_loss":0},{"damage_healed":0,"gold_gain":0,"player_choice":"Rummage","damage_taken":0,"relics_obtained":["WarpedTongs"],"max_hp_gain":0,"max_hp_loss":0,"event_name":"Accursed Blacksmith","floor":21,"gold_loss":0,"cards_obtained":["Pain"]},{"damage_healed":0,"gold_gain":0,"player_choice":"Joined the Cult","damage_taken":6,"max_hp_gain":0,"max_hp_loss":0,"event_name":"Nest","floor":27,"gold_loss":0,"cards_obtained":["RitualDagger"]},{"damage_healed":0,"gold_gain":0,"player_choice":"Bought 3 Potions","damage_taken":0,"max_hp_gain":0,"max_hp_loss":0,"event_name":"The Woman in Blue","floor":36,"gold_loss":0},{"damage_healed":0,"gold_gain":0,"player_choice":"Upgrade","damage_taken":0,"max_hp_gain":0,"max_hp_loss":0,"event_name":"Designer","floor":38,"gold_loss":40,"cards_upgraded":["True Grit"]}],"is_beta":false,"boss_relics":[{"not_picked":["Runic Dome","SacredBark"],"picked":"Velvet Choker"},{"not_picked":["Cursed Key","Empty Cage"],"picked":"Runic Cube"}],"items_purged_floors":[5,31,39],"is_endless":false,"potions_floor_spawned":[4,7,11,13,14,22,24,25,33,37],"killed_by":"Nemesis","ascension_level":5}}