{"host":"y89x8uui45kcjy42","time":1610361320,"event":{"mods":["2.2 Compatiblity","BaseMod","CapriCore","Colored Map","Colored Powertips","Custom Start","Friendly Minions","Keyboard Shortcuts","Minty Spire (QoL Compilation)","Relic Stats","Slay the Relics Exporter","StSLib","SuperFastMode","Uncapped"],"gold_per_floor":[119,119,138,148,73,73,73,73,73,101,136,136,136,171,171,244,244,254,254,254,271,186,215,215,250,250,208,238,238,270,305,305,378,378,395,62,87,87,124,124,124,155,181,181,181,181],"floor_reached":45,"playtime":1090,"items_purged":["Strike_R"],"score":1194,"play_id":"814d16fe-29e0-479b-ac20-4ddb8df8645f","local_time":"20210111193520","is_ascension_mode":true,"campfire_choices":[{"data":"Feed","floor":6,"key":"SMITH"},{"data":"Rupture","floor":7,"key":"SMITH"},{"data":"Hemokinesis","floor":8,"key":"SMITH"},{"data":"Entrench","floor":12,"key":"SMITH"},{"data":"Pummel","floor":13,"key":"SMITH"},{"data":"Pommel Strike","floor":15,"key":"SMITH"},{"data":"Limit Break","floor":24,"key":"SMITH"},{"data":"Dropkick","floor":29,"key":"SMITH"},{"data":"Bash","floor":32,"key":"SMITH"},{"data":"1","floor":40,"key":"LIFT"},{"data":"2","floor":41,"key":"LIFT"},{"data":"3","floor":44,"key":"LIFT"}],"circlet_count":0,"master_deck":["Bash+1","Feed+1","Hemokinesis+1","Rupture+1","Entrench+1","Pummel+1","Pommel Strike+1","Brutality","Ghostly Armor+1","Dropkick+1","Limit Break+1","Metallicize+1","Dark Embrace+1","Second Wind+1","Impervious+1","Fire Breathing+1","Barricade+1"],"relics":["Black Blood","Magic Flower","WarpedTongs","Akabeko","PreservedInsect","StrikeDummy","Coffee Dripper","Nloth\u0027s Gift","Art of War","Frozen Egg 2","White Beast Statue","Matryoshka","FossilizedHelix","Darkstone Periapt","Bottled Tornado","Black Star","Oddly Smooth Stone","Girya","Bag of Preparation","Sundial","Anchor","War Paint","Regal Pillow","WingedGreaves"],"acts_visited":["Exordium","TheCity","TheBeyond"],"potions_floor_usage":[11,30],"damage_taken":[{"damage":6,"enemies":"2 Louse","floor":1,"turns":2},{"damage":2,"enemies":"Cultist","floor":3,"turns":3},{"damage":9,"enemies":"Jaw Worm","floor":4,"turns":2},{"damage":38,"enemies":"3 Sentries","floor":10,"turns":8},{"damage":24,"enemies":"Lagavulin","floor":11,"turns":5},{"damage":17,"enemies":"3 Sentries","floor":14,"turns":4},{"damage":42,"enemies":"The Guardian","floor":16,"turns":8},{"damage":37,"enemies":"Shell Parasite","floor":18,"turns":4},{"damage":3,"enemies":"Chosen","floor":21,"turns":2},{"damage":11,"enemies":"Slavers","floor":23,"turns":3},{"damage":63,"enemies":"Book of Stabbing","floor":25,"turns":5},{"damage":86,"enemies":"Gremlin Leader","floor":28,"turns":4},{"damage":28,"enemies":"Slavers","floor":30,"turns":3},{"damage":60,"enemies":"Gremlin Leader","floor":31,"turns":3},{"damage":52,"enemies":"Automaton","floor":33,"turns":6},{"damage":40,"enemies":"3 Darklings","floor":35,"turns":4},{"damage":40,"enemies":"Mind Bloom Boss Battle","floor":37,"turns":6},{"damage":59,"enemies":"Giant Head","floor":42,"turns":5},{"damage":52,"enemies":"Reptomancer","floor":45,"turns":2}],"seed_played":"-8605438645928167584","potions_obtained":[{"floor":3,"key":"Block Potion"},{"floor":4,"key":"Fire Potion"},{"floor":16,"key":"Swift Potion"},{"floor":18,"key":"Dexterity Potion"},{"floor":28,"key":"LiquidMemories"},{"floor":30,"key":"GamblersBrew"},{"floor":31,"key":"Weak Potion"}],"is_trial":false,"path_per_floor":["M","?","M","M","$","R","R","R","T","E","E","R","R","E","R","B",null,"M","?","?","M","?","E","R","E","T","$","E","R","E","E","R","B",null,"M","$","?","?","$","R","R","E","T","R","E"],"character_chosen":"IRONCLAD","items_purchased":["Dark Embrace+1","Barricade+1","Oddly Smooth Stone","Bag of Preparation"],"campfire_rested":0,"item_purchase_floors":[27,36,36,39],"current_hp_per_floor":[71,71,81,84,84,84,84,84,84,70,70,70,70,77,77,59,90,77,77,77,98,98,111,111,72,72,72,112,112,108,72,72,124,124,108,108,92,85,85,85,85,50,50,50,0,0],"gold":181,"neow_bonus":"THREE_RARE_CARDS","is_daily":false,"chose_seed":false,"campfire_upgraded":9,"win_rate":0.0,"timestamp":1610361320,"path_taken":["M","?","?","M","?","R","R","R","T","E","E","R","R","E","R","BOSS","M","?","?","?","?","E","R","E","T","$","E","R","E","E","R","BOSS","M","$","?","?","$","R","R","E","T","R","E"],"items_purchased_type":["Card","Card","Relic","Relic"],"build_version":"2020-12-22","purchased_purges":1,"victory":false,"max_hp_per_floor":[78,78,81,84,84,84,84,84,84,88,92,92,92,96,96,100,100,104,104,104,108,108,112,112,116,116,116,116,116,120,124,124,124,124,128,128,132,132,132,132,132,136,136,136,136,136],"relic_stats":{"Darkstone Periapt":0,"Regal Pillow":0,"counters":[19,79],"Black Blood":277,"Magic Flower":[114],"PreservedInsect":454,"Bag of Preparation":[4],"War Paint":["Impervious"],"WarpedTongs":[49],"Sundial":[0],"Nloth\u0027s Gift":1,"Art of War":[4],"Black Star":1,"obtain_stats":[{"Darkstone Periapt":30,"Regal Pillow":43,"Black Blood":1,"Magic Flower":1,"Bag of Preparation":39,"Bottled Tornado":31,"Burning Blood":0,"Matryoshka":26,"Sundial":42,"WingedGreaves":4,"Girya":37,"Oddly Smooth Stone":36,"PreservedInsect":11,"Omamori":0,"Frozen Egg 2":23,"War Paint":43,"Akabeko":10,"White Beast Statue":25,"WarpedTongs":2,"Anchor":42,"Coffee Dripper":17,"Nloth\u0027s Gift":20,"Art of War":22,"Black Star":34,"StrikeDummy":14,"FossilizedHelix":28},{"Darkstone Periapt":13,"Regal Pillow":18,"Black Blood":1,"Magic Flower":1,"Bag of Preparation":17,"Bottled Tornado":14,"Burning Blood":0,"Matryoshka":11,"Sundial":18,"WingedGreaves":3,"Girya":17,"Oddly Smooth Stone":16,"PreservedInsect":5,"Omamori":0,"Frozen Egg 2":10,"War Paint":18,"Akabeko":4,"White Beast Statue":11,"WarpedTongs":1,"Anchor":18,"Coffee Dripper":7,"Nloth\u0027s Gift":8,"Art of War":9,"Black Star":15,"StrikeDummy":6,"FossilizedHelix":12},{"Darkstone Periapt":53,"Regal Pillow":77,"Black Blood":2,"Magic Flower":2,"Bag of Preparation":72,"Bottled Tornado":56,"Burning Blood":0,"Matryoshka":46,"Sundial":77,"WingedGreaves":7,"Girya":72,"Oddly Smooth Stone":66,"PreservedInsect":20,"Omamori":0,"Frozen Egg 2":41,"War Paint":77,"Akabeko":15,"White Beast Statue":46,"WarpedTongs":2,"Anchor":77,"Coffee Dripper":32,"Nloth\u0027s Gift":36,"Art of War":38,"Black Star":62,"StrikeDummy":24,"FossilizedHelix":50}]},"card_choices":[{"not_picked":["Limit Break","Immolate"],"picked":"Feed","floor":0},{"not_picked":["Heavy Blade","Spot Weakness"],"picked":"Hemokinesis","floor":1},{"not_picked":["Clash","Body Slam","Clothesline"],"picked":"SKIP","floor":3},{"not_picked":["Clothesline","Flex"],"picked":"Rupture","floor":4},{"not_picked":["Whirlwind","Pummel"],"picked":"Entrench","floor":10},{"not_picked":["Twin Strike","Headbutt"],"picked":"Pummel","floor":11},{"not_picked":["Flame Barrier","Flex"],"picked":"Pommel Strike","floor":14},{"not_picked":["Double Tap","Fiend Fire"],"picked":"Brutality","floor":16},{"not_picked":["Battle Trance","Inflame"],"picked":"Ghostly Armor+1","floor":18},{"not_picked":["Spot Weakness","Iron Wave"],"picked":"Dropkick","floor":21},{"not_picked":["Perfected Strike","Whirlwind"],"picked":"Limit Break","floor":23},{"not_picked":["Perfected Strike+1","Anger"],"picked":"Metallicize+1","floor":25},{"not_picked":["Feed","Rage","Spot Weakness"],"picked":"SKIP","floor":28},{"not_picked":["Bludgeon","Searing Blow+1","Limit Break"],"picked":"SKIP","floor":30},{"not_picked":["Hemokinesis","Wild Strike+1"],"picked":"Second Wind+1","floor":31},{"not_picked":["Immolate","Brutality+1"],"picked":"Impervious","floor":33},{"not_picked":["Armaments","Wild Strike"],"picked":"Fire Breathing+1","floor":35},{"not_picked":["Perfected Strike","Second Wind","Body Slam"],"picked":"SKIP","floor":42}],"player_experience":587924,"relics_obtained":[{"floor":10,"key":"Akabeko"},{"floor":11,"key":"PreservedInsect"},{"floor":14,"key":"StrikeDummy"},{"floor":23,"key":"Frozen Egg 2"},{"floor":25,"key":"White Beast Statue"},{"floor":26,"key":"Matryoshka"},{"floor":28,"key":"FossilizedHelix"},{"floor":30,"key":"Darkstone Periapt"},{"floor":31,"key":"Bottled Tornado"},{"floor":37,"key":"Girya"},{"floor":42,"key":"Sundial"},{"floor":42,"key":"Anchor"},{"floor":43,"key":"War Paint"},{"floor":43,"key":"Regal Pillow"}],"event_choices":[{"damage_healed":0,"gold_gain":0,"player_choice":"Rummage","damage_taken":0,"relics_obtained":["WarpedTongs"],"max_hp_gain":0,"max_hp_loss":0,"event_name":"Accursed Blacksmith","floor":2,"gold_loss":0,"cards_obtained":["Pain"]},{"damage_healed":0,"gold_gain":0,"player_choice":"Ignored","damage_taken":0,"max_hp_gain":0,"max_hp_loss":0,"event_name":"Ghosts","floor":19,"gold_loss":0},{"damage_healed":0,"gold_gain":0,"player_choice":"Traded Relic","damage_taken":0,"relics_obtained":["Nloth\u0027s Gift"],"max_hp_gain":0,"max_hp_loss":0,"event_name":"N\u0027loth","floor":20,"relics_lost":["Omamori"],"gold_loss":0},{"damage_healed":0,"gold_gain":0,"player_choice":"Obtained Relic","damage_taken":0,"relics_obtained":["Art of War"],"max_hp_gain":0,"max_hp_loss":0,"event_name":"Addict","floor":22,"gold_loss":85},{"damage_healed":0,"gold_gain":0,"player_choice":"Fight","damage_taken":0,"max_hp_gain":0,"max_hp_loss":0,"event_name":"MindBloom","floor":37,"gold_loss":0},{"damage_healed":0,"gold_gain":0,"player_choice":"Bought 0 Potions","damage_taken":0,"max_hp_gain":0,"max_hp_loss":0,"event_name":"The Woman in Blue","floor":38,"gold_loss":0}],"is_beta":false,"boss_relics":[{"not_picked":["Runic Pyramid","Velvet Choker","Tiny House"]},{"not_picked":["Empty Cage","Fusion Hammer"],"picked":"Black Star"}],"items_purged_floors":[5],"is_endless":false,"potions_floor_spawned":[3,4,16,18,23,25,28,30,31,33,35,37,42],"killed_by":"Reptomancer","ascension_level":20}}