{"host":"tmzq6unyecs2p367","time":1610398943,"event":{"mods":["BaseMod","Koishi","Minty Spire (QoL Compilation)","StSLib","The Bug Knight","The Dragon Tamer","The Juggle","The Senshi"],"gold_per_floor":[118,118,141,141,141,141,206,246,246,279,279,320,320,344,344,468,468,491,491,491,73,86,130,144,163,190,190,190,231,231,277,277,405,405,405,405,405],"floor_reached":35,"playtime":6172,"items_purged":[],"score":509,"play_id":"bd7e34e8-a174-4623-afd8-4d6bf4a5275f","local_time":"20210111220223","is_ascension_mode":true,"metric_token":531,"campfire_choices":[{"data":"DTMod:ResonanceForm","floor":11,"key":"SMITH"},{"data":"DTMod:SwitchingTactic","floor":13,"key":"SMITH"},{"data":"DTMod:Dissolve","floor":15,"key":"SMITH"},{"floor":30,"key":"REST"},{"data":"DTMod:InvisibleFlame","floor":32,"key":"SMITH"}],"dtmod_dragon_data":[50,50,1,3,8,2],"circlet_count":0,"master_deck":["DTMod:Strike+1","DTMod:Strike","DTMod:Strike","DTMod:Strike","DTMod:DoubleHit","DTMod:TargetDefense","DTMod:TargetDefense","DTMod:TargetDefense","DTMod:TargetDefense+1","DTMod:SwitchingTactic+1","DTMod:Training+1","DTMod:MagiciansMark","DTMod:ResonanceForm+1","DTMod:Shift","DTMod:CleansingStrike","DTMod:Dissolve+1","DTMod:RepeatStrike","DTMod:BuildUp","DTMod:Dissolve+1","DTMod:InvisibleFlame+1","DTMod:ComboAttack+1","DTMod:WarmUp+1","DTMod:HeadStart","DTMod:PurifyingFlame+1","Writhe","DTMod:TriAttack","DTMod:Safeguard"],"relics":["DTMod:MagicStone","NeowsBlessing","Golden Idol","HollowMod:QueensCombRelic","Tiny Chest","Prayer Wheel","Regal Pillow","DTMod:BindingString","Ice Cream","Whetstone","Nunchaku","PreservedInsect","Blue Candle","Omamori","Fusion Hammer"],"acts_visited":["Exordium","TheCity","TheBeyond"],"potions_floor_usage":[16,20,24,28,29],"damage_taken":[{"damage":0,"enemies":"Small Slimes","floor":1,"turns":1},{"damage":0,"enemies":"2 Louse","floor":3,"turns":1},{"damage":0,"enemies":"Lagavulin","floor":8,"turns":1},{"damage":5,"enemies":"3 Sentries","floor":10,"turns":9},{"damage":0,"enemies":"Lagavulin","floor":12,"turns":9},{"damage":0,"enemies":"Jaw Worm","floor":14,"turns":4},{"damage":13,"enemies":"The Guardian","floor":16,"turns":12},{"damage":0,"enemies":"3 Byrds","floor":18,"turns":6},{"damage":0,"enemies":"2 Thieves","floor":20,"turns":1},{"damage":4,"enemies":"Snecko","floor":22,"turns":7},{"damage":16,"enemies":"HollowMod:Nosk","floor":23,"turns":7},{"damage":1,"enemies":"Centurion and Healer","floor":24,"turns":5},{"damage":0,"enemies":"3 Cultists","floor":25,"turns":5},{"damage":21,"enemies":"Cultist and Chosen","floor":28,"turns":5},{"damage":8,"enemies":"Book of Stabbing","floor":29,"turns":4},{"damage":4,"enemies":"Collector","floor":33,"turns":10},{"damage":34,"enemies":"3 Darklings","floor":35,"turns":2}],"seed_played":"3422360786096320983","potions_obtained":[{"floor":10,"key":"SmokeBomb"},{"floor":14,"key":"SpeedPotion"},{"floor":22,"key":"LiquidBronze"},{"floor":23,"key":"Fire Potion"},{"floor":24,"key":"SmokeBomb"}],"is_trial":false,"path_per_floor":["M","?","M","?","?","?","?","E","T","E","R","E","R","M","R","B",null,"M","?","M","$","M","E","M","M","T","?","M","E","R","T","R","B",null,"M"],"character_chosen":"THE_DT","items_purchased":["Ice Cream","DTMod:InvisibleFlame","DTMod:ComboAttack"],"campfire_rested":1,"item_purchase_floors":[21,21,21],"current_hp_per_floor":[45,34,34,30,24,24,24,28,28,25,25,30,30,30,30,17,30,30,30,30,30,26,14,29,30,30,30,9,12,30,30,30,26,30,0,0,0],"gold":405,"neow_bonus":"THREE_ENEMY_KILL","is_daily":false,"chose_seed":false,"campfire_upgraded":4,"win_rate":0.0,"timestamp":1610398943,"path_taken":["M","?","M","?","?","?","?","E","T","E","R","E","R","M","R","BOSS","M","?","M","$","M","E","M","?","T","?","M","E","R","?","R","BOSS","M"],"items_purchased_type":["Relic","Card","Card"],"build_version":"2020-12-22","purchased_purges":0,"victory":false,"max_hp_per_floor":[45,45,45,30,30,30,30,30,30,30,30,30,30,30,30,30,30,30,30,30,30,30,30,30,30,30,30,30,30,30,30,30,30,30,30,30,30],"card_choices":[{"not_picked":["DTMod:Punisher","DTMod:BuildUp"],"picked":"DTMod:Training","floor":1},{"not_picked":["DTMod:MagicField","DTMod:QuickFly"],"picked":"DTMod:MagiciansMark","floor":3},{"not_picked":["DTMod:Dissolve","DTMod:CleansingStrike"],"picked":"DTMod:ResonanceForm","floor":8},{"not_picked":["DTMod:QuickFly","DTMod:Weaken"],"picked":"DTMod:Shift","floor":10},{"not_picked":["DTMod:Shift","DTMod:HeatWave"],"picked":"DTMod:CleansingStrike","floor":12},{"not_picked":["DTMod:FlameSlash","DTMod:Feint"],"picked":"DTMod:Dissolve","floor":14},{"not_picked":["DTMod:LowKick","DTMod:Hide","DTMod:HeatWave"],"picked":"SKIP","floor":14},{"not_picked":["DTMod:ResonanceForm","DTMod:Prediction"],"picked":"DTMod:RepeatStrike","floor":16},{"not_picked":["DTMod:BizarreTactic","DTMod:Training"],"picked":"DTMod:BuildUp","floor":18},{"not_picked":["DTMod:BlazingStrike","DTMod:MasterPlan","DTMod:Cover"],"picked":"SKIP","floor":18},{"not_picked":["DTMod:Training","DTMod:LowKick"],"picked":"DTMod:WarmUp+1","floor":22},{"not_picked":["DTMod:Hide","DTMod:MagicField","DTMod:FlameSlash"],"picked":"SKIP","floor":22},{"not_picked":["DTMod:Overwhelm+1","DTMod:Haste"],"picked":"DTMod:HeadStart","floor":23},{"not_picked":["DTMod:BalancedStrike","DTMod:Feint+1"],"picked":"DTMod:PurifyingFlame+1","floor":24},{"not_picked":["DTMod:Dissolve","DTMod:Conduct+1","DTMod:QuickFly"],"picked":"SKIP","floor":24},{"not_picked":["DTMod:HeatWave","DTMod:BlueScale","DTMod:Punisher+1"],"picked":"SKIP","floor":25},{"not_picked":["DTMod:MagicField+1","DTMod:BuildUp","DTMod:GhostSkin"],"picked":"SKIP","floor":25},{"not_picked":["DTMod:Threaten","DTMod:CleansingStrike+1"],"picked":"DTMod:TriAttack","floor":29},{"not_picked":["DTMod:Prediction","DTMod:RepeatStrike"],"picked":"DTMod:Safeguard","floor":33}],"player_experience":1822659,"relics_obtained":[{"floor":8,"key":"Tiny Chest"},{"floor":9,"key":"Prayer Wheel"},{"floor":10,"key":"Regal Pillow"},{"floor":12,"key":"DTMod:BindingString"},{"floor":23,"key":"Whetstone"},{"floor":26,"key":"Nunchaku"},{"floor":29,"key":"Blue Candle"},{"floor":31,"key":"Omamori"}],"event_choices":[{"damage_healed":0,"gold_gain":0,"player_choice":"Take Damage","damage_taken":11,"relics_obtained":["Golden Idol"],"max_hp_gain":0,"max_hp_loss":0,"event_name":"Golden Idol","floor":2,"gold_loss":0},{"damage_healed":0,"gold_gain":0,"player_choice":"Box","damage_taken":0,"relics_obtained":["HollowMod:QueensCombRelic"],"max_hp_gain":0,"max_hp_loss":0,"event_name":"Big Fish","floor":4,"gold_loss":0,"cards_obtained":["Regret"]},{"damage_healed":0,"gold_gain":0,"player_choice":"Entered Light","damage_taken":6,"max_hp_gain":0,"max_hp_loss":0,"event_name":"Shining Light","floor":5,"gold_loss":0,"cards_upgraded":["DTMod:TargetDefense","DTMod:Training"]},{"cards_removed":["Regret"],"damage_healed":0,"gold_gain":0,"player_choice":"Forget","damage_taken":0,"max_hp_gain":0,"max_hp_loss":0,"event_name":"Living Wall","floor":6,"gold_loss":0},{"damage_healed":0,"gold_gain":65,"player_choice":"Gained Gold","damage_taken":0,"max_hp_gain":0,"max_hp_loss":0,"event_name":"Golden Wing","floor":7,"gold_loss":0},{"damage_healed":0,"gold_gain":0,"player_choice":"Copied","damage_taken":0,"max_hp_gain":0,"max_hp_loss":0,"event_name":"Duplicator","floor":19,"gold_loss":0,"cards_obtained":["DTMod:Dissolve"]},{"damage_healed":0,"gold_gain":0,"player_choice":"Opened","damage_taken":0,"relics_obtained":["PreservedInsect"],"max_hp_gain":0,"max_hp_loss":0,"event_name":"The Mausoleum","floor":27,"gold_loss":0,"cards_obtained":["Writhe"]}],"is_beta":false,"boss_relics":[{"not_picked":["theSenshi:MoonKaleidoScopeRelic","Runic Dome"],"picked":"DTMod:MagicStone"},{"not_picked":["Empty Cage","Philosopher\u0027s Stone"],"picked":"Fusion Hammer"}],"items_purged_floors":[],"is_endless":false,"potions_floor_spawned":[10,14,20,22,23,24],"killed_by":"3 Darklings","ascension_level":2}}