{"host":"vddkjx04kiwje1tk","time":1610374522,"event":{"mods":["AchievementEnabler","BaseMod","Colored Map","Minty Spire (QoL Compilation)","Quick Restart","SuperFastMode"],"gold_per_floor":[114,114,39,49,68,68,68,68,68,68,19,53,71,88,88,192,192,192,192,291,301,318,318,318],"floor_reached":23,"playtime":780,"items_purged":["Strike_R"],"score":267,"play_id":"7daa944c-6848-4024-b714-4d1734d68d39","local_time":"20210111231522","is_ascension_mode":true,"campfire_choices":[{"floor":6,"key":"REST"},{"data":"Bash","floor":8,"key":"SMITH"},{"data":"Anger","floor":15,"key":"SMITH"}],"circlet_count":0,"master_deck":["Strike_R","Strike_R","Strike_R","Defend_R","Bash+1","Second Wind","Anger+1","Fire Breathing","Shrug It Off","Twin Strike"],"relics":["Burning Blood","Unceasing Top","Orichalcum","Question Card","Runic Cube"],"acts_visited":["Exordium","TheCity"],"potions_floor_usage":[14,14,18,22,23],"damage_taken":[{"damage":1.0,"enemies":"Cultist","floor":1.0,"turns":3.0},{"damage":10.0,"enemies":"2 Louse","floor":4.0,"turns":4.0},{"damage":0.0,"enemies":"Small Slimes","floor":5.0,"turns":4.0},{"damage":13,"enemies":"Gremlin Nob","floor":12,"turns":4},{"damage":10,"enemies":"2 Fungi Beasts","floor":13,"turns":3},{"damage":5,"enemies":"Gremlin Gang","floor":14,"turns":3},{"damage":40,"enemies":"Hexaghost","floor":16,"turns":6},{"damage":5,"enemies":"Spheric Guardian","floor":18,"turns":3},{"damage":27,"enemies":"Shell Parasite","floor":21,"turns":6},{"damage":30,"enemies":"Snake Plant","floor":22,"turns":3},{"damage":25,"enemies":"Snecko","floor":23,"turns":4}],"seed_played":"-3707623054754792282","potions_obtained":[{"floor":4.0,"key":"Swift Potion"},{"floor":5.0,"key":"AttackPotion"},{"floor":13,"key":"BlessingOfTheForge"},{"floor":14,"key":"Strength Potion"},{"floor":16,"key":"SmokeBomb"}],"is_trial":false,"path_per_floor":["M","?","$","M","M","R","?","R","T","?","$","E","M","M","R","B",null,"M","?","?","M","M","M"],"character_chosen":"IRONCLAD","items_purchased":["Anger"],"campfire_rested":1,"item_purchase_floors":[11],"current_hp_per_floor":[56,56,56,52,58,80,73,73,73,73,73,66,62,63,63,29,67,68,68,68,47,23,0,0],"gold":318,"neow_bonus":"ONE_RARE_RELIC","is_daily":false,"chose_seed":false,"campfire_upgraded":2,"win_rate":0.0,"timestamp":1610374522,"path_taken":["M","?","$","?","M","R","?","R","T","?","$","E","M","M","R","BOSS","M","?","?","M","M","M"],"items_purchased_type":["Card"],"build_version":"2020-12-22","purchased_purges":1,"victory":false,"max_hp_per_floor":[80,80,80,80,80,80,80,80,80,80,80,80,80,80,80,80,80,80,80,80,80,80,80,80],"card_choices":[{"not_picked":["Wild Strike","Clothesline"],"picked":"Second Wind","floor":1.0},{"not_picked":["Dark Embrace","True Grit","Body Slam"],"picked":"SKIP","floor":4.0},{"not_picked":["Twin Strike","Bloodletting","Reckless Charge"],"picked":"SKIP","floor":5.0},{"not_picked":["Shrug It Off","Cleave","Battle Trance"],"picked":"SKIP","floor":12},{"not_picked":["Exhume","Body Slam","True Grit","Rupture"],"picked":"SKIP","floor":13},{"not_picked":["Combust","Flex","Clash"],"picked":"Fire Breathing","floor":14},{"not_picked":["Battle Trance","Rage","Wild Strike","Headbutt"],"picked":"SKIP","floor":21},{"not_picked":["True Grit","Warcry","Seeing Red","Flex"],"picked":"SKIP","floor":22}],"player_experience":255224,"relics_obtained":[{"floor":9,"key":"Orichalcum"},{"floor":12,"key":"Question Card"}],"event_choices":[{"damage_healed":0.0,"max_hp_gain":0.0,"max_hp_loss":0.0,"gold_gain":0.0,"event_name":"The Woman in Blue","player_choice":"Bought 0 Potions","floor":2.0,"gold_loss":0.0,"damage_taken":0.0},{"cards_removed":["Defend_R"],"damage_healed":0,"gold_gain":0,"player_choice":"Card Removal","damage_taken":7,"max_hp_gain":0,"max_hp_loss":0,"event_name":"Golden Wing","floor":7,"gold_loss":0},{"cards_removed":["Strike_R"],"damage_healed":0,"gold_gain":0,"player_choice":"Forget","damage_taken":0,"max_hp_gain":0,"max_hp_loss":0,"event_name":"Living Wall","floor":10,"gold_loss":0},{"damage_healed":0,"gold_gain":0,"cards_transformed":["Defend_R","Defend_R"],"player_choice":"Became Test Subject","damage_taken":0,"max_hp_gain":0,"max_hp_loss":0,"event_name":"Drug Dealer","floor":19,"gold_loss":0,"cards_obtained":["Shrug It Off","Twin Strike"]},{"damage_healed":0,"gold_gain":99,"player_choice":"Stole From Cult","damage_taken":0,"max_hp_gain":0,"max_hp_loss":0,"event_name":"Nest","floor":20,"gold_loss":0}],"is_beta":false,"boss_relics":[{"not_picked":["Snecko Eye","SacredBark"],"picked":"Runic Cube"}],"items_purged_floors":[3],"is_endless":false,"potions_floor_spawned":[4,5,13,14,16,18],"killed_by":"Snecko","ascension_level":8}}