{"host":"y3h3n3f7seyagppx","time":1610385698,"event":{"mods":["AlwaysNeverKeys","BaseMod","Better Vampires","Colored Powertips","DeckTracker","Emptier Cage","Minty Spire (QoL Compilation)","Permanent Neow","Quick Restart","Rare Cards Sparkle","Relic Sorter","Relic Stats","StSLib","Transform Curses"],"gold_per_floor":[113,125,142,142,142,142,183,183,183,204,238,238,251,251,251,342,342,361,33,51,51,51,90,90,130,130,130,148,148,172,216,216,312,312,336,97,97,115,165,165,165],"floor_reached":40,"playtime":5399,"items_purged":["Battle Trance"],"score":904,"play_id":"8de0578b-c26c-4303-924a-02b93a1feb15","local_time":"20210111122138","is_ascension_mode":true,"campfire_choices":[{"data":"Blood for Blood","floor":6.0,"key":"SMITH"},{"floor":8.0,"key":"REST"},{"data":"Bash","floor":12,"key":"SMITH"},{"floor":15,"key":"REST"},{"data":"Combust","floor":24,"key":"SMITH"},{"data":"Impervious","floor":27,"key":"SMITH"},{"data":"Battle Trance","floor":29,"key":"SMITH"},{"data":"Exhume","floor":32,"key":"SMITH"}],"circlet_count":0,"master_deck":["AscendersBane","Strike_R+1","Strike_R","Strike_R","Defend_R","Defend_R","Defend_R+1","Defend_R","Bash+1","Reaper+1","Blood for Blood+1","Impervious+1","Whirlwind+1","Battle Trance+1","Exhume+1","Spot Weakness+1","Feed","RitualDagger","Rupture+1","Shrug It Off+1","Body Slam+1","Impervious","Limit Break+1","Whirlwind+1","Battle Trance+1","Clothesline+1"],"relics":["Burning Blood","Golden Idol","Kunai","Bottled Flame","Whetstone","Thread and Needle","Velvet Choker","Medical Kit","MutagenicStrength","Anchor","Red Skull","Singing Bowl","Letter Opener","Astrolabe","OrangePellets"],"acts_visited":["Exordium","TheCity","TheBeyond"],"potions_floor_usage":[11,13,18,23,25,25,33],"damage_taken":[{"damage":4.0,"enemies":"2 Louse","floor":1.0,"turns":4.0},{"damage":19.0,"enemies":"Small Slimes","floor":2.0,"turns":4.0},{"damage":3.0,"enemies":"Cultist","floor":3.0,"turns":3.0},{"damage":39.0,"enemies":"3 Sentries","floor":7.0,"turns":8.0},{"damage":6,"enemies":"Looter","floor":10,"turns":2},{"damage":33,"enemies":"Gremlin Nob","floor":11,"turns":5},{"damage":7,"enemies":"Blue Slaver","floor":13,"turns":3},{"damage":8,"enemies":"Slime Boss","floor":16,"turns":7},{"damage":16,"enemies":"Spheric Guardian","floor":18,"turns":4},{"damage":14,"enemies":"Chosen","floor":20,"turns":5},{"damage":20,"enemies":"Slavers","floor":23,"turns":5},{"damage":36,"enemies":"Book of Stabbing","floor":25,"turns":5},{"damage":23,"enemies":"Snecko","floor":28,"turns":5},{"damage":4,"enemies":"Centurion and Healer","floor":30,"turns":3},{"damage":17,"enemies":"Gremlin Leader","floor":31,"turns":8},{"damage":59,"enemies":"Collector","floor":33,"turns":7},{"damage":28,"enemies":"3 Shapes","floor":35,"turns":9},{"damage":2,"enemies":"Orb Walker","floor":38,"turns":2},{"damage":150,"enemies":"Giant Head","floor":40,"turns":9}],"seed_played":"-5344757779285526096","potions_obtained":[{"floor":1.0,"key":"GamblersBrew"},{"floor":2.0,"key":"Ancient Potion"},{"floor":11,"key":"ColorlessPotion"},{"floor":13,"key":"FearPotion"},{"floor":18,"key":"Strength Potion"},{"floor":23,"key":"AttackPotion"},{"floor":28,"key":"GamblersBrew"},{"floor":30,"key":"Strength Potion"}],"is_trial":false,"path_per_floor":["M","M","M","?","?","R","E","R","T","M","E","R","M","?","R","B",null,"M","$","M","?","?","E","R","E","T","R","M","R","M","E","R","B",null,"M","$","?","M","?","E"],"character_chosen":"IRONCLAD","items_purchased":["Feed","Medical Kit","OrangePellets"],"campfire_rested":2,"item_purchase_floors":[19,19,36],"current_hp_per_floor":[68,59,62,62,43,43,22,40,40,40,22,22,21,10,28,26,53,43,43,45,39,39,44,44,27,27,27,29,29,50,79,79,50,72,75,75,75,87,87,0,0],"gold":165,"neow_bonus":"THREE_RARE_CARDS","is_daily":false,"chose_seed":false,"campfire_upgraded":6,"win_rate":0.0,"timestamp":1610385698,"path_taken":["M","M","M","?","?","R","E","R","T","M","E","R","M","?","R","BOSS","M","$","M","?","?","E","R","E","T","R","M","R","M","E","R","BOSS","M","$","?","M","?","E"],"items_purchased_type":["Card","Relic","Relic"],"build_version":"2020-12-22","purchased_purges":1,"victory":false,"max_hp_per_floor":[68,68,68,62,62,62,62,62,62,62,62,62,62,62,62,62,62,62,62,65,65,65,68,68,71,71,71,74,74,79,79,79,79,79,82,82,82,87,87,87,87],"relic_stats":{"OrangePellets":[1],"Singing Bowl":4,"counters":[19,98],"Golden Idol":110,"Astrolabe":["Limit Break","Whirlwind","Battle Trance"],"Kunai":[14],"Whetstone":["Whirlwind","Reaper"],"Letter Opener":[60],"Medical Kit":[1],"obtain_stats":[{"Singing Bowl":26,"Golden Idol":4,"Astrolabe":34,"Velvet Choker":17,"Thread and Needle":14,"Whetstone":11,"Letter Opener":31,"Medical Kit":19,"Burning Blood":0,"OrangePellets":36,"Bottled Flame":9,"Anchor":23,"MutagenicStrength":22,"Kunai":7,"Red Skull":25},{"Singing Bowl":12,"Golden Idol":3,"Astrolabe":16,"Velvet Choker":8,"Thread and Needle":7,"Whetstone":6,"Letter Opener":15,"Medical Kit":9,"Burning Blood":0,"OrangePellets":17,"Bottled Flame":4,"Anchor":11,"MutagenicStrength":10,"Kunai":4,"Red Skull":12},{"Singing Bowl":55,"Golden Idol":11,"Astrolabe":78,"Velvet Choker":36,"Thread and Needle":29,"Whetstone":26,"Letter Opener":71,"Medical Kit":40,"Burning Blood":0,"OrangePellets":87,"Bottled Flame":19,"Anchor":50,"MutagenicStrength":45,"Kunai":19,"Red Skull":55}],"Burning Blood":94},"card_choices":[{"not_picked":["Corruption","Barricade"],"picked":"Reaper","floor":0.0},{"not_picked":["Whirlwind","Sword Boomerang"],"picked":"Combust","floor":1.0},{"not_picked":["Combust","Sever Soul"],"picked":"Blood for Blood","floor":2.0},{"not_picked":["Wild Strike","True Grit"],"picked":"Impervious","floor":3.0},{"not_picked":["Warcry","Sword Boomerang","Headbutt"],"picked":"SKIP","floor":7.0},{"not_picked":["Headbutt","Wild Strike"],"picked":"Inflame","floor":10},{"not_picked":["Wild Strike","Reckless Charge"],"picked":"Whirlwind","floor":11},{"not_picked":["Pummel","Inflame"],"picked":"Battle Trance","floor":13},{"not_picked":["Immolate","Juggernaut"],"picked":"Exhume","floor":16},{"not_picked":["True Grit","Wild Strike"],"picked":"Spot Weakness+1","floor":18},{"not_picked":["Entrench","Sword Boomerang","Rage"],"picked":"SKIP","floor":20},{"not_picked":["Seeing Red","Blood for Blood"],"picked":"Rupture+1","floor":23},{"not_picked":["Perfected Strike","Clothesline"],"picked":"Shrug It Off+1","floor":25},{"not_picked":["Shrug It Off","Clash+1"],"picked":"Body Slam+1","floor":28},{"not_picked":["Clash","Iron Wave","Intimidate"],"picked":"Singing Bowl","floor":30},{"not_picked":["Twin Strike","Body Slam"],"picked":"Battle Trance","floor":31},{"not_picked":["Double Tap","Offering"],"picked":"Impervious","floor":33},{"not_picked":["True Grit","Shrug It Off"],"picked":"Clothesline+1","floor":35},{"not_picked":["Sword Boomerang","Pommel Strike","Flex"],"picked":"Singing Bowl","floor":38}],"player_experience":20681416,"relics_obtained":[{"floor":7.0,"key":"Kunai"},{"floor":9.0,"key":"Bottled Flame"},{"floor":11,"key":"Whetstone"},{"floor":23,"key":"Anchor"},{"floor":25,"key":"Red Skull"},{"floor":26,"key":"Singing Bowl"},{"floor":31,"key":"Letter Opener"}],"event_choices":[{"damage_healed":0.0,"max_hp_gain":0.0,"max_hp_loss":6.0,"gold_gain":0.0,"event_name":"Golden Idol","player_choice":"Lose Max HP","floor":4.0,"gold_loss":0.0,"damage_taken":0.0,"relics_obtained":["Golden Idol"]},{"damage_healed":0.0,"max_hp_gain":0.0,"max_hp_loss":0.0,"gold_gain":0.0,"event_name":"Shining Light","player_choice":"Entered Light","floor":5.0,"gold_loss":0.0,"damage_taken":19.0,"cards_upgraded":["Strike_R","Defend_R"]},{"damage_healed":0,"gold_gain":0,"player_choice":"Success","damage_taken":11,"relics_obtained":["Thread and Needle"],"max_hp_gain":0,"max_hp_loss":0,"event_name":"Scrap Ooze","floor":14,"gold_loss":0},{"damage_healed":0,"gold_gain":0,"player_choice":"Joined the Cult","damage_taken":6,"max_hp_gain":0,"max_hp_loss":0,"event_name":"Nest","floor":21,"gold_loss":0,"cards_obtained":["RitualDagger"]},{"damage_healed":0,"gold_gain":0,"player_choice":"Inject Mutagens","damage_taken":0,"relics_obtained":["MutagenicStrength"],"max_hp_gain":0,"max_hp_loss":0,"event_name":"Drug Dealer","floor":22,"gold_loss":0},{"cards_removed":["Combust"],"damage_healed":0,"gold_gain":0,"player_choice":"Removed Power","damage_taken":0,"max_hp_gain":0,"max_hp_loss":0,"event_name":"Falling","floor":37,"gold_loss":0},{"damage_healed":0,"gold_gain":50,"player_choice":"Pray","damage_taken":0,"max_hp_gain":0,"max_hp_loss":0,"event_name":"Golden Shrine","floor":39,"gold_loss":0}],"is_beta":false,"boss_relics":[{"not_picked":["Tiny House","Runic Dome"],"picked":"Velvet Choker"},{"not_picked":["Busted Crown","Cursed Key"],"picked":"Astrolabe"}],"items_purged_floors":[36],"is_endless":false,"potions_floor_spawned":[1,2,11,13,18,23,28,30],"killed_by":"Giant Head","ascension_level":20}}