{"host":"ymknu7vcxiutstwp","time":1610384940,"event":{"mods":["AchievementEnabler","BaseMod","Colored Powertips","Curses Come First","Highlight Path","Minty Spire (QoL Compilation)","Permanent Neow","Relic Stats","StSLib"],"gold_per_floor":[18,34,44,61,71,71,84,96,96,129,129,139,139,314,314,415,415,405,415,28,39,39,39],"floor_reached":22,"playtime":2607,"items_purged":[],"score":307,"play_id":"023e0b96-1ff5-4db2-a277-0ad2a382b590","local_time":"20210111170900","is_ascension_mode":true,"campfire_choices":[{"floor":6.0,"key":"REST"},{"floor":13.0,"key":"REST"},{"floor":15.0,"key":"REST"}],"circlet_count":0,"master_deck":["AscendersBane","Strike_G","Strike_G","Strike_G","Strike_G","Defend_G","Defend_G","Defend_G","Defend_G","Defend_G","Survivor","Neutralize","Mayhem","Poisoned Stab","Sucker Punch","Caltrops","Blur","Catalyst","Catalyst","Flying Knee","Footwork","Bane","Doubt","Adrenaline","Dodge and Roll+1","Bane","Catalyst","Dash"],"relics":["Ring of the Snake","Bottled Flame","Vajra","Runic Pyramid","Singing Bowl"],"acts_visited":["Exordium","TheCity"],"potions_floor_usage":[18,22],"damage_taken":[{"damage":4.0,"enemies":"Cultist","floor":1.0,"turns":5.0},{"damage":5.0,"enemies":"2 Louse","floor":2.0,"turns":3.0},{"damage":1.0,"enemies":"Jaw Worm","floor":3.0,"turns":5.0},{"damage":4.0,"enemies":"Looter","floor":4.0,"turns":4.0},{"damage":10.0,"enemies":"3 Louse","floor":5.0,"turns":5.0},{"damage":1.0,"enemies":"2 Fungi Beasts","floor":7.0,"turns":5.0},{"damage":9.0,"enemies":"Looter","floor":8.0,"turns":5.0},{"damage":30.0,"enemies":"3 Sentries","floor":10.0,"turns":9.0},{"damage":0.0,"enemies":"Large Slime","floor":12.0,"turns":6.0},{"damage":21.0,"enemies":"The Guardian","floor":16.0,"turns":10.0},{"damage":9,"enemies":"2 Thieves","floor":18,"turns":4},{"damage":24,"enemies":"Spheric Guardian","floor":19,"turns":8},{"damage":23,"enemies":"Snake Plant","floor":21,"turns":5},{"damage":12,"enemies":"Cultist and Chosen","floor":22,"turns":4}],"seed_played":"5260690519730152613","potions_obtained":[{"floor":1.0,"key":"BlessingOfTheForge"},{"floor":2.0,"key":"Strength Potion"},{"floor":16.0,"key":"Fire Potion"},{"floor":21,"key":"EntropicBrew"}],"is_trial":false,"path_per_floor":["M","M","M","M","M","R","M","M","T","E","?","M","R","?","R","B",null,"M","M","$","M","M"],"character_chosen":"THE_SILENT","items_purchased":["Bane","Singing Bowl","Catalyst"],"campfire_rested":3,"item_purchase_floors":[20,20,20],"current_hp_per_floor":[59,54,53,49,39,60,59,50,50,20,20,20,41,41,62,41,63,54,30,30,7,0,0],"gold":39,"neow_bonus":"RANDOM_COLORLESS_2","is_daily":false,"chose_seed":false,"campfire_upgraded":0,"win_rate":0.0,"timestamp":1610384940,"path_taken":["M","?","M","M","M","R","M","M","T","E","?","M","R","?","R","BOSS","M","M","$","M","M"],"items_purchased_type":["Card","Relic","Card"],"build_version":"2020-12-22","purchased_purges":0,"victory":false,"max_hp_per_floor":[70,70,70,70,70,70,70,70,70,70,70,70,70,70,70,70,70,70,70,70,70,70,70],"relic_stats":{"Singing Bowl":0,"counters":[14,78],"obtain_stats":[{"Bottled Flame":9,"Singing Bowl":20,"Vajra":10,"Ring of the Snake":0,"Runic Pyramid":17},{"Bottled Flame":7,"Singing Bowl":12,"Vajra":8,"Ring of the Snake":0,"Runic Pyramid":10},{"Bottled Flame":32,"Singing Bowl":69,"Vajra":41,"Ring of the Snake":0,"Runic Pyramid":57}],"Ring of the Snake":[28]},"card_choices":[{"not_picked":["Master of Strategy","Chrysalis"],"picked":"Mayhem","floor":0.0},{"not_picked":["Bane","Blade Dance"],"picked":"Poisoned Stab","floor":1.0},{"not_picked":["Poisoned Stab","Flying Knee"],"picked":"Sucker Punch","floor":2.0},{"not_picked":["Dagger Throw","Cloak And Dagger"],"picked":"Caltrops","floor":3.0},{"not_picked":["Dagger Throw","Underhanded Strike"],"picked":"Blur","floor":4.0},{"not_picked":["Finisher","Riddle With Holes"],"picked":"Catalyst","floor":5.0},{"not_picked":["Leg Sweep","Night Terror"],"picked":"Catalyst","floor":7.0},{"not_picked":["Infinite Blades","Skewer","Caltrops"],"picked":"SKIP","floor":8.0},{"not_picked":["Endless Agony","Outmaneuver"],"picked":"Flying Knee","floor":10.0},{"not_picked":["Dagger Spray","Acrobatics"],"picked":"Bane","floor":12.0},{"not_picked":["Tools of the Trade","Phantasmal Killer"],"picked":"Adrenaline","floor":16.0},{"not_picked":["Heel Hook","Eviscerate"],"picked":"Dodge and Roll+1","floor":18},{"not_picked":["Outmaneuver","Dagger Throw","Blade Dance"],"picked":"SKIP","floor":19},{"not_picked":["Sucker Punch","Dodge and Roll"],"picked":"Dash","floor":21}],"player_experience":667809,"relics_obtained":[{"floor":9.0,"key":"Bottled Flame"},{"floor":10.0,"key":"Vajra"}],"event_choices":[{"damage_healed":0.0,"max_hp_gain":0.0,"max_hp_loss":0.0,"gold_gain":0.0,"cards_transformed":["Strike_G"],"event_name":"Living Wall","player_choice":"Change","floor":11.0,"gold_loss":0.0,"damage_taken":0.0,"cards_obtained":["Footwork"]},{"damage_healed":0.0,"max_hp_gain":0.0,"max_hp_loss":0.0,"gold_gain":175.0,"event_name":"Liars Game","player_choice":"AGREE","floor":14.0,"gold_loss":0.0,"damage_taken":0.0,"cards_obtained":["Doubt"]}],"is_beta":false,"boss_relics":[{"not_picked":["WristBlade","Black Star"],"picked":"Runic Pyramid"}],"items_purged_floors":[],"is_endless":false,"potions_floor_spawned":[1,2,5,8,16,21],"killed_by":"Cultist and Chosen","ascension_level":12}}