{"host":"dowi7cgbhepuzvpj","time":1610393965,"event":{"mods":["AchievementEnabler","BaseMod","Colored Map","Highlight Path","Keyboard Shortcuts","Minty Spire (QoL Compilation)","Permanent Neow","Quick Restart","StSLib","SuperFastMode"],"gold_per_floor":[118,130,60,60,78,109,109,136,136,150,165,165,165,199,199,304,304,321,336,348,119,119,119,145,163,163,17,42,42,76,86,86,189,189,202,220,237,255,12,12,49,49,49,69,96,68,77,104,113,113],"floor_reached":51,"playtime":2008,"items_purged":["Strike_P","Defend_P"],"score":1131,"play_id":"bcd24816-82c6-4453-a6cd-d20205748067","local_time":"20210112043925","is_ascension_mode":true,"campfire_choices":[{"data":"BattleHymn","floor":7.0,"key":"SMITH"},{"floor":12.0,"key":"REST"},{"data":"Adaptation","floor":15.0,"key":"SMITH"},{"floor":23.0,"key":"REST"},{"floor":29.0,"key":"REST"},{"floor":32.0,"key":"REST"},{"floor":40,"key":"REST"},{"floor":47,"key":"REST"},{"floor":49,"key":"REST"}],"circlet_count":0,"master_deck":["Strike_P","Strike_P","Defend_P","Defend_P","Defend_P","Eruption+1","Vigilance","SashWhip","FollowUp","Adaptation+1","BattleHymn+1","Evaluate","Tantrum","FlurryOfBlows","ClearTheMind","SandsOfTime","Vault","Perseverance+1","ClearTheMind","FollowUp+1","Adaptation+1","JustLucky","FollowUp","Halt","EmptyBody+1","CutThroughFate","Vengeance+1","DevaForm","Meditate","ClearTheMind+1","CutThroughFate","TalkToTheHand+1","Fasting2+1","ReachHeaven+1","Study","TalkToTheHand+1","Master of Strategy","Master of Strategy","Panache","Crescendo+1"],"relics":["Black Star","Anchor","HornCleat","Letter Opener","Gambling Chip","Tiny Chest","Regal Pillow","Omamori","Fusion Hammer","DollysMirror","Akabeko","Bag of Preparation","Bottled Tornado","Du-Vu Doll","Lantern","Mercury Hourglass","Ancient Tea Set","Sozu","TeardropLocket","CeramicFish","Dream Catcher","Juzu Bracelet","Bottled Flame"],"acts_visited":["Exordium","TheCity","TheBeyond"],"potions_floor_usage":[45,50,50],"damage_taken":[{"damage":0.0,"enemies":"Cultist","floor":1.0,"turns":4.0},{"damage":0.0,"enemies":"Small Slimes","floor":2.0,"turns":3.0},{"damage":12.0,"enemies":"Jaw Worm","floor":5.0,"turns":3.0},{"damage":0.0,"enemies":"Lagavulin","floor":6.0,"turns":4.0},{"damage":18.0,"enemies":"Gremlin Nob","floor":8.0,"turns":3.0},{"damage":1.0,"enemies":"Red Slaver","floor":10.0,"turns":4.0},{"damage":8.0,"enemies":"Lots of Slimes","floor":11.0,"turns":3.0},{"damage":10.0,"enemies":"3 Sentries","floor":14.0,"turns":3.0},{"damage":17.0,"enemies":"Hexaghost","floor":16.0,"turns":6.0},{"damage":0.0,"enemies":"Shell Parasite","floor":18.0,"turns":3.0},{"damage":0.0,"enemies":"Chosen","floor":19.0,"turns":3.0},{"damage":3.0,"enemies":"Shelled Parasite and Fungi","floor":20.0,"turns":4.0},{"damage":0.0,"enemies":"Gremlin Leader","floor":24.0,"turns":5.0},{"damage":0.0,"enemies":"Cultist and Chosen","floor":25.0,"turns":4.0},{"damage":56.0,"enemies":"Book of Stabbing","floor":28.0,"turns":7.0},{"damage":0.0,"enemies":"Slavers","floor":30.0,"turns":4.0},{"damage":0.0,"enemies":"Centurion and Healer","floor":31.0,"turns":3.0},{"damage":12.0,"enemies":"Automaton","floor":33.0,"turns":7.0},{"damage":12.0,"enemies":"3 Darklings","floor":35.0,"turns":3.0},{"damage":0,"enemies":"Orb Walker","floor":36,"turns":4},{"damage":0,"enemies":"3 Darklings","floor":37,"turns":4},{"damage":6,"enemies":"Spire Growth","floor":38,"turns":4},{"damage":26,"enemies":"Giant Head","floor":41,"turns":7},{"damage":0,"enemies":"4 Shapes","floor":44,"turns":2},{"damage":14,"enemies":"Jaw Worm Horde","floor":45,"turns":4},{"damage":34,"enemies":"Time Eater","floor":50,"turns":8}],"seed_played":"-3374299554164800369","potions_obtained":[{"floor":1.0,"key":"Strength Potion"},{"floor":2.0,"key":"CultistPotion"},{"floor":8.0,"key":"Block Potion"},{"floor":18.0,"key":"Explosive Potion"},{"floor":22.0,"key":"DistilledChaos"},{"floor":33.0,"key":"Regen Potion"}],"is_trial":false,"path_per_floor":["M","M","$","?","M","E","R","E","T","M","M","R","?","E","R","B",null,"M","M","M","$","?","R","E","M","T","$","E","R","E","M","R","B",null,"M","M","M","M","$","R","E","T","T","M","M","$","R","?","R","B",null],"character_chosen":"WATCHER","items_purchased":["Adaptation","DollysMirror","Halt","TeardropLocket","Study"],"campfire_rested":7,"item_purchase_floors":[3,21,27,39,46],"current_hp_per_floor":[65,65,65,65,53,53,53,35,35,34,26,47,47,37,37,20,59,59,59,56,56,56,72,72,72,72,72,16,52,52,52,72,60,69,57,57,57,51,51,72,46,46,46,46,32,32,68,58,72,44],"gold":113,"neow_bonus":"BOSS_RELIC","is_daily":false,"chose_seed":false,"campfire_upgraded":2,"win_rate":0.0,"timestamp":1610393965,"path_taken":["M","?","$","?","?","E","R","E","T","M","M","R","?","E","R","BOSS","M","M","M","$","?","R","E","M","T","?","E","R","E","M","R","BOSS","M","M","M","M","$","R","E","?","T","M","M","$","R","?","R","BOSS"],"items_purchased_type":["Card","Relic","Card","Relic","Card"],"build_version":"2020-12-22","purchased_purges":2,"victory":true,"max_hp_per_floor":[72,72,72,72,72,72,72,72,72,72,72,72,72,72,72,72,72,72,72,72,72,72,72,72,72,72,72,72,72,72,72,72,72,72,72,72,72,72,72,72,72,72,72,72,72,72,72,72,72,72],"card_choices":[{"not_picked":["Sanctity","Prostrate"],"picked":"SashWhip","floor":1.0},{"not_picked":["SandsOfTime","Fasting2"],"picked":"FollowUp","floor":2.0},{"not_picked":["BowlingBash","Protect"],"picked":"BattleHymn","floor":5.0},{"not_picked":["DeceiveReality","ThirdEye"],"picked":"Evaluate","floor":6.0},{"not_picked":["Fasting2","ReachHeaven"],"picked":"Tantrum","floor":8.0},{"not_picked":["FollowUp","BattleHymn"],"picked":"FlurryOfBlows","floor":10.0},{"not_picked":["Evaluate","Tantrum"],"picked":"ClearTheMind","floor":11.0},{"not_picked":["SashWhip","ClearTheMind"],"picked":"SandsOfTime","floor":14.0},{"not_picked":["Omniscience","DeusExMachina"],"picked":"Vault","floor":16.0},{"not_picked":["Crescendo","Pray"],"picked":"Perseverance+1","floor":18.0},{"not_picked":["SashWhip","BowlingBash"],"picked":"ClearTheMind","floor":19.0},{"not_picked":["CrushJoints","PathToVictory"],"picked":"FollowUp+1","floor":20.0},{"not_picked":["WreathOfFlame","Weave"],"picked":"JustLucky","floor":24.0},{"not_picked":["WheelKick","ThirdEye"],"picked":"FollowUp","floor":25.0},{"not_picked":["Crescendo","WheelKick"],"picked":"EmptyBody+1","floor":28.0},{"not_picked":["FlyingSleeves","PathToVictory+1"],"picked":"CutThroughFate","floor":30.0},{"not_picked":["Blasphemy","Wireheading"],"picked":"Vengeance+1","floor":31.0},{"not_picked":["SpiritShield","Blasphemy"],"picked":"DevaForm","floor":33.0},{"not_picked":["Wireheading+1","EmptyBody"],"picked":"Meditate","floor":35.0},{"not_picked":["Worship","Collect+1","Halt"],"picked":"SKIP","floor":36},{"not_picked":["Protect","LikeWater"],"picked":"ClearTheMind+1","floor":37},{"not_picked":["Evaluate+1","Wireheading"],"picked":"CutThroughFate","floor":38},{"not_picked":["CutThroughFate","Omniscience"],"picked":"TalkToTheHand+1","floor":41},{"not_picked":["Consecrate","EmptyBody+1"],"picked":"Fasting2+1","floor":44},{"not_picked":["InnerPeace","Prostrate+1"],"picked":"ReachHeaven+1","floor":45},{"not_picked":["Establishment","EmptyMind"],"picked":"TalkToTheHand+1","floor":47},{"not_picked":["Mind Blast","Forethought"],"picked":"Master of Strategy","floor":48},{"not_picked":["Swift Strike","Forethought"],"picked":"Master of Strategy","floor":48},{"not_picked":["Chrysalis","Jack Of All Trades"],"picked":"Panache","floor":48},{"not_picked":["Prostrate+1","SignatureMove"],"picked":"Crescendo+1","floor":49}],"player_experience":810187,"relics_obtained":[{"floor":6.0,"key":"Anchor"},{"floor":6.0,"key":"HornCleat"},{"floor":8.0,"key":"Letter Opener"},{"floor":8.0,"key":"Gambling Chip"},{"floor":9.0,"key":"Tiny Chest"},{"floor":14.0,"key":"Regal Pillow"},{"floor":14.0,"key":"Omamori"},{"floor":24.0,"key":"Akabeko"},{"floor":24.0,"key":"Bag of Preparation"},{"floor":26.0,"key":"Bottled Tornado"},{"floor":28.0,"key":"Du-Vu Doll"},{"floor":28.0,"key":"Lantern"},{"floor":30.0,"key":"Mercury Hourglass"},{"floor":30.0,"key":"Ancient Tea Set"},{"floor":41,"key":"CeramicFish"},{"floor":41,"key":"Dream Catcher"},{"floor":42,"key":"Juzu Bracelet"},{"floor":43,"key":"Bottled Flame"}],"event_choices":[{"damage_healed":0.0,"max_hp_gain":0.0,"max_hp_loss":0.0,"gold_gain":0.0,"event_name":"Accursed Blacksmith","player_choice":"Forge","floor":4.0,"gold_loss":0.0,"damage_taken":0.0,"cards_upgraded":["Eruption"]},{"cards_removed":["Strike_P"],"damage_healed":0.0,"max_hp_gain":0.0,"max_hp_loss":0.0,"gold_gain":0.0,"event_name":"Purifier","player_choice":"Purged","floor":13.0,"gold_loss":0.0,"damage_taken":0.0},{"damage_healed":0.0,"max_hp_gain":0.0,"max_hp_loss":0.0,"gold_gain":0.0,"event_name":"Lab","player_choice":"Got Potions","floor":22.0,"gold_loss":0.0,"damage_taken":0.0},{"damage_healed":0,"gold_gain":0,"player_choice":"Memory 3","damage_taken":10,"max_hp_gain":0,"max_hp_loss":0,"event_name":"SensoryStone","floor":48,"gold_loss":0}],"is_beta":false,"boss_relics":[{"not_picked":["Runic Dome","Velvet Choker"],"picked":"Fusion Hammer"},{"not_picked":["Runic Pyramid","Philosopher\u0027s Stone"],"picked":"Sozu"}],"items_purged_floors":[21,27],"is_endless":false,"potions_floor_spawned":[1,2,8,10,11,18,24,30,33,36,38,44,45],"ascension_level":7}}