{"host":"7t8rqoeeopyy0nh0","time":1610356400,"event":{"mods":["AchievementEnabler","Aspiration","BaseMod","Better Third Choice","BetterRewards","Colored Map","Colored Powertips","Conspire","Downfall","Hermit","Hubris","Infinite Spire","Minty Spire (QoL Compilation)","Permanent Neow","Quick Restart","Rare Cards Sparkle","Replay The Spire","StSLib","The Administrix","The Jungle","The Servant 0.9.4"],"gold_per_floor":[113,128,403,421,435,470,470,470,497,497,507,13,65,92,92,189,189,208,221,221,221,87,87,98,117,140,157,157,171,171,199,199,315,315,355,355,655,282,312,312,360,360,387,422,422,463,528,582,582,582],"floor_reached":51,"playtime":2486,"items_purged":["hermit:Defend_Hermit","hermit:Reprieve+1","hermit:Strike_Hermit"],"score":937,"play_id":"9d1e613f-0d09-442a-869d-f4df3744380c","local_time":"20210111041320","is_ascension_mode":false,"campfire_choices":[{"floor":7.0,"key":"REST"},{"data":"hermit:Showdown","floor":10.0,"key":"SMITH"},{"floor":15.0,"key":"REST"},{"data":"hermit:FatalDesire","floor":23.0,"key":"SMITH"},{"data":"hermit:Determination","floor":30,"key":"SMITH"},{"data":"hermit:OverwhelmingPower","floor":32,"key":"SMITH"},{"data":"Apotheosis","floor":40,"key":"SMITH"},{"data":"hermit:TakeAim","floor":42,"key":"SMITH"},{"data":"hermit:Gambit","floor":49,"key":"SMITH"}],"circlet_count":0,"master_deck":["hermit:Strike_Hermit","hermit:Strike_Hermit","hermit:Strike_Hermit","hermit:Defend_Hermit","hermit:Defend_Hermit","hermit:Defend_Hermit","hermit:Snapshot","hermit:Covet","hermit:SprayPray","hermit:PistolWhip+1","Regret","hermit:BodyArmor","hermit:LowProfile","hermit:Showdown+1","Injury","hermit:Virtue","hermit:CursedWeapon+1","hermit:CursedWeapon+1","hermit:ShadowCloak","hermit:Desperado+1","hermit:FatalDesire+1","hermit:Deadeye+1","hermit:NoHoldsBarred+1","Necronomicurse","hermit:Determination+1","hermit:Quickdraw+1","hermit:OverwhelmingPower+1","hermit:TakeAim+1","hermit:Magnum+1","Apotheosis+1","hermit:Gambit+1"],"relics":["hermit:Momento","Mango","hubris:CuriousFeather","Molten Egg 2","Ancient Tea Set","Guide Book","aspiration:HiddenCompartment","hubris:TerracottaHorce","Necronomicon","hubris:BottledHeart","hubris:ToyBattleship","Smiling Mask","infinitespire:EvilPickle","aspiration:PoetsPen_weak","hubris:Towel","Bag of Marbles","Du-Vu Doll","Nunchaku","Philosopher\u0027s Stone","infinitespire:Broken Mirror","Boot"],"acts_visited":["Exordium","TheCity","TheBeyond"],"potions_floor_usage":[33,48,50],"damage_taken":[{"damage":21.0,"enemies":"infinitespire:Voidling","floor":1.0,"turns":5.0},{"damage":4.0,"enemies":"Small Slimes","floor":2.0,"turns":4.0},{"damage":5.0,"enemies":"2 Louse","floor":4.0,"turns":2.0},{"damage":9.0,"enemies":"Blue Slaver","floor":5.0,"turns":4.0},{"damage":43.0,"enemies":"Gremlin Nob","floor":6.0,"turns":5.0},{"damage":0.0,"enemies":"2 Fungi Beasts","floor":11.0,"turns":4.0},{"damage":18.0,"enemies":"Replay:BlueRogue","floor":14.0,"turns":7.0},{"damage":43.0,"enemies":"Hexaghost","floor":16.0,"turns":10.0},{"damage":19.0,"enemies":"3 Byrds","floor":18.0,"turns":5.0},{"damage":14.0,"enemies":"Spheric Guardian","floor":19.0,"turns":4.0},{"damage":0.0,"enemies":"conspire:HollyBat","floor":24.0,"turns":4.0},{"damage":0.0,"enemies":"Cultist and Chosen","floor":25.0,"turns":4.0},{"damage":0,"enemies":"Sentry and Sphere","floor":27,"turns":3},{"damage":0,"enemies":"Snecko","floor":29,"turns":3},{"damage":0,"enemies":"Book of Stabbing","floor":31,"turns":4},{"damage":0,"enemies":"Pondfish","floor":33,"turns":5},{"damage":0,"enemies":"3 Shapes","floor":35,"turns":2},{"damage":0,"enemies":"Orb Walker","floor":39,"turns":1},{"damage":0,"enemies":"Giant Head","floor":41,"turns":3},{"damage":0,"enemies":"Maw","floor":44,"turns":3},{"damage":0,"enemies":"Jaw Worm Horde","floor":46,"turns":3},{"damage":0,"enemies":"R_Hoarder","floor":47,"turns":3},{"damage":0,"enemies":"Transient","floor":48,"turns":5},{"damage":0,"enemies":"infinitespire:MassOfShapes","floor":50,"turns":9}],"seed_played":"5483862009729301380","potions_obtained":[{"floor":1.0,"key":"Fire Potion"},{"floor":4.0,"key":"AttackPotion"},{"floor":14.0,"key":"Explosive Potion"},{"floor":16.0,"key":"hermit:Tonic"},{"floor":25,"key":"Regen Potion"},{"floor":29,"key":"AttackPotion"},{"floor":31,"key":"Dexterity Potion"},{"floor":33,"key":"AttackPotion"},{"floor":35,"key":"Energy Potion"}],"is_trial":false,"path_per_floor":["M","M","?","M","M","E","R","?","T","R","M","$","?","E","R","B",null,"M","M","?","?","$","R","M","M","T","M","?","M","R","E","R","B",null,"M","?","?","$","M","R","E","R","T","M","AVR","M","E","M","R","B",null],"character_chosen":"HERMIT","items_purchased":["hermit:CursedWeapon+1","hermit:Reprieve","hermit:ShadowCloak","Guide Book","hermit:Determination","Bag of Marbles","Apotheosis"],"campfire_rested":2,"item_purchase_floors":[12,12,12,12,22,38,38],"current_hp_per_floor":[74,70,70,65,56,13,37,37,37,37,37,37,37,27,51,16,66,47,33,17,1,1,1,1,1,1,1,1,1,1,1,1,1,1,1,1,1,1,1,1,1,1,1,1,1,1,1,1,1,1],"gold":582,"neow_bonus":"ONE_RARE_RELIC","is_daily":false,"chose_seed":false,"campfire_upgraded":7,"win_rate":0.0,"timestamp":1610356400,"path_taken":["M","?","?","?","?","E","R","?","T","R","M","$","?","E","R","BOSS","M","M","?","?","$","R","M","?","T","M","?","M","R","E","R","BOSS","M","?","?","$","M","R","E","R","T","M","AVR","M","E","M","R","BOSS"],"items_purchased_type":["Card","Card","Card","Relic","Card","Relic","Card"],"build_version":"2020-12-22","purchased_purges":3,"victory":true,"max_hp_per_floor":[82,82,82,82,82,82,82,82,82,82,82,82,82,82,82,82,82,82,82,82,1,1,1,1,1,1,1,1,1,1,1,1,1,1,1,1,1,1,1,1,1,1,1,1,1,1,1,1,1,1],"card_choices":[{"not_picked":["hermit:CalledShot","hermit:Cheat"],"picked":"hermit:SprayPray","floor":1.0},{"not_picked":["hermit:Desperado","hermit:Coalescence"],"picked":"hermit:PistolWhip","floor":2.0},{"not_picked":["hermit:Feint","hermit:Roulette"],"picked":"hermit:BodyArmor","floor":4.0},{"not_picked":["hermit:Headshot","hermit:Feint"],"picked":"hermit:LowProfile","floor":5.0},{"not_picked":["hermit:Virtue","hermit:Glare"],"picked":"hermit:Showdown","floor":6.0},{"not_picked":["hermit:Ricochet+1","hermit:BodyArmor"],"picked":"hermit:Virtue","floor":11.0},{"not_picked":["hermit:WideOpen+1","hermit:Scavenge"],"picked":"hermit:Desperado+1","floor":14.0},{"not_picked":["hermit:OverwhelmingPower","hermit:Roughhouse+1"],"picked":"hermit:FatalDesire","floor":16.0},{"not_picked":["hermit:Headshot+1","hermit:GhostlyPresence"],"picked":"hermit:Deadeye+1","floor":18.0},{"not_picked":["hermit:DeadMansHand","hermit:HoleUp"],"picked":"hermit:NoHoldsBarred+1","floor":19.0},{"not_picked":["hermit:BodyArmor","hermit:Ricochet+1"],"picked":"hermit:Quickdraw+1","floor":24.0},{"not_picked":["hermit:Scavenge","hermit:Ricochet+1"],"picked":"hermit:OverwhelmingPower","floor":25},{"not_picked":["hermit:Enervate+1","hermit:Vantage","hermit:Dive"],"picked":"SKIP","floor":27},{"not_picked":["hermit:Showdown+1","hermit:Horror"],"picked":"hermit:TakeAim","floor":29},{"not_picked":["hermit:Vantage+1","hermit:Snipe","hermit:CalledShot+1"],"picked":"SKIP","floor":31},{"not_picked":["hermit:HighNoon","hermit:FromBeyond"],"picked":"hermit:Magnum+1","floor":33},{"not_picked":["hermit:GhostlyPresence","hermit:Vantage","hermit:TakeAim+1"],"picked":"SKIP","floor":35},{"not_picked":["hermit:Midnight","hermit:Snipe","hermit:HoleUp"],"picked":"SKIP","floor":39},{"not_picked":["hermit:Malice+1","hermit:TrackingShot+1","hermit:Ricochet+1"],"picked":"SKIP","floor":41},{"not_picked":["hermit:FlashPowder","hermit:WideOpen+1"],"picked":"hermit:Gambit","floor":44},{"not_picked":["hermit:LowProfile","hermit:Showdown+1","hermit:Spite+1"],"picked":"SKIP","floor":46},{"not_picked":["hermit:BodyArmor+1","hermit:Malice+1","hermit:Ricochet+1"],"picked":"SKIP","floor":47},{"not_picked":["hermit:LowProfile+1","hermit:OverwhelmingPower","hermit:BigShot"],"picked":"SKIP","floor":48}],"player_experience":395593,"relics_obtained":[{"floor":6.0,"key":"hubris:CuriousFeather"},{"floor":9.0,"key":"Ancient Tea Set"},{"floor":14.0,"key":"aspiration:HiddenCompartment"},{"floor":20.0,"key":"Necronomicon"},{"floor":26,"key":"hubris:ToyBattleship"},{"floor":31,"key":"Smiling Mask"},{"floor":41,"key":"Du-Vu Doll"},{"floor":43,"key":"Nunchaku"},{"floor":47,"key":"Boot"}],"event_choices":[{"damage_healed":0.0,"max_hp_gain":0.0,"max_hp_loss":0.0,"gold_gain":275.0,"event_name":"Golden Shrine","player_choice":"Desecrate","floor":3.0,"gold_loss":0.0,"damage_taken":0.0,"cards_obtained":["Regret"]},{"damage_healed":0.0,"max_hp_gain":0.0,"max_hp_loss":0.0,"gold_gain":52.0,"event_name":"Golden Wing","player_choice":"Gained Gold","floor":13.0,"gold_loss":0.0,"damage_taken":0.0},{"damage_healed":0.0,"max_hp_gain":0.0,"max_hp_loss":0.0,"gold_gain":0.0,"event_name":"Cursed Tome","player_choice":"Obtained Book","floor":20.0,"gold_loss":0.0,"damage_taken":16.0},{"damage_healed":0,"gold_gain":0,"player_choice":"Ignored","damage_taken":0,"max_hp_gain":0,"max_hp_loss":0,"event_name":"NoteForYourself","floor":28,"gold_loss":0},{"damage_healed":0,"gold_gain":300,"player_choice":"Gold","damage_taken":0,"max_hp_gain":0,"max_hp_loss":0,"event_name":"Wheel of Change","floor":37,"gold_loss":0}],"is_beta":false,"boss_relics":[{"not_picked":["ReplayTheSpireMod:DimensionalGlitch","conspire:RunicOctahedron"],"picked":"hubris:TerracottaHorce"},{"not_picked":["Ring of Chaos","hermit:ClaspedLocket"],"picked":"aspiration:PoetsPen_weak"}],"items_purged_floors":[12,22,38],"is_endless":false,"potions_floor_spawned":[1,4,14,16,25,29,31,33,35,39,44,46],"ascension_level":0}}