{"host":"khm4we1ijduz33xh","time":1610363138,"event":{"mods":["AchievementEnabler","BaseMod","Colored Map","Minty Spire (QoL Compilation)","Rare Cards Sparkle","StSLib","SuperFastMode"],"gold_per_floor":[115,115,115,129,129,129,139,139,139],"floor_reached":8,"playtime":217,"items_purged":[],"score":51,"play_id":"a2030464-d8c9-4c7a-a3cc-2cad6efe1756","local_time":"20210111200538","is_ascension_mode":true,"campfire_choices":[{"data":"Barricade","floor":6,"key":"SMITH"}],"circlet_count":0,"master_deck":["Strike_R","Strike_R","Strike_R","Strike_R","Strike_R","Defend_R","Defend_R","Defend_R","Defend_R","Bash","Shame","Barricade+1","True Grit"],"relics":["Burning Blood","Frozen Egg 2","Tiny Chest"],"acts_visited":["Exordium"],"potions_floor_usage":[],"damage_taken":[{"damage":27,"enemies":"Cultist","floor":1,"turns":6},{"damage":31,"enemies":"Jaw Worm","floor":4,"turns":8},{"damage":10,"enemies":"Small Slimes","floor":7,"turns":5},{"damage":55,"enemies":"3 Sentries","floor":8,"turns":7}],"seed_played":"2123167894776903026","potions_obtained":[],"is_trial":false,"path_per_floor":["M","?","T","M","?","R","M","E"],"character_chosen":"IRONCLAD","items_purchased":[],"campfire_rested":0,"item_purchase_floors":[],"current_hp_per_floor":[59,80,80,55,55,55,51,0,0],"gold":139,"neow_bonus":"THREE_RARE_CARDS","is_daily":false,"chose_seed":false,"campfire_upgraded":1,"win_rate":0.0,"timestamp":1610363138,"path_taken":["M","?","?","M","?","R","?","E"],"items_purchased_type":[],"build_version":"2020-12-22","purchased_purges":0,"victory":false,"max_hp_per_floor":[80,80,80,80,80,80,80,80,80],"card_choices":[{"not_picked":["Juggernaut","Impervious"],"picked":"Barricade","floor":0},{"not_picked":["Rampage","Cleave"],"picked":"True Grit","floor":1},{"not_picked":["Dark Embrace+1","Wild Strike","Clash"],"picked":"SKIP","floor":4},{"not_picked":["Twin Strike","Infernal Blade","Sword Boomerang"],"picked":"SKIP","floor":7}],"player_experience":187911,"relics_obtained":[{"floor":3,"key":"Frozen Egg 2"},{"floor":5,"key":"Tiny Chest"}],"event_choices":[{"damage_healed":26,"gold_gain":0,"player_choice":"Banana","damage_taken":0,"max_hp_gain":0,"max_hp_loss":0,"event_name":"Big Fish","floor":2,"gold_loss":0},{"damage_healed":0,"gold_gain":0,"player_choice":"Relic","damage_taken":0,"max_hp_gain":0,"max_hp_loss":0,"event_name":"Wheel of Change","floor":5,"gold_loss":0}],"is_beta":false,"boss_relics":[],"items_purged_floors":[],"is_endless":false,"potions_floor_spawned":[],"killed_by":"3 Sentries","ascension_level":2}}