{"host":"61r95uy0hn86b9iu","time":1610333814,"event":{"mods":["AchievementEnabler","BaseMod","Better Vampires","BetterRewards","Colored Powertips","Hubris","Minty Spire (QoL Compilation)","Shop Mod","StSLib"],"gold_per_floor":[116,116,135,194,194,194,221,221,221,233,233,21,21,21,21,96,96,106,156,156,166,166,166,166,166,192,5,5,5,30,17,17,193,193,211,211,211,211,11,41,58,77,77,77,91,50,50,50,50,50,50],"floor_reached":52,"playtime":1364,"items_purged":["Writhe","Perfected Strike"],"score":1826,"play_id":"1282b573-b32e-4704-88b2-b96698833eba","local_time":"20210110205654","is_ascension_mode":true,"campfire_choices":[{"data":"Iron Wave","floor":6.0,"key":"SMITH"},{"data":"Armaments","floor":8.0,"key":"SMITH"},{"data":"Carnage","floor":11.0,"key":"SMITH"},{"data":"Bloodletting","floor":15.0,"key":"SMITH"},{"data":"Limit Break","floor":23.0,"key":"SMITH"},{"floor":25.0,"key":"REST"},{"floor":32.0,"key":"REST"},{"floor":44.0,"key":"REST"},{"floor":47.0,"key":"REST"},{"floor":49,"key":"REST"}],"circlet_count":0,"master_deck":["AscendersBane","Bash","Flex","Carnage+1","Iron Wave+1","Armaments+1","Bloodletting+1","Barricade+1","Limit Break+1","Body Slam","Rupture","Heavy Blade","Spot Weakness","Battle Trance","Rage","hubris:SharpeningStone","Flame Barrier","Demon Form","Disarm+1","Writhe","Shrug It Off","True Grit","Shockwave","Heavy Blade+1"],"relics":["Burning Blood","hubris:Icosahedron","Bag of Preparation","Darkstone Periapt","Juzu Bracelet","hubris:GlazedTorus","Lizard Tail","hubris:TenFootPole","MerchantsRug","WarpedTongs","Smiling Mask","Mercury Hourglass","Runic Cube","hubris:Towel","Du-Vu Doll","Blue Candle"],"acts_visited":["Exordium","TheCity","TheBeyond"],"potions_floor_usage":[50,51],"damage_taken":[{"damage":0.0,"enemies":"Small Slimes","floor":1.0,"turns":2.0},{"damage":6.0,"enemies":"2 Louse","floor":3.0,"turns":2.0},{"damage":25.0,"enemies":"Lagavulin","floor":7.0,"turns":4.0},{"damage":7.0,"enemies":"Jaw Worm","floor":10.0,"turns":2.0},{"damage":52.0,"enemies":"Hexaghost","floor":16.0,"turns":9.0},{"damage":24.0,"enemies":"Spheric Guardian","floor":18.0,"turns":4.0},{"damage":18.0,"enemies":"Chosen","floor":21.0,"turns":4.0},{"damage":60.0,"enemies":"Slavers","floor":30.0,"turns":6.0},{"damage":24.0,"enemies":"Champ","floor":33.0,"turns":7.0},{"damage":55.0,"enemies":"3 Darklings","floor":35.0,"turns":4.0},{"damage":0.0,"enemies":"Reptomancer","floor":40.0,"turns":1.0},{"damage":39.0,"enemies":"Orb Walker","floor":41.0,"turns":4.0},{"damage":38.0,"enemies":"Sphere and 2 Shapes","floor":42.0,"turns":6.0},{"damage":35.0,"enemies":"4 Shapes","floor":45.0,"turns":7.0},{"damage":49,"enemies":"Time Eater","floor":50,"turns":8},{"damage":46,"enemies":"hubris:GrandSnecko","floor":51,"turns":7}],"seed_played":"537587854817952618","potions_obtained":[{"floor":3.0,"key":"Strength Potion"},{"floor":16.0,"key":"SteroidPotion"},{"floor":18.0,"key":"EntropicBrew"},{"floor":30.0,"key":"SteroidPotion"},{"floor":35.0,"key":"ColorlessPotion"},{"floor":40.0,"key":"CultistPotion"},{"floor":45.0,"key":"Weak Potion"}],"is_trial":false,"path_per_floor":["M","?","M","?","?","R","E","R","T","M","R","$","T","?","R","B",null,"M","?","?","M","?","R","?","R","T","$","?","?","E","$","R","B",null,"M","?","?","?","$","E","M","M","T","R","M","$","R","?","R","B","B",null],"character_chosen":"IRONCLAD","items_purchased":["Carnage","Juzu Bracelet","Bloodletting","MerchantsRug","Omamori","Lee\u0027s Waffle","Shrug It Off"],"campfire_rested":5,"item_purchase_floors":[0,12,12,27,27,39,39],"current_hp_per_floor":[74,74,74,74,74,74,55,55,55,54,54,54,54,78,78,32,69,51,51,51,39,39,39,45,70,70,70,70,70,16,16,41,23,69,20,43,43,43,97,97,64,32,32,61,32,32,61,61,90,47,7],"gold":50,"neow_bonus":"","is_daily":false,"chose_seed":false,"campfire_upgraded":5,"win_rate":0.0,"timestamp":1610333814,"path_taken":["M","?","M","?","?","R","E","R","T","M","R","$","?","?","R","BOSS","M","?","?","M","?","R","?","R","T","$","?","?","E","$","R","BOSS","M","?","?","?","$","E","M","M","T","R","M","$","R","?","R","BOSS","BOSS"],"items_purchased_type":["Card","Relic","Card","Relic","Relic","Relic","Card"],"build_version":"2020-12-22","purchased_purges":2,"victory":true,"max_hp_per_floor":[75,75,75,75,75,75,75,75,75,75,75,75,75,81,81,81,81,81,81,78,78,78,78,84,84,84,84,84,84,84,84,84,84,84,84,90,90,90,97,97,97,97,97,97,97,97,97,97,97,97,97],"card_choices":[{"not_picked":["Sword Boomerang","Dark Embrace","Entrench"],"picked":"SKIP","floor":1.0},{"not_picked":["Anger","Wild Strike"],"picked":"Iron Wave","floor":3.0},{"not_picked":["Shrug It Off","Blood for Blood"],"picked":"Armaments","floor":7.0},{"not_picked":["Wild Strike","Headbutt","Thunderclap"],"picked":"SKIP","floor":10.0},{"not_picked":["Offering","Impervious"],"picked":"Barricade","floor":16.0},{"not_picked":["Warcry","Sword Boomerang"],"picked":"hubris:SharpeningStone","floor":18.0},{"not_picked":["Burning Pact","Armaments"],"picked":"Flame Barrier","floor":21.0},{"not_picked":["hubris:SharpeningStone","Feel No Pain","Entrench"],"picked":"SKIP","floor":30.0},{"not_picked":["Corruption","Fiend Fire"],"picked":"Demon Form","floor":33.0},{"not_picked":["Sword Boomerang","Iron Wave+1"],"picked":"Disarm+1","floor":35.0},{"not_picked":["Thunderclap+1","Clothesline+1"],"picked":"True Grit","floor":40.0},{"not_picked":["hubris:SharpeningStone","Headbutt+1"],"picked":"Shockwave","floor":41.0},{"not_picked":["Rupture+1","hubris:SharpeningStone"],"picked":"Heavy Blade","floor":42.0},{"not_picked":["Thunderclap","Sword Boomerang","Hemokinesis"],"picked":"SKIP","floor":45.0}],"player_experience":3265484,"relics_obtained":[{"floor":7.0,"key":"Bag of Preparation"},{"floor":9.0,"key":"Darkstone Periapt"},{"floor":13.0,"key":"hubris:GlazedTorus"},{"floor":26.0,"key":"hubris:TenFootPole"},{"floor":30.0,"key":"Mercury Hourglass"},{"floor":40.0,"key":"Du-Vu Doll"},{"floor":43.0,"key":"Blue Candle"}],"event_choices":[{"cards_removed":["Strike_R"],"damage_healed":0.0,"max_hp_gain":0.0,"max_hp_loss":0.0,"gold_gain":0.0,"event_name":"Living Wall","player_choice":"Forget","floor":2.0,"gold_loss":0.0,"damage_taken":0.0},{"damage_healed":0.0,"max_hp_gain":0.0,"max_hp_loss":0.0,"gold_gain":59.0,"event_name":"Golden Wing","player_choice":"Gained Gold","floor":4.0,"gold_loss":0.0,"damage_taken":0.0},{"damage_healed":18.0,"max_hp_gain":0.0,"max_hp_loss":0.0,"gold_gain":0.0,"event_name":"Mushrooms","player_choice":"Healed and dodged fight","floor":14.0,"gold_loss":0.0,"damage_taken":0.0,"cards_obtained":["Parasite"]},{"damage_healed":0.0,"max_hp_gain":0.0,"max_hp_loss":0.0,"gold_gain":50.0,"event_name":"Nest","player_choice":"Stole From Cult","floor":19.0,"gold_loss":0.0,"damage_taken":0.0},{"cards_removed":["Parasite"],"damage_healed":0.0,"max_hp_gain":0.0,"max_hp_loss":0.0,"gold_gain":0.0,"event_name":"Purifier","player_choice":"Purged","floor":20.0,"gold_loss":0.0,"damage_taken":0.0},{"damage_healed":0.0,"max_hp_gain":0.0,"max_hp_loss":0.0,"gold_gain":0.0,"event_name":"Ghosts","player_choice":"Ignored","floor":22.0,"gold_loss":0.0,"damage_taken":0.0},{"damage_healed":0.0,"max_hp_gain":0.0,"max_hp_loss":0.0,"gold_gain":0.0,"event_name":"The Mausoleum","player_choice":"Opened","floor":24.0,"gold_loss":0.0,"damage_taken":0.0,"relics_obtained":["Lizard Tail"],"cards_obtained":["Writhe"]},{"damage_healed":0.0,"max_hp_gain":0.0,"max_hp_loss":0.0,"gold_gain":0.0,"event_name":"Accursed Blacksmith","player_choice":"Rummage","floor":28.0,"gold_loss":0.0,"damage_taken":0.0,"relics_obtained":["WarpedTongs"],"cards_obtained":["Pain"]},{"damage_healed":0.0,"max_hp_gain":0.0,"max_hp_loss":0.0,"gold_gain":0.0,"event_name":"Addict","player_choice":"Stole Relic","floor":29.0,"gold_loss":0.0,"damage_taken":0.0,"relics_obtained":["Smiling Mask"],"cards_obtained":["Shame"]},{"damage_healed":17.0,"max_hp_gain":0.0,"max_hp_loss":0.0,"gold_gain":0.0,"event_name":"Winding Halls","player_choice":"Writhe","floor":36.0,"gold_loss":0.0,"damage_taken":0.0,"cards_obtained":["Writhe"]},{"damage_healed":0.0,"max_hp_gain":0.0,"max_hp_loss":0.0,"gold_gain":0.0,"event_name":"Upgrade Shrine","player_choice":"Upgraded","floor":38.0,"gold_loss":0.0,"damage_taken":0.0,"cards_upgraded":["Barricade"]}],"is_beta":false,"boss_relics":[{"not_picked":["hubris:VirtuousBlindfold","hubris:CrackedHourglass"],"picked":"Pandora\u0027s Box"},{"not_picked":["Runic Dome","hubris:GrandSneckoEye"],"picked":"Runic Cube"}],"items_purged_floors":[31,46],"is_endless":false,"potions_floor_spawned":[3,16,18,30,35,40,45],"ascension_level":20}}