{"host":"vfg9szunmpjwj08o","time":1610397334,"event":{"mods":["Act Like it!","BaseMod","Challenge The Spire","Colored Map","Colored Powertips","Dark Map","Fox Events","Minty Spire (QoL Compilation)","StSLib","Waifu the Spire"],"gold_per_floor":[117,133,149,159,159,159,84,84,84,101,101,118,150,162,162,238,238,258,308,326,112,112,112,130,130,130,130,130],"floor_reached":27,"playtime":939,"items_purged":["Strike_B","Strike_B"],"score":419,"play_id":"f3a8b72d-6eff-4024-b0fd-7b34a1fe0942","local_time":"20210111213534","is_ascension_mode":true,"campfire_choices":[{"data":"Zap","floor":6,"key":"SMITH"},{"data":"Dualcast","floor":11,"key":"SMITH"},{"data":"Defragment","floor":15,"key":"SMITH"},{"floor":23,"key":"RECALL"},{"data":"Defragment","floor":25,"key":"SMITH"}],"circlet_count":0,"master_deck":["AscendersBane","Defend_B","Defend_B","Defend_B","Zap+1","Dualcast+1","Undo","Ball Lightning","Coolheaded","Scrape","Echo Form","Defragment+1","Core Surge","Echo Form","Reinforced Body","Double Energy","Defragment+1","FTL","Darkness+1"],"relics":["Cracked Core","Question Card","Mercury Hourglass","SlaversCollar"],"acts_visited":["Exordium","TheCity"],"potions_floor_usage":[13,20,27,27],"damage_taken":[{"damage":3,"enemies":"2 Louse","floor":1,"turns":4},{"damage":1,"enemies":"Small Slimes","floor":2,"turns":3},{"damage":0,"enemies":"Jaw Worm","floor":3,"turns":3},{"damage":17,"enemies":"Exordium Wildlife","floor":4,"turns":8},{"damage":9,"enemies":"Large Slime","floor":10,"turns":5},{"damage":1,"enemies":"3 Louse","floor":12,"turns":3},{"damage":18,"enemies":"Lagavulin","floor":13,"turns":6},{"damage":0,"enemies":"Looter","floor":14,"turns":2},{"damage":21,"enemies":"Hexaghost","floor":16,"turns":7},{"damage":11,"enemies":"Spheric Guardian","floor":18,"turns":4},{"damage":16,"enemies":"Shell Parasite","floor":20,"turns":4},{"damage":7,"enemies":"Snecko","floor":24,"turns":5},{"damage":34,"enemies":"Slavers","floor":27,"turns":3}],"seed_played":"-2606140058941570525","potions_obtained":[{"floor":1,"key":"GamblersBrew"},{"floor":10,"key":"SmokeBomb"},{"floor":12,"key":"Regen Potion"},{"floor":13,"key":"Energy Potion"},{"floor":20,"key":"LiquidMemories"}],"is_trial":false,"path_per_floor":["M","M","M","M","?","R","$","?","T","M","R","M","E","M","R","B",null,"M","?","M","$","?","R","M","R","T","E"],"character_chosen":"DEFECT","items_purchased":["Defragment","FTL"],"campfire_rested":0,"item_purchase_floors":[21,21],"current_hp_per_floor":[61,60,60,43,43,43,43,48,48,39,39,38,35,35,35,14,61,50,50,34,34,34,34,27,27,27,0,0],"gold":130,"neow_bonus":"TRANSFORM_CARD","is_daily":false,"chose_seed":false,"campfire_upgraded":4,"win_rate":0.0,"timestamp":1610397334,"path_taken":["M","M","M","M","?","R","$","?","T","M","R","M","E","M","R","BOSS","M","?","M","$","?","R","M","R","T","E"],"items_purchased_type":["Card","Card"],"build_version":"2020-12-22","purchased_purges":2,"victory":false,"max_hp_per_floor":[71,71,71,71,71,71,71,76,76,76,76,76,76,76,76,76,76,76,76,76,76,76,76,76,76,76,76,76],"card_choices":[{"not_picked":["Capacitor","Hologram"],"picked":"Ball Lightning","floor":1},{"not_picked":["Turbo","Stack"],"picked":"Coolheaded","floor":2},{"not_picked":["Cold Snap","Steam"],"picked":"Scrape","floor":3},{"not_picked":["Cold Snap","Heatsinks"],"picked":"Echo Form","floor":4},{"not_picked":["Cold Snap","Redo","Leap","Stack"],"picked":"SKIP","floor":10},{"not_picked":["Loop","Streamline","Compile Driver"],"picked":"Defragment","floor":12},{"not_picked":["Steam","Redo","Streamline","Melter"],"picked":"SKIP","floor":13},{"not_picked":["Sweeping Beam","Streamline","Auto Shields"],"picked":"Core Surge","floor":14},{"not_picked":["Rainbow","Hyperbeam","Core Surge"],"picked":"Echo Form","floor":16},{"not_picked":["Hologram","Consume","Lockon"],"picked":"Reinforced Body","floor":18},{"not_picked":["Beam Cell","Leap","Stack"],"picked":"Double Energy","floor":20},{"not_picked":["Consume","Cold Snap","Barrage"],"picked":"Darkness+1","floor":24}],"player_experience":1056201,"relics_obtained":[{"floor":9,"key":"Question Card"},{"floor":13,"key":"Mercury Hourglass"}],"event_choices":[{"cards_removed":["Strike_B"],"damage_healed":0,"gold_gain":0,"player_choice":"Forget","damage_taken":0,"max_hp_gain":0,"max_hp_loss":0,"event_name":"Living Wall","floor":5,"gold_loss":0},{"damage_healed":0,"gold_gain":0,"player_choice":"Donut","damage_taken":0,"max_hp_gain":5,"max_hp_loss":0,"event_name":"Big Fish","floor":8,"gold_loss":0},{"damage_healed":0,"gold_gain":50,"player_choice":"Stole From Cult","damage_taken":0,"max_hp_gain":0,"max_hp_loss":0,"event_name":"Nest","floor":19,"gold_loss":0},{"cards_removed":["Defend_B"],"damage_healed":0,"gold_gain":0,"player_choice":"Elegance","damage_taken":0,"max_hp_gain":0,"max_hp_loss":0,"event_name":"Back to Basics","floor":22,"gold_loss":0}],"is_beta":false,"boss_relics":[{"not_picked":["SacredBark","Runic Dome"],"picked":"SlaversCollar"}],"items_purged_floors":[7,21],"is_endless":false,"potions_floor_spawned":[1,10,12,13,20],"killed_by":"Slavers","ascension_level":19}}