{"host":"c6u7e77myxvw4d0m","time":1610361006,"event":{"mods":["AchievementEnabler","BaseMod","Bestiary","Colored Map","Colored Powertips","Minty Spire (QoL Compilation)","Rare Cards Sparkle","Relic Stats","everything is the same but u backflip on backflip"],"gold_per_floor":[113,128,138,138,138,169,169,169,192,206,541,558,590,30,30,131,131,145,155,166,176,176,176,204,204,281,314,314,349,362,2,2,107,157,177,190,201,201,221,256,256,279,358,358,358],"floor_reached":44,"playtime":4128,"items_purged":["Strike_G","Strike_G"],"score":955,"play_id":"a954e381-b491-4772-a7a9-022b5f7365d8","local_time":"20210111123006","is_ascension_mode":true,"campfire_choices":[{"data":"Dagger Spray","floor":8,"key":"SMITH"},{"floor":15,"key":"REST"},{"data":"Terror","floor":23,"key":"SMITH"},{"data":"Footwork","floor":25,"key":"SMITH"},{"data":"Predator","floor":28,"key":"SMITH"},{"data":"Riddle With Holes","floor":32,"key":"SMITH"},{"floor":41,"key":"REST"}],"circlet_count":0,"master_deck":["AscendersBane","Strike_G","Strike_G","Strike_G","Defend_G","Defend_G+1","Defend_G","Defend_G","Defend_G","Survivor","Neutralize","Unload","Deadly Poison","Dagger Spray+1","Flying Knee","Terror+1","Venomology","Neutralize","PiercingWail","Predator+1","Leg Sweep","Footwork+1","Bullet Time","Adrenaline","CurseOfTheBell","Blur+1","Heel Hook+1","Well Laid Plans","Crippling Poison+1","Bouncing Flask+1","Cloak And Dagger","Infinite Blades","Caltrops","Riddle With Holes+1","Doppelganger","Skewer","Poisoned Stab+1","Corpse Explosion","PanicButton"],"relics":["Ring of the Snake","Happy Flower","Smiling Mask","Pen Nib","Old Coin","Ornamental Fan","Pear","Calling Bell","Lantern","Gremlin Horn","Du-Vu Doll","Art of War","Sundial","Shuriken","Tough Bandages","HandDrill","Tiny House","Question Card","Dream Catcher","The Courier"],"acts_visited":["Exordium","TheCity","TheBeyond"],"potions_floor_usage":[6,6,11,11,12,13,13,13,16,20,27,27,29,29,33,33,37,37,40,40,40,40,44],"damage_taken":[{"damage":2,"enemies":"2 Louse","floor":1,"turns":3},{"damage":0,"enemies":"Small Slimes","floor":2,"turns":4},{"damage":0,"enemies":"Cultist","floor":3,"turns":3},{"damage":25,"enemies":"Gremlin Nob","floor":6,"turns":4},{"damage":8,"enemies":"Red Slaver","floor":10,"turns":3},{"damage":0,"enemies":"Lagavulin","floor":11,"turns":5},{"damage":25,"enemies":"Exordium Thugs","floor":12,"turns":4},{"damage":10,"enemies":"3 Sentries","floor":13,"turns":3},{"damage":5,"enemies":"The Guardian","floor":16,"turns":12},{"damage":0,"enemies":"Shell Parasite","floor":18,"turns":2},{"damage":0,"enemies":"Chosen","floor":19,"turns":7},{"damage":0,"enemies":"Shelled Parasite and Fungi","floor":20,"turns":3},{"damage":1,"enemies":"3 Cultists","floor":21,"turns":3},{"damage":9,"enemies":"Slavers","floor":24,"turns":6},{"damage":6,"enemies":"Book of Stabbing","floor":27,"turns":5},{"damage":7,"enemies":"Slavers","floor":29,"turns":5},{"damage":4,"enemies":"Centurion and Healer","floor":30,"turns":7},{"damage":15,"enemies":"Automaton","floor":33,"turns":9},{"damage":2,"enemies":"Orb Walker","floor":35,"turns":3},{"damage":0,"enemies":"3 Shapes","floor":36,"turns":5},{"damage":28,"enemies":"Sphere and 2 Shapes","floor":37,"turns":5},{"damage":8,"enemies":"Writhing Mass","floor":39,"turns":5},{"damage":0,"enemies":"Reptomancer","floor":40,"turns":4},{"damage":105,"enemies":"Giant Head","floor":44,"turns":8}],"seed_played":"7400842681776327041","potions_obtained":[{"floor":3,"key":"EntropicBrew"},{"floor":10,"key":"Regen Potion"},{"floor":12,"key":"Poison Potion"},{"floor":18,"key":"GhostInAJar"},{"floor":19,"key":"DuplicationPotion"},{"floor":24,"key":"Fire Potion"},{"floor":34,"key":"ColorlessPotion"},{"floor":36,"key":"PowerPotion"},{"floor":39,"key":"Block Potion"}],"is_trial":false,"path_per_floor":["M","M","M","?","?","E","?","R","T","M","E","M","E","$","R","B",null,"M","M","M","M","T","R","E","R","T","E","R","E","M","$","R","B",null,"M","M","M","?","M","E","R","T","T","E"],"character_chosen":"THE_SILENT","items_purchased":["Footwork","Bullet Time","Pear","Block Potion","Caltrops","Riddle With Holes","HandDrill"],"campfire_rested":2,"item_purchase_floors":[14,14,14,14,31,31,31],"current_hp_per_floor":[61,61,61,43,66,41,41,41,41,33,47,22,12,22,46,41,70,70,70,70,69,69,69,60,60,60,54,54,47,43,43,43,28,72,70,70,42,42,34,34,59,59,59,0,0],"gold":358,"neow_bonus":"ONE_RANDOM_RARE_CARD","is_daily":false,"chose_seed":false,"campfire_upgraded":5,"win_rate":0.0,"timestamp":1610361006,"path_taken":["M","M","M","?","?","E","?","R","T","?","E","M","E","$","R","BOSS","M","M","M","M","?","R","E","R","T","E","R","E","M","$","R","BOSS","M","M","M","?","?","E","R","?","T","E"],"items_purchased_type":["Card","Card","Relic","Potion","Card","Card","Relic"],"build_version":"2020-12-22","purchased_purges":2,"victory":false,"max_hp_per_floor":[70,70,70,70,70,70,70,70,70,70,70,70,70,80,80,80,80,80,80,80,80,80,80,80,80,80,80,80,80,80,80,80,80,85,85,85,85,85,85,85,85,85,85,85,85],"relic_stats":{"Happy Flower":[36],"Gremlin Horn":[13,15],"counters":[24,118],"Pen Nib":[18],"Smiling Mask":75,"Question Card":0,"Tough Bandages":[39],"Dream Catcher":0,"Ornamental Fan":[96],"Sundial":[4],"Shuriken":[15],"Art of War":[10],"HandDrill":[18],"obtain_stats":[{"Lantern":17,"Pear":14,"Tiny House":34,"Happy Flower":4,"Gremlin Horn":17,"Pen Nib":9,"The Courier":43,"Smiling Mask":6,"Question Card":40,"Old Coin":11,"Calling Bell":17,"Du-Vu Doll":17,"Tough Bandages":29,"Dream Catcher":42,"Ornamental Fan":13,"Sundial":26,"Shuriken":27,"Art of War":24,"HandDrill":31,"Ring of the Snake":0},{"Lantern":9,"Pear":8,"Tiny House":18,"Happy Flower":3,"Gremlin Horn":9,"Pen Nib":4,"The Courier":23,"Smiling Mask":4,"Question Card":23,"Old Coin":6,"Calling Bell":9,"Du-Vu Doll":9,"Tough Bandages":16,"Dream Catcher":23,"Ornamental Fan":8,"Sundial":14,"Shuriken":15,"Art of War":14,"HandDrill":17,"Ring of the Snake":0},{"Lantern":41,"Pear":29,"Tiny House":88,"Happy Flower":10,"Gremlin Horn":41,"Pen Nib":14,"The Courier":110,"Smiling Mask":14,"Question Card":110,"Old Coin":22,"Calling Bell":41,"Du-Vu Doll":41,"Tough Bandages":72,"Dream Catcher":110,"Ornamental Fan":29,"Sundial":62,"Shuriken":67,"Art of War":62,"HandDrill":79,"Ring of the Snake":0}],"Ring of the Snake":[48]},"card_choices":[{"not_picked":["Outmaneuver","Escape Plan"],"picked":"Deadly Poison","floor":1},{"not_picked":["Blade Dance","Acrobatics"],"picked":"Dagger Spray","floor":2},{"not_picked":["Dodge and Roll","Finisher"],"picked":"Flying Knee","floor":3},{"not_picked":["Dagger Spray","Adrenaline"],"picked":"Terror","floor":6},{"not_picked":["Quick Slash","Cloak And Dagger"],"picked":"PiercingWail","floor":10},{"not_picked":["Well Laid Plans","Die Die Die"],"picked":"Predator","floor":11},{"not_picked":["Sucker Punch","Prepared"],"picked":"Leg Sweep","floor":12},{"not_picked":["Prepared","Sucker Punch","Flying Knee"],"picked":"SKIP","floor":13},{"not_picked":["Envenom","Night Terror"],"picked":"Adrenaline","floor":16},{"not_picked":["Tactician","Slice"],"picked":"Blur+1","floor":18},{"not_picked":["Dagger Throw+1","Tactician"],"picked":"Heel Hook+1","floor":19},{"not_picked":["Distraction","Backflip"],"picked":"Well Laid Plans","floor":20},{"not_picked":["Venomology","Escape Plan+1"],"picked":"Crippling Poison+1","floor":21},{"not_picked":["Distraction+1","Cloak And Dagger"],"picked":"Bouncing Flask+1","floor":24},{"not_picked":["Prepared","Flying Knee","Underhanded Strike"],"picked":"SKIP","floor":27},{"not_picked":["Outmaneuver+1","Accuracy"],"picked":"Cloak And Dagger","floor":29},{"not_picked":["Dodge and Roll","Bullet Time"],"picked":"Infinite Blades","floor":30},{"not_picked":["Venomology","Grand Finale"],"picked":"Doppelganger","floor":33},{"not_picked":["Bane","Outmaneuver+1"],"picked":"Skewer","floor":34},{"not_picked":["Leg Sweep+1","Dodge and Roll+1"],"picked":"Poisoned Stab+1","floor":35},{"not_picked":["Dagger Throw","Cloak And Dagger"],"picked":"Corpse Explosion","floor":36},{"not_picked":["Deflect+1","Dagger Throw","Flying Knee"],"picked":"SKIP","floor":37},{"not_picked":["Outmaneuver+1","Flying Knee","Prepared+1"],"picked":"SKIP","floor":39},{"not_picked":["Sucker Punch","Infinite Blades+1","Deflect+1"],"picked":"SKIP","floor":40}],"player_experience":328021,"relics_obtained":[{"floor":6,"key":"Smiling Mask"},{"floor":9,"key":"Pen Nib"},{"floor":11,"key":"Old Coin"},{"floor":13,"key":"Ornamental Fan"},{"floor":17,"key":"Lantern"},{"floor":17,"key":"Gremlin Horn"},{"floor":17,"key":"Du-Vu Doll"},{"floor":24,"key":"Art of War"},{"floor":26,"key":"Sundial"},{"floor":27,"key":"Shuriken"},{"floor":29,"key":"Tough Bandages"},{"floor":40,"key":"Question Card"},{"floor":42,"key":"Dream Catcher"},{"floor":43,"key":"The Courier"}],"event_choices":[{"damage_healed":0,"gold_gain":0,"player_choice":"Success","damage_taken":18,"relics_obtained":["Happy Flower"],"max_hp_gain":0,"max_hp_loss":0,"event_name":"Scrap Ooze","floor":4,"gold_loss":0},{"damage_healed":23,"gold_gain":0,"player_choice":"Banana","damage_taken":0,"max_hp_gain":0,"max_hp_loss":0,"event_name":"Big Fish","floor":5,"gold_loss":0},{"damage_healed":0,"gold_gain":0,"player_choice":"2 cards matched","damage_taken":0,"max_hp_gain":0,"max_hp_loss":0,"event_name":"Match and Keep!","floor":7,"gold_loss":0,"cards_obtained":["Venomology","Neutralize"]},{"damage_healed":0,"gold_gain":0,"player_choice":"1 cards matched","damage_taken":0,"max_hp_gain":0,"max_hp_loss":0,"event_name":"Match and Keep!","floor":38,"gold_loss":0,"cards_obtained":["PanicButton"]}],"is_beta":false,"boss_relics":[{"not_picked":["Empty Cage","SlaversCollar"],"picked":"Calling Bell"},{"not_picked":["Ring of the Serpent","Busted Crown"],"picked":"Tiny House"}],"items_purged_floors":[14,31],"is_endless":false,"potions_floor_spawned":[3,10,12,18,19,21,24,36,39],"killed_by":"Giant Head","ascension_level":11}}