{"host":"jfbo3eu2ui08ej1u","time":1610376667,"event":{"mods":["2.2 Compatiblity","AchievementEnabler","Act Like it!","Aspiration","BaseMod","Better Altar","Better Match","Better Note","Better Sensory Stone","Better Skull","Better Third Choice","Block Reminder","Colored Map","Colored Powertips","Conspire","DeckTracker","Displayed Cursed Tome","Downfall","Energized Spire","Fox Events","GifTheSpireLib","Hermit","Hubris","Infinite Spire","Marked Mod","Minty Spire (QoL Compilation)","Pale of the Ancients","Quick Restart","RRrroohrrRGHHhhh!!","Relic Filter","Reorder Act Four","Replay The Spire","Shop Mod","Spicy Shops","StSLib","Stuff the Spire","The Blue Laboratory","The Disciple","The Forsaken","The Hierophant","The Marked","Uncapped","Unceasing Turn Reminder","Wandering Minibosses"],"gold_per_floor":[113,127,147,42,62,89,89,89,89],"floor_reached":8,"playtime":339,"items_purged":[],"score":107,"play_id":"52e6e8b5-e77e-4fef-8380-c581d92c17e1","local_time":"20210111095107","is_ascension_mode":true,"campfire_choices":[{"floor":7,"key":"REST"}],"circlet_count":0,"master_deck":["AscendersBane","Strike_B","Strike_B","Strike_B","Strike_B","Defend_B","Defend_B","Defend_B","Defend_B","Zap","Dualcast","Replay:SS_hec_4","Sweeping Beam","rorgmod:Claw","Steam Power","Replay:SS_forest_2","StuffTheSpire:Plugnplay","Self Repair"],"relics":["Cracked Core","Chameleon Ring"],"acts_visited":["Exordium"],"potions_floor_usage":[8],"damage_taken":[{"damage":0,"enemies":"Cultist","floor":1,"turns":3},{"damage":0,"enemies":"2 Louse","floor":2,"turns":3},{"damage":16,"enemies":"Small Slimes","floor":3,"turns":6},{"damage":11,"enemies":"Blue Slaver","floor":5,"turns":3},{"damage":30,"enemies":"Lagavulin","floor":6,"turns":7},{"damage":35,"enemies":"3 Sentries","floor":8,"turns":4}],"seed_played":"-1416711980848283918","potions_obtained":[{"floor":1,"key":"FocusPotion"},{"floor":6,"key":"sneckomod:MuddlingPotion"}],"is_trial":false,"path_per_floor":["M","M","M","$","M","E","R","E"],"character_chosen":"DEFECT","items_purchased":["Replay:SS_forest_2"],"campfire_rested":1,"item_purchase_floors":[4],"current_hp_per_floor":[64,64,48,48,37,7,28,0,0],"gold":89,"neow_bonus":"RANDOM_COLORLESS","is_daily":false,"chose_seed":false,"campfire_upgraded":0,"win_rate":0.0,"timestamp":1610376667,"path_taken":["M","M","M","$","M","E","R","E"],"items_purchased_type":["Card"],"build_version":"2020-12-22","purchased_purges":0,"victory":false,"max_hp_per_floor":[71,71,71,71,71,71,71,71,71],"card_choices":[{"not_picked":["expansioncontent:DefensiveStance","expansioncontent:Torchfire"],"picked":"Replay:SS_hec_4","floor":0},{"not_picked":["Time Bomb","Conserve Battery"],"picked":"Sweeping Beam","floor":1},{"not_picked":["Turbo","rorgmod:Metal Coating"],"picked":"rorgmod:Claw","floor":2},{"not_picked":["rorgmod:Antivirus","Turbo"],"picked":"Steam Power","floor":3},{"not_picked":["Coolheaded","rorgmod:Metal Coating"],"picked":"StuffTheSpire:Plugnplay","floor":5},{"not_picked":["StuffTheSpire:LoadUp","rorgmod:Denial of Service"],"picked":"Self Repair","floor":6}],"player_experience":1196297,"relics_obtained":[{"floor":6,"key":"Chameleon Ring"}],"event_choices":[],"is_beta":false,"boss_relics":[],"items_purged_floors":[],"is_endless":false,"potions_floor_spawned":[1,6],"killed_by":"3 Sentries","ascension_level":17}}