{"host":"nrxstibvl428zo7h","time":1610364620,"event":{"mods":["AchievementEnabler","BaseMod","Colored Map","Dark Map","Minty Spire (QoL Compilation)","StSLib"],"gold_per_floor":[114,133,133,113,129,146,146,146],"floor_reached":7,"playtime":395,"items_purged":[],"score":43,"play_id":"78936236-92b5-4781-b8c5-de311db89b74","local_time":"20210111033020","is_ascension_mode":false,"campfire_choices":[],"circlet_count":0,"master_deck":["Strike_R","Strike_R","Strike_R","Strike_R","Strike_R","Defend_R","Defend_R","Defend_R","Defend_R","Bash","Clumsy","Shockwave","Havoc","Fiend Fire","Power Through"],"relics":["Burning Blood","Mango"],"acts_visited":["Exordium"],"potions_floor_usage":[],"damage_taken":[{"damage":6,"enemies":"Small Slimes","floor":1,"turns":4},{"damage":1,"enemies":"Cultist","floor":2,"turns":4},{"damage":0,"enemies":"2 Louse","floor":5,"turns":4},{"damage":12,"enemies":"Blue Slaver","floor":6,"turns":5},{"damage":71,"enemies":"Lagavulin","floor":7,"turns":17}],"seed_played":"2726309576408676726","potions_obtained":[{"floor":2,"key":"DistilledChaos"},{"floor":4,"key":"BloodPotion"},{"floor":6,"key":"EssenceOfSteel"}],"is_trial":false,"path_per_floor":["M","M","?","?","M","M","E"],"character_chosen":"IRONCLAD","items_purchased":[],"campfire_rested":0,"item_purchase_floors":[],"current_hp_per_floor":[94,94,94,94,94,88,17,17],"gold":146,"neow_bonus":"ONE_RARE_RELIC","is_daily":false,"chose_seed":false,"campfire_upgraded":0,"win_rate":0.0,"timestamp":1610364620,"path_taken":["M","M","?","?","?","M","E"],"items_purchased_type":[],"build_version":"2020-12-22","purchased_purges":0,"victory":false,"max_hp_per_floor":[94,94,94,94,94,94,94,94],"card_choices":[{"not_picked":["Pummel","Body Slam"],"picked":"Shockwave","floor":1},{"not_picked":["Sword Boomerang","Wild Strike"],"picked":"Havoc","floor":2},{"not_picked":["Warcry","Perfected Strike"],"picked":"Fiend Fire","floor":5},{"not_picked":["Clothesline","Ghostly Armor"],"picked":"Power Through","floor":6}],"player_experience":77274,"relics_obtained":[],"event_choices":[{"damage_healed":0,"gold_gain":0,"player_choice":"Leave","damage_taken":0,"max_hp_gain":0,"max_hp_loss":0,"event_name":"The Cleric","floor":3,"gold_loss":0},{"damage_healed":0,"gold_gain":0,"player_choice":"Bought 1 Potion","damage_taken":0,"max_hp_gain":0,"max_hp_loss":0,"event_name":"The Woman in Blue","floor":4,"gold_loss":0}],"is_beta":false,"boss_relics":[],"items_purged_floors":[],"is_endless":false,"potions_floor_spawned":[2,6],"killed_by":"Lagavulin","ascension_level":0}}