{"host":"6r3ioyv75hs1gp74","time":1610376326,"event":{"mods":["AchievementEnabler","Act Like it!","BaseMod","Better Sensory Stone","Better Third Choice","Block Reminder","Colored Map","Colored Powertips","Curses Come First","Minty Spire (QoL Compilation)","StSLib"],"gold_per_floor":[119,0,0,0,16,45,21,39,39,39,50,60,60,90,90,189,189,201,201,220,14,14,14,43,43,69,19,36,47,65,97,97,199,199,214,564,584,55,70,95,95,127,175,195,195,195,195,208,208,208,208,208,28,58,58,58],"floor_reached":55,"playtime":4712,"items_purged":["Combust+1"],"score":863,"play_id":"87ad5e80-87e0-47b1-936d-a9f8c70b1cc6","local_time":"20210111144526","is_ascension_mode":true,"campfire_choices":[{"floor":10,"key":"REST"},{"data":"Enlightenment","floor":13,"key":"SMITH"},{"data":"Uppercut","floor":15,"key":"SMITH"},{"floor":23,"key":"RECALL"},{"data":"Armaments","floor":25,"key":"SMITH"},{"data":"Warcry","floor":32,"key":"SMITH"},{"floor":46,"key":"REST"},{"floor":49,"key":"REST"},{"data":"Armaments","floor":52,"key":"SMITH"}],"circlet_count":0,"master_deck":["Defend_R","Defend_R","Defend_R","Bash","Flex","Enlightenment+1","Scrawl+1","Armaments+1","Uppercut+1","Warcry+1","Power Through","Cleave","Heavy Blade","Impervious","Bludgeon","Inflame+1","Bite","Bite","Bite","Bite","Bite","Flame Barrier","Sadistic Nature+1","Sever Soul","Ghostly Armor+1","Cleave+1","Demon Form+1","Spot Weakness+1","Barricade+1","Warcry+1","Heavy Blade","Fire Breathing+1","Feed","Armaments+1","Body Slam+1","Rage+1","Shrug It Off+1"],"relics":["Sozu","Toy Ornithopter","Bottled Lightning","Frozen Egg 2","Bottled Flame","Bag of Preparation","Mark of Pain","Turnip","HornCleat","Pen Nib","Torii","Runic Cube","Old Coin","Thread and Needle","FossilizedHelix","The Courier","Gambling Chip","OrangePellets","Pear"],"acts_visited":["Exordium","TheCity","TheBeyond","TheEnding"],"potions_floor_usage":[],"damage_taken":[{"damage":1,"enemies":"Cultist","floor":1,"turns":3},{"damage":0,"enemies":"2 Louse","floor":5,"turns":2},{"damage":40,"enemies":"Lagavulin","floor":6,"turns":7},{"damage":1,"enemies":"Jaw Worm","floor":8,"turns":3},{"damage":0,"enemies":"2 Fungi Beasts","floor":11,"turns":4},{"damage":0,"enemies":"Large Slime","floor":12,"turns":4},{"damage":8,"enemies":"3 Sentries","floor":14,"turns":6},{"damage":9,"enemies":"Hexaghost","floor":16,"turns":9},{"damage":5,"enemies":"Spheric Guardian","floor":18,"turns":3},{"damage":0,"enemies":"Shell Parasite","floor":20,"turns":3},{"damage":12,"enemies":"Book of Stabbing","floor":24,"turns":3},{"damage":0,"enemies":"Chosen and Byrds","floor":28,"turns":4},{"damage":0,"enemies":"Centurion and Healer","floor":29,"turns":3},{"damage":0,"enemies":"3 Cultists","floor":30,"turns":3},{"damage":13,"enemies":"Slavers","floor":31,"turns":5},{"damage":54,"enemies":"Collector","floor":33,"turns":7},{"damage":7,"enemies":"3 Darklings","floor":35,"turns":5},{"damage":0,"enemies":"Mind Bloom Boss Battle","floor":36,"turns":5},{"damage":0,"enemies":"3 Shapes","floor":37,"turns":2},{"damage":8,"enemies":"Spire Growth","floor":39,"turns":3},{"damage":44,"enemies":"Giant Head","floor":40,"turns":8},{"damage":31,"enemies":"Reptomancer","floor":42,"turns":6},{"damage":0,"enemies":"Sphere and 2 Shapes","floor":44,"turns":4},{"damage":0,"enemies":"Writhing Mass","floor":48,"turns":4},{"damage":43,"enemies":"Donu and Deca","floor":50,"turns":7},{"damage":8,"enemies":"Shield and Spear","floor":54,"turns":5},{"damage":112,"enemies":"The Heart","floor":55,"turns":9}],"seed_played":"-2862281358670185767","potions_obtained":[],"is_trial":false,"path_per_floor":["M","?","?","T","M","E","$","M","T","R","M","M","R","E","R","B",null,"M","?","M","$","?","R","E","R","T","?","M","M","M","E","R","B",null,"M","?","M","$","M","E","?","E","T","M","?","R","T","M","R","B",null,"R","$","E","B"],"character_chosen":"IRONCLAD","items_purchased":["Warcry","Sadistic Nature+1","Sever Soul","Thread and Needle","Fire Breathing+1","Feed","OrangePellets"],"campfire_rested":3,"item_purchase_floors":[7,21,21,38,38,38,53],"current_hp_per_floor":[79,85,80,80,80,40,40,39,39,64,64,64,64,56,56,47,86,81,60,60,60,60,60,48,48,48,48,56,60,60,53,53,9,60,55,60,60,60,57,23,23,8,8,13,13,34,34,43,64,30,73,73,73,77,0,0],"gold":58,"neow_bonus":"BOSS_RELIC","is_daily":false,"chose_seed":false,"campfire_upgraded":5,"win_rate":0.0,"timestamp":1610376326,"path_taken":["M","?","?","?","M","E","$","M","T","R","M","M","R","E","R","BOSS","M","?","M","$","?","R","E","R","T","?","?","M","?","E","R","BOSS","M","?","M","$","M","E","?","E","T","M","?","R","?","M","R","BOSS","R","$","E","BOSS"],"items_purchased_type":["Card","Card","Card","Relic","Card","Card","Relic"],"build_version":"2020-12-22","purchased_purges":1,"victory":false,"max_hp_per_floor":[80,86,86,86,86,86,86,86,86,86,86,86,86,86,86,86,86,86,60,60,60,60,60,60,60,60,60,60,60,60,60,60,60,60,60,60,60,60,63,63,63,67,67,70,70,70,70,70,70,73,73,73,73,83,83,83],"card_choices":[{"not_picked":["Whirlwind","Perfected Strike"],"picked":"Flex","floor":1},{"not_picked":["Clash","Anger"],"picked":"Armaments","floor":5},{"not_picked":["Second Wind","Anger"],"picked":"Uppercut","floor":6},{"not_picked":["Intimidate","Reckless Charge"],"picked":"Power Through","floor":8},{"not_picked":["Shrug It Off","Clash"],"picked":"Cleave","floor":11},{"not_picked":["Sword Boomerang","Perfected Strike"],"picked":"Heavy Blade","floor":12},{"not_picked":["Bloodletting","Headbutt"],"picked":"Impervious","floor":14},{"not_picked":["Berserk+1","Limit Break"],"picked":"Bludgeon","floor":16},{"not_picked":["Battle Trance","Seeing Red+1"],"picked":"Inflame+1","floor":18},{"not_picked":["Dual Wield","Battle Trance+1"],"picked":"Flame Barrier","floor":20},{"not_picked":["Pummel","Thunderclap"],"picked":"Ghostly Armor+1","floor":24},{"not_picked":["Anger","Seeing Red","Pummel"],"picked":"SKIP","floor":28},{"not_picked":["Anger","Iron Wave"],"picked":"Cleave+1","floor":29},{"not_picked":["Sword Boomerang","Pummel"],"picked":"Demon Form+1","floor":30},{"not_picked":["Perfected Strike","Flex"],"picked":"Spot Weakness+1","floor":31},{"not_picked":["Brutality+1","Impervious"],"picked":"Barricade+1","floor":33},{"not_picked":["Anger+1","Sword Boomerang"],"picked":"Warcry+1","floor":35},{"not_picked":["Clash+1","Warcry+1"],"picked":"Heavy Blade","floor":36},{"not_picked":["Shrug It Off","Iron Wave+1"],"picked":"Combust+1","floor":37},{"not_picked":["True Grit+1","Pommel Strike+1"],"picked":"Armaments","floor":39},{"not_picked":["Bloodletting","Demon Form+1"],"picked":"Body Slam+1","floor":40},{"not_picked":["Pommel Strike+1","Barricade+1"],"picked":"Rage+1","floor":42},{"not_picked":["Sever Soul","Fire Breathing+1","Pommel Strike"],"picked":"SKIP","floor":44},{"not_picked":["Twin Strike+1","Warcry+1","Iron Wave"],"picked":"SKIP","floor":48},{"not_picked":["Whirlwind+1","Flex"],"picked":"Shrug It Off+1","floor":54}],"player_experience":68073,"relics_obtained":[{"floor":4,"key":"Bottled Lightning"},{"floor":6,"key":"Frozen Egg 2"},{"floor":9,"key":"Bottled Flame"},{"floor":14,"key":"Bag of Preparation"},{"floor":24,"key":"HornCleat"},{"floor":26,"key":"Pen Nib"},{"floor":31,"key":"Torii"},{"floor":36,"key":"Old Coin"},{"floor":40,"key":"FossilizedHelix"},{"floor":42,"key":"The Courier"},{"floor":47,"key":"Gambling Chip"},{"floor":54,"key":"Pear"}],"event_choices":[{"damage_healed":0,"gold_gain":0,"player_choice":"RENOUNCE","damage_taken":119,"max_hp_gain":0,"max_hp_loss":0,"event_name":"betterThird:BetterSerpent","floor":2,"gold_loss":119,"cards_obtained":["Enlightenment"]},{"damage_healed":0,"gold_gain":0,"player_choice":"Became a vampire","damage_taken":0,"max_hp_gain":0,"max_hp_loss":26,"event_name":"Vampires","floor":19,"gold_loss":0,"cards_obtained":["Bite","Bite","Bite","Bite","Bite"]},{"damage_healed":0,"gold_gain":0,"player_choice":"Opened","damage_taken":0,"relics_obtained":["Turnip"],"max_hp_gain":0,"max_hp_loss":0,"event_name":"The Mausoleum","floor":22,"gold_loss":0},{"damage_healed":0,"gold_gain":0,"player_choice":"Bet on Murderer","damage_taken":0,"max_hp_gain":0,"max_hp_loss":0,"event_name":"The Joust","floor":27,"gold_loss":50},{"damage_healed":0,"gold_gain":0,"player_choice":"Fight","damage_taken":0,"max_hp_gain":0,"max_hp_loss":0,"event_name":"MindBloom","floor":36,"gold_loss":0},{"cards_removed":["Defend_R"],"damage_healed":0,"gold_gain":0,"player_choice":"Removed Skill","damage_taken":0,"max_hp_gain":0,"max_hp_loss":0,"event_name":"Falling","floor":41,"gold_loss":0},{"damage_healed":0,"gold_gain":0,"player_choice":"Ignored","damage_taken":0,"max_hp_gain":0,"max_hp_loss":0,"event_name":"Mysterious Sphere","floor":45,"gold_loss":0}],"is_beta":false,"boss_relics":[{"not_picked":["SacredBark","Snecko Eye"],"picked":"Mark of Pain"},{"not_picked":["Empty Cage","Busted Crown"],"picked":"Runic Cube"}],"items_purged_floors":[53],"is_endless":false,"potions_floor_spawned":[1,6,11,16,18,20,24,33,37,39,40,44],"killed_by":"The Heart","ascension_level":1}}