{"host":"ff4g3thpm8pmsxyp","time":1610333834,"event":{"mods":["AchievementEnabler","BaseMod","Colored Map","DeckTracker","Highlight Path","Minty Spire (QoL Compilation)","Permanent Neow","Rare Cards Sparkle","Relic Stats","StSLib","SuperFastMode"],"gold_per_floor":[111,125,141,66,84,113,113,155,155,175,212,237,262,290,290,400,409,429,440,483,483,493,493,529,529,529,566,592,620,645,662,662,662,662],"floor_reached":33,"playtime":1638,"items_purged":["Defend_P"],"score":577,"play_id":"261f81ce-4dc7-419b-99a0-c6c199f9920d","local_time":"20210110215714","is_ascension_mode":true,"campfire_choices":[{"data":"Judgement","floor":7.0,"key":"SMITH"},{"data":"Omniscience","floor":15.0,"key":"SMITH"},{"data":"Ragnarok","floor":23.0,"key":"SMITH"},{"data":"ConjureBlade","floor":25.0,"key":"SMITH"},{"floor":32,"key":"REST"}],"circlet_count":0,"master_deck":["Strike_P","Strike_P","Strike_P","Strike_P","Defend_P","Defend_P","Defend_P","Eruption","Vigilance","Judgement+1","Swivel","Vengeance","Evaluate","FlyingSleeves","DeusExMachina","EmptyMind","ThirdEye","DeceiveReality","Omniscience+1","BattleHymn","Ragnarok+1","CurseOfTheBell","SashWhip+1","ConjureBlade+1","Perseverance+1","WindmillStrike+1","FearNoEvil"],"relics":["PureWater","Letter Opener","CeramicFish","Blood Vial","Odd Mushroom","Blue Candle","Calling Bell","Bag of Preparation","Mummified Hand","StoneCalendar","Red Mask","Bottled Tornado","Shuriken","Bag of Marbles","Incense Burner"],"acts_visited":["Exordium","TheCity"],"potions_floor_usage":[29],"damage_taken":[{"damage":0.0,"enemies":"Cultist","floor":1.0,"turns":2.0},{"damage":0.0,"enemies":"Jaw Worm","floor":2.0,"turns":3.0},{"damage":0.0,"enemies":"Small Slimes","floor":3.0,"turns":2.0},{"damage":0.0,"enemies":"Red Slaver","floor":5.0,"turns":1.0},{"damage":0.0,"enemies":"Gremlin Nob","floor":6.0,"turns":2.0},{"damage":0.0,"enemies":"Lagavulin","floor":8.0,"turns":4.0},{"damage":0.0,"enemies":"Exordium Wildlife","floor":10.0,"turns":2.0},{"damage":1.0,"enemies":"The Mushroom Lair","floor":11.0,"turns":3.0},{"damage":0.0,"enemies":"Gremlin Gang","floor":12.0,"turns":3.0},{"damage":10.0,"enemies":"Lots of Slimes","floor":13.0,"turns":4.0},{"damage":0.0,"enemies":"3 Sentries","floor":14.0,"turns":5.0},{"damage":0.0,"enemies":"Slime Boss","floor":16.0,"turns":7.0},{"damage":4.0,"enemies":"3 Byrds","floor":18.0,"turns":3.0},{"damage":0.0,"enemies":"Chosen","floor":19.0,"turns":3.0},{"damage":0.0,"enemies":"Masked Bandits","floor":20.0,"turns":2.0},{"damage":0.0,"enemies":"Snecko","floor":22.0,"turns":3.0},{"damage":1.0,"enemies":"Book of Stabbing","floor":24.0,"turns":4.0},{"damage":0.0,"enemies":"Slavers","floor":27.0,"turns":2.0},{"damage":0.0,"enemies":"Sentry and Sphere","floor":28.0,"turns":2.0},{"damage":45,"enemies":"Gremlin Leader","floor":29,"turns":7},{"damage":16,"enemies":"Snake Plant","floor":30,"turns":4},{"damage":0,"enemies":"Snecko","floor":31,"turns":1},{"damage":17,"enemies":"Champ","floor":33,"turns":6}],"seed_played":"-7237135901652318280","potions_obtained":[{"floor":1.0,"key":"Strength Potion"},{"floor":2.0,"key":"LiquidMemories"},{"floor":5.0,"key":"Ancient Potion"},{"floor":11.0,"key":"FearPotion"},{"floor":13.0,"key":"ColorlessPotion"},{"floor":18.0,"key":"SkillPotion"},{"floor":22.0,"key":"SkillPotion"},{"floor":24.0,"key":"LiquidBronze"},{"floor":28.0,"key":"Block Potion"},{"floor":30,"key":"Fire Potion"},{"floor":31,"key":"SteroidPotion"}],"is_trial":false,"path_per_floor":["M","M","M","$","M","E","R","E","T","M","?","M","M","E","R","B",null,"M","M","?","?","M","R","E","R","T","E","M","E","M","M","R","B"],"character_chosen":"WATCHER","items_purchased":[],"campfire_rested":1,"item_purchase_floors":[],"current_hp_per_floor":[72,72,72,72,72,72,72,72,72,72,71,72,62,64,64,66,72,68,70,72,72,72,72,71,71,71,72,72,27,13,15,36,21,21],"gold":662,"neow_bonus":"ONE_RANDOM_RARE_CARD","is_daily":false,"chose_seed":false,"campfire_upgraded":4,"win_rate":0.0,"timestamp":1610333834,"path_taken":["M","M","?","$","M","E","R","E","T","M","?","M","M","E","R","BOSS","M","M","?","?","M","R","E","R","T","E","M","E","M","?","R","BOSS"],"items_purchased_type":[],"build_version":"2020-12-22","purchased_purges":1,"victory":false,"max_hp_per_floor":[72,72,72,72,72,72,72,72,72,72,72,72,72,72,72,72,72,72,72,72,72,72,72,72,72,72,72,72,72,72,72,72,72,72],"relic_stats":{"Blood Vial":16,"counters":[23,75],"Mummified Hand":[11],"Shuriken":[3],"CeramicFish":108,"Blue Candle":[0],"StoneCalendar":[0],"Bag of Preparation":[23],"Letter Opener":[222],"obtain_stats":[{"CeramicFish":8,"Blue Candle":14,"StoneCalendar":17,"Bag of Preparation":17,"Incense Burner":29,"Letter Opener":6,"Odd Mushroom":11,"Bottled Tornado":24,"Blood Vial":9,"Calling Bell":17,"Mummified Hand":17,"Shuriken":26,"Red Mask":20,"Bag of Marbles":27,"PureWater":0},{"CeramicFish":6,"Blue Candle":11,"StoneCalendar":12,"Bag of Preparation":12,"Incense Burner":20,"Letter Opener":5,"Odd Mushroom":8,"Bottled Tornado":17,"Blood Vial":6,"Calling Bell":12,"Mummified Hand":12,"Shuriken":17,"Red Mask":15,"Bag of Marbles":18,"PureWater":0},{"CeramicFish":14,"Blue Candle":31,"StoneCalendar":38,"Bag of Preparation":38,"Incense Burner":64,"Letter Opener":10,"Odd Mushroom":19,"Bottled Tornado":53,"Blood Vial":14,"Calling Bell":38,"Mummified Hand":38,"Shuriken":53,"Red Mask":46,"Bag of Marbles":55,"PureWater":0}]},"card_choices":[{"not_picked":["PathToVictory","WaveOfTheHand"],"picked":"Swivel","floor":1.0},{"not_picked":["EmptyBody","CrushJoints"],"picked":"Vengeance","floor":2.0},{"not_picked":["BowlingBash","Prostrate"],"picked":"Evaluate","floor":3.0},{"not_picked":["MentalFortress","Vengeance"],"picked":"FlyingSleeves","floor":5.0},{"not_picked":["JustLucky","CarveReality"],"picked":"DeusExMachina","floor":6.0},{"not_picked":["Swivel","ClearTheMind"],"picked":"EmptyMind","floor":8.0},{"not_picked":["Prostrate","Swivel"],"picked":"ThirdEye","floor":10.0},{"not_picked":["SashWhip","EmptyBody"],"picked":"DeceiveReality","floor":11.0},{"not_picked":["WindmillStrike","JustLucky"],"picked":"Omniscience","floor":12.0},{"not_picked":["Collect","Evaluate"],"picked":"BattleHymn","floor":13.0},{"not_picked":["MentalFortress","InnerPeace","Evaluate"],"picked":"SKIP","floor":14.0},{"not_picked":["Blasphemy","LessonLearned"],"picked":"Ragnarok","floor":16.0},{"not_picked":["CarveReality","Collect","FollowUp"],"picked":"SKIP","floor":18.0},{"not_picked":["SandsOfTime","Study","EmptyFist"],"picked":"SKIP","floor":19.0},{"not_picked":["CutThroughFate+1","BowlingBash"],"picked":"SashWhip+1","floor":20.0},{"not_picked":["Protect","CrushJoints","SashWhip"],"picked":"SKIP","floor":22.0},{"not_picked":["Nirvana+1","FollowUp"],"picked":"ConjureBlade","floor":24.0},{"not_picked":["Evaluate+1","TalkToTheHand"],"picked":"Perseverance+1","floor":27.0},{"not_picked":["EmptyBody","SignatureMove+1"],"picked":"WindmillStrike+1","floor":28.0},{"not_picked":["WreathOfFlame","EmptyFist","Wireheading"],"picked":"SKIP","floor":29},{"not_picked":["FlyingSleeves","SashWhip"],"picked":"FearNoEvil","floor":30},{"not_picked":["Prostrate+1","ClearTheMind","Halt"],"picked":"SKIP","floor":31}],"player_experience":262444,"relics_obtained":[{"floor":6.0,"key":"Letter Opener"},{"floor":8.0,"key":"CeramicFish"},{"floor":9.0,"key":"Blood Vial"},{"floor":11.0,"key":"Odd Mushroom"},{"floor":14.0,"key":"Blue Candle"},{"floor":17.0,"key":"Bag of Preparation"},{"floor":17.0,"key":"Mummified Hand"},{"floor":17.0,"key":"StoneCalendar"},{"floor":20.0,"key":"Red Mask"},{"floor":24.0,"key":"Bottled Tornado"},{"floor":26.0,"key":"Shuriken"},{"floor":27.0,"key":"Bag of Marbles"},{"floor":29,"key":"Incense Burner"}],"event_choices":[{"damage_healed":0.0,"max_hp_gain":0.0,"max_hp_loss":0.0,"gold_gain":0.0,"event_name":"Mushrooms","player_choice":"Fought Mushrooms","floor":11.0,"gold_loss":0.0,"damage_taken":0.0},{"damage_healed":0.0,"max_hp_gain":0.0,"max_hp_loss":0.0,"gold_gain":0.0,"event_name":"Masked Bandits","player_choice":"Fought Bandits","floor":20.0,"gold_loss":0.0,"damage_taken":0.0},{"damage_healed":0.0,"max_hp_gain":0.0,"max_hp_loss":0.0,"gold_gain":0.0,"event_name":"The Woman in Blue","player_choice":"Bought 0 Potions","floor":21.0,"gold_loss":0.0,"damage_taken":0.0}],"is_beta":false,"boss_relics":[{"not_picked":["VioletLotus","SacredBark"],"picked":"Calling Bell"}],"items_purged_floors":[4],"is_endless":false,"potions_floor_spawned":[1,2,5,11,13,16,18,22,24,28,30,31],"killed_by":"Champ","ascension_level":4}}