{"host":"7l2t4psy44vpcd9q","time":1610367399,"event":{"mods":["AchievementEnabler","BaseMod","DeckTracker","Minty Spire (QoL Compilation)","SuperFastMode"],"gold_per_floor":[110,35,51,65,85,85,101,101,125,125,125,136,171,171,171,250,250,263,283,59,59,59,59,59,59],"floor_reached":24,"playtime":851,"items_purged":["Writhe"],"score":542,"play_id":"2e1d00d2-f0bb-40d4-b80a-bec0c23b0a5d","local_time":"20210111211639","is_ascension_mode":true,"campfire_choices":[{"data":"Worship","floor":6,"key":"SMITH"},{"data":"Eruption","floor":8,"key":"SMITH"},{"data":"CrushJoints","floor":10,"key":"SMITH"},{"floor":15,"key":"REST"},{"data":"Meditate","floor":23,"key":"SMITH"}],"circlet_count":0,"master_deck":["AscendersBane","Strike_P","Strike_P","Strike_P","Strike_P","Defend_P","Defend_P","Defend_P","Defend_P+1","Eruption+1","Vigilance","BowlingBash","CrushJoints+1","Consecrate+1","Worship+1","FollowUp","WheelKick","Establishment","Meditate+1","Prostrate","Prostrate"],"relics":["PureWater","Oddly Smooth Stone","Bag of Marbles","Black Star","Damaru"],"acts_visited":["Exordium","TheCity"],"potions_floor_usage":[12,13,19,19,19,19],"damage_taken":[{"damage":21,"enemies":"Cultist","floor":1,"turns":6},{"damage":0,"enemies":"Small Slimes","floor":3,"turns":3},{"damage":0,"enemies":"2 Louse","floor":4,"turns":2},{"damage":0,"enemies":"2 Fungi Beasts","floor":5,"turns":2},{"damage":0,"enemies":"3 Louse","floor":7,"turns":2},{"damage":0,"enemies":"Exordium Wildlife","floor":12,"turns":3},{"damage":0,"enemies":"3 Sentries","floor":13,"turns":3},{"damage":0,"enemies":"Slime Boss","floor":16,"turns":3},{"damage":33,"enemies":"Spheric Guardian","floor":18,"turns":6},{"damage":19,"enemies":"3 Byrds","floor":19,"turns":4},{"damage":57,"enemies":"Shelled Parasite and Fungi","floor":24,"turns":4}],"seed_played":"3287810165525140096","potions_obtained":[{"floor":3,"key":"Block Potion"},{"floor":4,"key":"Ambrosia"},{"floor":13,"key":"EntropicBrew"},{"floor":16,"key":"FearPotion"}],"is_trial":false,"path_per_floor":["M","$","M","M","M","R","M","R","T","R","?","M","E","?","R","B",null,"M","M","$","?","?","R","M"],"character_chosen":"WATCHER","items_purchased":["Damaru","Prostrate"],"campfire_rested":1,"item_purchase_floors":[20,20],"current_hp_per_floor":[52,52,52,52,52,52,52,52,52,52,28,28,28,28,52,52,73,40,21,21,21,37,37,0,0],"gold":59,"neow_bonus":"TWENTY_PERCENT_HP_BONUS","is_daily":false,"chose_seed":false,"campfire_upgraded":4,"win_rate":0.0,"timestamp":1610367399,"path_taken":["M","$","M","?","M","R","M","R","T","R","?","M","E","?","R","BOSS","M","M","$","?","?","R","M"],"items_purchased_type":["Relic","Card"],"build_version":"2020-12-22","purchased_purges":1,"victory":false,"max_hp_per_floor":[80,80,80,80,80,80,80,80,80,80,80,80,80,80,80,80,80,80,80,80,80,80,80,80,80],"card_choices":[{"not_picked":["Crescendo","WaveOfTheHand"],"picked":"BowlingBash","floor":1},{"not_picked":["CutThroughFate","Evaluate"],"picked":"CrushJoints","floor":3},{"not_picked":["Meditate","Prostrate"],"picked":"Consecrate","floor":4},{"not_picked":["Crescendo","CutThroughFate"],"picked":"Worship","floor":5},{"not_picked":["PathToVictory","JustLucky"],"picked":"FollowUp","floor":7},{"not_picked":["BowlingBash","Evaluate"],"picked":"WheelKick","floor":12},{"not_picked":["Halt","FlyingSleeves","ClearTheMind"],"picked":"SKIP","floor":13},{"not_picked":["MasterReality","Judgement"],"picked":"Establishment","floor":16},{"not_picked":["Evaluate","EmptyFist"],"picked":"Meditate","floor":18},{"not_picked":["ThirdEye","ClearTheMind"],"picked":"Prostrate","floor":19}],"player_experience":1186385,"relics_obtained":[{"floor":9,"key":"Oddly Smooth Stone"},{"floor":13,"key":"Bag of Marbles"}],"event_choices":[{"damage_healed":0,"gold_gain":0,"player_choice":"Entered Light","damage_taken":24,"max_hp_gain":0,"max_hp_loss":0,"event_name":"Shining Light","floor":11,"gold_loss":0,"cards_upgraded":["Defend_P","Consecrate"]},{"damage_healed":0,"gold_gain":0,"player_choice":"Searched \u00270\u0027 times","damage_taken":0,"max_hp_gain":0,"max_hp_loss":0,"event_name":"Dead Adventurer","floor":14,"gold_loss":0},{"damage_healed":0,"gold_gain":0,"player_choice":"Ignored","damage_taken":0,"max_hp_gain":0,"max_hp_loss":0,"event_name":"Ghosts","floor":21,"gold_loss":0},{"damage_healed":16,"gold_gain":0,"player_choice":"Heal","damage_taken":0,"max_hp_gain":0,"max_hp_loss":0,"event_name":"The Library","floor":22,"gold_loss":0}],"is_beta":false,"boss_relics":[{"not_picked":["Velvet Choker","VioletLotus"],"picked":"Black Star"}],"items_purged_floors":[2],"is_endless":false,"potions_floor_spawned":[3,4,13,16,18],"killed_by":"Shelled Parasite and Fungi","ascension_level":20}}