{"host":"ojme7g6xlqwffsso","time":1610357194,"event":{"mods":["Act Like it!","BaseMod","Downfall","Hermit","Infinite Spire","MarisaÅiñ∂âJÅ@ñÇóùçπÅj","Minty Spire (QoL Compilation)","Replay The Spire","Shade Mod","Shop Mod","StSLib","The Alterego","The Cursed","Yuri Mod"],"gold_per_floor":[99,112,176,176,176,202,225,325,33,63,76,108,33,52,69,172,172,272,286,304,404,423,423,423,423,348,367,467,196,196,214,226,328,328,253,267,285,285,305,321,370,370,35,69,69,54,54,54,67,67,67,98,2,2,2,2,2],"floor_reached":55,"playtime":3111,"items_purged":[],"score":890,"play_id":"246798cb-46f8-4277-a1b9-21ef649f95d3","local_time":"20210111182634","is_ascension_mode":false,"campfire_choices":[{"floor":1.0,"key":"DIG"},{"data":"hexamod:Float","floor":13,"key":"SMITH"},{"data":"hexamod:FastForward","floor":23,"key":"SMITH"},{"data":"hexamod:CatchUp","floor":26,"key":"SMITH"},{"floor":30,"key":"RECALL"},{"data":"Languid","floor":35,"key":"PURGE"},{"data":"hexamod:TimeOfNeed","floor":47,"key":"SMITH"},{"data":"hexamod:EmpoweredFlame","floor":54,"key":"SMITH"}],"circlet_count":0,"master_deck":["hexamod:Strike+1","hexamod:Strike","hexamod:Strike","hexamod:Defend","hexamod:Defend+1","hexamod:Sear+1","hexamod:Float+1","hexamod:ShieldOfDarkness+1","hexamod:HauntingEcho+1","hexamod:ThermalTransfer","hexamod:NightmareGuise+1","hexamod:SwordOfDarkness","hexamod:NecessarySacrifice","hexamod:FirstSeal","hexamod:Toasty+1","hexamod:EmpoweredFlame+1","hexamod:CatchUp+1","hexamod:VolcanoVisage+1","hexamod:FastForward+1","hexamod:SpectersWail+1","hexamod:Rewind+1","hexamod:Hexaguard+1","hexamod:Firestarter+1","hexamod:EmpoweredFlame","hexamod:SuperheatedStrike","hexamod:SixthSeal","hexamod:AdvancingGuard","hexamod:FastForward+1","hexamod:BacktrackSmack+1","hexamod:TimeOfNeed+1","Hallucinations","hexamod:NightmareGuise+1","hexamod:FastForward+1","hexamod:ExtraCrispy+1","hexamod:EmpoweredFlame+1","hexamod:Rewind","hexamod:PowerFromBeyond","Pot Of Greed","Pot Of Greed","Pot Of Greed","Pot Of Greed"],"relics":["hexamod:SpiritBrand","Pantograph","Toy Ornithopter","Oddly Smooth Stone","Blood Vial","White Beast Statue","MerchantsRug","Centennial Puzzle","Nunchaku","Replay:Rubber Ducky","downfall:HeartBlessingGreen","Philosopher\u0027s Stone","Mummified Hand","Happy Flower","downfall:HeartBlessingBlue","MutagenicStrength","Frozen Egg 2","ReplayTheSpireMod:TigerMarble","Gremlin Horn","CaptainsWheel","downfall:HeartBlessingRed","Art of War","infinitespire:PuzzleCube","OrangePellets","StrikeDummy","Letter Opener","Torii","TheAbacus","hexamod:RecyclingMachine"],"acts_visited":["Exordium","TheCity","TheBeyond","TheEnding"],"potions_floor_usage":[6,8,9,10,16,16,22,33,52,55],"damage_taken":[{"damage":0.0,"enemies":"2 Louse","floor":2.0,"turns":3.0},{"damage":15.0,"enemies":"Gremlin Nob","floor":3.0,"turns":4.0},{"damage":15,"enemies":"Gremlin Nob","floor":6,"turns":4},{"damage":4,"enemies":"downfall:LadyInBlue","floor":8,"turns":4},{"damage":0,"enemies":"downfall:FleeingMerchant","floor":9,"turns":4},{"damage":12,"enemies":"Lagavulin","floor":10,"turns":6},{"damage":0,"enemies":"Small Slimes","floor":11,"turns":3},{"damage":0,"enemies":"Gremlin Nob","floor":12,"turns":4},{"damage":0,"enemies":"Cultist","floor":14,"turns":3},{"damage":0,"enemies":"Blue Slaver","floor":15,"turns":3},{"damage":43,"enemies":"downfall:Defect","floor":16,"turns":7},{"damage":11,"enemies":"downfall:Watcher","floor":18,"turns":6},{"damage":0,"enemies":"Chosen","floor":19,"turns":5},{"damage":0,"enemies":"Spheric Guardian","floor":20,"turns":5},{"damage":0,"enemies":"Cultist and Chosen","floor":22,"turns":5},{"damage":13,"enemies":"Centurion and Healer","floor":27,"turns":5},{"damage":0,"enemies":"downfall:Augmenter","floor":28,"turns":5},{"damage":11,"enemies":"downfall:FleeingMerchant","floor":29,"turns":4},{"damage":0,"enemies":"3 Cultists","floor":31,"turns":5},{"damage":8,"enemies":"Shelled Parasite and Fungi","floor":32,"turns":6},{"damage":39,"enemies":"downfall:Ironclad","floor":33,"turns":6},{"damage":0,"enemies":"Orb Walker","floor":36,"turns":5},{"damage":0,"enemies":"3 Darklings","floor":37,"turns":5},{"damage":3,"enemies":"Spire Growth","floor":39,"turns":5},{"damage":0,"enemies":"Jaw Worm Horde","floor":40,"turns":3},{"damage":0,"enemies":"downfall:FleeingMerchant","floor":43,"turns":4},{"damage":40,"enemies":"Nemesis","floor":44,"turns":5},{"damage":1,"enemies":"downfall:FleeingMerchant","floor":46,"turns":3},{"damage":0,"enemies":"Writhing Mass","floor":49,"turns":4},{"damage":0,"enemies":"downfall:Watcher","floor":50,"turns":7},{"damage":118,"enemies":"downfall:CharBossMerchant","floor":52,"turns":9},{"damage":91,"enemies":"downfall:NeowBoss","floor":55,"turns":15}],"seed_played":"3292866926372897112","potions_obtained":[{"floor":0.0,"key":"Flashbang"},{"floor":0.0,"key":"Fire Potion"},{"floor":0.0,"key":"Strength Potion"},{"floor":3.0,"key":"Explosive Potion"},{"floor":8,"key":"Explosive Potion"},{"floor":8,"key":"Regen Potion"},{"floor":8,"key":"Fire Potion"},{"floor":9,"key":"SmokeBomb"},{"floor":10,"key":"Dexterity Potion"},{"floor":11,"key":"EssenceOfSteel"},{"floor":12,"key":"FearPotion"},{"floor":14,"key":"ColorlessPotion"},{"floor":15,"key":"PowerPotion"},{"floor":16,"key":"SpeedPotion"},{"floor":18,"key":"Ancient Potion"},{"floor":19,"key":"Energy Potion"},{"floor":20,"key":"GamblersBrew"},{"floor":22,"key":"Block Potion"},{"floor":31,"key":"SteroidPotion"},{"floor":32,"key":"Adrenaline Potion"},{"floor":33,"key":"Venom Potion"},{"floor":36,"key":"Elixir"},{"floor":37,"key":"FairyPotion"},{"floor":44,"key":"Fire Potion"},{"floor":46,"key":"Regen Potion"},{"floor":49,"key":"Fire Potion"},{"floor":52,"key":"SkillPotion"}],"is_trial":false,"path_per_floor":["R","M","?","?","?","E","T","?","$","E","M","E","R","M","M","B",null,"R","M","M","?","M","R","T","?","R","M","?","$","R","M","M","B",null,"R","M","M","?","M","M","T","?","$","E","?","$","R","?","M","B",null,"E","$","R","B"],"character_chosen":"THE_SPIRIT","items_purchased":["MerchantsRug","Centennial Puzzle","hexamod:AdvancingGuard","Frozen Egg 2","infinitespire:PuzzleCube","OrangePellets","StrikeDummy","Torii","TheAbacus","hexamod:RecyclingMachine"],"campfire_rested":0,"item_purchase_floors":[9,9,29,29,43,43,43,46,46,53],"current_hp_per_floor":[70,70,55,55,55,45,45,48,55,50,52,61,61,70,70,32,70,66,70,70,70,70,70,70,70,80,74,80,76,76,80,79,48,80,80,80,80,80,80,80,80,80,80,40,40,48,48,48,50,80,80,51,51,51,0,0,0],"gold":2,"neow_bonus":"THREE_SMALL_POTIONS","is_daily":false,"chose_seed":false,"campfire_upgraded":5,"win_rate":0.0,"timestamp":1610357194,"path_taken":["R","M","?","?","?","E","T","?","$","E","?","E","R","M","M","BOSS","R","M","M","?","?","R","T","?","R","M","?","?","R","?","M","BOSS","R","M","M","?","M","?","T","?","$","E","?","$","R","?","M","BOSS","E","$","R","BOSS"],"items_purchased_type":["Relic","Relic","Card","Relic","Relic","Relic","Relic","Relic","Relic","Relic"],"build_version":"2020-12-22","purchased_purges":0,"victory":false,"max_hp_per_floor":[70,70,70,70,70,70,70,70,70,70,70,70,70,70,70,70,70,70,70,70,70,70,70,70,70,80,80,80,80,80,80,80,80,80,80,80,80,80,80,80,80,80,80,80,80,80,80,80,80,80,80,80,80,80,80,80,80],"card_choices":[{"not_picked":["hexamod:EtherealExpedition","hexamod:Firestarter"],"picked":"hexamod:ShieldOfDarkness","floor":2.0},{"not_picked":["hexamod:ExtraCrispy","hexamod:PhantomFireball"],"picked":"hexamod:HauntingEcho","floor":3.0},{"not_picked":["hexamod:HauntingEcho","hexamod:InspiringFlames"],"picked":"hexamod:ThermalTransfer","floor":6},{"not_picked":["hexamod:HauntingEcho","hexamod:EtherealExpedition"],"picked":"hexamod:NightmareGuise","floor":8},{"not_picked":["hexamod:AdvancingGuard","hexamod:PowerFromBeyond"],"picked":"hexamod:SwordOfDarkness","floor":9},{"not_picked":["hexamod:SkipABeat","hexamod:ThermalTransfer"],"picked":"hexamod:NecessarySacrifice","floor":10},{"not_picked":["hexamod:RetreatToShadows","hexamod:SwordOfDarkness"],"picked":"hexamod:FirstSeal","floor":11},{"not_picked":["hexamod:RecurringNightmare","hexamod:GhostLash"],"picked":"hexamod:Toasty","floor":12},{"not_picked":["hexamod:NecessarySacrifice","hexamod:GhostShield"],"picked":"hexamod:EmpoweredFlame","floor":14},{"not_picked":["hexamod:SwordOfDarkness","hexamod:HauntingEcho"],"picked":"hexamod:CatchUp","floor":15},{"not_picked":["hexamod:SearingWound","hexamod:EmpoweringStance"],"picked":"hexamod:VolcanoVisage","floor":16},{"not_picked":["hexamod:GhostLash","hexamod:Hexaguard"],"picked":"hexamod:FastForward","floor":18},{"not_picked":["hexamod:SpectralAdrenaline","hexamod:ShieldOfDarkness"],"picked":"hexamod:SpectersWail+1","floor":19},{"not_picked":["hexamod:ThermalTransfer","hexamod:RainOfEmbers","hexamod:Again"],"picked":"SKIP","floor":20},{"not_picked":["hexamod:GhostShield+1","hexamod:UnleashSpirits"],"picked":"hexamod:Rewind","floor":22},{"not_picked":["hexamod:InspiringFlames+1","hexamod:Haunt"],"picked":"hexamod:Hexaguard","floor":27},{"not_picked":["hexamod:EtherealExpedition","hexamod:StepThrough"],"picked":"hexamod:Firestarter+1","floor":28},{"not_picked":["hexamod:PowerFromBeyond","hexamod:HeatShield"],"picked":"hexamod:SixthSeal","floor":29},{"not_picked":["hexamod:NightmareStrike","hexamod:GhostLash"],"picked":"hexamod:FastForward+1","floor":31},{"not_picked":["hexamod:RainOfEmbers","hexamod:PhantomFireball"],"picked":"hexamod:BacktrackSmack+1","floor":32},{"not_picked":["hexamod:EmpoweringStance+1","hexamod:ParanormalForm+1"],"picked":"hexamod:TimeOfNeed","floor":33},{"not_picked":["Regret","infinitespire:Pacifist"],"picked":"Languid","floor":34},{"not_picked":["Clumsy","Parasite"],"picked":"Hallucinations","floor":34},{"not_picked":["infinitespire:Pacifist","ReplayTheSpireMod:Restless Dread"],"picked":"Replay:Sluggish","floor":34},{"not_picked":["hexamod:Firestarter","hexamod:RainOfEmbers+1"],"picked":"hexamod:NightmareGuise+1","floor":36},{"not_picked":["hexamod:AdvancingGuard","hexamod:Hexaguard+1"],"picked":"hexamod:FastForward+1","floor":37},{"not_picked":["hexamod:NightmareGuise","hexamod:HeatShield"],"picked":"hexamod:ExtraCrispy+1","floor":39},{"not_picked":["hexamod:SpectersWail","hexamod:RainOfEmbers","hexamod:AdvancingGuard+1"],"picked":"SKIP","floor":40},{"not_picked":["hexamod:NightmareGuise+1","hexamod:ParanormalForm+1"],"picked":"hexamod:EmpoweredFlame+1","floor":43},{"not_picked":["hexamod:NightmareGuise+1","hexamod:GhostflameBarrier","hexamod:ShieldOfDarkness+1"],"picked":"SKIP","floor":44},{"not_picked":["hexamod:Hexaguard","hexamod:FastForward+1","hexamod:ApocalypseNow"],"picked":"SKIP","floor":46},{"not_picked":["hexamod:Firestarter","hexamod:ShieldOfDarkness+1"],"picked":"hexamod:PowerFromBeyond","floor":49},{"not_picked":["hexamod:NightmareGuise+1","hexamod:RainOfEmbers+1","hexamod:ThermalTransfer"],"picked":"SKIP","floor":52}],"player_experience":918128,"relics_obtained":[{"floor":1.0,"key":"Pantograph"},{"floor":3.0,"key":"Toy Ornithopter"},{"floor":6,"key":"Oddly Smooth Stone"},{"floor":7,"key":"Blood Vial"},{"floor":8,"key":"White Beast Statue"},{"floor":10,"key":"Nunchaku"},{"floor":12,"key":"Replay:Rubber Ducky"},{"floor":18,"key":"hexamod:SoulOfChaos"},{"floor":18,"key":"Mummified Hand"},{"floor":28,"key":"MutagenicStrength"},{"floor":41,"key":"Art of War"},{"floor":44,"key":"Replay:Bottled Eggs"},{"floor":45,"key":"Letter Opener"},{"floor":52,"key":"Grinning Jar"}],"event_choices":[{"cards_removed":["Replay:Sluggish"],"damage_healed":0,"gold_gain":0,"player_choice":"Purged","damage_taken":0,"max_hp_gain":0,"max_hp_loss":0,"event_name":"Purifier","floor":38,"gold_loss":0},{"damage_healed":0,"gold_gain":0,"cards_transformed":["hexamod:Defend"],"player_choice":"Transformed","damage_taken":0,"max_hp_gain":0,"max_hp_loss":0,"event_name":"Transmorgrifier","floor":48,"gold_loss":0,"cards_obtained":["hexamod:Rewind"]}],"is_beta":false,"boss_relics":[{"not_picked":["SlaversCollar","Astrolabe"],"picked":"Philosopher\u0027s Stone"},{"not_picked":["ReplayTheSpireMod:SealedPack","Pandora\u0027s Box"],"picked":"Replay:Ancient Bell"},{"not_picked":["Replay:Bandana","Bag of Preparation"],"picked":"ReplayTheSpireMod:TigerMarble"},{"not_picked":["Mercury Hourglass","infinitespire:BottledMercury"],"picked":"Gremlin Horn"},{"not_picked":["Counterbalance","Replay:Kaleidoscope"],"picked":"CaptainsWheel"}],"items_purged_floors":[],"is_endless":false,"potions_floor_spawned":[2,3,9,10,11,12,14,15,16,18,19,20,22,27,28,29,31,32,33,36,37,39,40,43,44,46,49,52],"killed_by":"downfall:NeowBoss","ascension_level":0}}