{"host":"64h6jdpsiwrne03s","time":1610361296,"event":{"mods":["Act Like it!","BaseMod","Bestiary","Colored Powertips","Gensokyo","Marisa£®ÏF”Í°°ƒß¿Ì…≥£©","Minty Spire (QoL Compilation)","Reimu£®≤©¿ˆ¡È√Œ£©","Remilia£®¿Ÿ√◊¿Ú—«£©","StSLib","The Servant 0.9.4","Youmu£®ªÍ∆«—˝√Œ£©"],"gold_per_floor":[115,115,128,16,16,44,60,85,85,113,133,133,150,176,176,253,253,265,515,275,295,175,203,203,223,223,223,223,249,249,260,260,331,331,350,350,350,350,98,133,158,184,184,184,216,216,216,227,227,227,227,227,48,81,81],"floor_reached":56,"playtime":3645,"items_purged":["Strike_Lin:ReiMu","TightArray:ReiMu+1"],"score":2555,"play_id":"9cfcb385-1210-4d9f-9a87-1a0142fbb9d2","local_time":"20210111183456","is_ascension_mode":true,"campfire_choices":[{"data":"TightArray:ReiMu","floor":12.0,"key":"SMITH"},{"data":"SubAcupoint:ReiMu","floor":15.0,"key":"SMITH"},{"data":"KamiRite:ReiMu","floor":24.0,"key":"SMITH"},{"data":"TightArray:ReiMu","floor":28.0,"key":"SMITH"},{"data":"YinYang:ReiMu","floor":30.0,"key":"SMITH"},{"data":"DoubleButterfly:ReiMu","floor":32.0,"key":"SMITH"},{"floor":47.0,"key":"RECALL"},{"data":"FoulBorder2:ReiMu","floor":49.0,"key":"SMITH"},{"data":"Free:ReiMu","floor":52.0,"key":"SMITH"}],"circlet_count":0,"master_deck":["AscendersBane","Defend_Lin:ReiMu","Defend_Lin:ReiMu","Defend_Lin:ReiMu","Defend_Lin:ReiMu","Stagnation:ReiMu","CardOfSanctity:ReiMu+1","SubAcupoint:ReiMu+1","DoubleButterfly:ReiMu+1","TightArray:ReiMu+1","YinYang:ReiMu+1","KamiRite:ReiMu+1","YinYangSign:ReiMu+1","CeremonyResonance:ReiMu+1","TightArray:ReiMu+1","SubAcupoint:ReiMu+1","RainPray2:ReiMu","Free:ReiMu+1","OctopathBindingBorder2:ReiMu","FoulBorder2:ReiMu+1"],"relics":["FlyPower:ReiMu","NeowsBlessing","Strawberry","Happy Flower","Kunai","Nunchaku","Letter Opener","Salt:ReiMu","RuthlessExorcism:ReiMu","Strawberry","Astrolabe","Bronze Scales","Gensokyo:LionMask","BodyOfKamiR:ReiMu","Tiny Chest","TungstenRod","Busted Crown","PreservedInsect","CeramicFish","Pear","HornCleat","Eternal Feather"],"acts_visited":["Gensokyo:Gensokyo","Gensokyo:Gensokyoer","Gensokyo:Gensokyoest","TheEnding"],"potions_floor_usage":[55,55],"damage_taken":[{"damage":0.0,"enemies":"Gensokyo:Python","floor":1.0,"turns":1.0},{"damage":0.0,"enemies":"Gensokyo:2_Kodama","floor":3.0,"turns":1.0},{"damage":0.0,"enemies":"Gensokyo:Mamizou","floor":6.0,"turns":4.0},{"damage":3.0,"enemies":"Gensokyo:3_Fairies","floor":7.0,"turns":4.0},{"damage":0.0,"enemies":"Gensokyo:Aya","floor":8.0,"turns":7.0},{"damage":4.0,"enemies":"Gensokyo:Cirno","floor":10.0,"turns":5.0},{"damage":4.0,"enemies":"Gensokyo:3_Kodama","floor":11.0,"turns":3.0},{"damage":0.0,"enemies":"Gensokyo:2_Rabbits","floor":13.0,"turns":1.0},{"damage":0.0,"enemies":"Gensokyo:Mamizou","floor":14.0,"turns":6.0},{"damage":0.0,"enemies":"Gensokyo:Reimu","floor":16.0,"turns":5.0},{"damage":0.0,"enemies":"Gensokyo:CosmicMonolith","floor":18.0,"turns":3.0},{"damage":5.0,"enemies":"Gensokyo:Chomper","floor":21.0,"turns":3.0},{"damage":5.0,"enemies":"Gensokyo:Reisen","floor":23.0,"turns":5.0},{"damage":0.0,"enemies":"Gensokyo:Slime_Group","floor":25.0,"turns":3.0},{"damage":0.0,"enemies":"Gensokyo:Koishi","floor":29.0,"turns":5.0},{"damage":0.0,"enemies":"Gensokyo:3_Gloops","floor":31.0,"turns":3.0},{"damage":0.0,"enemies":"Gensokyo:Kaguya","floor":33.0,"turns":9.0},{"damage":0.0,"enemies":"Gensokyo:AncientGuardian","floor":35.0,"turns":4.0},{"damage":0.0,"enemies":"Gensokyo:Doremy","floor":40.0,"turns":4.0},{"damage":2.0,"enemies":"Gensokyo:3_Boulders","floor":41.0,"turns":4.0},{"damage":11.0,"enemies":"Gensokyo:Marisa","floor":42.0,"turns":4.0},{"damage":1.0,"enemies":"Gensokyo:Kasen","floor":45.0,"turns":5.0},{"damage":5.0,"enemies":"Gensokyo:SeedOfUnknown","floor":48.0,"turns":4.0},{"damage":1.0,"enemies":"Gensokyo:Shinki","floor":50.0,"turns":7.0},{"damage":28.0,"enemies":"Shield and Spear","floor":54.0,"turns":5.0},{"damage":16,"enemies":"The Heart","floor":55,"turns":8}],"seed_played":"-1455368531789245624","potions_obtained":[{"floor":1.0,"key":"EssenceOfSteel"},{"floor":10.0,"key":"ZuzhouPotion:ReiMu"},{"floor":14.0,"key":"LiquidBronze"}],"is_trial":false,"path_per_floor":["M","?","M","COS","?","E","M","E","T","E","M","R","M","E","R","B",null,"M","?","$","M","?","E","R","M","T","?","R","E","R","M","R","B",null,"M","?","?","T","$","E","M","E","T","$","E","?","R","M","R","B",null,"R","$","E","B",null],"character_chosen":"REIMU","items_purchased":["Bronze Scales","OctopathBindingBorder2:ReiMu","PreservedInsect","Ancient Potion"],"campfire_rested":0,"item_purchase_floors":[20,39,39,53],"current_hp_per_floor":[54,47,47,47,47,47,44,44,44,40,36,36,36,43,43,43,66,66,66,66,61,61,56,56,56,56,56,56,56,56,56,56,56,66,66,54,54,54,54,54,52,51,51,51,50,50,62,57,69,68,76,79,79,51,35],"gold":81,"neow_bonus":"THREE_ENEMY_KILL","is_daily":false,"chose_seed":false,"campfire_upgraded":8,"win_rate":0.0,"timestamp":1610361296,"path_taken":["M","?","M","COS","?","E","M","E","T","E","M","R","?","E","R","BOSS","M","?","$","M","?","E","R","M","T","?","R","E","R","M","R","BOSS","M","?","?","?","?","E","?","E","T","$","E","?","R","M","R","BOSS","R","$","E","BOSS"],"items_purchased_type":["Relic","Card","Relic","Potion"],"build_version":"2020-12-22","purchased_purges":2,"victory":true,"max_hp_per_floor":[60,67,67,67,67,67,67,67,67,67,67,67,67,74,74,74,74,74,69,69,69,69,69,69,69,69,69,69,69,69,69,69,69,69,69,69,69,69,69,69,69,79,79,79,79,79,79,79,79,79,79,79,79,79,79],"card_choices":[{"not_picked":["Crusade:ReiMu","AirStrike:ReiMu","Meditation:ReiMu"],"picked":"SKIP","floor":1.0},{"not_picked":["Gathering:ReiMu","SubAcupoint:ReiMu"],"picked":"TightArray:ReiMu","floor":3.0},{"not_picked":["Conquer:ReiMu+1","Mountainwind:ReiMu+1"],"picked":"CardOfSanctity:ReiMu+1","floor":6.0},{"not_picked":["Amulet:ReiMu","FineLineFantasy:ReiMu","SpringWay:ReiMu"],"picked":"SKIP","floor":6.0},{"not_picked":["YinYangSign:ReiMu","Conquer:ReiMu"],"picked":"SubAcupoint:ReiMu","floor":7.0},{"not_picked":["PayForSelf:ReiMu","PhosphorusFlame:ReiMu","CareerPray:ReiMu"],"picked":"SKIP","floor":8.0},{"not_picked":["Authority:ReiMu","YinYangSign:ReiMu"],"picked":"DoubleButterfly:ReiMu","floor":10.0},{"not_picked":["Enchanting:ReiMu","BarrageOfMoneybags:ReiMu"],"picked":"TightArray:ReiMu","floor":11.0},{"not_picked":["AlertArray:ReiMu","SpringWay:ReiMu","SubAcupoint:ReiMu"],"picked":"SKIP","floor":13.0},{"not_picked":["AlertArray:ReiMu","SpringWay:ReiMu","SubAcupoint:ReiMu"],"picked":"SKIP","floor":13.0},{"not_picked":["RainPray2:ReiMu","UpKicking:ReiMu"],"picked":"YinYang:ReiMu","floor":14.0},{"not_picked":["OctopathSalyBorderN:ReiMu","CleanRite:ReiMu"],"picked":"KamiRite:ReiMu","floor":16.0},{"not_picked":["AirStrike:ReiMu","EmergencyTakeOff:ReiMu","NineCharacters:ReiMu"],"picked":"SKIP","floor":18.0},{"not_picked":["Intuition:ReiMu+1","Conquer:ReiMu"],"picked":"SubAcupoint:ReiMu+1","floor":21.0},{"not_picked":["BlastKick2:ReiMu","SubAcupoint:ReiMu"],"picked":"RainPray2:ReiMu","floor":23.0},{"not_picked":["Enchanting:ReiMu","SafetyPray:ReiMu+1","Meditation:ReiMu"],"picked":"SKIP","floor":25.0},{"not_picked":["SpringWay:ReiMu","SubAcupoint:ReiMu"],"picked":"ShadowOfCrow2:ReiMu","floor":29.0},{"not_picked":["OrbThrow:ReiMu","SafetyPray:ReiMu","Intuition:ReiMu"],"picked":"SKIP","floor":31.0},{"not_picked":["Shading:ReiMu","PrayRite:ReiMu"],"picked":"Free:ReiMu","floor":33.0},{"not_picked":["AlertArray:ReiMu"],"picked":"SKIP","floor":35.0},{"not_picked":["Gathering:ReiMu"],"picked":"SKIP","floor":40.0},{"not_picked":[],"picked":"FoulBorder2:ReiMu","floor":41.0},{"not_picked":["AlertArray:ReiMu+1"],"picked":"SKIP","floor":42.0},{"not_picked":["Conquer:ReiMu"],"picked":"SKIP","floor":45.0},{"not_picked":["AirStrike:ReiMu+1"],"picked":"SKIP","floor":48.0},{"not_picked":["Intuition:ReiMu"],"picked":"SKIP","floor":54.0}],"player_experience":387968,"relics_obtained":[{"floor":6.0,"key":"Kunai"},{"floor":8.0,"key":"Nunchaku"},{"floor":9.0,"key":"Letter Opener"},{"floor":10.0,"key":"RuthlessExorcism:ReiMu"},{"floor":14.0,"key":"Strawberry"},{"floor":23.0,"key":"BodyOfKamiR:ReiMu"},{"floor":26.0,"key":"Tiny Chest"},{"floor":29.0,"key":"TungstenRod"},{"floor":40.0,"key":"CeramicFish"},{"floor":42.0,"key":"Pear"},{"floor":43.0,"key":"HornCleat"},{"floor":45.0,"key":"Eternal Feather"}],"event_choices":[],"is_beta":false,"boss_relics":[{"not_picked":["Velvet Choker","Runic Dome"],"picked":"Astrolabe"},{"not_picked":["Coffee Dripper","Tiny House"],"picked":"Busted Crown"}],"items_purged_floors":[20,53],"is_endless":false,"potions_floor_spawned":[1,10,14,16,18,31,42,48],"ascension_level":17}}