{"host":"06h77atpgiec8kbk","time":1610375177,"event":{"mods":["Act Like it!","Alarm Clock","Arknights The Spire","Aspiration","Bard","BaseMod","CapriCore","Colored Powertips","Conspire","Downfall","Hermit","Marisa£®ÏF”Í°°ƒß¿Ì…≥£©","Minty Spire (QoL Compilation)","Quick Restart","Reimu£®≤©¿ˆ¡È√Œ£©","Relic Stats","Replay The Spire","StSLib","The Construct","The Cursed","The Gatherer","The Hierophant","The Immortal","The Marked","The Runesmith","[µÿæ´ ◊¡Ï≈¿À˛]The Maniac","°æ“≈ŒÔø®≈∆°øREMEMod"],"gold_per_floor":[118,135,135,135,147,147,147],"floor_reached":6,"playtime":121,"items_purged":[],"score":38,"play_id":"7ce02234-1e15-4782-b14a-db94e9cedb29","local_time":"20210111222617","is_ascension_mode":true,"campfire_choices":[],"circlet_count":0,"master_deck":["ats:Strike G","ats:Strike S","ats:Strike V","ats:Armor Crushing Shot","ats:Defend","ats:Defend","ats:Defend","ats:Defend","ats:Emotion Absorption","ats:Counter Healing Mode+1","ats:Thermite Blade","Berserk"],"relics":["ats:Sanity","REME_ComplimentaryCards","NeowsBlessing"],"acts_visited":["Exordium"],"potions_floor_usage":[],"damage_taken":[{"damage":0,"enemies":"Jaw Worm","floor":1,"turns":1},{"damage":0,"enemies":"Small Slimes","floor":2,"turns":2},{"damage":0,"enemies":"Cultist","floor":5,"turns":1},{"damage":0,"enemies":"3 Sentries","floor":6,"turns":1}],"seed_played":"5381443866547511808","potions_obtained":[{"floor":2,"key":"Adrenaline Potion"}],"is_trial":false,"path_per_floor":["M","M","?","?","M","E"],"character_chosen":"DOCTOR_CLASS","items_purchased":[],"campfire_rested":0,"item_purchase_floors":[],"current_hp_per_floor":[72,72,72,72,72,72,72],"gold":147,"neow_bonus":"THREE_ENEMY_KILL","is_daily":false,"chose_seed":false,"campfire_upgraded":0,"win_rate":0.0,"timestamp":1610375177,"path_taken":["M","M","?","?","?","E"],"items_purchased_type":[],"build_version":"2020-12-22","purchased_purges":0,"victory":false,"max_hp_per_floor":[72,72,72,72,72,72,72],"relic_stats":{"counters":[4,5],"obtain_stats":[{"NeowsBlessing":0,"ats:Sanity":0,"REME_ComplimentaryCards":0},{"NeowsBlessing":0,"ats:Sanity":0,"REME_ComplimentaryCards":0},{"NeowsBlessing":0,"ats:Sanity":0,"REME_ComplimentaryCards":0}]},"card_choices":[{"not_picked":["ats:Revitalization","ats:Guardian Obelisk"],"picked":"ats:Counter Healing Mode","floor":1},{"not_picked":["ats:Ignite","ats:Poison Spread"],"picked":"ats:Thermite Blade","floor":2},{"not_picked":["ats:Revitalization","ats:Soul Absorption","ats:Assault Order"],"picked":"SKIP","floor":5},{"not_picked":["ats:Revitalization","ats:Soul Absorption","ats:Assault Order"],"picked":"SKIP","floor":5},{"not_picked":["ats:Revitalization","ats:Soul Absorption","ats:Assault Order"],"picked":"SKIP","floor":5}],"player_experience":831389,"relics_obtained":[],"event_choices":[{"damage_healed":0,"gold_gain":0,"player_choice":"Grow","damage_taken":0,"max_hp_gain":0,"max_hp_loss":0,"event_name":"Living Wall","floor":3,"gold_loss":0,"cards_upgraded":["ats:Counter Healing Mode"]},{"cards_removed":["ats:Strike C"],"damage_healed":0,"gold_gain":0,"player_choice":"Purged","damage_taken":0,"max_hp_gain":0,"max_hp_loss":0,"event_name":"Purifier","floor":4,"gold_loss":0}],"is_beta":false,"boss_relics":[],"items_purged_floors":[],"is_endless":false,"potions_floor_spawned":[2],"killed_by":"3 Sentries","ascension_level":1}}