{"host":"baymyijz6sxaqj5s","time":1610386944,"event":{"mods":["AchievementEnabler","BaseMod","Colored Map","Colored Powertips","DeckTracker","Highlight Path","KOR Keyword Fix","Keyboard Shortcuts","Minty Spire (QoL Compilation)","Quick Restart","StSLib","SuperFastMode"],"gold_per_floor":[117,135,135,145,145,145,158,158,158,170,185,199,199,280,280,383,383,393,412,337,182,182,216,216,234,234,248,262,262,272,272,272,272,272],"floor_reached":33,"playtime":1052,"items_purged":[],"score":313,"play_id":"686bcc8c-290c-4670-9a3f-72257daf6dc5","local_time":"20210112024224","is_ascension_mode":true,"campfire_choices":[{"data":"Survivor","floor":6,"key":"SMITH"},{"data":"Dash","floor":8,"key":"SMITH"},{"floor":15,"key":"REST"},{"floor":24,"key":"REST"},{"data":"Adrenaline","floor":29,"key":"SMITH"},{"floor":32,"key":"REST"}],"circlet_count":0,"master_deck":["Strike_G+1","Strike_G","Strike_G+1","Strike_G","Defend_G","Defend_G","Defend_G","Defend_G","Defend_G","Survivor+1","Neutralize","Dash+1","Poisoned Stab","Escape Plan+1","Deadly Poison","Noxious Fumes","Adrenaline+1","Backflip","Leg Sweep+1","Adrenaline","Deflect","Catalyst+1","Deflect+1","Bane"],"relics":["Ring of the Snake","Darkstone Periapt","Bird Faced Urn","Ninja Scroll","HoveringKite","Anchor","MutagenicStrength","Omamori","Toxic Egg 2","The Specimen"],"acts_visited":["Exordium","TheCity"],"potions_floor_usage":[16,23,27,27,33,33],"damage_taken":[{"damage":0,"enemies":"2 Louse","floor":1,"turns":5},{"damage":4,"enemies":"Cultist","floor":2,"turns":6},{"damage":0,"enemies":"Jaw Worm","floor":4,"turns":5},{"damage":5,"enemies":"Lots of Slimes","floor":7,"turns":4},{"damage":4,"enemies":"Large Slime","floor":10,"turns":7},{"damage":7,"enemies":"3 Louse","floor":11,"turns":3},{"damage":0,"enemies":"Blue Slaver","floor":12,"turns":3},{"damage":19,"enemies":"Hexaghost","floor":16,"turns":9},{"damage":10,"enemies":"3 Byrds","floor":18,"turns":5},{"damage":0,"enemies":"Chosen","floor":19,"turns":5},{"damage":15,"enemies":"Slavers","floor":23,"turns":7},{"damage":12,"enemies":"Snake Plant","floor":25,"turns":6},{"damage":0,"enemies":"Snecko","floor":27,"turns":5},{"damage":13,"enemies":"Cultist and Chosen","floor":28,"turns":6},{"damage":4,"enemies":"Centurion and Healer","floor":30,"turns":6},{"damage":83,"enemies":"Champ","floor":33,"turns":8}],"seed_played":"8784522881857644981","potions_obtained":[{"floor":1,"key":"FearPotion"},{"floor":10,"key":"Block Potion"},{"floor":11,"key":"ColorlessPotion"},{"floor":12,"key":"SteroidPotion"},{"floor":18,"key":"Strength Potion"},{"floor":25,"key":"Swift Potion"},{"floor":27,"key":"Energy Potion"},{"floor":28,"key":"FearPotion"}],"is_trial":false,"path_per_floor":["M","M","?","M","?","R","M","R","T","M","M","M","?","T","R","B",null,"M","M","?","$","?","E","R","M","T","M","M","R","M","T","R","B"],"character_chosen":"THE_SILENT","items_purchased":["Anchor"],"campfire_rested":3,"item_purchase_floors":[21],"current_hp_per_floor":[77,73,58,58,58,58,53,53,53,49,42,42,42,42,65,48,77,67,69,69,69,69,56,77,65,65,65,54,54,52,52,75,0,0],"gold":272,"neow_bonus":"TEN_PERCENT_HP_BONUS","is_daily":false,"chose_seed":false,"campfire_upgraded":3,"win_rate":0.0,"timestamp":1610386944,"path_taken":["M","M","?","M","?","R","M","R","T","M","M","?","?","?","R","BOSS","M","?","?","$","?","E","R","M","T","M","M","R","M","?","R","BOSS"],"items_purchased_type":["Relic"],"build_version":"2020-12-22","purchased_purges":0,"victory":false,"max_hp_per_floor":[77,77,77,77,77,77,77,77,77,77,77,77,77,77,77,77,77,77,77,77,77,77,77,77,77,77,77,77,77,77,77,77,77,77],"card_choices":[{"not_picked":["Infinite Blades","Concentrate","Quick Slash"],"picked":"SKIP","floor":1},{"not_picked":["Acrobatics","Cloak And Dagger"],"picked":"Dash","floor":2},{"not_picked":["Masterful Stab","Flying Knee"],"picked":"Poisoned Stab","floor":4},{"not_picked":["Dodge and Roll","Cloak And Dagger"],"picked":"Escape Plan","floor":7},{"not_picked":["Outmaneuver","Bouncing Flask"],"picked":"Deadly Poison","floor":10},{"not_picked":["Choke","Glass Knife","Reflex"],"picked":"SKIP","floor":11},{"not_picked":["All Out Attack","Underhanded Strike"],"picked":"Noxious Fumes","floor":12},{"not_picked":["Doppelganger","Envenom"],"picked":"Adrenaline","floor":16},{"not_picked":["Dagger Spray","Eviscerate"],"picked":"Backflip","floor":18},{"not_picked":["Sucker Punch","Underhanded Strike+1"],"picked":"Leg Sweep+1","floor":19},{"not_picked":["Terror","Slice"],"picked":"Adrenaline","floor":23},{"not_picked":["Riddle With Holes","PiercingWail"],"picked":"Deflect","floor":25},{"not_picked":["Backflip+1","Prepared+1"],"picked":"Catalyst+1","floor":27},{"not_picked":["Poisoned Stab","Flying Knee+1"],"picked":"Deflect+1","floor":28},{"not_picked":["Calculated Gamble+1","Terror+1"],"picked":"Bane","floor":30}],"player_experience":88121,"relics_obtained":[{"floor":9,"key":"Bird Faced Urn"},{"floor":14,"key":"Ninja Scroll"},{"floor":23,"key":"Omamori"},{"floor":26,"key":"Toxic Egg 2"},{"floor":31,"key":"The Specimen"}],"event_choices":[{"damage_healed":0,"gold_gain":0,"player_choice":"Entered Light","damage_taken":15,"max_hp_gain":0,"max_hp_loss":0,"event_name":"Shining Light","floor":3,"gold_loss":0,"cards_upgraded":["Strike_G","Strike_G"]},{"damage_healed":0,"gold_gain":0,"player_choice":"Gave Potion","damage_taken":0,"relics_obtained":["Darkstone Periapt"],"max_hp_gain":0,"max_hp_loss":0,"event_name":"WeMeetAgain","floor":5,"gold_loss":0},{"damage_healed":0,"gold_gain":0,"player_choice":"Grow","damage_taken":0,"max_hp_gain":0,"max_hp_loss":0,"event_name":"Living Wall","floor":13,"gold_loss":0,"cards_upgraded":["Escape Plan"]},{"cards_removed":["Strike_G"],"damage_healed":0,"gold_gain":0,"player_choice":"Gave Gold","damage_taken":0,"max_hp_gain":0,"max_hp_loss":0,"event_name":"Beggar","floor":20,"gold_loss":75},{"damage_healed":0,"gold_gain":0,"player_choice":"Inject Mutagens","damage_taken":0,"relics_obtained":["MutagenicStrength"],"max_hp_gain":0,"max_hp_loss":0,"event_name":"Drug Dealer","floor":22,"gold_loss":0}],"is_beta":false,"boss_relics":[{"not_picked":["Fusion Hammer","Pandora\u0027s Box"],"picked":"HoveringKite"}],"items_purged_floors":[],"is_endless":false,"potions_floor_spawned":[1,10,11,12,18,25,27,28],"killed_by":"Champ","ascension_level":4}}