{"host":"gmh2c2g66mxmprnw","time":1610390264,"event":{"mods":["BaseMod","Friendly Minions","Infinite Spire","Minty Spire (QoL Compilation)","Quick Restart","Relic Stats","Replay The Spire","Shop Mod","StSLib"],"gold_per_floor":[116,41,54,64,64,98,117,135,135,178,178,35,78,103,103,233,233,253,4,20,35,55,55,98,135,147,159,171,183,195,207,219,252,264,413,425,478,130,130,0,24,24,24,50,50,50,50,74,74,122,122,122],"floor_reached":53,"playtime":3658,"items_purged":["Defend_R","Strike_R","Bash","Strike_R"],"score":787,"play_id":"7a8ed383-d696-4112-ac47-2bf481692d6b","local_time":"20210111093744","is_ascension_mode":true,"campfire_choices":[{"data":"Dark Embrace","floor":11.0,"key":"SMITH"},{"data":"Flame Barrier","floor":15.0,"key":"SMITH"},{"floor":27.0,"key":"REST"},{"floor":31.0,"key":"REST"},{"floor":42.0,"key":"REST"},{"data":"infinitespire:TheBestDefense","floor":47.0,"key":"SMITH"},{"floor":51,"key":"REST"}],"circlet_count":0,"master_deck":["Strike_R","Strike_R","Strike_R","Defend_R","Defend_R","Defend_R","Flame Barrier+1","Dark Embrace+1","Bloodletting","Rupture","Second Wind","Feel No Pain","Pummel","Demonic Infusion","Battle Trance+1","ReplayTheSpireMod:Strike From Hell","Pommel Strike","Berserk","True Grit","Dropkick","Rupture","Heavy Blade","Sword Boomerang+1","Rage+1","Rupture","Juggernaut","Armaments+1","ReplayTheSpireMod:Strike From Hell","True Grit","infinitespire:TheBestDefense+1","Shrug It Off","Entrench","Demonic Infusion","Body Slam+1","Body Slam+1","Double Tap","Life Link","Flex+1","Exhume","Limit Break","Replay:Undeath\u0027s Touch+1","Massacre+1"],"relics":["Burning Blood","Golden Idol","Prayer Wheel","Mummified Hand","Pocketwatch","HandDrill","Paper Frog","Mark of Pain","Pen Nib","Letter Opener","infinitespire:EvilPickle","Membership Card","Replay:Ringing Soul","MerchantsRug","Red Mask","Replay:Bottled Flurry","InkBottle","Electric Blood","Pondfish Scales"],"acts_visited":["Exordium","TheCity","TheBeyond"],"potions_floor_usage":[50,50,52],"damage_taken":[{"damage":6.0,"enemies":"Cultist","floor":1.0,"turns":3.0},{"damage":2.0,"enemies":"Small Slimes","floor":3.0,"turns":4.0},{"damage":2.0,"enemies":"2 Louse","floor":4.0,"turns":3.0},{"damage":12.0,"enemies":"Gremlin Nob","floor":6.0,"turns":4.0},{"damage":13.0,"enemies":"Looter","floor":7.0,"turns":3.0},{"damage":0.0,"enemies":"Blue Slaver","floor":8.0,"turns":3.0},{"damage":15.0,"enemies":"Replay:BlueRogue","floor":10.0,"turns":6.0},{"damage":15.0,"enemies":"3 Sentries","floor":13.0,"turns":7.0},{"damage":6.0,"enemies":"Large Slime","floor":14.0,"turns":4.0},{"damage":19.0,"enemies":"Hexaghost","floor":16.0,"turns":6.0},{"damage":20.0,"enemies":"3 Byrds","floor":18.0,"turns":4.0},{"damage":19.0,"enemies":"Spheric Guardian","floor":20.0,"turns":4.0},{"damage":3.0,"enemies":"Snecko","floor":21.0,"turns":3.0},{"damage":3.0,"enemies":"Chosen and Byrds","floor":22.0,"turns":6.0},{"damage":41.0,"enemies":"Book of Stabbing","floor":24.0,"turns":5.0},{"damage":11.0,"enemies":"3 Cultists","floor":25.0,"turns":6.0},{"damage":20.0,"enemies":"Colosseum Slavers","floor":32.0,"turns":3.0},{"damage":9.0,"enemies":"Centurion and Healer","floor":33.0,"turns":4.0},{"damage":47.0,"enemies":"Pondfish","floor":35.0,"turns":9.0},{"damage":38.0,"enemies":"3 Shapes","floor":37.0,"turns":6.0},{"damage":22.0,"enemies":"infinitespire:Three Voidlings","floor":39.0,"turns":5.0},{"damage":13.0,"enemies":"3 Darklings","floor":41.0,"turns":5.0},{"damage":18.0,"enemies":"Jaw Worm Horde","floor":44.0,"turns":5.0},{"damage":21.0,"enemies":"Transient","floor":48.0,"turns":5.0},{"damage":51,"enemies":"Reptomancer","floor":50,"turns":5},{"damage":51,"enemies":"Awakened One","floor":52,"turns":5}],"seed_played":"5911035923089703397","potions_obtained":[{"floor":0.0,"key":"infinitespire:BlackPotion"},{"floor":0.0,"key":"GamblersBrew"},{"floor":0.0,"key":"ElixirPotion"},{"floor":4.0,"key":"DistilledChaos"},{"floor":6.0,"key":"SteroidPotion"},{"floor":7.0,"key":"SkillPotion"},{"floor":8.0,"key":"SkillPotion"},{"floor":20.0,"key":"LiquidMemories"},{"floor":24.0,"key":"Adrenaline Potion"},{"floor":33.0,"key":"Elixir"},{"floor":37.0,"key":"BlessingOfTheForge"}],"is_trial":false,"path_per_floor":["M","$","M","M","?","E","M","M","T","E","R","$","E","M","R","B",null,"M","$","M","M","M","?","E","M","T","R","PTL","PTL","?","R","?","M","R","B",null,"M","$","?","?","M","R","?","M","T","AVR","R","M","?","E","R","B",null],"character_chosen":"IRONCLAD","items_purchased":["HandDrill","BargainBundle","Rupture","Energy Potion","Swift Potion","BloodPotion","Pen Nib","Heavy Blade","Membership Card","Replay:Ringing Soul","MerchantsRug","Double Tap","Life Link","CultistPotion"],"campfire_rested":4,"item_purchase_floors":[12,19,19,19,19,19,19,19,38,38,38,38,38,38],"current_hp_per_floor":[80,80,80,80,60,54,47,53,53,44,44,44,35,35,35,22,80,66,66,53,56,59,59,24,19,19,43,43,43,23,47,33,30,54,13,80,48,51,42,42,38,63,63,54,54,57,57,45,83,41,66,38],"gold":122,"neow_bonus":"THREE_SMALL_POTIONS","is_daily":false,"chose_seed":false,"campfire_upgraded":3,"win_rate":0.0,"timestamp":1610390264,"path_taken":["M","?","M","?","?","E","M","M","T","E","R","$","E","M","R","BOSS","M","$","M","M","M","?","E","M","T","R","PTL","PTL","?","R","?","?","R","BOSS","M","$","?","?","M","R","?","M","T","AVR","R","?","?","E","R","BOSS"],"items_purchased_type":["Relic","Relic","Card","Potion","Potion","Potion","Relic","Card","Relic","Relic","Relic","Card","Card","Potion"],"build_version":"2020-12-22","purchased_purges":4,"victory":true,"max_hp_per_floor":[80,80,80,80,80,80,80,80,80,80,80,80,80,80,80,80,80,80,80,80,80,80,80,80,80,80,80,80,80,80,80,80,80,80,80,80,80,83,83,83,86,86,86,89,89,92,92,95,83,86,86,86],"relic_stats":{"counters":[26,123],"Golden Idol":172,"Mummified Hand":[109],"Prayer Wheel":13,"Pen Nib":[13],"HandDrill":[22],"Letter Opener":[164],"obtain_stats":[{"MerchantsRug":38,"BargainBundle":19,"Golden Idol":5,"Velvet Choker":36,"Pen Nib":19,"Letter Opener":26,"MawBank":24,"Burning Blood":0,"infinitespire:EvilPickle":35,"Replay:Ringing Soul":38,"Pondfish Scales":50,"Mummified Hand":9,"Prayer Wheel":6,"Mark of Pain":17,"HandDrill":12,"Red Mask":40,"Replay:Bottled Flurry":45,"Membership Card":38,"Electric Blood":46,"InkBottle":46,"Pocketwatch":10,"Paper Frog":13},{"MerchantsRug":20,"BargainBundle":11,"Golden Idol":3,"Velvet Choker":19,"Pen Nib":11,"Letter Opener":16,"MawBank":15,"Burning Blood":0,"infinitespire:EvilPickle":19,"Replay:Ringing Soul":20,"Pondfish Scales":25,"Mummified Hand":6,"Prayer Wheel":4,"Mark of Pain":10,"HandDrill":7,"Red Mask":21,"Replay:Bottled Flurry":23,"Membership Card":20,"Electric Blood":23,"InkBottle":23,"Pocketwatch":7,"Paper Frog":8},{"MerchantsRug":93,"BargainBundle":47,"Golden Idol":10,"Velvet Choker":87,"Pen Nib":47,"Letter Opener":71,"MawBank":65,"Burning Blood":0,"infinitespire:EvilPickle":87,"Replay:Ringing Soul":93,"Pondfish Scales":118,"Mummified Hand":20,"Prayer Wheel":14,"Mark of Pain":43,"HandDrill":26,"Red Mask":98,"Replay:Bottled Flurry":108,"Membership Card":93,"Electric Blood":108,"InkBottle":108,"Pocketwatch":26,"Paper Frog":33}],"Burning Blood":148,"InkBottle":[7],"Pocketwatch":[81]},"card_choices":[{"not_picked":["Reckless Charge","Havoc"],"picked":"Flame Barrier","floor":1.0},{"not_picked":["Dropkick","Wild Strike"],"picked":"Dark Embrace","floor":3.0},{"not_picked":["Shrug It Off","Armaments"],"picked":"Bloodletting","floor":4.0},{"not_picked":["ReplayTheSpireMod:Corrosion Curse","Rampage"],"picked":"Rupture","floor":6.0},{"not_picked":["Fire Breathing","Armaments"],"picked":"Second Wind","floor":7.0},{"not_picked":["Pommel Strike","Replay:Undeath\u0027s Touch"],"picked":"Feel No Pain","floor":7.0},{"not_picked":["Armaments","Twin Strike"],"picked":"Pummel","floor":8.0},{"not_picked":["Rampage","Havoc","Twin Strike"],"picked":"SKIP","floor":8.0},{"not_picked":["Run Through","infinitespire:OneForAll"],"picked":"Demonic Infusion","floor":10.0},{"not_picked":["Shrug It Off","Twin Strike"],"picked":"Battle Trance","floor":13.0},{"not_picked":["Warcry","ReplayTheSpireMod:Limb From Limb"],"picked":"ReplayTheSpireMod:Strike From Hell","floor":14.0},{"not_picked":["Run Through","Seeing Red"],"picked":"Pommel Strike","floor":14.0},{"not_picked":["Eclipse","Demonic Infusion"],"picked":"Berserk","floor":16.0},{"not_picked":["Replay:Undeath\u0027s Touch","Life Link"],"picked":"True Grit","floor":18.0},{"not_picked":["Disarm","Cleave"],"picked":"Dropkick","floor":18.0},{"not_picked":["Warcry+1","Spot Weakness"],"picked":"Sword Boomerang+1","floor":20.0},{"not_picked":["Clash","Heavy Blade+1","Iron Wave"],"picked":"SKIP","floor":20.0},{"not_picked":["Clash","Heavy Blade"],"picked":"Rage+1","floor":21.0},{"not_picked":["Shrug It Off","Anger","Intimidate"],"picked":"SKIP","floor":21.0},{"not_picked":["Iron Wave","Defy Death"],"picked":"Rupture","floor":22.0},{"not_picked":["Flex","Perfected Strike"],"picked":"Juggernaut","floor":22.0},{"not_picked":["ReplayTheSpireMod:Corrosion Curse","Wild Strike"],"picked":"Armaments+1","floor":24.0},{"not_picked":["Perfected Strike","ReplayTheSpireMod:Corrosion Curse+1"],"picked":"ReplayTheSpireMod:Strike From Hell","floor":25.0},{"not_picked":["Perfected Strike+1","Twin Strike"],"picked":"True Grit","floor":25.0},{"not_picked":["infinitespire:Fortify","ReplayTheSpireMod:Haul"],"picked":"infinitespire:TheBestDefense","floor":30.0},{"not_picked":["ReplayTheSpireMod:Strike From Hell","Run Through"],"picked":"Shrug It Off","floor":33.0},{"not_picked":["Iron Wave","Impervious"],"picked":"Entrench","floor":33.0},{"not_picked":["Offering","Bludgeon"],"picked":"Demonic Infusion","floor":35.0},{"not_picked":["Run Through+1","Perfected Strike+1"],"picked":"Body Slam+1","floor":37.0},{"not_picked":["Carnage+1","Headbutt+1"],"picked":"Body Slam+1","floor":37.0},{"not_picked":["Uppercut","Armaments+1"],"picked":"Flex+1","floor":41.0},{"not_picked":["Body Slam+1","Clash+1"],"picked":"Exhume","floor":41.0},{"not_picked":["Perfected Strike","Power Through"],"picked":"Limit Break","floor":44.0},{"not_picked":["Second Wind+1","Havoc+1","ReplayTheSpireMod:Limb From Limb+1"],"picked":"SKIP","floor":44.0},{"not_picked":["Bloodletting","Iron Wave+1"],"picked":"Replay:Undeath\u0027s Touch+1","floor":48.0},{"not_picked":["ReplayTheSpireMod:Strike From Hell+1","Shrug It Off+1","Heavy Blade+1"],"picked":"SKIP","floor":48.0},{"not_picked":["True Grit","Demonic Infusion"],"picked":"Massacre+1","floor":50}],"player_experience":2100504,"relics_obtained":[{"floor":6.0,"key":"Prayer Wheel"},{"floor":9.0,"key":"Mummified Hand"},{"floor":10.0,"key":"Pocketwatch"},{"floor":13.0,"key":"Paper Frog"},{"floor":24.0,"key":"MawBank"},{"floor":26.0,"key":"Letter Opener"},{"floor":45.0,"key":"Replay:Bottled Flurry"},{"floor":50,"key":"Pondfish Scales"}],"event_choices":[{"damage_healed":0.0,"max_hp_gain":0.0,"max_hp_loss":0.0,"gold_gain":0.0,"event_name":"Golden Idol","player_choice":"Take Damage","floor":5.0,"gold_loss":0.0,"damage_taken":20.0,"relics_obtained":["Golden Idol"]},{"damage_healed":0.0,"max_hp_gain":0.0,"max_hp_loss":0.0,"gold_gain":0.0,"event_name":"Colosseum","player_choice":"Fight","floor":32.0,"gold_loss":0.0,"damage_taken":0.0},{"damage_healed":0.0,"max_hp_gain":0.0,"max_hp_loss":0.0,"gold_gain":0.0,"event_name":"Colosseum","player_choice":"Fled From Nobs","floor":32.0,"gold_loss":0.0,"damage_taken":0.0},{"damage_healed":0.0,"max_hp_gain":0.0,"max_hp_loss":0.0,"gold_gain":0.0,"event_name":"Tomb of Lord Red Mask","player_choice":"Paid","floor":40.0,"gold_loss":130.0,"damage_taken":0.0,"relics_obtained":["Red Mask"]},{"damage_healed":0.0,"max_hp_gain":0.0,"max_hp_loss":0.0,"gold_gain":0.0,"event_name":"Mysterious Sphere","player_choice":"Ignored","floor":43.0,"gold_loss":0.0,"damage_taken":0.0},{"damage_healed":83.0,"max_hp_gain":0.0,"max_hp_loss":12.0,"gold_gain":0.0,"event_name":"The Moai Head","player_choice":"Heal","floor":49.0,"gold_loss":0.0,"damage_taken":0.0}],"is_beta":false,"boss_relics":[{"not_picked":["Busted Crown","infinitespire:Cupcake"],"picked":"Mark of Pain"},{"not_picked":["ReplayTheSpireMod:DimensionalGlitch","Replay:Drink Me"],"picked":"Velvet Choker"}],"items_purged_floors":[2,19,38,46],"is_endless":false,"potions_floor_spawned":[4,6,7,8,20,24,32,33,37,41,44,48],"ascension_level":1}}