{"host":"k67zwea37tbl4jhz","time":1610335517,"event":{"mods":["AchievementEnabler","Aspiration","BaseMod","Better Altar","Better Match","Better Sensory Stone","Better Skull","Better Third Choice","BetterRewards","CCEM","Clawfect","Colored Map","Conspire","Downfall","GifTheSpireLib","Googly Eyes","Halation","Highlight Path","Hubris","Mimic Mod","Minty Spire (QoL Compilation)","Permanent Neow","Replay The Spire","Shop Mod","Spicy Shops","StSLib","Stuff the Spire","Unceasing Turn Reminder","everything is the same but u backflip on backflip"],"gold_per_floor":[99,110,130,165,265,265,265,415,265,57,57,75,86,101,112,112,112],"floor_reached":16,"playtime":1341,"items_purged":[],"score":117,"play_id":"9ffefd63-960c-4ef6-861b-cd20132a6174","local_time":"20210110222517","is_ascension_mode":false,"campfire_choices":[{"floor":1,"key":"RECALL"},{"floor":9,"key":"REST"},{"data":"sneckomod:DiceBlock","floor":11,"key":"SMITH"}],"circlet_count":0,"master_deck":["sneckomod:Strike","sneckomod:Strike","sneckomod:Defend","sneckomod:Defend","sneckomod:TailWhip","sneckomod:SnekBite+1","sneckomod:Unknown","sneckomod:Unknown","sneckomod:UnknownClassRED","sneckomod:DiceCrush","sneckomod:UnknownUncommonPower","sneckomod:UnknownClassTHE_CHAMP_GRAY","sneckomod:UnknownClassBLUE","sneckomod:SerpentIdol","Slimebound:Icky","sneckomod:UnknownVulnerable","sneckomod:DiceBlock+1","sneckomod:UnknownUncommonPower","sneckomod:UnknownClassSLIMEBOUND","sneckomod:UnknownBlock","sneckomod:Unknown0Cost","sneckomod:SnekBeam"],"relics":["sneckomod:SneckoSoul","Replay:Wax Seal","hubris:Towel","downfall:HeartBlessingRed","downfall:HeartBlessingBlue","hubris:GlazedTorus"],"acts_visited":["Exordium"],"potions_floor_usage":[16,16],"damage_taken":[{"damage":4,"enemies":"conspire:RoseBush","floor":2,"turns":2},{"damage":5,"enemies":"2 Louse","floor":3,"turns":2},{"damage":1,"enemies":"conspire:MimicChest","floor":4,"turns":4},{"damage":43,"enemies":"downfall:Heads","floor":5,"turns":9},{"damage":0,"enemies":"downfall:FleeingMerchant","floor":10,"turns":4},{"damage":8,"enemies":"Small Slimes","floor":12,"turns":2},{"damage":14,"enemies":"Exordium Wildlife","floor":13,"turns":3},{"damage":16,"enemies":"Lots of Slimes","floor":14,"turns":4},{"damage":21,"enemies":"Exordium Thugs","floor":15,"turns":5},{"damage":49,"enemies":"downfall:Defect","floor":16,"turns":5}],"seed_played":"6931056194981461302","potions_obtained":[{"floor":4,"key":"Weak Potion"},{"floor":14,"key":"BlessingOfTheForge"}],"is_trial":false,"path_per_floor":["R_BF","M","M","?","?","?","T","?","R","$","R","M","M","M","M","B"],"character_chosen":"THE_SNECKO","items_purchased":["hubris:GlazedTorus","sneckomod:DiceBlock","sneckomod:UnknownUncommonPower"],"campfire_rested":1,"item_purchase_floors":[10,10,10],"current_hp_per_floor":[91,87,83,83,41,41,41,41,82,96,96,89,76,61,49,0,0],"gold":112,"neow_bonus":"THREE_CARDS","is_daily":false,"chose_seed":false,"campfire_upgraded":1,"win_rate":0.0,"timestamp":1610335517,"path_taken":["R_BF","M","M","?","?","?","T","?","R","$","R","M","M","?","M","BOSS"],"items_purchased_type":["Relic","Card","Card"],"build_version":"2020-12-22","purchased_purges":0,"victory":false,"max_hp_per_floor":[91,91,92,93,94,94,94,94,104,106,106,107,108,109,109,109,109],"card_choices":[{"not_picked":["sneckomod:SnekBeam","sneckomod:IronFang"],"picked":"sneckomod:UnknownClassRED","floor":0},{"not_picked":["sneckomod:RainOfDice","sneckomod:SoulDraw"],"picked":"sneckomod:DiceCrush","floor":2},{"not_picked":["sneckomod:QuickMove","sneckomod:RainOfDice"],"picked":"sneckomod:UnknownUncommonPower","floor":3},{"not_picked":["sneckomod:QuickMove","sneckomod:QuickBite"],"picked":"sneckomod:UnknownClassTHE_CHAMP_GRAY","floor":4},{"not_picked":["sneckomod:QuickBite","sneckomod:RainOfDice"],"picked":"sneckomod:SerpentIdol","floor":5},{"not_picked":["sneckomod:SnakeSap","sneckomod:ImprovisedGuard"],"picked":"sneckomod:UnknownVulnerable","floor":10},{"not_picked":["sneckomod:SoulDraw","sneckomod:DiceCrush"],"picked":"sneckomod:UnknownClassSLIMEBOUND","floor":12},{"not_picked":["sneckomod:SoulRoll","sneckomod:DiceBlock"],"picked":"sneckomod:UnknownBlock","floor":13},{"not_picked":["sneckomod:QuickBite","sneckomod:WideSting"],"picked":"sneckomod:Unknown0Cost","floor":14},{"not_picked":["sneckomod:Mudshield","sneckomod:RainOfDice"],"picked":"sneckomod:SnekBeam","floor":15}],"player_experience":190102,"relics_obtained":[{"floor":4,"key":"Replay:Wax Seal"}],"event_choices":[],"is_beta":false,"boss_relics":[],"items_purged_floors":[],"is_endless":false,"potions_floor_spawned":[4,14,15],"killed_by":"downfall:Defect","ascension_level":0}}