{"host":"2sr8q4b3ioepghas","time":1610339613,"event":{"mods":["BaseMod","Bestiary","Colored Map","Curses Come First","FTL Soundtrack","Minty Spire (QoL Compilation)","Permanent Neow","Quick Restart","Rare Cards Sparkle","StSLib","UnlockEverythingMod"],"gold_per_floor":[110,127,202,219,219,219,248,248,248,275,295,326,326,346,346,425,425,441,459,384,398,398,398,0,0,50,78,78,105,105,135,135,211,211,225,10,10,30,0,29,29,64,64,64,64,64],"floor_reached":45,"playtime":3513,"items_purged":["Strike_P","Strike_P"],"score":1190,"play_id":"6fa8d7b2-531f-4c8b-8de1-cf1b19c092d4","local_time":"20210111143333","is_ascension_mode":true,"campfire_choices":[{"floor":6.0,"key":"REST"},{"floor":8.0,"key":"REST"},{"floor":13.0,"key":"REST"},{"floor":15.0,"key":"REST"},{"floor":23,"key":"REST"},{"floor":25,"key":"REST"},{"floor":30,"key":"DIG"},{"floor":32,"key":"DIG"},{"floor":41,"key":"DIG"},{"floor":44,"key":"DIG"}],"circlet_count":0,"master_deck":["AscendersBane","Strike_P+1","Defend_P+1","Defend_P","Defend_P","Eruption","Vigilance+1","EmptyFist+1","FlyingSleeves","Consecrate","CutThroughFate+1","WindmillStrike+1","Vault+1","InnerPeace+1","LessonLearned","SashWhip+1","Worship+1","Prostrate","Vengeance","Halt","Devotion","Worship","SpiritShield+1","Wireheading","Flash of Steel","Apotheosis","Blind","WaveOfTheHand","Meditate","CrushJoints"],"relics":["Fusion Hammer","Happy Flower","Meat on the Bone","The Courier","Ancient Tea Set","Runic Pyramid","Enchiridion","Bag of Preparation","ClockworkSouvenir","Strawberry","Shuriken","Mercury Hourglass","Shovel","Bronze Scales","HornCleat","Art of War","VioletLotus","Medical Kit","Red Mask","Mummified Hand","Lantern","Ornamental Fan","Bottled Flame","Oddly Smooth Stone"],"acts_visited":["Exordium","TheCity","TheBeyond"],"potions_floor_usage":[18,27,29],"damage_taken":[{"damage":7.0,"enemies":"Small Slimes","floor":1.0,"turns":3.0},{"damage":0.0,"enemies":"Cultist","floor":2.0,"turns":2.0},{"damage":0.0,"enemies":"2 Louse","floor":4.0,"turns":1.0},{"damage":56.0,"enemies":"Gremlin Nob","floor":7.0,"turns":5.0},{"damage":12.0,"enemies":"Lagavulin","floor":10.0,"turns":5.0},{"damage":5.0,"enemies":"Exordium Wildlife","floor":11.0,"turns":3.0},{"damage":12.0,"enemies":"3 Sentries","floor":12.0,"turns":4.0},{"damage":0.0,"enemies":"Blue Slaver","floor":14.0,"turns":2.0},{"damage":22.0,"enemies":"The Guardian","floor":16.0,"turns":10.0},{"damage":13,"enemies":"3 Byrds","floor":18,"turns":6},{"damage":0,"enemies":"Chosen","floor":19,"turns":6},{"damage":16,"enemies":"Sentry and Sphere","floor":21,"turns":5},{"damage":0,"enemies":"Gremlin Leader","floor":27,"turns":4},{"damage":9,"enemies":"Slavers","floor":29,"turns":5},{"damage":18,"enemies":"Book of Stabbing","floor":31,"turns":4},{"damage":4,"enemies":"Champ","floor":33,"turns":6},{"damage":17,"enemies":"3 Darklings","floor":35,"turns":7},{"damage":4,"enemies":"Orb Walker","floor":38,"turns":3},{"damage":1,"enemies":"Giant Head","floor":40,"turns":6},{"damage":2,"enemies":"Reptomancer","floor":42,"turns":5},{"damage":7,"enemies":"Sphere and 2 Shapes","floor":45,"turns":2}],"seed_played":"-2400162639975748453","potions_obtained":[{"floor":1.0,"key":"Fire Potion"},{"floor":7.0,"key":"DistilledChaos"},{"floor":11.0,"key":"EntropicBrew"},{"floor":14.0,"key":"Weak Potion"},{"floor":21,"key":"BlessingOfTheForge"},{"floor":27,"key":"SpeedPotion"},{"floor":38,"key":"Explosive Potion"}],"is_trial":false,"path_per_floor":["M","M","?","M","?","R","E","R","T","E","M","E","R","M","R","B",null,"M","M","?","M","?","R","$","R","T","E","T","E","R","E","R","B",null,"M","$","?","M","?","E","R","E","T","R","M"],"character_chosen":"WATCHER","items_purchased":["Bag of Preparation","ClockworkSouvenir","Vengeance","Medical Kit"],"campfire_rested":6,"item_purchase_floors":[24,24,24,36],"current_hp_per_floor":[54,54,43,43,43,63,7,27,27,27,34,34,54,54,68,46,63,50,50,50,46,25,45,45,65,72,72,72,63,63,45,45,41,67,50,50,40,48,48,47,47,45,45,45,38,38],"gold":64,"neow_bonus":"BOSS_RELIC","is_daily":false,"chose_seed":false,"campfire_upgraded":0,"win_rate":0.0,"timestamp":1610339613,"path_taken":["M","M","?","M","?","R","E","R","T","E","M","E","R","?","R","BOSS","M","M","?","M","?","R","$","R","T","E","?","E","R","E","R","BOSS","M","$","?","M","?","E","R","E","T","R","M"],"items_purchased_type":["Relic","Relic","Card","Relic"],"build_version":"2020-12-22","purchased_purges":2,"victory":false,"max_hp_per_floor":[68,68,68,68,68,68,68,68,68,68,68,68,68,68,68,68,68,68,68,68,68,68,68,68,68,75,75,75,75,75,75,75,75,75,75,75,75,75,75,75,75,75,75,75,75,75],"card_choices":[{"not_picked":["WaveOfTheHand","FollowUp"],"picked":"EmptyFist","floor":1.0},{"not_picked":["Evaluate","CutThroughFate"],"picked":"FlyingSleeves","floor":2.0},{"not_picked":["Study","PathToVictory"],"picked":"Consecrate","floor":4.0},{"not_picked":["Fasting2","JustLucky"],"picked":"CutThroughFate","floor":7.0},{"not_picked":["CrushJoints","BattleHymn"],"picked":"WindmillStrike","floor":10.0},{"not_picked":["PathToVictory","Consecrate","ThirdEye"],"picked":"SKIP","floor":11.0},{"not_picked":["WindmillStrike","PathToVictory"],"picked":"Vault","floor":12.0},{"not_picked":["Weave","Wireheading"],"picked":"InnerPeace","floor":14.0},{"not_picked":["SpiritShield","Scrawl"],"picked":"LessonLearned","floor":16.0},{"not_picked":["Study","Consecrate"],"picked":"SashWhip","floor":18},{"not_picked":["Evaluate","FollowUp"],"picked":"Worship+1","floor":19},{"not_picked":["Protect+1","FollowUp"],"picked":"Prostrate","floor":21},{"not_picked":["FearNoEvil","Crescendo"],"picked":"Halt","floor":27},{"not_picked":["FlurryOfBlows","CrushJoints+1"],"picked":"Devotion","floor":29},{"not_picked":["EmptyBody","CarveReality+1"],"picked":"Worship","floor":31},{"not_picked":["Devotion","Brilliance"],"picked":"SpiritShield","floor":33},{"not_picked":["EmptyFist","Consecrate"],"picked":"Wireheading","floor":35},{"not_picked":["Finesse","Transmutation"],"picked":"Flash of Steel","floor":37},{"not_picked":["Trip","Blind"],"picked":"Apotheosis","floor":37},{"not_picked":["Discovery","Sadistic Nature"],"picked":"Blind","floor":37},{"not_picked":["Halt","Protect+1"],"picked":"WaveOfTheHand","floor":38},{"not_picked":["Indignation+1","ThirdEye"],"picked":"Meditate","floor":40},{"not_picked":["ClearTheMind","Halt+1"],"picked":"CrushJoints","floor":42}],"player_experience":44164,"relics_obtained":[{"floor":7.0,"key":"Happy Flower"},{"floor":9.0,"key":"Meat on the Bone"},{"floor":10.0,"key":"The Courier"},{"floor":12.0,"key":"Ancient Tea Set"},{"floor":22,"key":"Enchiridion"},{"floor":26,"key":"Strawberry"},{"floor":27,"key":"Shuriken"},{"floor":28,"key":"Mercury Hourglass"},{"floor":29,"key":"Shovel"},{"floor":30,"key":"Bronze Scales"},{"floor":31,"key":"HornCleat"},{"floor":32,"key":"Art of War"},{"floor":40,"key":"Mummified Hand"},{"floor":41,"key":"Lantern"},{"floor":42,"key":"Ornamental Fan"},{"floor":43,"key":"Bottled Flame"},{"floor":44,"key":"Oddly Smooth Stone"}],"event_choices":[{"damage_healed":0.0,"max_hp_gain":0.0,"max_hp_loss":0.0,"gold_gain":75.0,"event_name":"World of Goop","player_choice":"Gather Gold","floor":3.0,"gold_loss":0.0,"damage_taken":11.0},{"cards_removed":["Defend_P"],"damage_healed":0.0,"max_hp_gain":0.0,"max_hp_loss":0.0,"gold_gain":0.0,"event_name":"Purifier","player_choice":"Purged","floor":5.0,"gold_loss":0.0,"damage_taken":0.0},{"cards_removed":["Strike_P"],"damage_healed":0,"gold_gain":0,"player_choice":"Gave Gold","damage_taken":0,"max_hp_gain":0,"max_hp_loss":0,"event_name":"Beggar","floor":20,"gold_loss":75},{"damage_healed":0,"gold_gain":0,"player_choice":"Obtained Book","damage_taken":21,"max_hp_gain":0,"max_hp_loss":0,"event_name":"Cursed Tome","floor":22,"gold_loss":0},{"damage_healed":0,"gold_gain":0,"player_choice":"Memory 3","damage_taken":10,"max_hp_gain":0,"max_hp_loss":0,"event_name":"SensoryStone","floor":37,"gold_loss":0},{"damage_healed":0,"gold_gain":0,"player_choice":"Paid","damage_taken":0,"relics_obtained":["Red Mask"],"max_hp_gain":0,"max_hp_loss":0,"event_name":"Tomb of Lord Red Mask","floor":39,"gold_loss":30}],"is_beta":false,"boss_relics":[{"not_picked":["Pandora\u0027s Box","Empty Cage"],"picked":"Runic Pyramid"},{"not_picked":["SacredBark","Black Star"],"picked":"VioletLotus"}],"items_purged_floors":[24,36],"is_endless":false,"potions_floor_spawned":[1,7,11,14,16,21,27,38,42],"killed_by":"Sphere and 2 Shapes","ascension_level":20}}