{"host":"TheHustler","time":1610369405,"event":{"mods":["BaseMod","Block Reminder","Colored Map","Colored Powertips","Minty Spire (QoL Compilation)","Quick Restart","StSLib","SuperFastMode","Unceasing Turn Reminder"],"gold_per_floor":[114,129,204,219,18,18,48,48,98,128,143,173,173,123,123,223,223,238,253,253,253,253],"floor_reached":21,"playtime":433,"items_purged":[],"score":197,"play_id":"d926ad7c-a444-4fe0-9114-a398576100c6","local_time":"20210111135005","daily_mods":["Allstar","ControlledChaos","Lethality"],"is_ascension_mode":false,"campfire_choices":[{"data":"Mayhem","floor":6,"key":"SMITH"},{"floor":13,"key":"REST"},{"data":"Apotheosis","floor":15,"key":"SMITH"}],"circlet_count":0,"master_deck":["Strike_R","Strike_R","Strike_R","Strike_R","Defend_R","Defend_R","Defend_R","Defend_R","Bash","Mayhem+1","Panacea+1","Apotheosis+1","Good Instincts","Metamorphosis","Warcry","Metallicize","Shrug It Off","Metallicize","Feel No Pain+1","Barricade+1","Intimidate+1"],"relics":["Burning Blood","Frozen Eye","Lantern","Magic Flower","Potion Belt","Sundial","Frozen Egg 2","Fusion Hammer"],"acts_visited":["Exordium","TheCity"],"potions_floor_usage":[16],"damage_taken":[{"damage":3,"enemies":"Jaw Worm","floor":1,"turns":3},{"damage":13,"enemies":"2 Louse","floor":2,"turns":3},{"damage":13,"enemies":"Small Slimes","floor":4,"turns":3},{"damage":19,"enemies":"Gremlin Nob","floor":7,"turns":5},{"damage":28,"enemies":"Lagavulin","floor":10,"turns":6},{"damage":10,"enemies":"Red Slaver","floor":11,"turns":2},{"damage":22,"enemies":"Gremlin Nob","floor":12,"turns":4},{"damage":33,"enemies":"Hexaghost","floor":16,"turns":8},{"damage":4,"enemies":"Chosen","floor":18,"turns":6},{"damage":84,"enemies":"3 Byrds","floor":19,"turns":6},{"damage":15,"enemies":"Snake Plant","floor":21,"turns":3}],"seed_played":"2608465768335268498","potions_obtained":[{"floor":2,"key":"GamblersBrew"},{"floor":4,"key":"DuplicationPotion"},{"floor":7,"key":"Regen Potion"},{"floor":12,"key":"SteroidPotion"}],"is_trial":false,"path_per_floor":["M","M","?","M","$","R","E","?","T","E","M","E","R","?","R","B",null,"M","M","?","M"],"character_chosen":"IRONCLAD","items_purchased":["Lantern","Shrug It Off"],"campfire_rested":1,"item_purchase_floors":[5,5],"current_hp_per_floor":[80,73,62,55,55,55,42,47,47,28,27,14,39,39,39,39,85,85,10,10,0,0],"gold":253,"neow_bonus":"","is_daily":true,"chose_seed":false,"campfire_upgraded":2,"win_rate":0.0,"timestamp":1610369405,"path_taken":["M","M","?","M","$","R","E","?","T","E","M","E","R","?","R","BOSS","M","M","?","M"],"items_purchased_type":["Relic","Card"],"build_version":"2020-12-18","purchased_purges":0,"victory":false,"max_hp_per_floor":[80,80,80,80,80,80,80,85,85,85,85,85,85,85,85,85,85,85,85,85,85,85],"card_choices":[{"not_picked":["Anger","Sword Boomerang"],"picked":"Warcry","floor":1},{"not_picked":["Warcry","Headbutt"],"picked":"Metallicize","floor":2},{"not_picked":["Cleave","Intimidate","Flex"],"picked":"SKIP","floor":4},{"not_picked":["Evolve","Twin Strike"],"picked":"Metallicize","floor":7},{"not_picked":["Body Slam","Iron Wave","Power Through"],"picked":"SKIP","floor":10},{"not_picked":["True Grit","Shrug It Off","Warcry"],"picked":"SKIP","floor":11},{"not_picked":["Clash","Blood for Blood"],"picked":"Feel No Pain+1","floor":12},{"not_picked":["Feed","Offering"],"picked":"Barricade+1","floor":16},{"not_picked":["Thunderclap","Clash"],"picked":"Intimidate+1","floor":18},{"not_picked":["Body Slam","Flex","Twin Strike"],"picked":"SKIP","floor":19}],"player_experience":626865,"relics_obtained":[{"floor":7,"key":"Magic Flower"},{"floor":9,"key":"Potion Belt"},{"floor":10,"key":"Sundial"},{"floor":12,"key":"Frozen Egg 2"}],"event_choices":[{"damage_healed":0,"gold_gain":75,"player_choice":"Gather Gold","damage_taken":11,"max_hp_gain":0,"max_hp_loss":0,"event_name":"World of Goop","floor":3,"gold_loss":0},{"damage_healed":0,"gold_gain":0,"player_choice":"Donut","damage_taken":0,"max_hp_gain":5,"max_hp_loss":0,"event_name":"Big Fish","floor":8,"gold_loss":0},{"cards_removed":["Strike_R"],"damage_healed":0,"gold_gain":0,"player_choice":"Card Removal","damage_taken":0,"max_hp_gain":0,"max_hp_loss":0,"event_name":"The Cleric","floor":14,"gold_loss":50},{"damage_healed":0,"gold_gain":0,"player_choice":"Upgraded","damage_taken":0,"max_hp_gain":0,"max_hp_loss":0,"event_name":"Upgrade Shrine","floor":20,"gold_loss":0,"cards_upgraded":["Panacea"]}],"is_beta":true,"boss_relics":[{"not_picked":["Runic Dome","Calling Bell"],"picked":"Fusion Hammer"}],"items_purged_floors":[],"is_endless":false,"potions_floor_spawned":[2,4,7,12],"killed_by":"Snake Plant","ascension_level":0}}