{"host":"kh6fvhxn285ncg0o","time":1610342305,"event":{"mods":["Act Like it!","BaseMod","Colored Map","Friendly Minions","Keyboard Shortcuts","Minty Spire (QoL Compilation)","Quick Restart","Relic Stats","StSLib","SuperFastMode"],"gold_per_floor":[112,112,129,146,32,64,114,125,152,184,84,104,104,135,135,212,212,227,227,102,152,152,152,152],"floor_reached":23,"playtime":539,"items_purged":["Defend_P","Strike_P","Defend_P"],"score":464,"play_id":"a46e4b4c-b19e-4aa3-aa62-2805f642e15e","local_time":"20210111141825","is_ascension_mode":true,"campfire_choices":[{"data":"Eruption","floor":15,"key":"SMITH"}],"circlet_count":0,"master_deck":["AscendersBane","Strike_P","Strike_P","Defend_P","Defend_P","Eruption+1","Vigilance","FearNoEvil","SandsOfTime","Adaptation","Adaptation","DeusExMachina"],"relics":["PureWater","Juzu Bracelet","Art of War","MealTicket","Toy Ornithopter","Runic Pyramid"],"acts_visited":["TheCity"],"potions_floor_usage":[4,6,10,14,23,23],"damage_taken":[{"damage":0,"enemies":"2 Louse","floor":1,"turns":3},{"damage":0,"enemies":"Cultist","floor":3,"turns":3},{"damage":0,"enemies":"Small Slimes","floor":4,"turns":3},{"damage":0,"enemies":"Lagavulin","floor":6,"turns":3},{"damage":9,"enemies":"3 Louse","floor":8,"turns":3},{"damage":18,"enemies":"3 Sentries","floor":10,"turns":10},{"damage":13,"enemies":"Blue Slaver","floor":12,"turns":2},{"damage":8,"enemies":"Gremlin Nob","floor":14,"turns":3},{"damage":20,"enemies":"The Guardian","floor":16,"turns":10},{"damage":15,"enemies":"2 Thieves","floor":18,"turns":3},{"damage":57,"enemies":"Slavers","floor":23,"turns":4}],"seed_played":"-1478607063780463872","potions_obtained":[{"floor":1,"key":"BlessingOfTheForge"},{"floor":2,"key":"EssenceOfSteel"},{"floor":4,"key":"BlessingOfTheForge"},{"floor":8,"key":"DuplicationPotion"},{"floor":10,"key":"Swift Potion"},{"floor":16,"key":"PowerPotion"}],"is_trial":false,"path_per_floor":["M","?","M","M","$","E","?","M","T","E","$","M","?","E","R","B",null,"M","?","$","?","?","E"],"character_chosen":"WATCHER","items_purchased":["SandsOfTime"],"campfire_rested":0,"item_purchase_floors":[5],"current_hp_per_floor":[67,67,67,67,67,67,67,58,58,40,55,42,35,27,27,7,57,42,21,36,36,36,0,0],"gold":152,"neow_bonus":"TEN_PERCENT_HP_BONUS","is_daily":false,"chose_seed":false,"campfire_upgraded":1,"win_rate":0.0,"timestamp":1610342305,"path_taken":["M","?","M","M","?","E","?","M","T","E","?","M","?","E","R","BOSS","M","?","$","?","?","E"],"items_purchased_type":["Card"],"build_version":"2020-12-22","purchased_purges":3,"victory":false,"max_hp_per_floor":[74,74,74,74,74,74,74,74,74,74,74,74,74,74,74,74,74,74,79,79,79,79,79,79],"relic_stats":{"counters":[11,47],"MealTicket":30,"Juzu Bracelet":1,"Art of War":[11],"obtain_stats":[{"MealTicket":10,"Juzu Bracelet":6,"Art of War":9,"PureWater":0,"Toy Ornithopter":14,"Runic Pyramid":17},{"MealTicket":6,"Juzu Bracelet":4,"Art of War":5,"PureWater":0,"Toy Ornithopter":8,"Runic Pyramid":9},{"MealTicket":25,"Juzu Bracelet":12,"Art of War":15,"PureWater":0,"Toy Ornithopter":30,"Runic Pyramid":40}],"Toy Ornithopter":10},"card_choices":[{"not_picked":["FlyingSleeves","ThirdEye"],"picked":"FearNoEvil","floor":4},{"not_picked":["Wallop","Crescendo"],"picked":"Adaptation","floor":6},{"not_picked":["CrushJoints","FollowUp"],"picked":"Adaptation","floor":8},{"not_picked":["PathToVictory","Wallop","Study"],"picked":"SKIP","floor":10},{"not_picked":["JustLucky","WindmillStrike","BowlingBash"],"picked":"SKIP","floor":12},{"not_picked":["Wallop","Prostrate","Consecrate"],"picked":"SKIP","floor":14},{"not_picked":["DevaForm","Omniscience"],"picked":"DeusExMachina","floor":16},{"not_picked":["EmptyFist","CrushJoints","ThirdEye"],"picked":"SKIP","floor":18}],"player_experience":3411553,"relics_obtained":[{"floor":6,"key":"Juzu Bracelet"},{"floor":9,"key":"Art of War"},{"floor":10,"key":"MealTicket"},{"floor":14,"key":"Toy Ornithopter"}],"event_choices":[{"damage_healed":0,"gold_gain":0,"player_choice":"Got Potions","damage_taken":0,"max_hp_gain":0,"max_hp_loss":0,"event_name":"Lab","floor":2,"gold_loss":0},{"damage_healed":0,"gold_gain":50,"player_choice":"Pray","damage_taken":0,"max_hp_gain":0,"max_hp_loss":0,"event_name":"Golden Shrine","floor":7,"gold_loss":0},{"cards_removed":["Strike_P"],"damage_healed":0,"gold_gain":0,"player_choice":"Card Removal","damage_taken":7,"max_hp_gain":0,"max_hp_loss":0,"event_name":"Golden Wing","floor":13,"gold_loss":0},{"damage_healed":0,"gold_gain":0,"player_choice":"Shed Blood","damage_taken":26,"max_hp_gain":5,"max_hp_loss":0,"event_name":"Forgotten Altar","floor":19,"gold_loss":0},{"damage_healed":0,"gold_gain":50,"player_choice":"Stole From Cult","damage_taken":0,"max_hp_gain":0,"max_hp_loss":0,"event_name":"Nest","floor":21,"gold_loss":0},{"damage_healed":0,"gold_gain":0,"player_choice":"Ignored","damage_taken":0,"max_hp_gain":0,"max_hp_loss":0,"event_name":"Cursed Tome","floor":22,"gold_loss":0}],"is_beta":false,"boss_relics":[{"not_picked":["Cursed Key","SlaversCollar"],"picked":"Runic Pyramid"}],"items_purged_floors":[5,11,20],"is_endless":false,"potions_floor_spawned":[1,4,8,10,16],"killed_by":"Slavers","ascension_level":20}}