{"host":"g01l53quoe6lrer0","time":1610387659,"event":{"mods":["2.2 Compatiblity","AchievementEnabler","BaseMod","Colored Map","Highlight Path","Keyboard Shortcuts","Minty Spire (QoL Compilation)","Permanent Neow","StSLib","SuperFastMode","everything is the same but u backflip on backflip"],"gold_per_floor":[359,359,19,30,30,30,105,135,205,219,219,246,261,261,261,356,356,369,369,369,369,369],"floor_reached":21,"playtime":460,"items_purged":[],"score":287,"play_id":"0aabaf1d-bf5d-4aa4-be82-f4ede8e69ca2","local_time":"20210112025419","is_ascension_mode":true,"campfire_choices":[{"floor":6.0,"key":"REST"},{"floor":11.0,"key":"REST"},{"floor":15,"key":"REST"}],"circlet_count":0,"master_deck":["AscendersBane","Strike_B","Strike_B","Strike_B","Strike_B","Defend_B","Defend_B","Defend_B","Defend_B","Zap","Dualcast","Blizzard+1","Loop","Hologram+1","Apotheosis","Rebound","Auto Shields","Loop","Static Discharge","Consume","Echo Form","Recycle","Writhe"],"relics":["Cracked Core","Anchor","StrikeDummy","Bottled Tornado","Inserter","PreservedInsect"],"acts_visited":["Exordium","TheCity"],"potions_floor_usage":[16,18],"damage_taken":[{"damage":0.0,"enemies":"Cultist","floor":1.0,"turns":4.0},{"damage":12.0,"enemies":"Jaw Worm","floor":4.0,"turns":4.0},{"damage":11.0,"enemies":"Lagavulin","floor":8.0,"turns":6.0},{"damage":0.0,"enemies":"Small Slimes","floor":10.0,"turns":3.0},{"damage":25.0,"enemies":"3 Sentries","floor":12.0,"turns":7.0},{"damage":3,"enemies":"Blue Slaver","floor":13,"turns":4},{"damage":24,"enemies":"Hexaghost","floor":16,"turns":8},{"damage":24,"enemies":"2 Thieves","floor":18,"turns":4},{"damage":16,"enemies":"Spheric Guardian","floor":21,"turns":4}],"seed_played":"6623576385400774299","potions_obtained":[{"floor":12.0,"key":"Weak Potion"},{"floor":13,"key":"Fire Potion"},{"floor":14,"key":"FairyPotion"},{"floor":16,"key":"Energy Potion"},{"floor":18,"key":"Weak Potion"}],"is_trial":false,"path_per_floor":["M","?","$","M","?","R","?","E","T","M","R","E","M","?","R","B",null,"M","?","?","M"],"character_chosen":"DEFECT","items_purchased":["Loop","Hologram","Apotheosis","Rebound"],"campfire_rested":3,"item_purchase_floors":[3,3,3,3],"current_hp_per_floor":[68,61,61,49,34,56,45,34,34,34,56,31,28,28,50,26,63,39,39,25,9,9],"gold":369,"neow_bonus":"TWO_FIFTY_GOLD","is_daily":false,"chose_seed":false,"campfire_upgraded":0,"win_rate":0.0,"timestamp":1610387659,"path_taken":["M","?","$","M","?","R","?","E","T","M","R","E","?","?","R","BOSS","M","?","?","M"],"items_purchased_type":["Card","Card","Card","Card"],"build_version":"2020-12-22","purchased_purges":0,"victory":false,"max_hp_per_floor":[75,75,75,75,75,75,75,75,75,75,75,75,75,75,75,75,75,75,75,80,80,80],"card_choices":[{"not_picked":["Conserve Battery","Redo"],"picked":"Blizzard","floor":1.0},{"not_picked":["Beam Cell","Loop"],"picked":"Auto Shields","floor":4.0},{"not_picked":["Fusion","FTL"],"picked":"Loop","floor":8.0},{"not_picked":["Turbo","Redo"],"picked":"Static Discharge","floor":10.0},{"not_picked":["Rebound","Cold Snap"],"picked":"Consume","floor":12.0},{"not_picked":["Undo","Auto Shields","Tempest"],"picked":"SKIP","floor":13},{"not_picked":["Fission","All For One"],"picked":"Echo Form","floor":16},{"not_picked":["Force Field","Barrage"],"picked":"Recycle","floor":18}],"player_experience":154231,"relics_obtained":[{"floor":8.0,"key":"Anchor"},{"floor":9.0,"key":"StrikeDummy"},{"floor":12.0,"key":"Bottled Tornado"}],"event_choices":[{"cards_removed":["Writhe"],"damage_healed":0.0,"max_hp_gain":0.0,"max_hp_loss":0.0,"gold_gain":0.0,"event_name":"Golden Wing","player_choice":"Card Removal","floor":2.0,"gold_loss":0.0,"damage_taken":7.0},{"damage_healed":0.0,"max_hp_gain":0.0,"max_hp_loss":0.0,"gold_gain":0.0,"event_name":"Shining Light","player_choice":"Entered Light","floor":5.0,"gold_loss":0.0,"damage_taken":15.0,"cards_upgraded":["Blizzard","Hologram"]},{"damage_healed":0.0,"max_hp_gain":0.0,"max_hp_loss":0.0,"gold_gain":75.0,"event_name":"World of Goop","player_choice":"Gather Gold","floor":7.0,"gold_loss":0.0,"damage_taken":11.0},{"damage_healed":0,"gold_gain":0,"player_choice":"Got Potions","damage_taken":0,"max_hp_gain":0,"max_hp_loss":0,"event_name":"Lab","floor":14,"gold_loss":0},{"damage_healed":0,"gold_gain":0,"player_choice":"Opened","damage_taken":0,"relics_obtained":["PreservedInsect"],"max_hp_gain":0,"max_hp_loss":0,"event_name":"The Mausoleum","floor":19,"gold_loss":0,"cards_obtained":["Writhe"]},{"damage_healed":0,"gold_gain":0,"player_choice":"Shed Blood","damage_taken":19,"max_hp_gain":5,"max_hp_loss":0,"event_name":"Forgotten Altar","floor":20,"gold_loss":0}],"is_beta":false,"boss_relics":[{"not_picked":["Coffee Dripper","FrozenCore"],"picked":"Inserter"}],"items_purged_floors":[],"is_endless":false,"potions_floor_spawned":[12,13,16,18],"killed_by":"Spheric Guardian","ascension_level":11}}