{"host":"c5452fuijzdtmpqe","time":1610337363,"event":{"mods":["Aspiration","BaseMod","Better Third Choice","BetterRewards","Colored Map","Colored Powertips","Downfall","Evolution","Googly Eyes","Highlight Path","Minty Spire (QoL Compilation)","Shop Mod","StSLib","SuperFastMode"],"gold_per_floor":[114,93,105,119,119,119,137,170,170,200,200,200,211,224,224,321,321,331,331,90,102,114,114,143,93,93,113,113,113,40,40,40,140,140,150,150,150,163,176,176,201,201,201,201,119,147,198,208,208,208,208,208,64,92,92],"floor_reached":56,"playtime":1654,"items_purged":[],"score":1633,"play_id":"29fee34e-3a91-4fe1-8a73-7d25c89ca7af","local_time":"20210110225603","is_ascension_mode":false,"campfire_choices":[{"data":"Blade Dance","floor":6,"key":"SMITH"},{"floor":11,"key":"RECALL"},{"data":"Accuracy","floor":15,"key":"SMITH"},{"floor":23,"key":"REST"},{"data":"Cloak And Dagger","floor":29,"key":"SMITH"},{"floor":32,"key":"REST"},{"data":"Adrenaline","floor":40,"key":"SMITH"},{"data":"Slice","floor":44,"key":"SMITH"},{"floor":49,"key":"REST"},{"data":"Accuracy","floor":52,"key":"SMITH"}],"circlet_count":0,"master_deck":["Dagger Throw","Dagger Throw","Dagger Throw","Dagger Throw","Dagger Throw","Backflip","Backflip","Backflip","Backflip","Backflip","Survivor","Neutralize","Slice","Blade Dance+1","Flying Knee","Deflect","Accuracy+1","After Image+1","Slice+1","Cloak And Dagger+1","Adrenaline+1","Accuracy+1","Glass Knife+1","Swift Strike+1","Backstab+1","Neutralize+1","Accuracy+1","Infinite Blades"],"relics":["Ring of the Snake","EVO:Axolotl","PreservedInsect","aspiration:ChemicalBlood","Shuriken","Snake Skull","Juzu Bracelet","Bottled Tornado","Kunai","Molten Egg 2","MutagenicStrength","aspiration:RitualStick","Philosopher\u0027s Stone","Bronze Scales","aspiration:FetidBarrel","Prayer Wheel","Strange Spoon","aspiration:FrozenJewel"],"acts_visited":["Exordium","TheCity","TheBeyond","TheEnding"],"potions_floor_usage":[16,16,33,39,39,47,50,50,50,54,55,55],"damage_taken":[{"damage":0,"enemies":"Jaw Worm","floor":1,"turns":3},{"damage":0,"enemies":"Small Slimes","floor":3,"turns":2},{"damage":0,"enemies":"Cultist","floor":4,"turns":2},{"damage":5,"enemies":"Exordium Thugs","floor":7,"turns":4},{"damage":0,"enemies":"Gremlin Nob","floor":8,"turns":2},{"damage":4,"enemies":"Lagavulin","floor":10,"turns":3},{"damage":5,"enemies":"Gremlin Gang","floor":13,"turns":4},{"damage":8,"enemies":"Large Slime","floor":14,"turns":2},{"damage":0,"enemies":"Hexaghost","floor":16,"turns":4},{"damage":13,"enemies":"Shell Parasite","floor":18,"turns":3},{"damage":4,"enemies":"Chosen","floor":21,"turns":4},{"damage":7,"enemies":"Shelled Parasite and Fungi","floor":22,"turns":6},{"damage":17,"enemies":"Book of Stabbing","floor":24,"turns":3},{"damage":0,"enemies":"3 Cultists","floor":27,"turns":5},{"damage":8,"enemies":"Collector","floor":33,"turns":8},{"damage":1,"enemies":"Orb Walker","floor":35,"turns":2},{"damage":3,"enemies":"3 Shapes","floor":38,"turns":3},{"damage":2,"enemies":"Maw","floor":39,"turns":4},{"damage":0,"enemies":"Nemesis","floor":41,"turns":6},{"damage":0,"enemies":"Reptomancer","floor":46,"turns":2},{"damage":12,"enemies":"2 Orb Walkers","floor":47,"turns":3},{"damage":0,"enemies":"Sphere and 2 Shapes","floor":48,"turns":2},{"damage":55,"enemies":"Time Eater","floor":50,"turns":8},{"damage":5,"enemies":"Shield and Spear","floor":54,"turns":3},{"damage":53,"enemies":"The Heart","floor":55,"turns":6}],"seed_played":"8945973016367292258","potions_obtained":[{"floor":3,"key":"ColorlessPotion"},{"floor":4,"key":"Explosive Potion"},{"floor":10,"key":"Dexterity Potion"},{"floor":16,"key":"sneckomod:MuddlingPotion"},{"floor":18,"key":"Weak Potion"},{"floor":22,"key":"PowerPotion"},{"floor":24,"key":"Block Potion"},{"floor":33,"key":"FearPotion"},{"floor":41,"key":"SteroidPotion"},{"floor":48,"key":"LiquidBronze"},{"floor":55,"key":"CultistPotion"}],"is_trial":false,"path_per_floor":["M","?","M","M","$","R","M","E","T","E","R","?","M","M","R","B",null,"M","?","$","M","M","R","E","?","T","M","?","R","$","?","R","B",null,"M","?","?","M","M","R","E","?","T","R","$","E","?","M","R","B",null,"R","$","E","B",null],"character_chosen":"THE_SILENT","items_purchased":["PreservedInsect","Bottled Tornado","Accuracy","Accuracy","Strange Spoon"],"campfire_rested":3,"item_purchase_floors":[0,20,30,45,53],"current_hp_per_floor":[76,76,76,76,76,76,71,71,71,67,67,64,59,51,51,51,76,63,63,63,59,52,74,57,57,57,57,57,57,57,42,64,56,76,75,75,75,72,70,70,70,70,70,70,70,70,58,58,76,21,76,76,76,71,18],"gold":92,"neow_bonus":"","is_daily":false,"chose_seed":false,"campfire_upgraded":6,"win_rate":0.0,"timestamp":1610337363,"path_taken":["M","?","M","M","$","R","M","E","T","E","R","?","M","M","R","BOSS","M","?","?","M","M","R","E","?","T","M","?","R","$","?","R","BOSS","M","?","?","M","M","R","E","?","T","R","?","E","?","M","R","BOSS","R","$","E","BOSS"],"items_purchased_type":["Relic","Relic","Card","Card","Relic"],"build_version":"2020-12-22","purchased_purges":0,"victory":true,"max_hp_per_floor":[76,76,76,76,76,76,76,76,76,76,76,76,76,76,76,76,76,76,76,76,76,76,76,76,76,76,76,76,76,76,76,76,76,76,76,76,76,76,76,76,76,76,76,76,76,76,76,76,76,76,76,76,76,76,76],"card_choices":[{"not_picked":["Infinite Blades","Dagger Throw"],"picked":"Slice","floor":1},{"not_picked":["Sucker Punch","Deadly Poison"],"picked":"Blade Dance","floor":3},{"not_picked":["Finisher","Escape Plan","Backflip"],"picked":"SKIP","floor":4},{"not_picked":["Dodge and Roll","Reflex"],"picked":"Flying Knee","floor":7},{"not_picked":["Tools of the Trade","Blur"],"picked":"Deflect","floor":8},{"not_picked":["Quick Slash","Escape Plan","Choke"],"picked":"SKIP","floor":10},{"not_picked":["Deflect","Prepared"],"picked":"Accuracy","floor":13},{"not_picked":["Riddle With Holes","Flechettes","Dagger Spray"],"picked":"SKIP","floor":14},{"not_picked":["Burst","Tools of the Trade"],"picked":"After Image","floor":16},{"not_picked":["Flying Knee","Heel Hook"],"picked":"Slice","floor":18},{"not_picked":["Dagger Spray","Caltrops"],"picked":"Cloak And Dagger","floor":21},{"not_picked":["Outmaneuver","Setup+1","Dagger Spray"],"picked":"SKIP","floor":22},{"not_picked":["Dodge and Roll","Skewer+1"],"picked":"Adrenaline","floor":24},{"not_picked":["Prepared","Deflect","Catalyst"],"picked":"SKIP","floor":27},{"not_picked":["Storm of Steel","Bullet Time"],"picked":"Glass Knife+1","floor":33},{"not_picked":["Setup","Acrobatics+1","Poisoned Stab+1"],"picked":"SKIP","floor":35},{"not_picked":["Apotheosis","Finesse"],"picked":"Swift Strike+1","floor":36},{"not_picked":["Bane+1","PiercingWail"],"picked":"Backstab+1","floor":38},{"not_picked":["Underhanded Strike+1","Skewer+1","Sucker Punch+1"],"picked":"SKIP","floor":39},{"not_picked":["PiercingWail","Bouncing Flask+1","After Image"],"picked":"SKIP","floor":41},{"not_picked":["Poisoned Stab+1","Bane+1","Quick Slash+1"],"picked":"SKIP","floor":46},{"not_picked":["Crippling Poison","Expertise+1","Bouncing Flask"],"picked":"SKIP","floor":48},{"not_picked":["Sucker Punch+1","Backflip","Unload+1"],"picked":"SKIP","floor":48},{"not_picked":["Acrobatics+1","Quick Slash+1"],"picked":"Infinite Blades","floor":54}],"player_experience":515346,"relics_obtained":[{"floor":8,"key":"aspiration:ChemicalBlood"},{"floor":9,"key":"Shuriken"},{"floor":10,"key":"Snake Skull"},{"floor":24,"key":"Kunai"},{"floor":26,"key":"Molten Egg 2"},{"floor":41,"key":"Bronze Scales"},{"floor":46,"key":"aspiration:FetidBarrel"},{"floor":47,"key":"Prayer Wheel"},{"floor":54,"key":"aspiration:FrozenJewel"}],"event_choices":[{"damage_healed":0,"gold_gain":0,"player_choice":"Left","damage_taken":0,"max_hp_gain":0,"max_hp_loss":0,"event_name":"betterThird:BetterGoop","floor":2,"gold_loss":21},{"damage_healed":0,"gold_gain":0,"player_choice":"Relic ","damage_taken":3,"max_hp_gain":0,"max_hp_loss":0,"event_name":"betterThird:BetterScrap","floor":12,"gold_loss":0,"cards_obtained":["Power Through"]},{"damage_healed":0,"gold_gain":0,"player_choice":"Upgraded","damage_taken":0,"max_hp_gain":0,"max_hp_loss":0,"event_name":"Upgrade Shrine","floor":19,"gold_loss":0,"cards_upgraded":["After Image"]},{"damage_healed":0,"gold_gain":0,"player_choice":"Bet on Murderer","damage_taken":0,"max_hp_gain":0,"max_hp_loss":0,"event_name":"The Joust","floor":25,"gold_loss":50},{"damage_healed":0,"gold_gain":0,"player_choice":"Inject Mutagens","damage_taken":0,"relics_obtained":["MutagenicStrength"],"max_hp_gain":0,"max_hp_loss":0,"event_name":"Drug Dealer","floor":28,"gold_loss":0},{"damage_healed":0,"gold_gain":0,"player_choice":"Memory 1","damage_taken":0,"max_hp_gain":0,"max_hp_loss":0,"event_name":"SensoryStone","floor":36,"gold_loss":0},{"damage_healed":0,"gold_gain":0,"player_choice":"Forge","damage_taken":0,"max_hp_gain":0,"max_hp_loss":0,"event_name":"Accursed Blacksmith","floor":37,"gold_loss":0,"cards_upgraded":["Accuracy"]},{"damage_healed":0,"gold_gain":0,"player_choice":"Random: Orange","damage_taken":0,"max_hp_gain":0,"max_hp_loss":0,"event_name":"betterThird:BetterPortal","floor":42,"gold_loss":0},{"damage_healed":0,"gold_gain":0,"player_choice":"1 cards matched","damage_taken":0,"max_hp_gain":0,"max_hp_loss":0,"event_name":"Match and Keep!","floor":42,"gold_loss":0,"cards_obtained":["Neutralize"]},{"damage_healed":0,"gold_gain":0,"player_choice":"Fight","damage_taken":0,"max_hp_gain":0,"max_hp_loss":0,"event_name":"Mysterious Sphere","floor":47,"gold_loss":0}],"is_beta":false,"boss_relics":[{"not_picked":["aspiration:FutureDiary","Snecko Eye","Empty Cage"]},{"not_picked":["Cursed Key","Pandora\u0027s Box"],"picked":"Philosopher\u0027s Stone"}],"items_purged_floors":[],"is_endless":false,"potions_floor_spawned":[3,4,10,16,18,22,27,33,35,41,48],"ascension_level":0}}