{"host":"7l2t4psy44vpcd9q","time":1610372296,"event":{"mods":["AchievementEnabler","BaseMod","DeckTracker","Minty Spire (QoL Compilation)","SuperFastMode"],"gold_per_floor":[114,131,131,152,168,168,209,209,234,234,234,250,250,264,264,360,360,383,383,397,397,397],"floor_reached":21,"playtime":773,"items_purged":[],"score":362,"play_id":"6dc1dd8f-b682-4a22-8f30-53eb9a8ec9b0","local_time":"20210111223816","is_ascension_mode":true,"campfire_choices":[{"data":"PathToVictory","floor":6,"key":"SMITH"},{"floor":8,"key":"REST"},{"data":"PathToVictory","floor":10,"key":"SMITH"},{"floor":13,"key":"REST"},{"data":"CrushJoints","floor":15,"key":"SMITH"}],"circlet_count":0,"master_deck":["AscendersBane","Strike_P+1","Strike_P","Strike_P+1","Strike_P","Defend_P","Defend_P","Defend_P","Defend_P","Eruption","Vigilance","CrushJoints+1","PathToVictory+1","PathToVictory+1","Halt","SpiritShield","Halt","Evaluate"],"relics":["PureWater","Whetstone","Golden Idol","Tiny Chest","MealTicket","WarpedTongs","VioletLotus"],"acts_visited":["Exordium","TheCity"],"potions_floor_usage":[5,16,16,16,18],"damage_taken":[{"damage":0,"enemies":"2 Louse","floor":1,"turns":1},{"damage":7,"enemies":"Cultist","floor":2,"turns":3},{"damage":9,"enemies":"Small Slimes","floor":4,"turns":3},{"damage":6,"enemies":"Exordium Wildlife","floor":5,"turns":5},{"damage":27,"enemies":"Lagavulin","floor":7,"turns":5},{"damage":15,"enemies":"Blue Slaver","floor":12,"turns":3},{"damage":0,"enemies":"3 Louse","floor":14,"turns":2},{"damage":46,"enemies":"The Guardian","floor":16,"turns":8},{"damage":22,"enemies":"3 Byrds","floor":18,"turns":7},{"damage":18,"enemies":"Spheric Guardian","floor":20,"turns":6},{"damage":24,"enemies":"Shelled Parasite and Fungi","floor":21,"turns":3}],"seed_played":"-3194794840826181425","potions_obtained":[{"floor":1,"key":"Block Potion"},{"floor":5,"key":"StancePotion"},{"floor":12,"key":"EntropicBrew"},{"floor":16,"key":"Energy Potion"}],"is_trial":false,"path_per_floor":["M","M","?","M","M","R","E","R","T","R","?","M","R","M","R","B",null,"M","?","M","M"],"character_chosen":"WATCHER","items_purchased":[],"campfire_rested":2,"item_purchase_floors":[],"current_hp_per_floor":[61,54,54,45,39,39,12,30,30,30,30,15,33,33,33,7,48,26,26,8,0,0],"gold":397,"neow_bonus":"RANDOM_COMMON_RELIC","is_daily":false,"chose_seed":false,"campfire_upgraded":3,"win_rate":0.0,"timestamp":1610372296,"path_taken":["M","M","?","M","M","R","E","R","T","R","?","M","R","M","R","BOSS","M","?","?","M"],"items_purchased_type":[],"build_version":"2020-12-22","purchased_purges":0,"victory":false,"max_hp_per_floor":[68,68,62,62,62,62,62,62,62,62,62,62,62,62,62,62,62,62,62,62,62,62],"card_choices":[{"not_picked":["Crescendo","ClearTheMind"],"picked":"CrushJoints","floor":1},{"not_picked":["EmptyBody","Devotion"],"picked":"PathToVictory","floor":2},{"not_picked":["Crescendo","BowlingBash"],"picked":"PathToVictory","floor":4},{"not_picked":["Worship","CrushJoints","Tantrum"],"picked":"SKIP","floor":5},{"not_picked":["BattleHymn","Consecrate","CrushJoints"],"picked":"SKIP","floor":7},{"not_picked":["Swivel","FlurryOfBlows"],"picked":"Halt","floor":12},{"not_picked":["Conclude","FlurryOfBlows","Halt"],"picked":"SKIP","floor":14},{"not_picked":["ConjureBlade","Blasphemy"],"picked":"SpiritShield","floor":16},{"not_picked":["FlyingSleeves+1","EmptyBody"],"picked":"Halt","floor":18},{"not_picked":["MasterReality","BattleHymn"],"picked":"Evaluate","floor":20}],"player_experience":1191151,"relics_obtained":[{"floor":7,"key":"Tiny Chest"},{"floor":9,"key":"MealTicket"}],"event_choices":[{"damage_healed":0,"gold_gain":0,"player_choice":"Lose Max HP","damage_taken":0,"relics_obtained":["Golden Idol"],"max_hp_gain":0,"max_hp_loss":6,"event_name":"Golden Idol","floor":3,"gold_loss":0},{"damage_healed":0,"gold_gain":0,"player_choice":"Rummage","damage_taken":0,"relics_obtained":["WarpedTongs"],"max_hp_gain":0,"max_hp_loss":0,"event_name":"Accursed Blacksmith","floor":11,"gold_loss":0,"cards_obtained":["Pain"]},{"cards_removed":["Pain"],"damage_healed":0,"gold_gain":0,"player_choice":"Removed Curses","damage_taken":0,"max_hp_gain":0,"max_hp_loss":0,"event_name":"Fountain of Cleansing","floor":19,"gold_loss":0}],"is_beta":false,"boss_relics":[{"not_picked":["Coffee Dripper","Velvet Choker"],"picked":"VioletLotus"}],"items_purged_floors":[],"is_endless":false,"potions_floor_spawned":[1,5,12,14,16],"killed_by":"Shelled Parasite and Fungi","ascension_level":20}}