{"host":"khm4we1ijduz33xh","time":1610408288,"event":{"mods":["AchievementEnabler","BaseMod","Colored Map","Minty Spire (QoL Compilation)","Rare Cards Sparkle","StSLib","SuperFastMode"],"gold_per_floor":[113,132,145,156,156,156,184,196,247,276,6,6,6,20,20,121,121,141,157,11,26,26,26,52,52,52,52,64,64,84,94,94,94,94],"floor_reached":33,"playtime":1734,"items_purged":["Strike_R"],"score":307,"play_id":"eadf87f3-9cee-4f6f-9bb6-cc5cad4e96d5","local_time":"20210112083808","is_ascension_mode":true,"campfire_choices":[{"data":"Enlightenment","floor":6,"key":"SMITH"},{"floor":13,"key":"REST"},{"data":"Blood for Blood","floor":15,"key":"SMITH"},{"data":"Fiend Fire","floor":23,"key":"SMITH"},{"floor":27,"key":"REST"},{"data":"True Grit","floor":29,"key":"SMITH"},{"data":"Limit Break","floor":32,"key":"SMITH"}],"circlet_count":0,"master_deck":["Strike_R","Strike_R","Defend_R","Defend_R","Defend_R","Bash","Enlightenment+1","Clothesline","Feel No Pain","Shrug It Off","Blood for Blood+1","Flame Barrier","Power Through","Second Wind","Brutality","Rage","Limit Break+1","Heavy Blade+1","Sword Boomerang","Fiend Fire+1","Fire Breathing","Reckless Charge","Intimidate","True Grit+1","Flex","Dropkick"],"relics":["Burning Blood","Bag of Preparation","Nunchaku","Self Forming Clay","Smiling Mask","Mark of Pain","Matryoshka","Regal Pillow","HornCleat"],"acts_visited":["Exordium","TheCity"],"potions_floor_usage":[7,16,18,21,24,24,33],"damage_taken":[{"damage":7,"enemies":"Jaw Worm","floor":1,"turns":3},{"damage":7,"enemies":"Small Slimes","floor":2,"turns":3},{"damage":6,"enemies":"2 Louse","floor":3,"turns":3},{"damage":12,"enemies":"Looter","floor":4,"turns":3},{"damage":28,"enemies":"Gremlin Nob","floor":7,"turns":4},{"damage":24,"enemies":"Gremlin Gang","floor":8,"turns":5},{"damage":20,"enemies":"3 Sentries","floor":10,"turns":11},{"damage":2,"enemies":"Large Slime","floor":14,"turns":3},{"damage":13,"enemies":"Slime Boss","floor":16,"turns":10},{"damage":18,"enemies":"Spheric Guardian","floor":18,"turns":5},{"damage":20,"enemies":"Shell Parasite","floor":19,"turns":7},{"damage":25,"enemies":"Shelled Parasite and Fungi","floor":21,"turns":7},{"damage":16,"enemies":"Slavers","floor":24,"turns":8},{"damage":5,"enemies":"Snake Plant","floor":28,"turns":6},{"damage":5,"enemies":"Snecko","floor":30,"turns":6},{"damage":15,"enemies":"Shelled Parasite and Fungi","floor":31,"turns":6},{"damage":70,"enemies":"Collector","floor":33,"turns":10}],"seed_played":"-6912867473939817985","potions_obtained":[{"floor":2,"key":"PowerPotion"},{"floor":3,"key":"SteroidPotion"},{"floor":14,"key":"AttackPotion"},{"floor":16,"key":"Explosive Potion"},{"floor":18,"key":"Block Potion"},{"floor":21,"key":"HeartOfIron"},{"floor":30,"key":"SteroidPotion"},{"floor":31,"key":"Energy Potion"}],"is_trial":false,"path_per_floor":["M","M","M","M","?","R","E","M","T","E","$","?","R","M","R","B",null,"M","M","$","M","?","R","E","?","T","R","M","R","M","M","R","B"],"character_chosen":"IRONCLAD","items_purchased":["Second Wind","Brutality","Fiend Fire"],"campfire_rested":2,"item_purchase_floors":[11,11,20],"current_hp_per_floor":[79,78,78,72,72,72,50,32,32,18,18,11,35,39,39,32,80,68,54,54,35,35,35,25,25,25,64,65,65,66,57,57,0,0],"gold":94,"neow_bonus":"RANDOM_COLORLESS","is_daily":false,"chose_seed":false,"campfire_upgraded":5,"win_rate":0.0,"timestamp":1610408288,"path_taken":["M","M","M","M","?","R","E","M","T","E","$","?","R","M","R","BOSS","M","M","$","M","?","R","E","?","T","R","M","R","M","M","R","BOSS"],"items_purchased_type":["Card","Card","Card"],"build_version":"2020-12-22","purchased_purges":1,"victory":false,"max_hp_per_floor":[80,80,80,80,80,80,80,80,80,80,80,80,80,80,80,80,80,80,80,80,80,80,80,80,80,80,80,80,80,80,80,80,80,80],"card_choices":[{"not_picked":["Forethought","Dark Shackles"],"picked":"Enlightenment","floor":0},{"not_picked":["Entrench","Havoc"],"picked":"Clothesline","floor":1},{"not_picked":["Heavy Blade","Thunderclap","Warcry"],"picked":"SKIP","floor":2},{"not_picked":["Shockwave","Pommel Strike"],"picked":"Feel No Pain","floor":3},{"not_picked":["Wild Strike","Clash"],"picked":"Shrug It Off","floor":4},{"not_picked":["Seeing Red","Warcry"],"picked":"Blood for Blood","floor":7},{"not_picked":["Rage","Bloodletting"],"picked":"Flame Barrier","floor":8},{"not_picked":["Flex","Whirlwind"],"picked":"Power Through","floor":10},{"not_picked":["Anger","Perfected Strike"],"picked":"Rage","floor":14},{"not_picked":["Immolate","Double Tap"],"picked":"Limit Break","floor":16},{"not_picked":["Carnage+1","Thunderclap"],"picked":"Heavy Blade+1","floor":18},{"not_picked":["Clash","Bludgeon"],"picked":"Sword Boomerang","floor":19},{"not_picked":["Clash","Body Slam"],"picked":"Fire Breathing","floor":21},{"not_picked":["Body Slam+1","Spot Weakness"],"picked":"True Grit","floor":24},{"not_picked":["Pummel","True Grit"],"picked":"Flex","floor":28},{"not_picked":["Fire Breathing","Cleave"],"picked":"Dropkick","floor":30},{"not_picked":["Cleave","Thunderclap","Iron Wave"],"picked":"SKIP","floor":31}],"player_experience":201579,"relics_obtained":[{"floor":7,"key":"Bag of Preparation"},{"floor":9,"key":"Nunchaku"},{"floor":10,"key":"Self Forming Clay"},{"floor":24,"key":"Matryoshka"},{"floor":26,"key":"Regal Pillow"},{"floor":26,"key":"HornCleat"}],"event_choices":[{"damage_healed":0,"gold_gain":0,"player_choice":"Ignored","damage_taken":0,"max_hp_gain":0,"max_hp_loss":0,"event_name":"Liars Game","floor":5,"gold_loss":0},{"damage_healed":0,"gold_gain":0,"player_choice":"Success","damage_taken":7,"relics_obtained":["Smiling Mask"],"max_hp_gain":0,"max_hp_loss":0,"event_name":"Scrap Ooze","floor":12,"gold_loss":0},{"damage_healed":0,"gold_gain":0,"cards_transformed":["Strike_R","Strike_R"],"player_choice":"Became Test Subject","damage_taken":0,"max_hp_gain":0,"max_hp_loss":0,"event_name":"Drug Dealer","floor":22,"gold_loss":0,"cards_obtained":["Reckless Charge","Intimidate"]},{"cards_removed":["Defend_R"],"damage_healed":0,"gold_gain":0,"player_choice":"Elegance","damage_taken":0,"max_hp_gain":0,"max_hp_loss":0,"event_name":"Back to Basics","floor":25,"gold_loss":0}],"is_beta":false,"boss_relics":[{"not_picked":["SacredBark","Pandora\u0027s Box"],"picked":"Mark of Pain"}],"items_purged_floors":[11],"is_endless":false,"potions_floor_spawned":[2,3,14,16,18,21,30,31],"killed_by":"Collector","ascension_level":2}}