{"host":"0ndhasp09f4rkdar","time":1610351194,"event":{"mods":["BaseMod","Dio Mod","Hermit","Hero for Fun","Minty Spire (QoL Compilation)","Replay The Spire","StSLib","SuperFastMode","The Bladedancer"],"gold_per_floor":[359,374,388,388,402,430,430],"floor_reached":6,"playtime":324,"items_purged":[],"score":48,"play_id":"08e1764e-cadb-4575-8a68-7643c0c0904e","local_time":"20210111154634","is_ascension_mode":false,"campfire_choices":[],"circlet_count":0,"master_deck":["hermit:Strike_Hermit","hermit:Strike_Hermit","hermit:Strike_Hermit","hermit:Strike_Hermit","hermit:Defend_Hermit","hermit:Defend_Hermit","hermit:Defend_Hermit","hermit:Defend_Hermit","hermit:Snapshot","hermit:Covet","dioMod:Strike","dioMod:Defend","hermit:CursedWeapon","hermit:Quickdraw","hermit:Desperado"],"relics":["hermit:Momento","Gambling Chip"],"acts_visited":["Exordium"],"potions_floor_usage":[],"damage_taken":[{"damage":1,"enemies":"Jaw Worm","floor":1,"turns":3},{"damage":0,"enemies":"Small Slimes","floor":2,"turns":3},{"damage":7,"enemies":"Cultist","floor":3,"turns":4},{"damage":6,"enemies":"Exordium Thugs","floor":5,"turns":5},{"damage":57,"enemies":"3 Sentries","floor":6,"turns":11}],"seed_played":"-8546645546197704625","potions_obtained":[{"floor":3,"key":"SpeedPotion"},{"floor":6,"key":"Ancient Potion"}],"is_trial":false,"path_per_floor":["M","M","M","?","M","E"],"character_chosen":"HERMIT","items_purchased":[],"campfire_rested":0,"item_purchase_floors":[],"current_hp_per_floor":[74,74,67,72,66,9,9],"gold":430,"neow_bonus":"TWO_FIFTY_GOLD","is_daily":false,"chose_seed":false,"campfire_upgraded":0,"win_rate":0.0,"timestamp":1610351194,"path_taken":["M","M","M","?","M","E"],"items_purchased_type":[],"build_version":"2020-12-22","purchased_purges":0,"victory":false,"max_hp_per_floor":[75,75,75,80,80,80,80],"card_choices":[{"not_picked":["hermit:Desperado","hermit:Scavenge","hermit:Manifest"],"picked":"SKIP","floor":1},{"not_picked":["hermit:TakeCover","hermit:Coalescence"],"picked":"hermit:CursedWeapon","floor":2},{"not_picked":["hermit:Scavenge","hermit:Misfire"],"picked":"hermit:Quickdraw","floor":3},{"not_picked":["hermit:HighCaliber","hermit:Malice"],"picked":"hermit:Desperado","floor":5}],"player_experience":215829,"relics_obtained":[{"floor":6,"key":"Gambling Chip"}],"event_choices":[{"damage_healed":0,"gold_gain":0,"player_choice":"Donut","damage_taken":0,"max_hp_gain":5,"max_hp_loss":0,"event_name":"Big Fish","floor":4,"gold_loss":0}],"is_beta":false,"boss_relics":[],"items_purged_floors":[],"is_endless":false,"potions_floor_spawned":[3,6],"killed_by":"3 Sentries","ascension_level":0}}