{"host":"aaqofma31c3gm2hj","time":1610349356,"event":{"mods":["BaseMod","Minty Spire (QoL Compilation)","Replay The Spire","Spicy Shops","StSLib"],"gold_per_floor":[119,119,119,119,119,154,154,48,74,87,87,87,106,130,130,226,226,250,85,85,103,103,103,128,128,200,200,221,221,245,263,263,356,356,356,356],"floor_reached":35,"playtime":982,"items_purged":["Strike_B","Defend_B"],"score":860,"play_id":"0254842d-1b04-4a25-8bfb-fa2b827f3f75","local_time":"20210111151556","is_ascension_mode":true,"campfire_choices":[{"data":"Dualcast","floor":7.0,"key":"SMITH"},{"data":"Loop","floor":11.0,"key":"SMITH"},{"data":"BasicCrystalCard","floor":15.0,"key":"SMITH"},{"data":"Biased Cognition","floor":23,"key":"SMITH"},{"data":"Skim","floor":27,"key":"SMITH"},{"data":"Discovery","floor":29,"key":"SMITH"},{"floor":32,"key":"REST"}],"circlet_count":0,"master_deck":["AscendersBane","Defend_B","Defend_B","Defend_B","Zap","Dualcast+1","Ball Lightning","Loop+1","Cold Snap","BasicCrystalCard+1","White Noise","Biased Cognition+1","Skim+1","Discovery+1","Discovery","Coolheaded+1","Hologram","Electrodynamics"],"relics":["Cracked Core","NeowsBlessing","Golden Idol","Divine Protection","Ring of Shattering","Blue Doll","Omamori","Quantum Egg","Replay:Grab Bag","Runic Dome","SlaversCollar","Empty Cage","Sundial","Prayer Wheel","Black Star"],"acts_visited":["Exordium","TheCity","TheBeyond"],"potions_floor_usage":[31,33],"damage_taken":[{"damage":0.0,"enemies":"Cultist","floor":1.0,"turns":1.0},{"damage":0.0,"enemies":"Lagavulin","floor":6.0,"turns":1.0},{"damage":0.0,"enemies":"2 Louse","floor":10.0,"turns":1.0},{"damage":0.0,"enemies":"Small Slimes","floor":13.0,"turns":2.0},{"damage":0.0,"enemies":"Looter","floor":14.0,"turns":1.0},{"damage":0.0,"enemies":"Fading Forest","floor":16.0,"turns":13.0},{"damage":2.0,"enemies":"2 Thieves","floor":18.0,"turns":4.0},{"damage":0,"enemies":"Spheric Guardian","floor":21,"turns":1},{"damage":7,"enemies":"Centurion and Healer","floor":24,"turns":7},{"damage":28,"enemies":"Snecko","floor":28,"turns":7},{"damage":0,"enemies":"Snake Plant","floor":30,"turns":1},{"damage":0,"enemies":"3 Cultists","floor":31,"turns":4},{"damage":22,"enemies":"Collector","floor":33,"turns":6},{"damage":39,"enemies":"3 Darklings","floor":35,"turns":3}],"seed_played":"3363135632887082193","potions_obtained":[{"floor":1.0,"key":"Explosive Potion"},{"floor":16.0,"key":"SkillPotion"},{"floor":21,"key":"AttackPotion"},{"floor":25,"key":"LiquidMemories"},{"floor":33,"key":"FearPotion"}],"is_trial":false,"path_per_floor":["M","?","?","?","?","E","R","$","T","M","R","T","M","M","R","B",null,"M","$","?","M","$","R","M","?","T","R","M","R","M","M","R","B",null,"M"],"character_chosen":"DEFECT","items_purchased":["Loop","Discovery"],"campfire_rested":1,"item_purchase_floors":[8,19],"current_hp_per_floor":[64,40,35,35,28,28,28,28,28,28,28,28,28,28,28,36,62,60,60,60,60,60,60,53,53,53,53,25,25,25,25,46,24,59,20,20],"gold":356,"neow_bonus":"THREE_ENEMY_KILL","is_daily":false,"chose_seed":false,"campfire_upgraded":6,"win_rate":0.0,"timestamp":1610349356,"path_taken":["M","?","?","?","?","E","R","$","T","M","R","?","M","?","R","BOSS","M","?","?","M","$","R","M","?","T","R","M","R","?","M","R","BOSS","M"],"items_purchased_type":["Card","Card"],"build_version":"2020-12-22","purchased_purges":2,"victory":false,"max_hp_per_floor":[71,71,71,71,71,71,71,71,71,71,71,71,71,71,71,71,71,71,71,71,71,71,71,71,71,71,71,71,71,71,71,71,71,71,71,71],"card_choices":[{"not_picked":["Lockon","Auto Shields","Redo"],"picked":"SKIP","floor":1.0},{"not_picked":["Rip and Tear","ReplayTheSpireMod:Omega Cannon"],"picked":"Ball Lightning","floor":6.0},{"not_picked":["Streamline","Force Field"],"picked":"Cold Snap","floor":10.0},{"not_picked":["Ball Lightning","Hologram"],"picked":"BasicCrystalCard","floor":13.0},{"not_picked":["Undo","Streamline"],"picked":"White Noise","floor":14.0},{"not_picked":["Mirror Shield","Thunder Strike"],"picked":"Biased Cognition","floor":16.0},{"not_picked":["ReplaySolidLightProjector","BasicCrystalCard"],"picked":"Skim","floor":18.0},{"not_picked":["Leap","Rip and Tear","Barrage"],"picked":"SKIP","floor":21},{"not_picked":["Melter","Compile Driver","Cold Snap"],"picked":"SKIP","floor":24},{"not_picked":["ReplayGash","Redo","Gash"],"picked":"SKIP","floor":28},{"not_picked":["Self Repair","Sunder","Loop"],"picked":"SKIP","floor":30},{"not_picked":["FIFO Queue","Hyperbeam"],"picked":"Coolheaded+1","floor":31},{"not_picked":["Hologram","BootSequence","Sweeping Beam"],"picked":"SKIP","floor":31},{"not_picked":["BootSequence","Sweeping Beam"],"picked":"Hologram","floor":31},{"not_picked":["Meteor Strike","ReplayTheSpireMod:Omega Cannon"],"picked":"Electrodynamics","floor":33}],"player_experience":579100,"relics_obtained":[{"floor":4.0,"key":"Ring of Shattering"},{"floor":6.0,"key":"Blue Doll"},{"floor":9.0,"key":"Omamori"},{"floor":12.0,"key":"Quantum Egg"},{"floor":26,"key":"Sundial"}],"event_choices":[{"damage_healed":0.0,"max_hp_gain":0.0,"max_hp_loss":0.0,"gold_gain":0.0,"event_name":"Golden Idol","player_choice":"Take Damage","floor":2.0,"gold_loss":0.0,"damage_taken":24.0,"relics_obtained":["Golden Idol"]},{"damage_healed":0.0,"max_hp_gain":0.0,"max_hp_loss":0.0,"gold_gain":0.0,"event_name":"Scrap Ooze","player_choice":"Success","floor":3.0,"gold_loss":0.0,"damage_taken":5.0,"relics_obtained":["Divine Protection"]},{"cards_removed":["Strike_B"],"damage_healed":0.0,"max_hp_gain":0.0,"max_hp_loss":0.0,"gold_gain":0.0,"event_name":"Golden Wing","player_choice":"Card Removal","floor":5.0,"gold_loss":0.0,"damage_taken":7.0},{"damage_healed":0,"gold_gain":0,"player_choice":"Ignored","damage_taken":0,"max_hp_gain":0,"max_hp_loss":0,"event_name":"Ghosts","floor":20,"gold_loss":0},{"damage_healed":0,"gold_gain":0,"player_choice":"Got Potions","damage_taken":0,"max_hp_gain":0,"max_hp_loss":0,"event_name":"Lab","floor":25,"gold_loss":0}],"is_beta":false,"boss_relics":[{"not_picked":["Busted Crown","Abe\u0027s Treasure"],"picked":"Replay:Grab Bag"},{"not_picked":["Velvet Choker","Cursed Key"],"picked":"Runic Dome"},{"not_picked":["Coffee Dripper","ChewingGum"],"picked":"SlaversCollar"},{"not_picked":["Snecko Eye","Snecko Heart"],"picked":"Empty Cage"},{"not_picked":["Painkiller Herb","FrozenCore"],"picked":"Black Star"}],"items_purged_floors":[8,19],"is_endless":false,"potions_floor_spawned":[1,16,21,30,33],"killed_by":"3 Darklings","ascension_level":20}}