{"host":"091y6d77ht7dl3wb","time":1610351404,"event":{"mods":["AchievementEnabler","BaseMod","Colored Map","Hermit","Minty Spire (QoL Compilation)","Rare Cards Sparkle","StSLib"],"gold_per_floor":[117,128,128,49,64,64,45,45,45,45,60,60,99,120,120,120,120],"floor_reached":16,"playtime":620,"items_purged":[],"score":102,"play_id":"a1e93b0a-f53a-4219-b94e-c83291ffb729","local_time":"20210111165004","is_ascension_mode":false,"campfire_choices":[{"data":"hermit:Determination","floor":6,"key":"SMITH"},{"floor":10,"key":"REST"},{"floor":15,"key":"REST"}],"circlet_count":0,"master_deck":["hermit:Strike_Hermit","hermit:Strike_Hermit","hermit:Strike_Hermit","hermit:Strike_Hermit","hermit:Defend_Hermit","hermit:Defend_Hermit+1","hermit:Defend_Hermit+1","hermit:Defend_Hermit","hermit:Snapshot","hermit:Covet","hermit:ItchyTrigger","hermit:BigShot","hermit:Combo+1","hermit:Determination+1","hermit:Enervate","hermit:Maintenance","Injury","hermit:Dive","hermit:Coalescence"],"relics":["hermit:Momento","PreservedInsect","Meat on the Bone","Golden Idol","Letter Opener"],"acts_visited":["Exordium"],"potions_floor_usage":[13,13,13,16],"damage_taken":[{"damage":2,"enemies":"Small Slimes","floor":1,"turns":4},{"damage":1,"enemies":"Jaw Worm","floor":2,"turns":3},{"damage":1,"enemies":"Cultist","floor":5,"turns":3},{"damage":12,"enemies":"Exordium Thugs","floor":7,"turns":4},{"damage":5,"enemies":"Red Slaver","floor":11,"turns":2},{"damage":13,"enemies":"3 Sentries","floor":13,"turns":3},{"damage":6,"enemies":"Blue Slaver","floor":14,"turns":5},{"damage":64,"enemies":"The Guardian","floor":16,"turns":11}],"seed_played":"-9097005055277362277","potions_obtained":[{"floor":2,"key":"AttackPotion"},{"floor":5,"key":"Ancient Potion"},{"floor":11,"key":"Explosive Potion"},{"floor":14,"key":"LiquidMemories"}],"is_trial":false,"path_per_floor":["M","M","?","$","M","R","M","?","T","R","M","?","E","M","R","B"],"character_chosen":"HERMIT","items_purchased":["hermit:Combo"],"campfire_rested":2,"item_purchase_floors":[4],"current_hp_per_floor":[73,72,57,57,56,56,44,44,44,66,61,61,48,42,64,0,0],"gold":120,"neow_bonus":"RANDOM_COMMON_RELIC","is_daily":false,"chose_seed":false,"campfire_upgraded":1,"win_rate":0.0,"timestamp":1610351404,"path_taken":["M","M","?","$","M","R","M","?","T","R","M","?","E","M","R","BOSS"],"items_purchased_type":["Card"],"build_version":"2020-12-22","purchased_purges":0,"victory":false,"max_hp_per_floor":[75,75,75,75,75,75,75,75,75,75,75,75,75,75,75,75,75],"card_choices":[{"not_picked":["hermit:LowProfile","hermit:BodyArmor"],"picked":"hermit:ItchyTrigger","floor":1},{"not_picked":["hermit:Horror","hermit:Dive"],"picked":"hermit:BigShot","floor":2},{"not_picked":["hermit:TakeCover","hermit:GhostlyPresence"],"picked":"hermit:Determination","floor":5},{"not_picked":["hermit:Coalescence","hermit:Dive"],"picked":"hermit:Enervate","floor":7},{"not_picked":["hermit:BodyArmor","hermit:TrackingShot"],"picked":"hermit:Maintenance","floor":11},{"not_picked":["hermit:Cheat","hermit:WideOpen"],"picked":"hermit:Dive","floor":13},{"not_picked":["hermit:Cheat","hermit:TrackingShot"],"picked":"hermit:Coalescence","floor":14}],"player_experience":217991,"relics_obtained":[{"floor":9,"key":"Meat on the Bone"},{"floor":13,"key":"Letter Opener"}],"event_choices":[{"damage_healed":0,"gold_gain":0,"player_choice":"Entered Light","damage_taken":15,"max_hp_gain":0,"max_hp_loss":0,"event_name":"Shining Light","floor":3,"gold_loss":0,"cards_upgraded":["hermit:Defend_Hermit","hermit:Defend_Hermit"]},{"damage_healed":0,"gold_gain":0,"player_choice":"Grow","damage_taken":0,"max_hp_gain":0,"max_hp_loss":0,"event_name":"Living Wall","floor":8,"gold_loss":0,"cards_upgraded":["hermit:Combo"]},{"damage_healed":0,"gold_gain":0,"player_choice":"Take Wound","damage_taken":0,"relics_obtained":["Golden Idol"],"max_hp_gain":0,"max_hp_loss":0,"event_name":"Golden Idol","floor":12,"gold_loss":0,"cards_obtained":["Injury"]}],"is_beta":false,"boss_relics":[],"items_purged_floors":[],"is_endless":false,"potions_floor_spawned":[2,5,11,14],"killed_by":"The Guardian","ascension_level":0}}