{"host":"vohenq18pmg6jboc","time":1610357510,"event":{"mods":["Arknights The Spire","BaseMod","Chen","Gremlin Mod","Hermit","Koishi","Marisa¡]Ãú«B¡@Å]²z¨F¡^","Minty Spire (QoL Compilation)","Remilia¡]Á¢¦Ì²ú?¡^","StSLib","The Administrix","The Bug Knight","The Cursed","The Servant 0.9.4","Yakumo Yukari mod","Youmu¡]»î¾z§¯?¡^","Yuyuko"],"gold_per_floor":[134,144,159,8,8,8,34,54,54,70,70,70,103,117,117,216,216,228,242,50,50,65,65,80,80,80,80,80,90,101,120,120,224,224,243,255,25,39,89,19,19,53,53,63,73,100,100,110,110,110],"floor_reached":51,"playtime":3584,"items_purged":[],"score":763,"play_id":"a8d3b369-3cbc-45e7-adad-97b2d3df958c","local_time":"20210111173150","is_ascension_mode":false,"campfire_choices":[{"data":"Yakumo_Ran_purple","floor":6,"key":"SMITH"},{"floor":12,"key":"REST"},{"floor":15,"key":"REST"},{"floor":23,"key":"REST"},{"floor":25,"key":"REST"},{"data":"Bait_HighSpeedFlying_purple","floor":32,"key":"SMITH"},{"data":"Shallow_ocean_purpleEX","floor":41,"key":"SMITH"},{"floor":49,"key":"REST"}],"circlet_count":0,"master_deck":["AT_purpleEX+1","AT_purpleEX+1","AT_purpleEX+1","AT_purpleEX+1","Defend_purpleEX+1","Defend_purpleEX+1","Defend_purpleEX+1","Defend_purpleEX+1","Observe_purple_1","Observe_purple_2","Yakumo_Ran_purple+1","Shallow_ocean_purpleEX+1","PurpleNeedle_purple","ExistenceContinue_purple","RealityDreamConfluencek_purple","StateErode_purple","DimensionStaggered_purple","Mirror_WaveAndshot_purple","LoveAcrossDimensions_purple","MeetDecomposer_purple","Worldmountain_purple+1","PurpleNeedle_purple","OpenedBox_purple","Fantasy_PerpetualMotionMachine_purple","Shallow_ocean_purpleEX+1","PositiveMatter_Antimatter_Universe_purple","Mirror_FormAndEmptin_purple","Shallow_ocean_purpleEX+1","Umbrella_purple","Bait_HighSpeedFlying_purple+1","ProofOfUnderstanding_purple","Charmbait_purple+1","WorldDissolvedintheRealm_purple+1","CommonSense_AntiCommonSense_purple","OmniscientAndOmnipotent_Monster_purple+1","Line_surface_state_purple+1","Bait_HighSpeedFlying_purple","Shallow_ocean_purpleEX","Mirror_FourBoundary_purple+1","Boundary_of_Extermination_purpleEX+1","WeekHit_purple+1","Shallow_ocean_purpleEX+1"],"relics":["Boundary_crack","Memoryfragments_purpleEX","NeowsBlessing","TheEssenceOfRealm","Odd Mushroom","Bottled Lightning","Gremlin Horn","HollowMod:LifeEnderRelic","Seventeenyearold_girl_Forever","Question Card","Black Star","PreservedInsect","Thread and Needle","Orichalcum","Ornamental Fan","Eternal Feather","HollowMod:PaleOreRelic","Omamori"],"acts_visited":["Exordium","TheCity","TheBeyond"],"potions_floor_usage":[16,33,44,50,50,50],"damage_taken":[{"damage":0,"enemies":"Cultist","floor":1,"turns":1},{"damage":0,"enemies":"Jaw Worm","floor":2,"turns":1},{"damage":0,"enemies":"Small Slimes","floor":3,"turns":1},{"damage":5,"enemies":"The Mushroom Lair","floor":7,"turns":5},{"damage":12,"enemies":"Blue Slaver","floor":8,"turns":4},{"damage":1,"enemies":"Gremlin Gang","floor":10,"turns":3},{"damage":45,"enemies":"Lagavulin","floor":13,"turns":6},{"damage":0,"enemies":"Large Slime","floor":14,"turns":5},{"damage":35,"enemies":"Hexaghost","floor":16,"turns":12},{"damage":8,"enemies":"3 Byrds","floor":18,"turns":6},{"damage":1,"enemies":"Chosen","floor":19,"turns":5},{"damage":22,"enemies":"Snecko","floor":22,"turns":6},{"damage":7,"enemies":"3 Cultists","floor":24,"turns":4},{"damage":0,"enemies":"Chosen and Byrds","floor":29,"turns":4},{"damage":0,"enemies":"Centurion and Healer","floor":30,"turns":2},{"damage":0,"enemies":"Snake Plant","floor":31,"turns":3},{"damage":49,"enemies":"Collector","floor":33,"turns":9},{"damage":0,"enemies":"Orb Walker","floor":35,"turns":2},{"damage":0,"enemies":"3 Shapes","floor":36,"turns":1},{"damage":0,"enemies":"Jaw Worm Horde","floor":38,"turns":1},{"damage":0,"enemies":"Mind Bloom Boss Battle","floor":39,"turns":3},{"damage":34,"enemies":"Giant Head","floor":42,"turns":7},{"damage":0,"enemies":"4 Shapes","floor":44,"turns":1},{"damage":0,"enemies":"Maw","floor":45,"turns":5},{"damage":16,"enemies":"Nemesis","floor":46,"turns":3},{"damage":0,"enemies":"Spire Growth","floor":48,"turns":2},{"damage":17,"enemies":"Awakened One","floor":50,"turns":7}],"seed_played":"8263239827681934077","potions_obtained":[{"floor":2,"key":"Swift Potion"},{"floor":7,"key":"SpeedPotion"},{"floor":10,"key":"Energy Potion"},{"floor":19,"key":"DuplicationPotion"},{"floor":24,"key":"Fire Potion"},{"floor":30,"key":"DistilledChaos"},{"floor":31,"key":"DuplicationPotion"},{"floor":33,"key":"ColorlessPotion"},{"floor":36,"key":"LiquidMemories"},{"floor":45,"key":"SmokeBomb"},{"floor":46,"key":"Ancient Potion"}],"is_trial":false,"path_per_floor":["M","M","M","$","?","R","?","M","T","M","T","R","E","M","R","B",null,"M","M","$","?","M","R","M","R","T","?","?","M","M","M","R","B",null,"M","M","$","M","?","$","R","E","T","M","M","E","?","M","R","B",null],"character_chosen":"Youkari","items_purchased":["TheEssenceOfRealm","PurpleNeedle_purple","OpenedBox_purple","Fantasy_PerpetualMotionMachine_purple","PreservedInsect","CommonSense_AntiCommonSense_purple","Bait_HighSpeedFlying_purple"],"campfire_rested":5,"item_purchase_floors":[4,20,20,20,37,37,40],"current_hp_per_floor":[70,70,70,70,70,70,67,56,56,55,55,70,26,27,48,15,70,66,66,66,66,45,66,59,70,70,70,70,70,70,70,70,23,70,70,70,70,70,70,70,70,37,37,37,44,30,48,48,72,57],"gold":110,"neow_bonus":"THREE_ENEMY_KILL","is_daily":false,"chose_seed":false,"campfire_upgraded":3,"win_rate":0.0,"timestamp":1610357510,"path_taken":["M","M","?","$","?","R","?","M","T","M","?","R","E","M","R","BOSS","M","?","$","?","?","R","M","R","T","?","?","M","M","M","R","BOSS","M","M","$","M","?","$","R","E","T","M","M","E","?","M","R","BOSS"],"items_purchased_type":["Relic","Card","Card","Card","Relic","Card","Card"],"build_version":"2020-12-22","purchased_purges":0,"victory":true,"max_hp_per_floor":[70,70,70,70,70,70,70,70,70,70,70,70,70,70,70,70,70,70,70,70,70,70,70,70,70,70,70,70,70,70,70,70,70,70,70,70,70,70,70,70,70,70,70,70,72,72,72,72,72,72],"card_choices":[{"not_picked":["DimensionStaggered_purple","Mirror_FormAndEmptin_purple"],"picked":"Yakumo_Ran_purple","floor":1},{"not_picked":["OmniscientAndOmnipotent_Monster_purple","Nest_LightFlightworm_purple"],"picked":"Shallow_ocean_purpleEX","floor":2},{"not_picked":["SfantasyHide_purple","ButterflyHabitatTemple_purple"],"picked":"PurpleNeedle_purple","floor":3},{"not_picked":["EighthInstrument_OneDividesIntoTwo_purple","WingOfChimera_purple"],"picked":"ExistenceContinue_purple","floor":7},{"not_picked":["StateDuplicate_purple","RuptureOfTimeAndSpace_purple"],"picked":"RealityDreamConfluencek_purple","floor":8},{"not_picked":["ButterflyHabitatTemple_purple","Shallow_ocean_purpleEX"],"picked":"StateErode_purple","floor":10},{"not_picked":["Mirror_Drifter_purple","OmniscientAndOmnipotent_Monster_purple"],"picked":"DimensionStaggered_purple","floor":13},{"not_picked":["MetroBOOM_purple","Shallow_ocean_purpleEX"],"picked":"Mirror_WaveAndshot_purple","floor":14},{"not_picked":["BarrageBoundary_PipeDream_purple","Boundary_LifeAndDeath_purple"],"picked":"LoveAcrossDimensions_purple","floor":16},{"not_picked":["WingOfChimera_purple","Mirror_FormAndEmptin_purple"],"picked":"MeetDecomposer_purple","floor":18},{"not_picked":["Realm_recovery_purpleEX+1","StretchesForeverDream_purple"],"picked":"Worldmountain_purple+1","floor":19},{"not_picked":["DarkRealmRedLine_purple","Boundary_ObjectiveBoundary_purple"],"picked":"PositiveMatter_Antimatter_Universe_purple","floor":22},{"not_picked":["Line_surface_state_purple","RuptureOfTimeAndSpace_purple"],"picked":"Mirror_FormAndEmptin_purple","floor":24},{"not_picked":["OpenedBox_purple","Boundary_of_Extermination_purpleEX","WatchEChange_purple"],"picked":"Shallow_ocean_purpleEX","floor":29},{"not_picked":["StateDuplicate_purple","AdvanceAttack_purple","EighthInstrument_OneDividesIntoTwo_purple"],"picked":"Umbrella_purple","floor":30},{"not_picked":["AdvanceAttack_purple","Worldmountain_purple","SharpContractionReality_purple"],"picked":"Bait_HighSpeedFlying_purple","floor":31},{"not_picked":["GluttonyofRealm_purpleEX","UniverseChoice_purple","Fancifulhole_purple"],"picked":"ProofOfUnderstanding_purple","floor":33},{"not_picked":["SharpContractionReality_purple","Yakumo_Ran_purple+1","Fantasy_PerpetualMotionMachine_purple"],"picked":"Charmbait_purple+1","floor":35},{"not_picked":["Bait_Toxicbait_purple","Fantasy_PerpetualMotionMachine_purple","Worldmountain_purple+1"],"picked":"WorldDissolvedintheRealm_purple+1","floor":36},{"not_picked":["DarkRealmRedLine_purple","Boundary_LightAndDark_purple+1","StateErode_purple"],"picked":"OmniscientAndOmnipotent_Monster_purple+1","floor":38},{"not_picked":["StateDuplicate_purple+1","RuleDissolution_purple+1","Worldmountain_purple"],"picked":"Line_surface_state_purple+1","floor":39},{"not_picked":["MeetDecomposer_purple","Fantasy_PerpetualMotionMachine_purple+1","Line_surface_state_purple"],"picked":"Shallow_ocean_purpleEX","floor":42},{"not_picked":["EighthInstrument_OneDividesIntoTwo_purple+1","WeekHit_purple","OpenedBox_purple"],"picked":"Mirror_FourBoundary_purple+1","floor":44},{"not_picked":["Boundary_DynamicStaticEquilibrium_purple+1","Erosivefilter_purple+1","ProofOfUnderstanding_purple"],"picked":"Boundary_of_Extermination_purpleEX+1","floor":45},{"not_picked":["Worldmountain_purple+1","Mirror_FormAndEmptin_purple+1","StateDuplicate_purple+1"],"picked":"WeekHit_purple+1","floor":46},{"not_picked":["ExternalForce_HighSpeedFlying_purple+1","RuptureOfTimeAndSpace_purple","Realm_recovery_purpleEX"],"picked":"Shallow_ocean_purpleEX+1","floor":48}],"player_experience":54519,"relics_obtained":[{"floor":7,"key":"Odd Mushroom"},{"floor":9,"key":"Bottled Lightning"},{"floor":11,"key":"Gremlin Horn"},{"floor":13,"key":"HollowMod:LifeEnderRelic"},{"floor":26,"key":"Question Card"},{"floor":39,"key":"Thread and Needle"},{"floor":42,"key":"Orichalcum"},{"floor":42,"key":"Ornamental Fan"},{"floor":43,"key":"Eternal Feather"},{"floor":46,"key":"HollowMod:PaleOreRelic"},{"floor":46,"key":"Omamori"}],"event_choices":[{"damage_healed":0,"gold_gain":0,"player_choice":"Grow","damage_taken":0,"max_hp_gain":0,"max_hp_loss":0,"event_name":"Living Wall","floor":5,"gold_loss":0,"cards_upgraded":["Shallow_ocean_purpleEX"]},{"damage_healed":0,"gold_gain":0,"player_choice":"Fought Mushrooms","damage_taken":0,"max_hp_gain":0,"max_hp_loss":0,"event_name":"Mushrooms","floor":7,"gold_loss":0},{"damage_healed":0,"gold_gain":0,"player_choice":"Copied","damage_taken":0,"max_hp_gain":0,"max_hp_loss":0,"event_name":"Duplicator","floor":21,"gold_loss":0,"cards_obtained":["Shallow_ocean_purpleEX"]},{"damage_healed":0,"gold_gain":0,"player_choice":"Ignored","damage_taken":0,"max_hp_gain":0,"max_hp_loss":0,"event_name":"Beggar","floor":27,"gold_loss":0},{"damage_healed":0,"gold_gain":0,"player_choice":"Simplicity","damage_taken":0,"max_hp_gain":0,"max_hp_loss":0,"event_name":"Back to Basics","floor":28,"gold_loss":0,"cards_upgraded":["AT_purpleEX","AT_purpleEX","AT_purpleEX","AT_purpleEX","Defend_purpleEX","Defend_purpleEX","Defend_purpleEX","Defend_purpleEX"]},{"damage_healed":0,"gold_gain":0,"player_choice":"Fight","damage_taken":0,"max_hp_gain":0,"max_hp_loss":0,"event_name":"MindBloom","floor":39,"gold_loss":0},{"damage_healed":18,"gold_gain":0,"player_choice":"Writhe","damage_taken":0,"max_hp_gain":0,"max_hp_loss":0,"event_name":"Winding Halls","floor":47,"gold_loss":0,"cards_obtained":["Writhe"]}],"is_beta":false,"boss_relics":[{"not_picked":["Cursed Key","Calling Bell"],"picked":"Seventeenyearold_girl_Forever"},{"not_picked":["Velvet Choker","Philosopher\u0027s Stone"],"picked":"Black Star"}],"items_purged_floors":[],"is_endless":false,"potions_floor_spawned":[2,7,10,13,19,24,30,31,33,35,36,45,46],"ascension_level":0}}