{"host":"2okas1s8lto464g9","time":1610367234,"event":{"mods":["BaseMod","Minty Spire (QoL Compilation)","StSLib","The Cursed","[IsaacMod]ÒÔÈö¼âËþ"],"gold_per_floor":[118,129,141,141,66,66,92,187,263,263,213,246,260,288,288,389,389,424,424,450,258,274,274,304,321,321,348,76,76,109,32,32,128,128,146,160,180,180,26,26,58,58,58,76,102,112,112,112],"floor_reached":47,"playtime":2793,"items_purged":["Regret","Strike_G","Strike_G"],"score":751,"play_id":"1ed4174b-2263-497d-a6f2-fb5b68ff608a","local_time":"20210111201354","is_ascension_mode":true,"campfire_choices":[{"data":"Choke","floor":6.0,"key":"SMITH"},{"data":"Calculated Gamble","floor":10.0,"key":"SMITH"},{"data":"Catalyst","floor":15.0,"key":"SMITH"},{"data":"Enlightenment","floor":23.0,"key":"SMITH"},{"data":"Concentrate","floor":29.0,"key":"SMITH"},{"data":"Tactician","floor":32,"key":"SMITH"},{"data":"Acrobatics","floor":40,"key":"SMITH"},{"data":"Acrobatics","floor":42,"key":"SMITH"}],"circlet_count":0,"master_deck":["Defend_G","Defend_G","Defend_G","Defend_G","Defend_G","Survivor","Neutralize","Choke+1","Catalyst+1","Footwork","Calculated Gamble+1","Escape Plan","Corpse Explosion","After Image","Well Laid Plans","Concentrate+1","Enlightenment+1","Acrobatics+1","Acrobatics+1","Tactician+1","Burst+1","Well Laid Plans","Prepared","Noxious Fumes+1","Tactician"],"relics":["Ring of the Snake","HushsDoor","YumHeart","Boot","Ornamental Fan","SatanicBible","Bronze Scales","MagicMushroom","Blood Vial","Nunchaku","Snake Skull","Red Mask","OrangePellets","Potion Belt","Empty Cage","Happy Flower","Strawberry","BelialBook","Bag of Marbles"],"acts_visited":["Exordium","TheCity","TheBeyond"],"potions_floor_usage":[30,37,45,45],"damage_taken":[{"damage":0.0,"enemies":"Jaw Worm","floor":1.0,"turns":3.0},{"damage":0.0,"enemies":"Cultist","floor":2.0,"turns":3.0},{"damage":0.0,"enemies":"2 Louse","floor":3.0,"turns":2.0},{"damage":32.0,"enemies":"Gremlin Nob","floor":7.0,"turns":5.0},{"damage":4.0,"enemies":"Blue Slaver","floor":12.0,"turns":4.0},{"damage":6.0,"enemies":"Looter","floor":13.0,"turns":2.0},{"damage":13.0,"enemies":"3 Sentries","floor":14.0,"turns":7.0},{"damage":0.0,"enemies":"Slime Boss","floor":16.0,"turns":6.0},{"damage":12.0,"enemies":"Spheric Guardian","floor":18.0,"turns":5.0},{"damage":0.0,"enemies":"Shell Parasite","floor":20.0,"turns":6.0},{"damage":9.0,"enemies":"Centurion and Healer","floor":22.0,"turns":5.0},{"damage":24.0,"enemies":"Slavers","floor":24.0,"turns":2.0},{"damage":15.0,"enemies":"3 Cultists","floor":25.0,"turns":4.0},{"damage":0.0,"enemies":"Masked Bandits","floor":27.0,"turns":2.0},{"damage":48,"enemies":"Gremlin Leader","floor":30,"turns":5},{"damage":0,"enemies":"Collector","floor":33,"turns":9},{"damage":0,"enemies":"Orb Walker","floor":35,"turns":3},{"damage":0,"enemies":"3 Darklings","floor":36,"turns":2},{"damage":40,"enemies":"Transient","floor":37,"turns":5},{"damage":0,"enemies":"Giant Head","floor":41,"turns":6},{"damage":0,"enemies":"Writhing Mass","floor":44,"turns":4},{"damage":10,"enemies":"Reptomancer","floor":45,"turns":6},{"damage":0,"enemies":"Spire Growth","floor":46,"turns":3},{"damage":0,"enemies":"4 Shapes","floor":47,"turns":1}],"seed_played":"-3328508596247902251","potions_obtained":[{"floor":7.0,"key":"Strength Potion"},{"floor":12.0,"key":"PowerPotion"},{"floor":14.0,"key":"FearPotion"},{"floor":24.0,"key":"Dexterity Potion"},{"floor":30,"key":"Fire Potion"},{"floor":35,"key":"FearPotion"},{"floor":36,"key":"SteroidPotion"},{"floor":41,"key":"PowerPotion"},{"floor":46,"key":"PowerPotion"}],"is_trial":false,"path_per_floor":["M","M","M","?","$","R","E","?","T","R","?","M","M","E","R","B",null,"M","?","M","$","M","R","E","M","T","?","$","R","E","$","R","B",null,"M","M","M","?","$","R","E","R","T","M","E","M","M"],"character_chosen":"THE_SILENT","items_purchased":["Well Laid Plans","Enlightenment","OrangePellets","Tactician","Well Laid Plans","Happy Flower"],"campfire_rested":0,"item_purchase_floors":[17,21,28,31,34,39],"current_hp_per_floor":[70,70,70,70,70,70,38,23,48,48,48,44,38,25,25,30,75,63,73,75,75,66,66,45,63,63,66,66,66,21,21,21,29,72,72,72,57,57,57,57,67,67,67,70,63,66,68,68],"gold":112,"neow_bonus":"TRANSFORM_CARD","is_daily":false,"chose_seed":false,"campfire_upgraded":8,"win_rate":0.0,"timestamp":1610367234,"path_taken":["M","M","M","?","$","R","E","?","T","R","?","M","M","E","R","BOSS","M","?","?","$","M","R","E","M","T","?","?","R","E","$","R","BOSS","M","M","M","?","?","R","E","R","T","M","E","M","M"],"items_purchased_type":["Card","Card","Relic","Card","Card","Relic"],"build_version":"2020-12-22","purchased_purges":3,"victory":false,"max_hp_per_floor":[70,70,70,70,70,70,70,70,70,70,70,70,70,70,70,70,75,75,75,75,75,75,75,75,75,75,75,75,75,75,75,75,75,72,72,72,72,72,72,72,79,79,79,79,79,79,79,79],"card_choices":[{"not_picked":[],"picked":"BettingIsNotGood","floor":0.0},{"not_picked":["Underhanded Strike","Quick Slash"],"picked":"Catalyst","floor":1.0},{"not_picked":["Dagger Spray","Accuracy","Choke"],"picked":"SKIP","floor":2.0},{"not_picked":["Slice","Blade Dance"],"picked":"Footwork","floor":3.0},{"not_picked":["Poisoned Stab","Skewer"],"picked":"Calculated Gamble","floor":7.0},{"not_picked":["Catalyst","Finisher"],"picked":"Escape Plan","floor":12.0},{"not_picked":["Deadly Poison","Quick Slash","Poisoned Stab"],"picked":"SKIP","floor":13.0},{"not_picked":["Underhanded Strike","Die Die Die"],"picked":"Corpse Explosion","floor":14.0},{"not_picked":["A Thousand Cuts","Die Die Die"],"picked":"After Image","floor":16.0},{"not_picked":["Bane+1","Distraction+1"],"picked":"Concentrate","floor":18.0},{"not_picked":["Blur","Blade Dance+1","Dagger Throw"],"picked":"SKIP","floor":20.0},{"not_picked":["Outmaneuver","Poisoned Stab"],"picked":"Acrobatics","floor":22.0},{"not_picked":["Dodge and Roll","Bane","Dagger Spray"],"picked":"SKIP","floor":24.0},{"not_picked":["Dagger Throw","Doppelganger","Dodge and Roll"],"picked":"SKIP","floor":25.0},{"not_picked":["Concentrate+1","Sucker Punch+1"],"picked":"Acrobatics","floor":27.0},{"not_picked":["Tools of the Trade","Acrobatics+1","Accuracy"],"picked":"SKIP","floor":30},{"not_picked":["Wraith Form v2","Venomology"],"picked":"Burst","floor":33},{"not_picked":["Flechettes","Cloak And Dagger"],"picked":"Prepared","floor":35},{"not_picked":["Skewer","Poisoned Stab+1","Predator+1"],"picked":"SKIP","floor":36},{"not_picked":["Cloak And Dagger","Riddle With Holes","Heel Hook"],"picked":"SKIP","floor":37},{"not_picked":["PiercingWail","Accuracy+1"],"picked":"Noxious Fumes+1","floor":41},{"not_picked":["Dagger Throw+1","Outmaneuver"],"picked":"Tactician","floor":44},{"not_picked":["Accuracy+1","Dodge and Roll+1","Outmaneuver"],"picked":"SKIP","floor":45},{"not_picked":["Blade Dance+1","Dagger Spray+1","Terror+1"],"picked":"SKIP","floor":46}],"player_experience":465249,"relics_obtained":[{"floor":7.0,"key":"Ornamental Fan"},{"floor":9.0,"key":"SatanicBible"},{"floor":14.0,"key":"Bronze Scales"},{"floor":24.0,"key":"Nunchaku"},{"floor":26.0,"key":"Snake Skull"},{"floor":27.0,"key":"Red Mask"},{"floor":30,"key":"Potion Belt"},{"floor":41,"key":"Strawberry"},{"floor":43,"key":"BelialBook"},{"floor":45,"key":"Bag of Marbles"}],"event_choices":[{"damage_healed":0.0,"max_hp_gain":0.0,"max_hp_loss":0.0,"gold_gain":0.0,"event_name":"Big Fish","player_choice":"Box","floor":4.0,"gold_loss":0.0,"damage_taken":0.0,"relics_obtained":["Boot"],"cards_obtained":["Regret"]},{"cards_removed":["Strike_G"],"damage_healed":0.0,"max_hp_gain":0.0,"max_hp_loss":0.0,"gold_gain":0.0,"event_name":"The Cleric","player_choice":"Card Removal","floor":11.0,"gold_loss":50.0,"damage_taken":0.0},{"damage_healed":0.0,"max_hp_gain":0.0,"max_hp_loss":0.0,"gold_gain":0.0,"event_name":"Masked Bandits","player_choice":"Fought Bandits","floor":27.0,"gold_loss":0.0,"damage_taken":0.0},{"damage_healed":0,"gold_gain":0,"player_choice":"Upgraded","damage_taken":0,"max_hp_gain":0,"max_hp_loss":0,"event_name":"Upgrade Shrine","floor":38,"gold_loss":0,"cards_upgraded":["Burst"]}],"is_beta":false,"boss_relics":[{"not_picked":["Philosopher\u0027s Stone","ChampionBelt"],"picked":"MagicMushroom"},{"not_picked":[]},{"not_picked":["SacredBark","Astrolabe"],"picked":"Empty Cage"},{"not_picked":[]}],"items_purged_floors":[5,21,28],"is_endless":false,"potions_floor_spawned":[7,12,14,24,25,30,35,36,41,46],"killed_by":"4 Shapes","ascension_level":2}}