{"host":"tmzq6unyecs2p367","time":1610352110,"event":{"mods":["BaseMod","Koishi","Minty Spire (QoL Compilation)","StSLib","The Bug Knight","The Dragon Tamer","The Juggle","The Senshi"],"gold_per_floor":[360,435,460,475,29,29,61,61,116,129,144,158,158,191,191,191,191,191],"floor_reached":16,"playtime":659,"items_purged":["Shame"],"score":116,"play_id":"cf55e5a7-8bb5-4dda-80da-4e4f4ea29e7f","local_time":"20210111090150","is_ascension_mode":true,"metric_token":531,"campfire_choices":[{"data":"DTMod:SealedStrike","floor":6.0,"key":"SMITH"},{"data":"DTMod:SealedStrike+1","floor":8.0,"key":"SMITH"},{"data":"DTMod:SealedStrike+2","floor":13.0,"key":"SMITH"},{"data":"DTMod:SealedStrike+3","floor":15,"key":"SMITH"}],"dtmod_dragon_data":[49,50,-1,-1,0,0],"circlet_count":0,"master_deck":["DTMod:Strike","DTMod:Strike","DTMod:Strike","DTMod:Strike","DTMod:DoubleHit","DTMod:TargetDefense","DTMod:TargetDefense","DTMod:TargetDefense","DTMod:TargetDefense","DTMod:SwitchingTactic","DTMod:QuickFly","DTMod:SneakAttack","DTMod:SealedStrike+4","DTMod:Dissolve","DTMod:Training","DTMod:TauntingStrike","DTMod:ComboAttack","DTMod:CalculatedDefense","DTMod:ComboAttack"],"relics":["DTMod:PactStone","Toy Ornithopter","DTMod:BasicTextbook","DTMod:TacticalNote","Bag of Marbles","Mummified Hand"],"acts_visited":["Exordium"],"potions_floor_usage":[14],"damage_taken":[{"damage":0.0,"enemies":"Small Slimes","floor":1.0,"turns":3.0},{"damage":0.0,"enemies":"Jaw Worm","floor":4.0,"turns":3.0},{"damage":12.0,"enemies":"3 Sentries","floor":7.0,"turns":6.0},{"damage":0.0,"enemies":"Cultist","floor":10.0,"turns":1.0},{"damage":6.0,"enemies":"Blue Slaver","floor":11.0,"turns":2.0},{"damage":0.0,"enemies":"Looter","floor":12.0,"turns":1.0},{"damage":8,"enemies":"HollowMod:MossKnight","floor":14,"turns":7},{"damage":35,"enemies":"Slime Boss","floor":16,"turns":6}],"seed_played":"1151968923160735802","potions_obtained":[{"floor":4.0,"key":"Strength Potion"},{"floor":7.0,"key":"FairyPotion"},{"floor":10.0,"key":"SteroidPotion"},{"floor":14,"key":"LiquidBronze"}],"is_trial":false,"path_per_floor":["M","?","T","M","$","R","E","R","T","M","M","M","R","E","R","B"],"character_chosen":"THE_DT","items_purchased":["DTMod:SealedStrike","DTMod:BasicTextbook","DTMod:Dissolve"],"campfire_rested":0,"item_purchase_floors":[5,5,5],"current_hp_per_floor":[45,34,34,34,34,34,27,27,27,27,21,21,21,18,18,0,0,0],"gold":191,"neow_bonus":"TWO_FIFTY_GOLD","is_daily":false,"chose_seed":false,"campfire_upgraded":4,"win_rate":0.0,"timestamp":1610352110,"path_taken":["M","?","?","M","$","R","E","R","T","M","M","M","R","E","R","BOSS"],"items_purchased_type":["Card","Relic","Card"],"build_version":"2020-12-22","purchased_purges":1,"victory":false,"max_hp_per_floor":[45,45,45,45,45,45,45,45,45,45,45,45,45,45,45,45,45,45],"card_choices":[{"not_picked":["DTMod:GhostSkin","DTMod:HeatWave"],"picked":"DTMod:QuickFly","floor":1.0},{"not_picked":["DTMod:LowKick","DTMod:CalculatedDefense"],"picked":"DTMod:SneakAttack","floor":4.0},{"not_picked":["DTMod:TauntingStrike","DTMod:BlueScale"],"picked":"DTMod:Training","floor":7.0},{"not_picked":["DTMod:GhostSkin","DTMod:Weaken"],"picked":"DTMod:TauntingStrike","floor":10.0},{"not_picked":["DTMod:TauntingStrike","DTMod:MagicField"],"picked":"DTMod:ComboAttack","floor":11.0},{"not_picked":["DTMod:Adaptation","DTMod:MaximumCharge"],"picked":"DTMod:CalculatedDefense","floor":12.0},{"not_picked":["DTMod:Punisher","DTMod:LowKick"],"picked":"DTMod:ComboAttack","floor":14}],"player_experience":1818722,"relics_obtained":[{"floor":3.0,"key":"Toy Ornithopter"},{"floor":7.0,"key":"DTMod:TacticalNote"},{"floor":9.0,"key":"Bag of Marbles"},{"floor":14,"key":"Mummified Hand"}],"event_choices":[{"damage_healed":0.0,"max_hp_gain":0.0,"max_hp_loss":0.0,"gold_gain":75.0,"event_name":"World of Goop","player_choice":"Gather Gold","floor":2.0,"gold_loss":0.0,"damage_taken":11.0}],"is_beta":false,"boss_relics":[],"items_purged_floors":[5],"is_endless":false,"potions_floor_spawned":[4,7,10,14],"killed_by":"Slime Boss","ascension_level":1}}