{"host":"kn32u0f2pym5bozc","time":1610370855,"event":{"mods":["2.2 Compatiblity","BaseMod","Better Third Choice","Minty Spire (QoL Compilation)","Permanent Neow","Relic Stats","StSLib","The Animator"],"gold_per_floor":[130,144,160,176,188,188,223,235,247,334,346,391,403,438,450,565,577,603,630,661,673,716,728,381,381,431,469,498,498,519,554,554,659,659,687,715,715,739,753,785,785,818,818,840,871,902,208,227,227,227,227],"floor_reached":50,"playtime":5054,"items_purged":["animator:Strike","animator:Tyuule"],"score":664,"play_id":"9e959774-d8d5-40b2-a88b-cb8df22f8241","local_time":"20210111081415","is_ascension_mode":true,"campfire_choices":[{"data":"animator:Aqua","floor":6.0,"key":"SMITH"},{"data":"animator:Viivi","floor":8.0,"key":"SMITH"},{"data":"animator:NarberalGamma","floor":11.0,"key":"SMITH"},{"data":"animator:Emonzaemon","floor":13.0,"key":"SMITH"},{"data":"animator:ChaikaBohdan","floor":15.0,"key":"SMITH"},{"floor":23.0,"key":"REST"},{"data":"animator:GuildGirl","floor":25.0,"key":"SMITH"},{"data":"animator:Yoichi","floor":29.0,"key":"SMITH"},{"data":"animator:AcuraTooru","floor":32.0,"key":"SMITH"},{"floor":41.0,"key":"RECALL"},{"data":"animator:Gillette","floor":49.0,"key":"SMITH"}],"circlet_count":0,"master_deck":["animator:Strike_HitsugiNoChaika","animator:Defend_HitsugiNoChaika","animator:Strike","animator:Strike","animator:Defend","animator:Defend","animator:Defend","animator:AcuraAkari+1","animator:Gillette+1","animator:Viivi+1","animator:Aqua+1","animator:AcuraTooru+1","animator:Gillette","animator:Souei","animator:Emonzaemon+1","animator:ChaikaBohdan+1","animator:ItamiYouji","animator:Mikaela","animator:Mitsurugi","animator:Rena","animator:GuildGirl+1","animator:RinTohsaka","animator:Yoichi+1","animator:GuildGirl","animator:YaoHaDucy","animator:Shizu","animator:Yuuichirou+1","animator:HiiragiShinya","animator:QuestionMark","animator:Shinoa","animator:HiiragiShinya","animator:Witch","animator:Shigure","animator:Togame+1","animator:Vesta","animator:Layla","animator:SilverFang","animator:Sora","animator:Assassin"],"relics":["animator:LivingPicture","animator:TheMissingPiece","animator:PurgingStone","MawBank","Gambling Chip","Omamori","Mark of Pain","Bottled Tornado","Anchor","InkBottle","Tiny Chest","Calling Bell","Bag of Marbles","Meat on the Bone","Torii","animator:Buoy","White Beast Statue","PreservedInsect","Sundial"],"acts_visited":["Exordium","TheCity","TheBeyond"],"potions_floor_usage":[50,50],"damage_taken":[{"damage":1.0,"enemies":"2 Louse","floor":1.0,"turns":2.0},{"damage":1.0,"enemies":"Cultist","floor":2.0,"turns":3.0},{"damage":1.0,"enemies":"Jaw Worm","floor":3.0,"turns":3.0},{"damage":8.0,"enemies":"2 Fungi Beasts","floor":4.0,"turns":4.0},{"damage":0.0,"enemies":"Lots of Slimes","floor":5.0,"turns":4.0},{"damage":22.0,"enemies":"3 Sentries","floor":7.0,"turns":5.0},{"damage":4.0,"enemies":"Gremlin Nob","floor":12.0,"turns":3.0},{"damage":5.0,"enemies":"Looter","floor":14.0,"turns":2.0},{"damage":21.0,"enemies":"Hexaghost","floor":16.0,"turns":5.0},{"damage":10.0,"enemies":"Spheric Guardian","floor":18.0,"turns":3.0},{"damage":8.0,"enemies":"Shell Parasite","floor":19.0,"turns":4.0},{"damage":7.0,"enemies":"Centurion and Healer","floor":20.0,"turns":6.0},{"damage":27.0,"enemies":"Snake Plant","floor":22.0,"turns":4.0},{"damage":0.0,"enemies":"Sentry and Sphere","floor":27.0,"turns":3.0},{"damage":0.0,"enemies":"Gremlin Leader","floor":28.0,"turns":4.0},{"damage":4.0,"enemies":"Snecko","floor":30.0,"turns":4.0},{"damage":2.0,"enemies":"Slavers","floor":31.0,"turns":6.0},{"damage":47.0,"enemies":"Collector","floor":33.0,"turns":8.0},{"damage":12.0,"enemies":"3 Shapes","floor":35.0,"turns":5.0},{"damage":0.0,"enemies":"3 Darklings","floor":36.0,"turns":3.0},{"damage":19.0,"enemies":"Jaw Worm Horde","floor":38.0,"turns":4.0},{"damage":2.0,"enemies":"Writhing Mass","floor":39.0,"turns":4.0},{"damage":11.0,"enemies":"Reptomancer","floor":40.0,"turns":7.0},{"damage":1.0,"enemies":"4 Shapes","floor":42.0,"turns":6.0},{"damage":17.0,"enemies":"Jaw Worm Horde","floor":44.0,"turns":4.0},{"damage":29.0,"enemies":"Giant Head","floor":45.0,"turns":7.0},{"damage":9.0,"enemies":"3 Darklings","floor":46.0,"turns":5.0},{"damage":2.0,"enemies":"Writhing Mass","floor":48.0,"turns":5.0},{"damage":57,"enemies":"Donu and Deca","floor":50,"turns":7}],"seed_played":"-2586024854350794772","potions_obtained":[{"floor":1.0,"key":"PowerPotion"},{"floor":12.0,"key":"Fruit Juice"},{"floor":14.0,"key":"SteroidPotion"},{"floor":18.0,"key":"PowerPotion"},{"floor":20.0,"key":"Block Potion"},{"floor":22.0,"key":"DistilledChaos"},{"floor":30.0,"key":"SteroidPotion"},{"floor":35.0,"key":"BlessingOfTheForge"},{"floor":39.0,"key":"ColorlessPotion"},{"floor":42.0,"key":"ColorlessPotion"},{"floor":44.0,"key":"LiquidMemories"},{"floor":46.0,"key":"SkillPotion"},{"floor":48.0,"key":"Dexterity Potion"}],"is_trial":false,"path_per_floor":["M","M","M","M","M","R","E","R","T","?","R","E","R","M","R","B",null,"M","M","M","?","M","R","$","R","T","M","E","R","M","E","R","B",null,"M","M","?","M","M","E","R","M","T","M","E","M","$","M","R","B"],"character_chosen":"THE_ANIMATOR","items_purchased":["Bottled Tornado","animator:Tyuule","PreservedInsect","animator:SilverFang","Sundial","animator:Sora"],"campfire_rested":1,"item_purchase_floors":[24,24,47,47,47,47],"current_hp_per_floor":[65,64,63,58,60,60,41,41,41,35,35,34,34,37,37,19,72,62,57,53,53,29,50,50,50,50,53,56,56,52,53,53,9,72,60,63,63,47,48,41,41,43,43,41,27,34,34,48,48,0,0],"gold":227,"neow_bonus":"UPGRADE_CARD","is_daily":false,"chose_seed":false,"campfire_upgraded":9,"win_rate":0.0,"timestamp":1610370855,"path_taken":["M","M","M","M","M","R","E","R","T","?","R","E","R","M","R","BOSS","M","?","M","?","M","R","$","R","T","M","E","R","?","E","R","BOSS","M","M","?","M","M","E","R","M","T","M","E","M","$","M","R","BOSS"],"items_purchased_type":["Relic","Card","Relic","Card","Relic","Card"],"build_version":"2020-12-22","purchased_purges":2,"victory":false,"max_hp_per_floor":[66,66,66,67,67,67,67,67,67,67,67,67,67,72,72,72,72,72,72,72,72,72,72,72,72,72,72,72,72,72,72,72,72,72,72,72,72,72,72,73,73,73,73,73,73,74,74,75,75,75,75],"relic_stats":{"Torii":19,"counters":[29,130],"Sundial":[0],"Gambling Chip":[46],"Tiny Chest":0,"PreservedInsect":0,"MawBank":204,"obtain_stats":[{"animator:Buoy":40,"Torii":34,"animator:TheMissingPiece":0,"PreservedInsect":47,"Omamori":12,"Bottled Tornado":24,"MawBank":7,"White Beast Statue":45,"Calling Bell":34,"Anchor":26,"animator:PurgingStone":0,"Sundial":47,"Gambling Chip":9,"Tiny Chest":31,"animator:LivingPicture":0,"Mark of Pain":17,"Bag of Marbles":34,"InkBottle":28,"Meat on the Bone":34},{"animator:Buoy":23,"Torii":18,"animator:TheMissingPiece":0,"PreservedInsect":27,"Omamori":7,"Bottled Tornado":13,"MawBank":6,"White Beast Statue":26,"Calling Bell":18,"Anchor":13,"animator:PurgingStone":0,"Sundial":27,"Gambling Chip":6,"Tiny Chest":17,"animator:LivingPicture":0,"Mark of Pain":9,"Bag of Marbles":18,"InkBottle":15,"Meat on the Bone":18},{"animator:Buoy":96,"Torii":73,"animator:TheMissingPiece":0,"PreservedInsect":118,"Omamori":24,"Bottled Tornado":48,"MawBank":21,"White Beast Statue":113,"Calling Bell":73,"Anchor":48,"animator:PurgingStone":0,"Sundial":118,"Gambling Chip":21,"Tiny Chest":65,"animator:LivingPicture":0,"Mark of Pain":31,"Bag of Marbles":73,"InkBottle":55,"Meat on the Bone":73}],"InkBottle":[39],"Meat on the Bone":48},"card_choices":[{"not_picked":["animator:Elsword","animator:Hakurou"],"picked":"animator:Viivi","floor":1.0},{"not_picked":["animator:Aisha","animator:Shalltear"],"picked":"animator:NarberalGamma","floor":2.0},{"not_picked":["animator:Darkness","animator:Gillette"],"picked":"animator:Aqua","floor":3.0},{"not_picked":["animator:Gillette","animator:AcuraAkari"],"picked":"animator:AcuraTooru","floor":4.0},{"not_picked":["animator:Raven","animator:Darkness"],"picked":"animator:Gillette","floor":5.0},{"not_picked":["animator:Geryuganshoop","animator:DolaCouronne"],"picked":"animator:Souei","floor":7.0},{"not_picked":["animator:SilverFang","animator:Nanami"],"picked":"animator:Emonzaemon","floor":12.0},{"not_picked":["animator:AcuraTooru","animator:Viivi"],"picked":"animator:ChaikaBohdan","floor":14.0},{"not_picked":["animator:SwordMaiden","animator:Sora"],"picked":"animator:ItamiYouji","floor":16.0},{"not_picked":["animator:Shion","animator:Kuribayashi+1"],"picked":"animator:Mikaela","floor":18.0},{"not_picked":["animator:GazelDwargon","animator:Assassin"],"picked":"animator:Mitsurugi","floor":19.0},{"not_picked":["animator:Benimaru","animator:Emonzaemon"],"picked":"animator:Rena","floor":20.0},{"not_picked":["animator:Priestess","animator:DwarfShaman"],"picked":"animator:GuildGirl","floor":22.0},{"not_picked":["animator:Tyuule","animator:Eris"],"picked":"animator:RinTohsaka","floor":27.0},{"not_picked":["animator:KrulTepes+1","animator:Shion+1"],"picked":"animator:Yoichi","floor":28.0},{"not_picked":["animator:Entoma+1","animator:Emonzaemon"],"picked":"animator:GuildGirl","floor":30.0},{"not_picked":["animator:Kuribayashi","animator:RoryMercury"],"picked":"animator:YaoHaDucy","floor":31.0},{"not_picked":["animator:GoblinSlayer","animator:Eris"],"picked":"animator:Shizu","floor":33.0},{"not_picked":["animator:Viivi","animator:AcuraTooru"],"picked":"animator:Yuuichirou+1","floor":35.0},{"not_picked":["animator:Viivi+1","animator:AcuraAkari"],"picked":"animator:HiiragiShinya","floor":36.0},{"not_picked":["animator:MisakiNakahara","animator:Patchouli"],"picked":"animator:QuestionMark","floor":37.0},{"not_picked":["animator:Hitei+1","animator:Rena"],"picked":"animator:Shinoa","floor":38.0},{"not_picked":["animator:Mikaela","animator:KrulTepes"],"picked":"animator:HiiragiShinya","floor":39.0},{"not_picked":["animator:Hitei","animator:IzunaHatsuse"],"picked":"animator:Witch","floor":40.0},{"not_picked":["animator:Vesta","animator:Kazuma"],"picked":"animator:Shigure","floor":42.0},{"not_picked":["animator:Gillette+1","animator:Arpeggio"],"picked":"animator:Togame+1","floor":44.0},{"not_picked":["animator:Shion","animator:GazelDwargon"],"picked":"animator:Vesta","floor":45.0},{"not_picked":["animator:Berserker","animator:Melzalgald"],"picked":"animator:Layla","floor":46.0},{"not_picked":["animator:Konayuki","animator:ZankiKiguchi"],"picked":"animator:Assassin","floor":48.0}],"player_experience":824219,"relics_obtained":[{"floor":7.0,"key":"MawBank"},{"floor":9.0,"key":"Gambling Chip"},{"floor":12.0,"key":"Omamori"},{"floor":26.0,"key":"Anchor"},{"floor":28.0,"key":"InkBottle"},{"floor":31.0,"key":"Tiny Chest"},{"floor":34.0,"key":"Bag of Marbles"},{"floor":34.0,"key":"Meat on the Bone"},{"floor":34.0,"key":"Torii"},{"floor":40.0,"key":"animator:Buoy"},{"floor":45.0,"key":"White Beast Statue"}],"event_choices":[{"damage_healed":0.0,"max_hp_gain":0.0,"max_hp_loss":0.0,"gold_gain":75.0,"event_name":"FaceTrader","player_choice":"Touch","floor":10.0,"gold_loss":0.0,"damage_taken":6.0},{"cards_removed":["animator:NarberalGamma"],"damage_healed":0.0,"max_hp_gain":0.0,"max_hp_loss":0.0,"gold_gain":0.0,"event_name":"Purifier","player_choice":"Purged","floor":21.0,"gold_loss":0.0,"damage_taken":0.0},{"damage_healed":0.0,"max_hp_gain":0.0,"max_hp_loss":0.0,"gold_gain":0.0,"event_name":"SensoryStone","player_choice":"Memory 1","floor":37.0,"gold_loss":0.0,"damage_taken":0.0}],"is_beta":false,"boss_relics":[{"not_picked":["Pandora\u0027s Box","Sozu"],"picked":"Mark of Pain"},{"not_picked":["Coffee Dripper","Philosopher\u0027s Stone"],"picked":"Calling Bell"}],"items_purged_floors":[24,47],"is_endless":false,"potions_floor_spawned":[1,12,14,18,20,22,30,35,39,42,44,46,48],"killed_by":"Donu and Deca","ascension_level":1}}