{"host":"tfkz8stxzb1up54p","time":1610339607,"event":{"mods":["AchievementEnabler","BaseMod","Better Note","BetterRewards","Block Reminder","Colored Powertips","Curses Come First","Disable Question Mark Monsters","Displayed Cursed Tome","Emptier Cage","Gold Saver","Gremlin Skip","Halation","Highlight Path","Minty Spire (QoL Compilation)","Permanent Neow","Poor People Problems","Replay The Spire","StSLib"],"gold_per_floor":[1395,1430,1430,1470,921,921,976,1012,1062,1117,357,357,372,372,372,472,472,487,502,502,542,120,120,160,175,225,255,270,300,312,339,351,463,475,502,529,321,361,407,437,437,477,477,492,533,533,548,578,578,578],"floor_reached":51,"playtime":5573,"items_purged":["Strike_R","Strike_R","Bash","Strike_R"],"score":1059,"play_id":"9a37b838-5b93-410f-8687-57d14701b48c","local_time":"20210111043327","daily_mods":["Allstar","ControlledChaos","Lethality"],"is_ascension_mode":false,"campfire_choices":[{"data":"Armaments","floor":6,"key":"SMITH"},{"data":"Panacea","floor":12,"key":"SMITH"},{"data":"Shockwave","floor":15,"key":"SMITH"},{"data":"Corruption","floor":23,"key":"SMITH"},{"data":"Pommel Strike","floor":30,"key":"SMITH"},{"data":"Pommel Strike","floor":32,"key":"SMITH"},{"data":"Midas Touch","floor":41,"key":"SMITH"},{"data":"Sadistic Nature","floor":46,"key":"SMITH"}],"circlet_count":0,"master_deck":["Strike_R","Defend_R","Defend_R","Defend_R","Sadistic Nature+1","Panacea+1","Thinking Ahead","Good Instincts","HandOfGreed+1","Armaments+1","Heavy Blade","Pommel Strike+1","Pommel Strike+1","Shrug It Off","Shockwave+1","Corruption+1","Intimidate+1","Sadistic Nature+1","Midas Touch+1","ReplayTheSpireMod:Splinters","Amnesia"],"relics":["Burning Blood","Frozen Eye","Replay:Towering Pillar of Hats","Guide Book","Strawberry","Oddly Smooth Stone","The Courier","Darkstone Periapt","Replay:Rubber Ducky","Bag of Preparation","ReplayTheSpireMod:Ninjato","Mango","Nunchaku","PreservedInsect","Happy Flower","Empty Cage","Pear","Vajra","Dead Branch","MawBank","Painkiller Herb","ReplayTheSpireMod:ShopPack","Champion Belt","Replay:Kaleidoscope","Letter Opener","halation:SwordOfLegend","White Beast Statue","ReplayTheSpireMod:Ring of Collecting"],"acts_visited":["Exordium","TheCity","TheBeyond"],"potions_floor_usage":[7,16,16,18,29,48,50,50],"damage_taken":[{"damage":3,"enemies":"Jaw Worm","floor":1,"turns":2},{"damage":6,"enemies":"2 Louse","floor":2,"turns":3},{"damage":0,"enemies":"Small Slimes","floor":4,"turns":4},{"damage":0,"enemies":"Gremlin Nob","floor":7,"turns":3},{"damage":15,"enemies":"Lagavulin Event","floor":8,"turns":5},{"damage":6,"enemies":"Replay:BlueRogue","floor":10,"turns":3},{"damage":0,"enemies":"Red Slaver","floor":13,"turns":3},{"damage":50,"enemies":"Hexaghost","floor":16,"turns":6},{"damage":6,"enemies":"Shell Parasite","floor":18,"turns":3},{"damage":25,"enemies":"Spheric Guardian","floor":19,"turns":5},{"damage":4,"enemies":"Shelled Parasite and Fungi","floor":21,"turns":6},{"damage":0,"enemies":"Cultist and Chosen","floor":24,"turns":4},{"damage":9,"enemies":"Snake Plant","floor":25,"turns":4},{"damage":0,"enemies":"Replay:Snechameleon","floor":27,"turns":3},{"damage":5,"enemies":"Chosen and Byrds","floor":28,"turns":3},{"damage":7,"enemies":"Gremlin Leader","floor":29,"turns":5},{"damage":0,"enemies":"Shelled Parasite and Fungi","floor":31,"turns":2},{"damage":0,"enemies":"Automaton","floor":33,"turns":3},{"damage":0,"enemies":"Orb Walker","floor":35,"turns":1},{"damage":3,"enemies":"3 Darklings","floor":36,"turns":1},{"damage":1,"enemies":"Jaw Worm Horde","floor":38,"turns":2},{"damage":0,"enemies":"2 Orb Walkers","floor":39,"turns":1},{"damage":6,"enemies":"Nemesis","floor":40,"turns":3},{"damage":0,"enemies":"4 Shapes","floor":42,"turns":1},{"damage":6,"enemies":"Transient","floor":44,"turns":3},{"damage":0,"enemies":"Writhing Mass","floor":47,"turns":1},{"damage":5,"enemies":"R_Hoarder","floor":48,"turns":3},{"damage":6,"enemies":"Donu and Deca","floor":50,"turns":1}],"seed_played":"2608465768335268498","potions_obtained":[{"floor":2,"key":"LiquidBronze"},{"floor":4,"key":"Toxic Potion"},{"floor":13,"key":"Block Potion"},{"floor":16,"key":"SkillPotion"},{"floor":21,"key":"Elixir"},{"floor":25,"key":"Regen Potion"},{"floor":27,"key":"SkillPotion"},{"floor":28,"key":"Toxic Potion"},{"floor":33,"key":"AttackPotion"},{"floor":48,"key":"Adrenaline Potion"}],"is_trial":false,"path_per_floor":["M","M","?","M","$","R","E","?","T","E","$","R","M","?","R","B",null,"M","M","?","M","$","R","M","M","T","E","M","E","R","M","R","B",null,"?","?","T","?","?","E","T","?","T","?","?","T","?","E","T","B",null],"character_chosen":"IRONCLAD","items_purchased":["Guide Book","Strawberry","Oddly Smooth Stone","Pommel Strike","ReplayTheSpireMod:Ninjato","Mango","Nunchaku","PreservedInsect","Corruption","Pear","ReplayTheSpireMod:ShopPack"],"campfire_rested":0,"item_purchase_floors":[5,5,5,5,11,11,11,11,22,22,37],"current_hp_per_floor":[80,80,68,74,81,81,87,78,78,78,92,92,98,104,104,60,107,107,88,78,80,90,90,96,93,93,99,100,113,113,117,117,117,117,117,117,117,117,117,117,117,117,117,117,123,122,123,123,129,129],"gold":578,"neow_bonus":"","is_daily":true,"chose_seed":false,"campfire_upgraded":8,"win_rate":0.0,"timestamp":1610339607,"path_taken":["M","M","?","M","$","R","E","?","T","E","$","R","M","?","R","BOSS","M","M","?","M","$","R","M","M","T","E","?","E","R","M","R","BOSS","?","?","T","?","?","E","T","?","T","?","?","T","?","E","T","BOSS"],"items_purchased_type":["Relic","Relic","Relic","Card","Relic","Relic","Relic","Relic","Card","Relic","Relic"],"build_version":"2020-12-22","purchased_purges":4,"victory":true,"max_hp_per_floor":[80,80,80,80,87,87,87,87,87,87,101,101,101,107,107,107,107,107,107,107,107,117,117,117,117,117,117,117,117,117,117,117,117,117,117,117,117,117,117,117,117,117,117,117,123,123,123,123,129,129],"card_choices":[{"not_picked":["ReplayTheSpireMod:Strike From Hell","Shrug It Off"],"picked":"Armaments","floor":1},{"not_picked":["ReplayTheSpireMod:Stacked","Sword Boomerang"],"picked":"Heavy Blade","floor":2},{"not_picked":["Rampage","Shrug It Off"],"picked":"Pommel Strike","floor":4},{"not_picked":["Ghostly Armor","Blood for Blood"],"picked":"Shrug It Off","floor":7},{"not_picked":["ReplayTheSpireMod:Strike From Hell","Clothesline","Heavy Blade"],"picked":"SKIP","floor":10},{"not_picked":["Exhume","Clash"],"picked":"Shockwave","floor":13},{"not_picked":["Power Through+1","Sword Boomerang","Headbutt"],"picked":"SKIP","floor":18},{"not_picked":["Replay:Undeath\u0027s Touch","Clash","Headbutt"],"picked":"SKIP","floor":19},{"not_picked":["Wild Strike+1","Clothesline","Shrug It Off"],"picked":"SKIP","floor":21},{"not_picked":["Shrug It Off+1","Replay:Undeath\u0027s Touch","Inflame"],"picked":"SKIP","floor":24},{"not_picked":["Iron Wave","Pommel Strike","Immolate"],"picked":"SKIP","floor":25},{"not_picked":["True Grit","Body Slam","ReplayTheSpireMod:Corrosion Curse"],"picked":"SKIP","floor":27},{"not_picked":["Body Slam","Searing Blow","Twin Strike+1"],"picked":"SKIP","floor":28},{"not_picked":["Pommel Strike","Shrug It Off","Armaments+1"],"picked":"SKIP","floor":29},{"not_picked":["ReplayTheSpireMod:Strike From Hell","Flex","Perfected Strike"],"picked":"SKIP","floor":31},{"not_picked":["Headbutt+1","Life Link+1"],"picked":"Intimidate+1","floor":35},{"not_picked":["Iron Wave","Twin Strike+1","Pommel Strike"],"picked":"SKIP","floor":36},{"not_picked":["Mayhem","Secret Technique"],"picked":"Sadistic Nature","floor":37},{"not_picked":["Purity","Jack Of All Trades"],"picked":"Midas Touch","floor":37},{"not_picked":["Wild Strike","ReplayTheSpireMod:LeadingStrike","Clothesline"],"picked":"SKIP","floor":38},{"not_picked":["Fire Breathing","Cleave+1","Second Wind+1"],"picked":"SKIP","floor":40},{"not_picked":["Heavy Blade","Rampage+1","Thunderclap+1"],"picked":"SKIP","floor":42},{"not_picked":["Anger","Cleave","Warcry"],"picked":"SKIP","floor":44},{"not_picked":["Sentinel","Searing Blow","Flex"],"picked":"SKIP","floor":47},{"not_picked":["Demonic Infusion","Anger","Warcry+1"],"picked":"SKIP","floor":48}],"player_experience":1336850,"relics_obtained":[{"floor":7,"key":"The Courier"},{"floor":9,"key":"Replay:Rubber Ducky"},{"floor":10,"key":"Bag of Preparation"},{"floor":26,"key":"Vajra"},{"floor":27,"key":"Dead Branch"},{"floor":29,"key":"MawBank"},{"floor":39,"key":"Champion Belt"},{"floor":40,"key":"Replay:Kaleidoscope"},{"floor":43,"key":"Letter Opener"},{"floor":45,"key":"halation:SwordOfLegend"},{"floor":48,"key":"White Beast Statue"},{"floor":49,"key":"ReplayTheSpireMod:Ring of Collecting"}],"event_choices":[{"damage_healed":0,"gold_gain":0,"player_choice":"Success","damage_taken":12,"relics_obtained":["Replay:Towering Pillar of Hats"],"max_hp_gain":0,"max_hp_loss":0,"event_name":"Scrap Ooze","floor":3,"gold_loss":0},{"damage_healed":0,"gold_gain":0,"player_choice":"Searched \u00273\u0027 times","damage_taken":0,"relics_obtained":["Darkstone Periapt"],"max_hp_gain":0,"max_hp_loss":0,"event_name":"Dead Adventurer","floor":8,"gold_loss":0},{"damage_healed":0,"gold_gain":0,"player_choice":"Box","damage_taken":0,"relics_obtained":["Happy Flower"],"max_hp_gain":0,"max_hp_loss":0,"event_name":"Big Fish","floor":14,"gold_loss":0,"cards_obtained":["Regret"]},{"damage_healed":0,"gold_gain":0,"player_choice":"Damaged","damage_taken":10,"max_hp_gain":0,"max_hp_loss":0,"event_name":"Wheel of Change","floor":20,"gold_loss":0},{"damage_healed":0,"gold_gain":0,"player_choice":"Fight","damage_taken":0,"max_hp_gain":0,"max_hp_loss":0,"event_name":"Mysterious Sphere","floor":39,"gold_loss":0}],"is_beta":false,"boss_relics":[{"not_picked":["halation:HeavySnake","Replay:Wanted Poster"],"picked":"Empty Cage"},{"not_picked":["Replay:Bronze Core","ChewingGum"],"picked":"Painkiller Herb"}],"items_purged_floors":[5,11,22,37],"is_endless":false,"potions_floor_spawned":[2,4,13,16,21,25,27,28,33,38,42,48],"ascension_level":0}}