{"host":"vddkjx04kiwje1tk","time":1610376313,"event":{"mods":["AchievementEnabler","BaseMod","Colored Map","Minty Spire (QoL Compilation)","Quick Restart","SuperFastMode"],"gold_per_floor":[116,66,76,151,43,76,92,92,118,151,170,170,199,219,219,219,219],"floor_reached":16,"playtime":291,"items_purged":["Defend_R"],"score":189,"play_id":"0d78d7c8-57b1-4e65-9aae-933e52ba4822","local_time":"20210111234513","is_ascension_mode":true,"campfire_choices":[{"data":"Spot Weakness","floor":8,"key":"SMITH"},{"data":"Seeing Red","floor":12,"key":"SMITH"},{"data":"Demon Form","floor":15,"key":"SMITH"}],"circlet_count":0,"master_deck":["Strike_R","Strike_R","Strike_R","Strike_R","Defend_R","Defend_R","Defend_R","Bash","Spot Weakness+1","Flex","Seeing Red+1","Demon Form+1"],"relics":["Burning Blood","NeowsBlessing","Red Skull","Bag of Preparation","PreservedInsect","Odd Mushroom"],"acts_visited":["Exordium"],"potions_floor_usage":[16,16],"damage_taken":[{"damage":0,"enemies":"2 Louse","floor":1,"turns":1},{"damage":0,"enemies":"Jaw Worm","floor":3,"turns":1},{"damage":0,"enemies":"3 Sentries","floor":6,"turns":2},{"damage":6,"enemies":"Cultist","floor":7,"turns":3},{"damage":10,"enemies":"Gremlin Nob","floor":10,"turns":3},{"damage":0,"enemies":"Large Slime","floor":11,"turns":6},{"damage":25,"enemies":"The Mushroom Lair","floor":13,"turns":4},{"damage":18,"enemies":"Exordium Wildlife","floor":14,"turns":3},{"damage":49,"enemies":"The Guardian","floor":16,"turns":5}],"seed_played":"5923470082622804591","potions_obtained":[{"floor":1,"key":"SpeedPotion"},{"floor":3,"key":"Swift Potion"},{"floor":6,"key":"SkillPotion"},{"floor":14,"key":"Strength Potion"}],"is_trial":false,"path_per_floor":["M","?","M","?","$","E","M","R","T","E","M","R","?","M","R","B"],"character_chosen":"IRONCLAD","items_purchased":["Spot Weakness"],"campfire_rested":0,"item_purchase_floors":[5],"current_hp_per_floor":[78,78,80,72,72,78,78,78,78,74,80,80,61,49,49,0,0],"gold":219,"neow_bonus":"THREE_ENEMY_KILL","is_daily":false,"chose_seed":false,"campfire_upgraded":3,"win_rate":0.0,"timestamp":1610376313,"path_taken":["M","?","M","?","$","E","M","R","T","E","?","R","?","M","R","BOSS"],"items_purchased_type":["Card"],"build_version":"2020-12-22","purchased_purges":1,"victory":false,"max_hp_per_floor":[80,80,80,80,80,80,80,80,80,80,80,80,80,80,80,80,80],"card_choices":[{"not_picked":["Carnage","Wild Strike","Dropkick"],"picked":"SKIP","floor":1},{"not_picked":["Entrench","Clothesline","Second Wind"],"picked":"SKIP","floor":3},{"not_picked":["Clothesline","Ghostly Armor","Body Slam"],"picked":"SKIP","floor":6},{"not_picked":["Armaments","Clash"],"picked":"Flex","floor":7},{"not_picked":["Intimidate","Pommel Strike"],"picked":"Seeing Red","floor":10},{"not_picked":["Warcry","Iron Wave","Body Slam"],"picked":"SKIP","floor":11},{"not_picked":["Bloodletting","Wild Strike"],"picked":"Demon Form","floor":13},{"not_picked":["Rage","Dropkick","Uppercut"],"picked":"SKIP","floor":14}],"player_experience":256495,"relics_obtained":[{"floor":6,"key":"Red Skull"},{"floor":9,"key":"Bag of Preparation"},{"floor":10,"key":"PreservedInsect"},{"floor":13,"key":"Odd Mushroom"}],"event_choices":[{"cards_removed":["Strike_R"],"damage_healed":0,"gold_gain":0,"player_choice":"Card Removal","damage_taken":0,"max_hp_gain":0,"max_hp_loss":0,"event_name":"The Cleric","floor":2,"gold_loss":50},{"damage_healed":0,"gold_gain":75,"player_choice":"Touch","damage_taken":8,"max_hp_gain":0,"max_hp_loss":0,"event_name":"FaceTrader","floor":4,"gold_loss":0},{"damage_healed":0,"gold_gain":0,"player_choice":"Fought Mushrooms","damage_taken":0,"max_hp_gain":0,"max_hp_loss":0,"event_name":"Mushrooms","floor":13,"gold_loss":0}],"is_beta":false,"boss_relics":[],"items_purged_floors":[5],"is_endless":false,"potions_floor_spawned":[1,3,6,11,14],"killed_by":"The Guardian","ascension_level":8}}