{"host":"i1h39d0gfh5c6uxl","time":1610375467,"event":{"mods":["AchievementEnabler","BaseMod","Colored Map","Colored Powertips","Highlight Path","Minty Spire (QoL Compilation)"],"gold_per_floor":[359,359,378,391,407,407,142,142,142,167,181,181,29,42,42,138,138,151,151,167,181,181,181,200,200,200],"floor_reached":25,"playtime":982,"items_purged":["Clumsy"],"score":205,"play_id":"0453ffea-e296-43c8-a46f-9dc527a2a6fa","local_time":"20210111223107","is_ascension_mode":false,"campfire_choices":[{"data":"BowlingBash","floor":6.0,"key":"SMITH"},{"data":"DevaForm","floor":8.0,"key":"SMITH"},{"floor":12.0,"key":"REST"},{"data":"Vault","floor":15.0,"key":"SMITH"},{"floor":23,"key":"REST"}],"circlet_count":0,"master_deck":["Strike_P","Strike_P","Strike_P","Strike_P","Defend_P","Defend_P","Defend_P","Defend_P","Eruption+1","Vigilance","ReachHeaven","BowlingBash+1","DevaForm+1","FollowUp","EmptyFist","Tantrum","Vault+1","Wallop","ThirdEye","EmptyBody","Vault"],"relics":["PureWater"],"acts_visited":["Exordium","TheCity"],"potions_floor_usage":[21,21,25],"damage_taken":[{"damage":0.0,"enemies":"Jaw Worm","floor":1.0,"turns":6.0},{"damage":0.0,"enemies":"Cultist","floor":3.0,"turns":2.0},{"damage":1.0,"enemies":"2 Louse","floor":4.0,"turns":2.0},{"damage":0.0,"enemies":"Exordium Wildlife","floor":5.0,"turns":2.0},{"damage":26.0,"enemies":"Lagavulin","floor":10.0,"turns":7.0},{"damage":3.0,"enemies":"Large Slime","floor":11.0,"turns":4.0},{"damage":5.0,"enemies":"3 Louse","floor":14.0,"turns":3.0},{"damage":42.0,"enemies":"Slime Boss","floor":16.0,"turns":4.0},{"damage":0.0,"enemies":"Spheric Guardian","floor":18.0,"turns":2.0},{"damage":23.0,"enemies":"2 Thieves","floor":20.0,"turns":4.0},{"damage":22,"enemies":"Snake Plant","floor":21,"turns":4},{"damage":15,"enemies":"Centurion and Healer","floor":24,"turns":5},{"damage":38,"enemies":"Book of Stabbing","floor":25,"turns":4}],"seed_played":"1273805956203929504","potions_obtained":[{"floor":4.0,"key":"Swift Potion"},{"floor":16.0,"key":"SkillPotion"},{"floor":18.0,"key":"LiquidBronze"},{"floor":20.0,"key":"Block Potion"},{"floor":24,"key":"StancePotion"}],"is_trial":false,"path_per_floor":["M","?","M","M","M","R","$","R","T","E","M","R","$","M","R","B",null,"M","?","M","M","?","R","M","E"],"character_chosen":"WATCHER","items_purchased":["DevaForm","FollowUp","Vault"],"campfire_rested":2,"item_purchase_floors":[7,7,13],"current_hp_per_floor":[72,72,72,71,71,71,71,71,71,45,42,63,63,58,58,16,72,72,72,49,27,27,48,33,0,0],"gold":200,"neow_bonus":"TWO_FIFTY_GOLD","is_daily":false,"chose_seed":false,"campfire_upgraded":3,"win_rate":0.0,"timestamp":1610375467,"path_taken":["M","?","?","M","M","R","$","R","T","E","M","R","?","M","R","BOSS","M","?","M","M","?","R","M","E"],"items_purchased_type":["Card","Card","Card"],"build_version":"2020-12-22","purchased_purges":1,"victory":false,"max_hp_per_floor":[72,72,72,72,72,72,72,72,72,72,72,72,72,72,72,72,72,72,72,72,72,72,72,72,72,72],"card_choices":[{"not_picked":["Protect","EmptyFist"],"picked":"ReachHeaven","floor":1.0},{"not_picked":["Crescendo","WreathOfFlame","Protect"],"picked":"SKIP","floor":3.0},{"not_picked":["Study","ForeignInfluence"],"picked":"BowlingBash","floor":4.0},{"not_picked":["JustLucky","Worship","LikeWater"],"picked":"SKIP","floor":5.0},{"not_picked":["PathToVictory","Nirvana"],"picked":"EmptyFist","floor":10.0},{"not_picked":["FlurryOfBlows","Nirvana"],"picked":"Tantrum","floor":11.0},{"not_picked":["Consecrate","Nirvana"],"picked":"Wallop","floor":14.0},{"not_picked":["FlurryOfBlows","FollowUp","ThirdEye"],"picked":"SKIP","floor":18.0},{"not_picked":["FlurryOfBlows","FollowUp"],"picked":"ThirdEye","floor":18.0},{"not_picked":["ThirdEye","Evaluate"],"picked":"EmptyBody","floor":20.0},{"not_picked":["EmptyBody","Perseverance","ClearTheMind"],"picked":"SKIP","floor":21},{"not_picked":["FlyingSleeves","FollowUp"],"picked":"Vault","floor":24}],"player_experience":1360928,"relics_obtained":[],"event_choices":[{"damage_healed":0.0,"max_hp_gain":0.0,"max_hp_loss":0.0,"gold_gain":0.0,"event_name":"Upgrade Shrine","player_choice":"Upgraded","floor":2.0,"gold_loss":0.0,"damage_taken":0.0,"cards_upgraded":["Eruption"]},{"damage_healed":0.0,"max_hp_gain":0.0,"max_hp_loss":0.0,"gold_gain":0.0,"event_name":"The Mausoleum","player_choice":"Ignored","floor":19.0,"gold_loss":0.0,"damage_taken":0.0}],"is_beta":false,"boss_relics":[{"not_picked":["Black Star","SlaversCollar","Philosopher\u0027s Stone"]}],"items_purged_floors":[7],"is_endless":false,"potions_floor_spawned":[4,16,18,20,24],"killed_by":"Book of Stabbing","ascension_level":0}}