{"host":"4328iixd8pca51w5","time":1610384820,"event":{"mods":["2.2 Compatiblity","AchievementEnabler","BaseMod","CapriCore","Colored Map","KOR Keyword Fix","Minty Spire (QoL Compilation)","StSLib","WarShipGirlsR/??á´Ò³R mod"],"gold_per_floor":[119,119,44,44,55,55,81,97,152,164,197,97,197,72,72,172,172,182,182,182,97,97,97,132,132,155,172,188,199,251,281,281,385,385,403,421,216,234,84,111,111,145,171,185,196,186,186,186,186,186],"floor_reached":51,"playtime":2128,"items_purged":["Clumsy","rmod:defend","rmod:strick","rmod:strick"],"score":903,"play_id":"af19d196-ad87-4173-a3c2-2c9fe818d3d7","local_time":"20210112020700","is_ascension_mode":true,"campfire_choices":[{"data":"rmod:wolves","floor":6.0,"key":"SMITH"},{"data":"rmod:windflower","floor":15.0,"key":"SMITH"},{"data":"rmod:openingtorpedo","floor":23.0,"key":"SMITH"},{"data":"rmod:openingtorpedo","floor":32.0,"key":"SMITH"},{"data":"rmod:basicallowance","floor":47,"key":"SMITH"},{"data":"rmod:acesubmarine","floor":49,"key":"SMITH"}],"circlet_count":0,"master_deck":["rmod:strick+1","rmod:strick+1","rmod:defend","rmod:defend","rmod:defend","rmod:basicallowance+1","rmod:maingunfire+1","rmod:luckystar+1","rmod:wolves+1","rmod:windflower+1","rmod:generalist","rmod:lastglory","rmod:openingtorpedo+1","rmod:goodfighter+1","rmod:firesupport","rmod:openingtorpedo+1","rmod:lastglory","rmod:fletcherpendant","rmod:acesubmarine+1","rmod:fletcherpendant","rmod:fuelsupply+1","rmod:guardianhero+1","rmod:selfconfidence+1","Clumsy","rmod:wife+1","rmod:ammunitionsupply+1"],"relics":["Turnip","Bag of Preparation","Dream Catcher","Whetstone","rmod:mogul","Pear","Ginger","Question Card","Blood Vial","Strawberry","rmod:quickrepair","Cursed Key","Juzu Bracelet","Boot","Oddly Smooth Stone"],"acts_visited":["Exordium","TheCity","TheBeyond"],"potions_floor_usage":[48,50,50],"damage_taken":[{"damage":0.0,"enemies":"Jaw Worm","floor":1.0,"turns":3.0},{"damage":0.0,"enemies":"2 Louse","floor":5.0,"turns":2.0},{"damage":6.0,"enemies":"Gremlin Nob","floor":7.0,"turns":3.0},{"damage":0.0,"enemies":"Cultist","floor":8.0,"turns":2.0},{"damage":0.0,"enemies":"Exordium Thugs","floor":10.0,"turns":3.0},{"damage":8.0,"enemies":"3 Sentries","floor":11.0,"turns":7.0},{"damage":43.0,"enemies":"The Guardian","floor":16.0,"turns":8.0},{"damage":6.0,"enemies":"3 Byrds","floor":18.0,"turns":5.0},{"damage":0.0,"enemies":"Gremlin Leader","floor":24.0,"turns":3.0},{"damage":0.0,"enemies":"Shell Parasite","floor":27.0,"turns":1.0},{"damage":0.0,"enemies":"3 Cultists","floor":28.0,"turns":2.0},{"damage":0.0,"enemies":"Cultist and Chosen","floor":29.0,"turns":3.0},{"damage":3.0,"enemies":"Slavers","floor":31.0,"turns":2.0},{"damage":22.0,"enemies":"Champ","floor":33.0,"turns":7.0},{"damage":9.0,"enemies":"3 Darklings","floor":35.0,"turns":3.0},{"damage":9.0,"enemies":"Orb Walker","floor":36.0,"turns":2.0},{"damage":0.0,"enemies":"Maw","floor":38.0,"turns":3.0},{"damage":13,"enemies":"Giant Head","floor":40,"turns":3},{"damage":18,"enemies":"Nemesis","floor":42,"turns":4},{"damage":12,"enemies":"Jaw Worm Horde","floor":44,"turns":3},{"damage":5,"enemies":"Sphere and 2 Shapes","floor":45,"turns":3},{"damage":0,"enemies":"3 Darklings","floor":48,"turns":1},{"damage":69,"enemies":"Time Eater","floor":50,"turns":7}],"seed_played":"6929041519659986671","potions_obtained":[{"floor":8.0,"key":"AttackPotion"},{"floor":10.0,"key":"SpeedPotion"},{"floor":16.0,"key":"ColorlessPotion"},{"floor":18.0,"key":"Block Potion"},{"floor":29.0,"key":"Dexterity Potion"},{"floor":31.0,"key":"AttackPotion"},{"floor":36.0,"key":"AttackPotion"},{"floor":40,"key":"Regen Potion"},{"floor":44,"key":"SmokeBomb"}],"is_trial":false,"path_per_floor":["M","?","$","?","M","R","E","M","T","M","E","$","?","$","R","B",null,"M","?","?","?","$","R","E","?","T","M","M","M","T","E","R","B",null,"M","M","$","M","$","E","?","E","T","M","M","?","R","M","R","B",null],"character_chosen":"PRAEFECT","items_purchased":["rmod:acesubmarine","rmod:fletcherpendant"],"campfire_rested":0,"item_purchase_floors":[37,37],"current_hp_per_floor":[75,60,60,60,60,60,54,54,54,54,46,46,46,46,46,3,75,69,69,69,79,79,79,79,79,79,81,83,85,92,89,89,69,92,83,76,76,78,78,67,102,84,84,74,71,71,71,73,73,21],"gold":186,"neow_bonus":"ONE_RARE_RELIC","is_daily":false,"chose_seed":false,"campfire_upgraded":6,"win_rate":0.0,"timestamp":1610384820,"path_taken":["M","?","$","?","?","R","E","M","T","M","E","$","?","?","R","BOSS","M","?","?","?","$","R","E","?","T","M","M","M","?","E","R","BOSS","M","M","$","M","$","E","?","E","T","M","M","?","R","M","R","BOSS"],"items_purchased_type":["Card","Card"],"build_version":"2020-12-22","purchased_purges":4,"victory":true,"max_hp_per_floor":[75,75,75,75,75,75,75,75,75,75,75,75,75,75,75,75,75,75,75,75,85,85,85,85,85,85,85,85,85,92,92,92,92,92,92,92,92,92,92,92,102,102,102,102,102,102,102,102,102,102],"card_choices":[{"not_picked":["rmod:unsinkable","rmod:slowdown"],"picked":"rmod:luckystar","floor":1.0},{"not_picked":["rmod:overbreakdown","rmod:windflower"],"picked":"rmod:wolves","floor":5.0},{"not_picked":["rmod:tearstotiara","rmod:smokecover"],"picked":"rmod:windflower","floor":7.0},{"not_picked":["rmod:ammunitionsupply","rmod:heivgo"],"picked":"rmod:generalist","floor":8.0},{"not_picked":["rmod:wolves","rmod:steelsupply","rmod:launchingtorpedo"],"picked":"SKIP","floor":10.0},{"not_picked":["rmod:tearstotiara","rmod:intelligenceanalysis","rmod:aggressivemary"],"picked":"SKIP","floor":11.0},{"not_picked":["rmod:tearstotiara","rmod:intelligenceanalysis","rmod:aggressivemary"],"picked":"SKIP","floor":11.0},{"not_picked":["rmod:supriseattacks","rmod:timeschanged"],"picked":"rmod:lastglory","floor":16.0},{"not_picked":["rmod:fuelsupply+1","rmod:tearstotiara+1","rmod:overbreakdown"],"picked":"SKIP","floor":18.0},{"not_picked":["rmod:diamondstrike","rmod:aluminumsupply"],"picked":"rmod:goodfighter+1","floor":24.0},{"not_picked":["rmod:ammunitionsupply","rmod:aviationdawn+1","rmod:diaomin+1"],"picked":"rmod:firesupport","floor":27.0},{"not_picked":["rmod:goodsister","rmod:victimresponsibility","rmod:aluminumsupply","rmod:launchingtorpedo+1"],"picked":"SKIP","floor":28.0},{"not_picked":["rmod:shuttlebombing+1","rmod:launchingtorpedo","rmod:royalracing"],"picked":"rmod:openingtorpedo","floor":29.0},{"not_picked":["rmod:garrisonisland+1","rmod:victimresponsibility","rmod:auspiciousomen"],"picked":"rmod:lastglory","floor":31.0},{"not_picked":["rmod:abidefaith","rmod:u235","rmod:stealaluminum"],"picked":"rmod:fletcher","floor":33.0},{"not_picked":["rmod:firesupport+1","rmod:smokecover+1","rmod:victimresponsibility"],"picked":"rmod:fletcherpendant","floor":35.0},{"not_picked":["rmod:fuelsupply","rmod:victimresponsibility","rmod:capitalist+1","rmod:aviationdawn"],"picked":"SKIP","floor":36.0},{"not_picked":["rmod:heivgo+1","rmod:punchline+1","rmod:combined"],"picked":"rmod:fuelsupply+1","floor":38.0},{"not_picked":["rmod:rockthrower+1","rmod:shuttlebombing","rmod:smokecover+1"],"picked":"rmod:guardianhero+1","floor":40},{"not_picked":["rmod:aviationdawn","rmod:diamondstrike+1","rmod:lonelyqueen"],"picked":"rmod:selfconfidence+1","floor":42},{"not_picked":["rmod:bulid","rmod:fuelsupply+1","rmod:diamondstrike+1"],"picked":"rmod:wife+1","floor":44},{"not_picked":["rmod:supportescort","rmod:steelsupply+1","rmod:combined"],"picked":"rmod:ammunitionsupply+1","floor":45}],"player_experience":168544,"relics_obtained":[{"floor":7.0,"key":"Bag of Preparation"},{"floor":9.0,"key":"Dream Catcher"},{"floor":11.0,"key":"Whetstone"},{"floor":24.0,"key":"Ginger"},{"floor":26.0,"key":"Blood Vial"},{"floor":30.0,"key":"Strawberry"},{"floor":31.0,"key":"rmod:quickrepair"},{"floor":40,"key":"Juzu Bracelet"},{"floor":42,"key":"Boot"},{"floor":43,"key":"Oddly Smooth Stone"}],"event_choices":[{"damage_healed":0.0,"max_hp_gain":0.0,"max_hp_loss":0.0,"gold_gain":0.0,"event_name":"Shining Light","player_choice":"Entered Light","floor":2.0,"gold_loss":0.0,"damage_taken":15.0,"cards_upgraded":["rmod:maingunfire","rmod:strick"]},{"damage_healed":0.0,"max_hp_gain":0.0,"max_hp_loss":0.0,"gold_gain":0.0,"event_name":"The Cleric","player_choice":"Leave","floor":4.0,"gold_loss":0.0,"damage_taken":0.0},{"damage_healed":0.0,"max_hp_gain":0.0,"max_hp_loss":0.0,"gold_gain":100.0,"event_name":"Golden Shrine","player_choice":"Pray","floor":13.0,"gold_loss":0.0,"damage_taken":0.0},{"damage_healed":0.0,"max_hp_gain":0.0,"max_hp_loss":0.0,"gold_gain":0.0,"event_name":"Vampires","player_choice":"Ignored","floor":19.0,"gold_loss":0.0,"damage_taken":0.0},{"damage_healed":0.0,"max_hp_gain":0.0,"max_hp_loss":0.0,"gold_gain":0.0,"event_name":"The Library","player_choice":"Read","floor":20.0,"gold_loss":0.0,"damage_taken":0.0,"cards_obtained":["rmod:openingtorpedo"]},{"damage_healed":0.0,"max_hp_gain":0.0,"max_hp_loss":0.0,"gold_gain":0.0,"event_name":"Addict","player_choice":"Obtained Relic","floor":21.0,"gold_loss":85.0,"damage_taken":0.0,"relics_obtained":["Pear"]},{"damage_healed":0.0,"max_hp_gain":0.0,"max_hp_loss":0.0,"gold_gain":0.0,"event_name":"The Mausoleum","player_choice":"Opened","floor":25.0,"gold_loss":0.0,"damage_taken":0.0,"relics_obtained":["Question Card"]},{"cards_removed":["rmod:fletcher"],"damage_healed":25,"gold_gain":0,"player_choice":"Offered Rare","damage_taken":0,"max_hp_gain":10,"max_hp_loss":0,"event_name":"Bonfire Elementals","floor":41,"gold_loss":0}],"is_beta":false,"boss_relics":[{"not_picked":["Coffee Dripper","Empty Cage"],"picked":"rmod:mogul"},{"not_picked":["Fusion Hammer","SlaversCollar"],"picked":"Cursed Key"}],"items_purged_floors":[3,12,14,39],"is_endless":false,"potions_floor_spawned":[8,10,16,18,29,31,36,40,44,45,48],"ascension_level":2}}