{"host":"ccryllxwh68mzgdb","time":1610353800,"event":{"mods":["Act Like it!","BaseMod","Downfall","Gremlin Skip","Hallownest","HololiveMod","KinomotoSakuraMod(ƒæ÷Æ±æ”£)","Marisa£®ÏF”Í°°ƒß¿Ì…≥£©","Minty Spire (QoL Compilation)","Reimu£®≤©¿ˆ¡È√Œ£©","Remilia£®¿Ÿ√◊¿Ú—«£©","Replay The Spire","RumiaBox-¬∂√◊Ê´µƒ…Ò√ÿ∫–◊”","Spicy Shops","StSLib","The Bug Knight","The Servant 0.9.4","WarShipGirlsR/’ΩΩ¢…Ÿ≈ÆR mod","Youmu£®ªÍ∆«—˝√Œ£©","Yuri Mod","[IsaacMod]“‘»ˆº‚À˛"],"gold_per_floor":[118,130,0,14,29,56,72,72,72,72,72,22,32,22,22,119,119,136,13,13,12,29,58,58,108,108,108,108],"floor_reached":27,"playtime":1802,"items_purged":["Strike_RM","Defend_RM","Strike_RM"],"score":306,"play_id":"be8cd865-e70f-48e6-a8da-f904de6390ae","local_time":"20210111163000","is_ascension_mode":false,"campfire_choices":[{"data":"EternalNight","floor":8,"key":"SMITH"},{"data":"ScarletImprint","floor":11,"key":"SMITH"},{"data":"MastersStateliness","floor":11,"key":"SMITH"},{"data":"QueenOfMidnight","floor":15,"key":"SMITH"},{"data":"RedMoon","floor":15,"key":"SMITH"},{"data":"ScarletDream","floor":24,"key":"SMITH"},{"data":"MastersStateliness","floor":24,"key":"SMITH"}],"circlet_count":0,"master_deck":["Strike_RM","Strike_RM","Defend_RM","Defend_RM","Defend_RM","RedMoon+1","ScarletShoot","SuperhumanBloodyKnife","MastersStateliness+1","NightDance","VampirishNight","EternalNight+1","ScarletImprint+1","QueenOfMidnight+1","ScarletMeister","BombardNight+1","MastersStateliness+1","Writhe","ScarletDream+1","EndlessAdversity","ReincarnationDial+1"],"relics":["ScarletHat","HushsDoor","SteamSale","Hallownest:BankAccountRelic","ReplayTheSpireMod:TigerMarble","Replay:Arrowhead","Snack Pack","Hololive_Finger","Lee\u0027s Waffle","DoctorsRemote","TypeBBloodRedTea","Iron Hammer","Boot","Gambling Chip"],"acts_visited":["Exordium","Hallownest:Greenpath"],"potions_floor_usage":[6,12,23,25],"damage_taken":[{"damage":2,"enemies":"Hallownest:monsterHuskGuard","floor":1,"turns":5},{"damage":0,"enemies":"2_ Uuma","floor":2,"turns":5},{"damage":0,"enemies":"Hallownest:2_MossCreeps","floor":4,"turns":4},{"damage":2,"enemies":"Hallownest:1_Ooma_and_2_Uuma","floor":5,"turns":6},{"damage":0,"enemies":"Hallownest:eliteCrystalGuardian","floor":6,"turns":3},{"damage":0,"enemies":"Hallownest:monsterAspidMother","floor":7,"turns":4},{"damage":0,"enemies":"Hallownest:MossCreep_and_Mosskin","floor":13,"turns":4},{"damage":44,"enemies":"Hallownest:BossFalseKnight","floor":16,"turns":8},{"damage":0,"enemies":"Hallownest:Flukemon_and_Top","floor":18,"turns":5},{"damage":0,"enemies":"Hallownest:Guard_and_Sentry","floor":22,"turns":2},{"damage":0,"enemies":"Hallownest:eliteSoulWarrior","floor":23,"turns":3},{"damage":13,"enemies":"Hiden Room Battle","floor":25,"turns":3},{"damage":206,"enemies":"Hallownest:eliteWatcherKnight","floor":27,"turns":5}],"seed_played":"9122767166968484255","potions_obtained":[{"floor":1,"key":"Energy Potion"},{"floor":4,"key":"GrandPatriotsElixir:ReiMu"},{"floor":13,"key":"Fire Potion"},{"floor":16,"key":"DuplicationPotion"},{"floor":23,"key":"BlessingOfTheForge"}],"is_trial":false,"path_per_floor":["M","M","?","M","M","E","M","R","T","T","R","$","M","$","R","B",null,"M","$","?","$","M","E","R","?","T","E"],"character_chosen":"REMILIA","items_purchased":["Fruit Juice","MastersStateliness","Lee\u0027s Waffle","ScarletDream"],"campfire_rested":0,"item_purchase_floors":[12,19,19,21],"current_hp_per_floor":[68,68,68,69,67,76,84,84,84,84,84,89,94,94,94,77,94,94,101,101,101,101,101,101,95,95,0,0],"gold":108,"neow_bonus":"TWENTY_PERCENT_HP_BONUS","is_daily":false,"chose_seed":false,"campfire_upgraded":7,"win_rate":0.0,"timestamp":1610353800,"path_taken":["M","?","?","M","?","E","M","R","T","?","R","$","M","$","R","BOSS","M","$","?","$","?","E","R","?","T","E"],"items_purchased_type":["Potion","Card","Relic","Card"],"build_version":"2020-12-22","purchased_purges":3,"victory":false,"max_hp_per_floor":[89,89,89,89,89,89,89,89,89,89,89,94,94,94,94,94,94,94,101,101,101,101,101,101,101,101,101,101],"card_choices":[{"not_picked":["ChaoticDestiny","GlobalNightmare"],"picked":"SuperhumanBloodyKnife","floor":1},{"not_picked":["CharismaGuard","VampireKiss"],"picked":"MastersStateliness","floor":2},{"not_picked":["TwelveNightmare","UltimateOffering"],"picked":"NightDance","floor":4},{"not_picked":["BloodHunter","DiffusionOfMisfortune"],"picked":"VampirishNight","floor":5},{"not_picked":["MastersStateliness","GlobalNightmare"],"picked":"EternalNight","floor":6},{"not_picked":["VampireKiss","VampirishNight"],"picked":"ScarletImprint","floor":7},{"not_picked":["VampireKiss","BombardNight"],"picked":"QueenOfMidnight","floor":13},{"not_picked":["BloodyCatastrophe","CurseOfVladTepes"],"picked":"ScarletMeister","floor":16},{"not_picked":["CharismaGuard","RedMagic"],"picked":"BombardNight+1","floor":18},{"not_picked":["BloodAndWine","ScarletImprint+1"],"picked":"EndlessAdversity","floor":22},{"not_picked":["UnderTheZenith","BloodHunter"],"picked":"ReincarnationDial+1","floor":23}],"player_experience":609487,"relics_obtained":[{"floor":6,"key":"ReplayTheSpireMod:TigerMarble"},{"floor":9,"key":"Replay:Arrowhead"},{"floor":10,"key":"Snack Pack"},{"floor":23,"key":"TypeBBloodRedTea"},{"floor":25,"key":"Iron Hammer"},{"floor":25,"key":"Boot"},{"floor":26,"key":"Gambling Chip"}],"event_choices":[{"damage_healed":0,"gold_gain":0,"player_choice":"Fight","damage_taken":0,"max_hp_gain":0,"max_hp_loss":0,"event_name":"HidenRoomEvent","floor":25,"gold_loss":0}],"is_beta":false,"boss_relics":[{"not_picked":["Busted Crown","Hololive_ChaosS"],"picked":"Hololive_Finger"},{"not_picked":[]}],"items_purged_floors":[12,14,19],"is_endless":false,"potions_floor_spawned":[1,4,13,16,22,23],"killed_by":"Hallownest:eliteWatcherKnight","ascension_level":0}}