{"host":"g01l53quoe6lrer0","time":1610391205,"event":{"mods":["2.2 Compatiblity","AchievementEnabler","BaseMod","Colored Map","Highlight Path","Keyboard Shortcuts","Minty Spire (QoL Compilation)","Permanent Neow","StSLib","SuperFastMode","everything is the same but u backflip on backflip"],"gold_per_floor":[366,366,291,291,62,62,90,108,133,151,2,14,26,26,26,122,122,136,136,163,253,272,272,290,290,361,361,391,391,410,430,430,531,531,545,41,41,0,19,19,19,32,32,32,32,43,72,87,87,87],"floor_reached":51,"playtime":1939,"items_purged":["Decay","Strike_B"],"score":1125,"play_id":"43fe0ee7-f269-4f17-b142-b5c73b9d7f4f","local_time":"20210112035325","is_ascension_mode":true,"campfire_choices":[{"data":"Defragment","floor":6.0,"key":"SMITH"},{"floor":15.0,"key":"REST"},{"floor":23.0,"key":"REST"},{"floor":25.0,"key":"REST"},{"data":"Creative AI","floor":27.0,"key":"SMITH"},{"floor":29.0,"key":"REST"},{"floor":32.0,"key":"REST"},{"data":"Chill","floor":40.0,"key":"SMITH"},{"floor":45.0,"key":"REST"},{"floor":49,"key":"REST"}],"circlet_count":0,"master_deck":["AscendersBane","Strike_B","Strike_B","Defend_B","Defend_B","Defend_B","Defend_B","Zap","Dualcast","Stack","Capacitor","Finesse","Defragment+1","Defragment+1","Hologram","Amplify","Loop","Aggregate","Steam Power","Chill+1","Glacier","Barrage","Leap","Storm","Creative AI+1","Hologram+1","Stack","Blizzard","Defragment","Coolheaded","Stack+1","Thunder Strike","Hologram","Consume","Stack","Heatsinks","Storm","Static Discharge","Mind Blast","Storm+1","Madness","Madness","Stack+1","White Noise+1","White Noise+1"],"relics":["Cracked Core","Question Card","Orrery","Darkstone Periapt","Akabeko","Sozu","PreservedInsect","Mummified Hand","The Courier","Inserter","Red Mask","Meat on the Bone","Kunai"],"acts_visited":["Exordium","TheCity","TheBeyond"],"potions_floor_usage":[],"damage_taken":[{"damage":9.0,"enemies":"2 Louse","floor":1.0,"turns":3.0},{"damage":25.0,"enemies":"Lagavulin","floor":7.0,"turns":6.0},{"damage":6.0,"enemies":"Cultist","floor":8.0,"turns":3.0},{"damage":8.0,"enemies":"Small Slimes","floor":10.0,"turns":3.0},{"damage":1.0,"enemies":"Exordium Wildlife","floor":12.0,"turns":5.0},{"damage":0.0,"enemies":"Blue Slaver","floor":13.0,"turns":4.0},{"damage":3.0,"enemies":"Slime Boss","floor":16.0,"turns":17.0},{"damage":10.0,"enemies":"Spheric Guardian","floor":18.0,"turns":7.0},{"damage":23.0,"enemies":"2 Thieves","floor":22.0,"turns":4.0},{"damage":15.0,"enemies":"Snake Plant","floor":24.0,"turns":7.0},{"damage":30.0,"enemies":"Slavers","floor":28.0,"turns":6.0},{"damage":23.0,"enemies":"Centurion and Healer","floor":30.0,"turns":7.0},{"damage":26.0,"enemies":"Shelled Parasite and Fungi","floor":31.0,"turns":10.0},{"damage":17.0,"enemies":"Collector","floor":33.0,"turns":8.0},{"damage":0.0,"enemies":"3 Shapes","floor":35.0,"turns":6.0},{"damage":4.0,"enemies":"Orb Walker","floor":39.0,"turns":3.0},{"damage":0.0,"enemies":"Jaw Worm Horde","floor":42.0,"turns":6.0},{"damage":24.0,"enemies":"Transient","floor":46.0,"turns":5.0},{"damage":21.0,"enemies":"Reptomancer","floor":47.0,"turns":5.0},{"damage":16,"enemies":"Writhing Mass","floor":48,"turns":5},{"damage":47,"enemies":"Time Eater","floor":50,"turns":5}],"seed_played":"8971714980811120445","potions_obtained":[{"floor":1.0,"key":"GamblersBrew"},{"floor":10.0,"key":"FairyPotion"}],"is_trial":false,"path_per_floor":["M","?","$","?","$","R","E","M","T","M","$","M","M","?","R","B",null,"M","?","T","?","M","R","M","R","T","R","E","R","M","M","R","B",null,"M","$","?","?","M","R","?","M","T","?","R","M","E","M","R","B",null],"character_chosen":"DEFECT","items_purchased":["Defragment","Orrery","Glacier","Barrage","Leap","Thunder Strike","Hologram","Consume","Stack","Heatsinks","Storm","Static Discharge"],"campfire_rested":7,"item_purchase_floors":[5,5,11,11,11,36,36,36,36,36,36,36],"current_hp_per_floor":[59,59,59,47,47,47,22,16,16,8,8,7,7,7,29,26,63,53,53,53,41,18,40,25,47,47,47,17,39,16,16,38,21,62,62,62,62,62,58,58,58,58,58,49,71,47,38,34,56,21],"gold":87,"neow_bonus":"TWO_FIFTY_GOLD","is_daily":false,"chose_seed":false,"campfire_upgraded":3,"win_rate":0.0,"timestamp":1610391205,"path_taken":["M","?","?","?","$","R","E","M","T","?","$","M","M","?","R","BOSS","M","?","?","?","M","R","M","R","T","R","E","R","M","?","R","BOSS","M","$","?","?","M","R","?","M","T","?","R","M","E","M","R","BOSS"],"items_purchased_type":["Card","Relic","Card","Card","Card","Card","Card","Card","Card","Card","Card","Card"],"build_version":"2020-12-22","purchased_purges":2,"victory":true,"max_hp_per_floor":[75,75,75,75,75,75,75,75,75,75,75,75,75,75,75,75,75,75,75,75,75,75,75,75,75,75,75,75,75,75,75,75,75,75,75,75,75,75,75,75,75,75,75,75,75,75,75,75,75,75],"card_choices":[{"not_picked":["Gash","Static Discharge"],"picked":"Stack","floor":1.0},{"not_picked":["Beam Cell","Heatsinks","Recycle"],"picked":"Defragment","floor":5.0},{"not_picked":["Coolheaded","Redo","Rebound"],"picked":"Hologram","floor":5.0},{"not_picked":["Barrage","Meteor Strike","Redo"],"picked":"Amplify","floor":5.0},{"not_picked":["Barrage","Coolheaded","Genetic Algorithm"],"picked":"Loop","floor":5.0},{"not_picked":["Amplify","Hologram","Chaos"],"picked":"Aggregate","floor":7.0},{"not_picked":["Self Repair","Lockon","Undo"],"picked":"Steam Power","floor":8.0},{"not_picked":["White Noise","Go for the Eyes","Coolheaded"],"picked":"Chill","floor":10.0},{"not_picked":["Steam","Hello World","Blizzard"],"picked":"Storm","floor":12.0},{"not_picked":["Doom and Gloom","Beam Cell","Steam","Go for the Eyes"],"picked":"SKIP","floor":13.0},{"not_picked":["Meteor Strike","Rainbow","Hyperbeam"],"picked":"Creative AI","floor":16.0},{"not_picked":["Rip and Tear","Redo","Barrage"],"picked":"Hologram+1","floor":18.0},{"not_picked":["Redo","Scrape","Steam"],"picked":"Stack","floor":22.0},{"not_picked":["Cold Snap","Streamline+1","Genetic Algorithm"],"picked":"Blizzard","floor":24.0},{"not_picked":["Reboot","Stack","Streamline"],"picked":"Defragment","floor":28.0},{"not_picked":["Leap+1","Sweeping Beam","Tempest+1"],"picked":"Coolheaded","floor":30.0},{"not_picked":["Beam Cell+1","Rainbow","Hologram","Gash"],"picked":"SKIP","floor":31.0},{"not_picked":["Doom and Gloom","Rebound+1","Auto Shields"],"picked":"Stack+1","floor":35.0},{"not_picked":["Purity","Metamorphosis","Flash of Steel"],"picked":"Mind Blast","floor":37.0},{"not_picked":["Genetic Algorithm","Coolheaded+1","Steam+1","Beam Cell+1"],"picked":"SKIP","floor":39.0},{"not_picked":["Coolheaded+1","Machine Learning","Ball Lightning"],"picked":"Storm+1","floor":42.0},{"not_picked":["Streamline","Go for the Eyes","Gash"],"picked":"Stack+1","floor":46.0},{"not_picked":["Leap","Go for the Eyes+1","Machine Learning"],"picked":"White Noise+1","floor":47.0},{"not_picked":["BootSequence+1","Tempest","Go for the Eyes"],"picked":"White Noise+1","floor":48}],"player_experience":155713,"relics_obtained":[{"floor":7.0,"key":"Darkstone Periapt"},{"floor":9.0,"key":"Akabeko"},{"floor":20.0,"key":"PreservedInsect"},{"floor":26.0,"key":"Mummified Hand"},{"floor":28.0,"key":"The Courier"},{"floor":43.0,"key":"Meat on the Bone"},{"floor":47.0,"key":"Kunai"}],"event_choices":[{"damage_healed":0.0,"max_hp_gain":0.0,"max_hp_loss":0.0,"gold_gain":0.0,"event_name":"Match and Keep!","player_choice":"2 cards matched","floor":2.0,"gold_loss":0.0,"damage_taken":0.0,"cards_obtained":["Capacitor","Finesse"]},{"damage_healed":0.0,"max_hp_gain":0.0,"max_hp_loss":0.0,"gold_gain":0.0,"event_name":"Scrap Ooze","player_choice":"Success","floor":4.0,"gold_loss":0.0,"damage_taken":12.0,"relics_obtained":["Question Card"]},{"damage_healed":0.0,"max_hp_gain":0.0,"max_hp_loss":0.0,"gold_gain":0.0,"event_name":"Living Wall","player_choice":"Grow","floor":14.0,"gold_loss":0.0,"damage_taken":0.0,"cards_upgraded":["Defragment"]},{"damage_healed":0.0,"max_hp_gain":0.0,"max_hp_loss":0.0,"gold_gain":0.0,"event_name":"Ghosts","player_choice":"Ignored","floor":19.0,"gold_loss":0.0,"damage_taken":0.0},{"damage_healed":0.0,"max_hp_gain":0.0,"max_hp_loss":0.0,"gold_gain":90.0,"event_name":"Knowing Skull","player_choice":"GOLD ","floor":21.0,"potions_obtained":[],"gold_loss":0.0,"damage_taken":12.0,"cards_obtained":[]},{"damage_healed":0.0,"max_hp_gain":0.0,"max_hp_loss":0.0,"gold_gain":0.0,"event_name":"SensoryStone","player_choice":"Memory 1","floor":37.0,"gold_loss":0.0,"damage_taken":0.0},{"damage_healed":0.0,"max_hp_gain":0.0,"max_hp_loss":0.0,"gold_gain":0.0,"event_name":"Tomb of Lord Red Mask","player_choice":"Paid","floor":38.0,"gold_loss":41.0,"damage_taken":0.0,"relics_obtained":["Red Mask"]},{"cards_removed":["Strike_B"],"damage_healed":0.0,"max_hp_gain":0.0,"max_hp_loss":0.0,"gold_gain":0.0,"event_name":"Falling","player_choice":"Removed Attack","floor":41.0,"gold_loss":0.0,"damage_taken":0.0},{"damage_healed":0.0,"max_hp_gain":0.0,"max_hp_loss":0.0,"gold_gain":0.0,"event_name":"Winding Halls","player_choice":"Embrace Madness","floor":44.0,"gold_loss":0.0,"damage_taken":9.0,"cards_obtained":["Madness","Madness"]}],"is_beta":false,"boss_relics":[{"not_picked":["Coffee Dripper","Ectoplasm"],"picked":"Sozu"},{"not_picked":["Velvet Choker","Snecko Eye"],"picked":"Inserter"}],"items_purged_floors":[3,36],"is_endless":false,"potions_floor_spawned":[1,10,12,18,22,31,42,46,48],"ascension_level":11}}