{"host":"uflv0e3ja7hvnij7","time":1610330469,"event":{"mods":["BaseMod","Better Altar","Better Match","Better Note","Better Sensory Stone","Better Skull","Better Third Choice","Marisa????????","Minty Spire (QoL Compilation)","Permanent Neow","Replay The Spire","StSLib"],"gold_per_floor":[109,109,549,307,326,326,344,372,442,442,460,460,476,492,492,590,590,608,608,624,144,159,190,190,200,226,226,101,118,137,156,156,257,257,275,295,145,145,158,185,185,213,213,38,50,64,99,112,112,112],"floor_reached":51,"playtime":3356,"items_purged":["Strike_R","Defend_R","Defend_R","Defend_R","Defend_R"],"score":1096,"play_id":"4626a0e1-90c1-49d2-a0ec-59df731f51ef","local_time":"20210110210109","is_ascension_mode":true,"campfire_choices":[{"floor":6,"key":"REST"},{"data":"Rampage","floor":10,"key":"SMITH"},{"floor":12,"key":"REST"},{"data":"Secret Weapon","floor":15,"key":"SMITH"},{"floor":24,"key":"REST"},{"floor":27,"key":"DIG"},{"floor":32,"key":"DIG"},{"floor":41,"key":"DIG"},{"floor":49,"key":"DIG"}],"circlet_count":0,"master_deck":["Bash","Battle Trance","Secret Weapon+1","Pommel Strike","Rampage+1","Shrug It Off","Feed","Good Instincts","Shrug It Off+1","Shockwave+1","Offering","Headbutt+1","Headbutt+1"],"relics":["Burning Blood","Bronze Scales","StrikeDummy","Replay:Grab Bag","Painkiller Herb","Empty Cage","Shovel","Molten Egg 2","Pet Ghost","Bottled Flame","CaptainsWheel","Sozu","Centennial Puzzle","Anchor","Unceasing Top","Chameleon Ring","Boot","Art of War"],"acts_visited":["Exordium","TheCity","TheBeyond"],"potions_floor_usage":[22,23,23,31,35,42],"damage_taken":[{"damage":19,"enemies":"Small Slimes","floor":1,"turns":6},{"damage":1,"enemies":"Cultist","floor":5,"turns":4},{"damage":2,"enemies":"2 Louse","floor":7,"turns":3},{"damage":26,"enemies":"Gremlin Nob","floor":8,"turns":4},{"damage":7,"enemies":"Gremlin Gang","floor":11,"turns":3},{"damage":2,"enemies":"Looter","floor":13,"turns":3},{"damage":4,"enemies":"Red Slaver","floor":14,"turns":4},{"damage":38,"enemies":"Hexaghost","floor":16,"turns":7},{"damage":15,"enemies":"2 Thieves","floor":18,"turns":4},{"damage":13,"enemies":"3 Byrds","floor":20,"turns":2},{"damage":11,"enemies":"Sentry and Sphere","floor":22,"turns":4},{"damage":19,"enemies":"Replay:Snechameleon","floor":23,"turns":4},{"damage":12,"enemies":"Centurion and Healer","floor":25,"turns":5},{"damage":2,"enemies":"Chosen and Byrds","floor":29,"turns":4},{"damage":0,"enemies":"Snake Plant","floor":30,"turns":3},{"damage":12,"enemies":"Centurion and Healer","floor":31,"turns":4},{"damage":43,"enemies":"Automaton","floor":33,"turns":10},{"damage":6,"enemies":"3 Darklings","floor":35,"turns":5},{"damage":6,"enemies":"3 Shapes","floor":36,"turns":3},{"damage":6,"enemies":"Spire Growth","floor":39,"turns":4},{"damage":10,"enemies":"Reptomancer","floor":40,"turns":6},{"damage":16,"enemies":"R_Hoarder","floor":42,"turns":5},{"damage":6,"enemies":"Transient","floor":45,"turns":5},{"damage":6,"enemies":"4 Shapes","floor":46,"turns":4},{"damage":20,"enemies":"Nemesis","floor":47,"turns":5},{"damage":6,"enemies":"Sphere and 2 Shapes","floor":48,"turns":3},{"damage":45,"enemies":"Time Eater","floor":50,"turns":7}],"seed_played":"-3138520332985144069","potions_obtained":[{"floor":8,"key":"Strength Potion"},{"floor":13,"key":"Strength Potion"},{"floor":22,"key":"Energy Potion"},{"floor":23,"key":"SkillPotion"},{"floor":30,"key":"SteroidPotion"},{"floor":31,"key":"Fire Potion"}],"is_trial":false,"path_per_floor":["M","?","?","$","M","R","M","E","T","R","M","R","M","M","R","B",null,"?","?","?","T","?","E","T","?","T","T","T","?","?","?","T","B",null,"?","?","T","?","?","E","T","E","T","T","?","?","E","?","T","B",null],"character_chosen":"IRONCLAD","items_purchased":["Secret Weapon","Good Instincts","Shovel"],"campfire_rested":3,"item_purchase_floors":[4,21,21],"current_hp_per_floor":[67,60,25,25,30,56,60,40,40,40,39,65,69,71,71,39,76,70,70,66,66,64,54,84,81,81,81,81,88,94,91,91,54,95,95,98,98,98,101,100,100,90,90,90,90,93,79,82,82,43],"gold":112,"neow_bonus":"TEN_PERCENT_HP_BONUS","is_daily":false,"chose_seed":false,"campfire_upgraded":2,"win_rate":0.0,"timestamp":1610330469,"path_taken":["M","?","?","$","M","R","M","E","T","R","M","R","M","M","R","BOSS","?","?","?","T","?","E","T","?","T","T","T","?","?","?","T","BOSS","?","?","T","?","?","E","T","E","T","T","?","?","E","?","T","BOSS"],"items_purchased_type":["Card","Card","Relic"],"build_version":"2020-12-22","purchased_purges":5,"victory":true,"max_hp_per_floor":[88,88,88,88,88,88,88,88,88,88,88,88,88,88,88,88,88,91,91,94,94,97,100,100,103,103,103,103,106,106,109,109,109,109,109,112,112,112,115,118,118,118,118,118,118,121,121,124,124,124],"card_choices":[{"not_picked":["Replay:Undeath\u0027s Touch","Clash"],"picked":"Battle Trance","floor":1},{"not_picked":["Thunderclap","Perfected Strike"],"picked":"Pommel Strike","floor":5},{"not_picked":["Heavy Blade","True Grit","Wild Strike"],"picked":"SKIP","floor":7},{"not_picked":["Blood for Blood","Replay:Undeath\u0027s Touch"],"picked":"Rampage","floor":8},{"not_picked":["Twin Strike","Replay:Undeath\u0027s Touch","True Grit"],"picked":"SKIP","floor":11},{"not_picked":["Thunderclap","Body Slam"],"picked":"Shrug It Off","floor":13},{"not_picked":["Body Slam","Cleave","ReplayTheSpireMod:Strike From Hell"],"picked":"SKIP","floor":14},{"not_picked":["Barricade","Eclipse"],"picked":"Feed","floor":16},{"not_picked":["Second Wind","Combust","Wild Strike+1"],"picked":"SKIP","floor":18},{"not_picked":["ReplayReversal","Pommel Strike","Iron Wave+1"],"picked":"SKIP","floor":20},{"not_picked":["ReplayTheSpireMod:Corrosion Curse","Sword Boomerang","Rupture"],"picked":"SKIP","floor":22},{"not_picked":["Bludgeon+1","Power Through","Iron Wave+1"],"picked":"SKIP","floor":23},{"not_picked":["True Grit+1","Havoc","Thunderclap+1"],"picked":"SKIP","floor":25},{"not_picked":["Cleave+1","Infernal Blade"],"picked":"Shrug It Off+1","floor":29},{"not_picked":["Cleave+1","Flex","Metallicize"],"picked":"SKIP","floor":30},{"not_picked":["Body Slam+1","Disarm"],"picked":"Shockwave+1","floor":31},{"not_picked":["Replay:Many Hands","Bludgeon+1"],"picked":"Offering","floor":33},{"not_picked":["Rupture","Anger+1"],"picked":"Headbutt+1","floor":35},{"not_picked":["Cleave+1","Replay:Undeath\u0027s Touch+1","Rupture+1"],"picked":"SKIP","floor":36},{"not_picked":["Ghostly Armor+1","Flex","Warcry"],"picked":"SKIP","floor":39},{"not_picked":["Clash+1","Uppercut+1","Perfected Strike+1"],"picked":"SKIP","floor":40},{"not_picked":["Hemogenesis+1","Wild Strike+1"],"picked":"Headbutt+1","floor":42},{"not_picked":["Thunderclap+1","Run Through+1","ReplayTheSpireMod:Muscle Training+1"],"picked":"SKIP","floor":45},{"not_picked":["Battle Trance+1","ReplayTheSpireMod:Muscle Training+1","Uppercut+1"],"picked":"SKIP","floor":46},{"not_picked":["ReplayTheSpireMod:Stacked","Inflame+1","Battle Trance+1"],"picked":"SKIP","floor":47},{"not_picked":["Hemokinesis+1","Heavy Blade+1","Pommel Strike+1"],"picked":"SKIP","floor":48}],"player_experience":543080,"relics_obtained":[{"floor":8,"key":"Bronze Scales"},{"floor":9,"key":"StrikeDummy"},{"floor":23,"key":"Molten Egg 2"},{"floor":26,"key":"Pet Ghost"},{"floor":27,"key":"Bottled Flame"},{"floor":32,"key":"CaptainsWheel"},{"floor":40,"key":"Centennial Puzzle"},{"floor":41,"key":"Anchor"},{"floor":42,"key":"Unceasing Top"},{"floor":43,"key":"Chameleon Ring"},{"floor":47,"key":"Boot"},{"floor":49,"key":"Art of War"}],"event_choices":[{"cards_removed":["Strike_R"],"damage_healed":0,"gold_gain":0,"player_choice":"Card Removal","damage_taken":7,"max_hp_gain":0,"max_hp_loss":0,"event_name":"Golden Wing","floor":2,"gold_loss":0},{"damage_healed":0,"gold_gain":440,"player_choice":"GO GO GO GO ","damage_taken":39,"relics_obtained":[],"max_hp_gain":0,"max_hp_loss":0,"event_name":"betterSkull:BetterSkull","floor":3,"gold_loss":0,"cards_upgraded":[]},{"cards_removed":["Strike_R"],"damage_healed":0,"gold_gain":0,"player_choice":"Purged","damage_taken":0,"max_hp_gain":0,"max_hp_loss":0,"event_name":"Purifier","floor":19,"gold_loss":0},{"damage_healed":0,"gold_gain":0,"player_choice":"Bought 0 Potions","damage_taken":0,"max_hp_gain":0,"max_hp_loss":0,"event_name":"The Woman in Blue","floor":38,"gold_loss":0}],"is_beta":false,"boss_relics":[{"not_picked":["Mark of Pain","Replay:Drink Me"],"picked":"Replay:Grab Bag"},{"not_picked":["Replay:Bronze Core","Cursed Key"],"picked":"Painkiller Herb"},{"not_picked":["SacredBark","Black Star"],"picked":"Empty Cage"},{"not_picked":["Honey Jar","Philosopher\u0027s Stone"],"picked":"Sozu"}],"items_purged_floors":[4,21,28,37,44],"is_endless":false,"potions_floor_spawned":[8,13,22,23,30,31,35,42,46,48],"ascension_level":7}}