{"host":"80ojs5zx0tu8i1zz","time":1610355722,"event":{"mods":["AchievementEnabler","Arknights The Spire","Aspiration","BaseMod","ChefMod","Colored Map","Colored Powertips","Hermit","Hubris","Infinite Spire","Jorbs\u0027s Wanderer Trilogy","Minty Spire (QoL Compilation)","Replay The Spire","Shop Mod","StSLib","The Dragon Tamer","The Hayseed","The Hierophant","The Marked"],"gold_per_floor":[117,37,37,52,65,93,93,123,148,162,162,162,173,27,27,124,124,139,139,139,149,149,183,183,39,93,93,93,106,116,2,2,2,2],"floor_reached":33,"playtime":2458,"items_purged":["Normality","TheSimpletonMod:SeedCoat"],"score":348,"play_id":"a842ae5e-555b-4773-97f0-aee9d4a1a5bc","local_time":"20210111110202","is_ascension_mode":false,"campfire_choices":[{"data":"TheSimpletonMod:ReapAndSow","floor":7,"key":"SMITH"},{"floor":11,"key":"REST"},{"data":"Pot Of Greed","floor":15,"key":"SMITH"},{"data":"1","floor":24,"key":"LIFT"}],"circlet_count":0,"master_deck":["TheSimpletonMod:Defend_TheSimpleton","TheSimpletonMod:Defend_TheSimpleton","TheSimpletonMod:Defend_TheSimpleton","TheSimpletonMod:Defend_TheSimpleton","TheSimpletonMod:Haymaker","TheSimpletonMod:ReapAndSow+1","TheSimpletonMod:StockTheCellar","TheSimpletonMod:SpiceUp","TheSimpletonMod:SeedCoat","TheSimpletonMod:OnionBloom","TheSimpletonMod:BumperCrop","Pot Of Greed","Pot Of Greed","TheSimpletonMod:Potatoes","TheSimpletonMod:Ferment","TheSimpletonMod:SlashAndBurn","TheSimpletonMod:PestManagement","TheSimpletonMod:Potatoes","TheSimpletonMod:Sunchoke","TheSimpletonMod:Pruning","Pot Of Greed+1","TheSimpletonMod:HitTheSack","TheSimpletonMod:Germinate+1","RitualDagger","TheSimpletonMod:SlashAndBurn+1","Bite","Bite","Bite","Bite","Bite","infinitespire:Execution","TheSimpletonMod:RootDown","TheSimpletonMod:Swelter","Pot Of Greed","TheSimpletonMod:Pruning+1","chefmod:BaoBuns+1","TheSimpletonMod:Rake"],"relics":["TheSimpletonMod:SpudOfTheInnocent","TheSimpletonMod:NightSoil","TheSimpletonMod:TheHarvester","infinitespire:EmpoweringShard","Grinning Jar","infinitespire:PuzzleCube","Ring of Fangs","Ring of Misfortune","aspiration:RitualDagger","Girya","Happy Flower","Lantern","Art of War","PrismaticShard","Onion Ring"],"acts_visited":["Exordium","TheCity"],"potions_floor_usage":[16,18,23,23,23,33],"damage_taken":[{"damage":2,"enemies":"2 Louse","floor":1,"turns":3},{"damage":5,"enemies":"Small Slimes","floor":4,"turns":4},{"damage":0,"enemies":"Cultist","floor":5,"turns":4},{"damage":26,"enemies":"3 Sentries","floor":6,"turns":10},{"damage":49,"enemies":"Gremlin Nob","floor":8,"turns":5},{"damage":8,"enemies":"2 Fungi Beasts","floor":10,"turns":4},{"damage":5,"enemies":"Large Slime","floor":13,"turns":7},{"damage":6,"enemies":"Slime Boss","floor":16,"turns":11},{"damage":36,"enemies":"2 Thieves","floor":18,"turns":3},{"damage":12,"enemies":"Chosen","floor":21,"turns":4},{"damage":68,"enemies":"Nightmare","floor":23,"turns":7},{"damage":19,"enemies":"Snecko","floor":29,"turns":4},{"damage":25,"enemies":"3 Cultists","floor":30,"turns":5},{"damage":59,"enemies":"Collector","floor":33,"turns":3}],"seed_played":"-7413833698708957125","potions_obtained":[{"floor":4,"key":"Elixir"},{"floor":6,"key":"SkillPotion"},{"floor":8,"key":"DistilledChaos"},{"floor":10,"key":"Adrenaline Potion"},{"floor":16,"key":"ColorlessPotion"},{"floor":18,"key":"Adrenaline Potion"},{"floor":23,"key":"Reflective Coating"}],"is_trial":false,"path_per_floor":["M","$","?","M","M","E","R","E","T","M","R","?","M","$","R","B",null,"M","AVR","?","M","?","NM","R","$","T","?","T","M","M","$","R_BF","B"],"character_chosen":"THE_SIMPLETON","items_purchased":["TheSimpletonMod:SpiceUp","TheSimpletonMod:SeedCoat","TheSimpletonMod:Potatoes","TheSimpletonMod:Sunchoke","TheSimpletonMod:Pruning","Lantern","TheSimpletonMod:Rake"],"campfire_rested":1,"item_purchase_floors":[2,2,14,14,14,25,31],"current_hp_per_floor":[82,82,82,77,77,55,55,10,10,6,30,30,29,29,29,27,82,46,46,40,28,28,40,40,40,40,32,32,28,25,25,25,0,0],"gold":2,"neow_bonus":"TEN_PERCENT_HP_BONUS","is_daily":false,"chose_seed":false,"campfire_upgraded":2,"win_rate":0.0,"timestamp":1610355722,"path_taken":["M","$","?","M","M","E","R","E","T","M","R","?","?","$","R","BOSS","M","AVR","?","M","?","NM","R","$","T","?","?","M","M","?","R_BF","BOSS"],"items_purchased_type":["Card","Card","Card","Card","Card","Relic","Card"],"build_version":"2020-12-22","purchased_purges":2,"victory":false,"max_hp_per_floor":[82,82,82,82,82,82,82,82,82,82,82,82,82,82,82,82,82,82,82,82,82,57,57,57,57,57,57,57,57,57,57,57,57,57],"card_choices":[{"not_picked":["TheSimpletonMod:Germinate","TheSimpletonMod:VineRipen"],"picked":"TheSimpletonMod:StockTheCellar","floor":1},{"not_picked":["TheSimpletonMod:Potatoes","TheSimpletonMod:CloseScrape"],"picked":"TheSimpletonMod:OnionBloom","floor":4},{"not_picked":["TheSimpletonMod:Rake","TheSimpletonMod:KeenEdge"],"picked":"TheSimpletonMod:BumperCrop","floor":5},{"not_picked":["TheSimpletonMod:Rototilling","TheSimpletonMod:SaladShooter"],"picked":"TheSimpletonMod:Potatoes","floor":6},{"not_picked":["TheSimpletonMod:DoubleBarrel","TheSimpletonMod:DigIn"],"picked":"TheSimpletonMod:Ferment","floor":8},{"not_picked":["TheSimpletonMod:CloseScrape","TheSimpletonMod:Sunseed"],"picked":"TheSimpletonMod:SlashAndBurn","floor":10},{"not_picked":["TheSimpletonMod:DoubleBarrel","TheSimpletonMod:Sunseed"],"picked":"TheSimpletonMod:PestManagement","floor":13},{"not_picked":["TheSimpletonMod:Biorefinement","TheSimpletonMod:ErosionControl"],"picked":"TheSimpletonMod:HitTheSack","floor":16},{"not_picked":["TheSimpletonMod:SaladShooter","TheSimpletonMod:SeedCoat+1"],"picked":"TheSimpletonMod:Germinate+1","floor":18},{"not_picked":["TheSimpletonMod:PestManagement","TheSimpletonMod:SeedCoat"],"picked":"TheSimpletonMod:SlashAndBurn+1","floor":21},{"not_picked":["infinitespire:SevenWalls","infinitespire:SealOfDarkness+"],"picked":"infinitespire:Execution","floor":23},{"not_picked":["TheSimpletonMod:Pruning+1","TheSimpletonMod:DoubleBarrel"],"picked":"TheSimpletonMod:RootDown","floor":23},{"not_picked":["TheSimpletonMod:Germinate","TheSimpletonMod:SaladShooter+1"],"picked":"TheSimpletonMod:Swelter","floor":27},{"not_picked":["hermit:Quickdraw","ReplayReversal"],"picked":"TheSimpletonMod:Pruning+1","floor":29},{"not_picked":["Discovery","hierophant:Doubloon"],"picked":"chefmod:BaoBuns+1","floor":30}],"player_experience":208061,"relics_obtained":[{"floor":6,"key":"Grinning Jar"},{"floor":8,"key":"infinitespire:PuzzleCube"},{"floor":12,"key":"Ring of Fangs"},{"floor":12,"key":"Ring of Misfortune"},{"floor":23,"key":"Happy Flower"},{"floor":26,"key":"Art of War"},{"floor":27,"key":"PrismaticShard"},{"floor":28,"key":"Onion Ring"}],"event_choices":[{"damage_healed":0,"gold_gain":0,"player_choice":"Joined the Cult","damage_taken":6,"max_hp_gain":0,"max_hp_loss":0,"event_name":"Nest","floor":20,"gold_loss":0,"cards_obtained":["RitualDagger"]},{"damage_healed":0,"gold_gain":0,"player_choice":"Became a vampire","damage_taken":0,"max_hp_gain":0,"max_hp_loss":25,"event_name":"Vampires","floor":22,"gold_loss":0,"cards_obtained":["Bite","Bite","Bite","Bite","Bite"]}],"is_beta":false,"boss_relics":[{"not_picked":["SacredBark","aspiration:SilentSkillbook"],"picked":"aspiration:RitualDagger"}],"items_purged_floors":[19,31],"is_endless":true,"potions_floor_spawned":[4,6,8,10,16,18,21,23],"killed_by":"Collector","ascension_level":0}}