{"host":"312klq0911jlgvh2","time":1610392115,"event":{"mods":["100% Spire Juice","2.2 Compatiblity","AchievementEnabler","Act Like it!","Ascension Unlocker","Aspiration","Astrologer","BaseMod","Beaked The Cultist","Block Reminder","Chen","Clockwork Mod","Colored Powertips","Conspire","Custom Start","Downfall","Energized Spire","Evolution","Friendly Minions","Gensokyo","GifTheSpireLib","Gold Saver","GungeonMod","Halation","Hermit","HololiveMod","Hubris","Infinite Spire","Jedi Mod","Koishi","Marisa????????","Mimic Mod","Minty Spire (QoL Compilation)","Prisma Mod","Random Character Button","Reimu??????","Relic Sorter","Remilia??????","Replay The Spire","Retaliation","Spikes Relics","StSLib","Stuff the Spire","Synergy Search","The Animator","The Blue Laboratory","The Bug Knight","The Poker Player","TheArtist","TheVacant","Trackpad","Uncapped","vexMod","yUi"],"gold_per_floor":[899,456,456,456,469,503,503,514,547,467,467,486,486,514,514,619,619,631,631,631,643,655,686,686,739,762,762,774,798,798,817,817,914,914,934,934,934,952,964,993,704,737,787,787,816,826,826,837,837,939,939,952,956,956,956,965,965,963,963,963,983,994,1004,1004,751,751,834,834,851,851,836,845,859,870,870,572,572,574,586,576,277,277,277,337,337,338,201,227,246,268,280,294,306,340,197,190,185,188,182,182,260,260,272,272,299,308,323,645,645,235,235,235,239,246,258,265,265,343,343,355,44,51,51,65,77,79,98,151,164,86,112,112,123,123,212,239,248,247,253,258,258,288,288,288,306,316,341,344,363,392,392,507,507,507,507,548,791],"floor_reached":158,"playtime":6219,"items_purged":[],"score":4745,"play_id":"350862e2-ec51-4ada-8d1e-bd3220138670","local_time":"20210111140835","daily_mods":["SealedDeck","Hoarder","Vintage","Heirloom","downfall:Improvised"],"is_ascension_mode":false,"campfire_choices":[{"data":"DemoMod:DirectionalPad","floor":7.0,"key":"SMITH"},{"data":"DemoMod:GunShield","floor":15.0,"key":"SMITH"},{"data":"DemoMod:DirectionalPad","floor":27.0,"key":"SMITH"},{"data":"DemoMod:BattleInHaste","floor":32.0,"key":"SMITH"},{"data":"DemoMod:ShadowBullets","floor":47.0,"key":"SMITH"},{"data":"jedi:RedIncense","floor":49.0,"key":"SMITH"},{"data":"DemoMod:ShadowBullets","floor":57.0,"key":"SMITH"},{"data":"DemoMod:ShadowBullets","floor":64.0,"key":"SMITH"},{"data":"DemoMod:GunShield","floor":83.0,"key":"SMITH"},{"data":"Replay:Fractal Strike","floor":91.0,"key":"SMITH"},{"data":"DemoMod:GunShield","floor":93.0,"key":"SMITH"},{"data":"DemoMod:PotionOfGunFriendShip","floor":100.0,"key":"SMITH"},{"floor":112,"key":"REST"},{"data":"infinitespire:Gouge","floor":117,"key":"SMITH"},{"floor":132,"key":"DIG"},{"floor":134,"key":"DIG"},{"floor":151,"key":"DIG"},{"floor":154,"key":"DIG"}],"circlet_count":0,"master_deck":["sneckomod:UnknownCommonAttack+1","sneckomod:UnknownCommonAttack+1","sneckomod:UnknownCommonAttack+1","sneckomod:UnknownCommonSkill+1","sneckomod:UnknownCommonSkill+1","sneckomod:UnknownCommonSkill","sneckomod:UnknownUncommonAttack","sneckomod:UnknownUncommonSkill","sneckomod:UnknownUncommonPower","sneckomod:Unknown","DemoMod:Unmoved","DemoMod:Unmoved","DemoMod:Unmoved","DemoMod:Polaris","DemoMod:Polaris","DemoMod:Polaris","DemoMod:SAA","DemoMod:SAA","DemoMod:SAA","DemoMod:ShadowBullets+1","DemoMod:ShadowBullets+1","DemoMod:ShadowBullets+1","DemoMod:GunShield+1","DemoMod:GunShield+1","DemoMod:GunShield","DemoMod:CombinedRifle","DemoMod:CombinedRifle","DemoMod:CombinedRifle","DemoMod:BattleInHaste+1","DemoMod:BattleInHaste","DemoMod:BattleInHaste","DemoMod:HardPowerCard","DemoMod:HardPowerCard+1","DemoMod:HardPowerCard","DemoMod:DirectionalPad+1","DemoMod:DirectionalPad","DemoMod:DirectionalPad","DemoMod:PotionOfGunFriendShip","DemoMod:PotionOfGunFriendShip+1","DemoMod:PotionOfGunFriendShip+1","Enlightenment","DemoMod:DirectionalPad+1","DemoMod:DirectionalPad","DemoMod:DirectionalPad","DemoMod:GunShield+1","DemoMod:GunShield","DemoMod:GunShield","Replay:SS_fish_1","Replay:SS_fish_1","DemoMod:ZorGun","DemoMod:ZorGun","DemoMod:ZorGun","DemoMod:Elimentaler","DemoMod:Elimentaler","DemoMod:Elimentaler","DemoMod:BlankBullets+1","DemoMod:BlankBullets","DemoMod:BlankBullets","infinitespire:Gouge","infinitespire:Gouge","infinitespire:Gouge+1","DemoMod:Elimentaler","DemoMod:Elimentaler","DemoMod:Elimentaler","DemoMod:HighKaliber","DemoMod:HighKaliber","DemoMod:HighKaliber+1","jedi:RedIncense+1","jedi:RedIncense","jedi:RedIncense","Replay:Hum+1","Replay:Hum+1","Replay:Hum+1","StuffTheSpire:PlasmaPulse","StuffTheSpire:PlasmaPulse","StuffTheSpire:PlasmaPulse","DemoMod:Elimentaler","DemoMod:Elimentaler","DemoMod:ZorGun","DemoMod:ZorGun","DemoMod:ZorGun","Gensokyo:BlemishedSteel","Gensokyo:BlemishedSteel","Replay:Fractal Strike+1","Replay:Fractal Strike","Replay:Fractal Strike","DemoMod:BlankBullets+1","DemoMod:BlankBullets+1","DemoMod:BlankBullets+1","sneckomod:UnknownCommonAttack","sneckomod:UnknownCommonAttack","sneckomod:UnknownCommonAttack","sneckomod:UnknownCommonSkill","sneckomod:UnknownCommonSkill","sneckomod:UnknownCommonSkill","sneckomod:UnknownUncommonAttack","sneckomod:UnknownUncommonSkill","sneckomod:UnknownUncommonPower","sneckomod:Unknown","DemoMod:Elimentaler","DemoMod:MegaHand","DemoMod:MegaHand","DemoMod:MegaHand","Devotion+1","Devotion+1","Devotion+1","DemoMod:PracticeMakesPerfect","DemoMod:PracticeMakesPerfect","DemoMod:PracticeMakesPerfect","DemoMod:ManualReload","DemoMod:ManualReload","DemoMod:ManualReload","expansioncontent:LastStand+1","expansioncontent:LastStand+1","expansioncontent:LastStand+1","DemoMod:RadGun+1","DemoMod:RadGun+1","DemoMod:RadGun+1","DemoMod:ThirdPartyController","DemoMod:ThirdPartyController","DemoMod:ThirdPartyController","hexamod:Sear","hexamod:Sear","hexamod:Sear","ReplayTheSpireMod:Private Reserves","ReplayTheSpireMod:Private Reserves","ReplayTheSpireMod:Private Reserves","ReplayTheSpireMod:Chaos Vortex+1","ReplayTheSpireMod:Chaos Vortex+1","ReplayTheSpireMod:Chaos Vortex+1","DemoMod:PotionOfGunFriendShip+1","DemoMod:PotionOfGunFriendShip+1","DemoMod:PotionOfGunFriendShip+1","DemoMod:LifeOrb+1","DemoMod:LifeOrb+1","DemoMod:LifeOrb+1","DemoMod:BalloonGun+1","DemoMod:BalloonGun+1","DemoMod:BalloonGun+1"],"relics":["StuffTheSpire:OccultApparatus","hubris:Reverence","EVO:Axolotl","vexMod:RedPlottingStone","Pantograph","DemoMod:Plus1Bullets","War Paint","StuffTheSpire:ForceGauntlet","HollowMod:PaleOreRelic","hubris:ToyBattleship","Bottled Lightning","Hololive_LightStick","DemoMod:MeltedRock","Odd Mushroom","Ring of Chaos","RollingBoulder","aspiration:Lifesprig","jedi:firstaidkit","Rawhide","Replay:Rubber Ducky","Guardian:PocketSentry","Happy Flower","Gremlin Food","Dream Catcher","SuspiciousGoo","aspiration:WatcherSkillbook","Pen Nib","jedi:HeartOfTheCards","hubris:ScarierMask","DemoMod:PinkGuonStone","hubris:MysteriousPyramids","conspire:BottledYoYo","DemoMod:MonsterBlood","HollowMod:JonisBlessing","ReplayTheSpireMod:Lightbulb","Bronze Scales","trackpad:IceCube","Tiny Chest","halation:BlackBeret","vexMod:MysteryBossChallenge","Koishi:ColorfulDays","DemoMod:PartiallyEatenCheese","aspiration:HiddenCompartment","Omamori","HollowMod:StagPassRelic","infinitespire:Joker Card","Onion Ring","Frozen Egg 2","vexMod:ImprovementManual","Mastiff:ReiMu","Medical Kit","vexMod:MemoryStick","StuffTheSpire:PointBlank","MealTicket","Gensokyo:SongOfSouls","DemoMod:RedGuonStone","DemoMod:LamentConfigurum","Replay:Ringing Soul","infinitespire:Beetle Shell","trackpad:Mousetrap","infinitespire:Lucky Rock","Boot","StuffTheSpire:Experiment12","vexMod:BigBerry","StuffTheSpire:Barrel","MawBank","Toy Ornithopter","Ancient Tea Set","sneckomod:BlankCard","Sundial","DemoMod:PoisonVial","DemoMod:ClearGuonStone","hubris:CuriousFeather","infinitespire:PuzzleCube","GiantMaggot","hubris:Backtick","DemoMod:GundromedaStrain","StuffTheSpire:Mouthbags","hubris:Metronome","DemoMod:Metronome","Anchor","Old Coin","Incense Burner","Philosopher\u0027s Stone","trackpad:WondrousWand","SpikesRelics:DaevaFist","beaked:ShinyBauble","Replay:Baseball","Bag of Preparation","halation:AfternoonTea","conspire:GiftBox","SlaversCollar","Potion Belt","trackpad:AdjectivePendant","Sling","Shovel","StrikeDummy","StuffTheSpire:HeavyRock","Darkstone Periapt","jedi:shrinkray","aspiration:HummingbirdHeart","StuffTheSpire:GrapeVine","BicycleWheel","Vajra","CeramicFish","aspiration:TomeofQuesting","Pocketwatch","StuffTheSpire:OldFever","trackpad:DisasterInABottle","ReplayTheSpireMod:SealedPack","Centennial Puzzle","conspire:InfiniteJournal","Molten Egg 2","infinitespire:CursedDice","Shuriken","HornCleat","ReplayFunnel","jedi:othersneckoeye","RuthlessExorcism:ReiMu","Blue Doll","trackpad:CultistFigurine","Replay:Bandana","hubris:Zylophone","DemoMod:CrisisStone","Replay:WaspNest","DemoMod:GlassGuonStoneRelic"],"acts_visited":["Exordium","TheCity","TheBeyond","TheBeyond","Gensokyo:Gensokyo","Gensokyo:Gensokyoer","TheCity","TheBeyond","TheEnding"],"potions_floor_usage":[],"damage_taken":[{"damage":0.0,"enemies":"2 Louse","floor":1.0,"turns":2.0},{"damage":0.0,"enemies":"Jaw Worm","floor":5.0,"turns":2.0},{"damage":1.0,"enemies":"Replay:BlueRogue","floor":6.0,"turns":6.0},{"damage":2.0,"enemies":"conspire:RoseBush","floor":8.0,"turns":2.0},{"damage":0.0,"enemies":"3 Louse","floor":9.0,"turns":3.0},{"damage":0.0,"enemies":"3 Louse","floor":12.0,"turns":2.0},{"damage":0.0,"enemies":"The Mushroom Lair","floor":14.0,"turns":4.0},{"damage":6.0,"enemies":"Hexaghost","floor":16.0,"turns":5.0},{"damage":0.0,"enemies":"Shell Parasite","floor":18.0,"turns":3.0},{"damage":0.0,"enemies":"conspire:FuzzyDice","floor":21.0,"turns":4.0},{"damage":0.0,"enemies":"Cultist and Chosen","floor":22.0,"turns":6.0},{"damage":18.0,"enemies":"Slavers","floor":23.0,"turns":4.0},{"damage":0.0,"enemies":"HollowMod:Nosk","floor":25.0,"turns":4.0},{"damage":0.0,"enemies":"Centurion and Healer","floor":28.0,"turns":4.0},{"damage":0.0,"enemies":"Shelled Parasite and Fungi","floor":29.0,"turns":4.0},{"damage":0.0,"enemies":"Chosen and Byrds","floor":31.0,"turns":3.0},{"damage":0.0,"enemies":"Champ","floor":33.0,"turns":5.0},{"damage":0.0,"enemies":"Orb Walker","floor":35.0,"turns":2.0},{"damage":6.0,"enemies":"3 Shapes","floor":38.0,"turns":2.0},{"damage":0.0,"enemies":"Jaw Worm Horde","floor":39.0,"turns":2.0},{"damage":0.0,"enemies":"Nightmare","floor":40.0,"turns":6.0},{"damage":0.0,"enemies":"Reptomancer","floor":42.0,"turns":4.0},{"damage":0.0,"enemies":"Giant Head","floor":45.0,"turns":3.0},{"damage":0.0,"enemies":"3 Darklings","floor":46.0,"turns":2.0},{"damage":0.0,"enemies":"Maw","floor":48.0,"turns":5.0},{"damage":0.0,"enemies":"Donu and Deca","floor":50.0,"turns":6.0},{"damage":0.0,"enemies":"Gensokyo:2_Kodama","floor":52.0,"turns":1.0},{"damage":0.0,"enemies":"Gensokyo:Gryphon","floor":53.0,"turns":2.0},{"damage":0.0,"enemies":"Gensokyo:Python","floor":56.0,"turns":3.0},{"damage":0.0,"enemies":"Gensokyo:Cirno","floor":58.0,"turns":5.0},{"damage":0.0,"enemies":"Gensokyo:Kitsune","floor":61.0,"turns":3.0},{"damage":0.0,"enemies":"Gensokyo:Kitsune","floor":62.0,"turns":2.0},{"damage":0.0,"enemies":"Gensokyo:3_Kodama","floor":63.0,"turns":1.0},{"damage":0.0,"enemies":"Gensokyo:Kokoro","floor":67.0,"turns":3.0},{"damage":0.0,"enemies":"Gensokyo:2_Gloops","floor":69.0,"turns":1.0},{"damage":0.0,"enemies":"Gensokyo:AngelMirror","floor":72.0,"turns":3.0},{"damage":0.0,"enemies":"Gensokyo:AngelMirror","floor":73.0,"turns":1.0},{"damage":0.0,"enemies":"Gensokyo:Koishi","floor":74.0,"turns":3.0},{"damage":0.0,"enemies":"Gensokyo:Slime_Group","floor":78.0,"turns":2.0},{"damage":0.0,"enemies":"Gensokyo:Reisen","floor":79.0,"turns":2.0},{"damage":0.0,"enemies":"Gensokyo:3_Gloops","floor":82.0,"turns":2.0},{"damage":18.0,"enemies":"Gensokyo:Eternal_Rivals","floor":84.0,"turns":6.0},{"damage":0.0,"enemies":"Gensokyo:AncientGuardian","floor":86.0,"turns":3.0},{"damage":0.0,"enemies":"Gensokyo:3_Boulders","floor":89.0,"turns":2.0},{"damage":0.0,"enemies":"Gensokyo:4_Bats","floor":90.0,"turns":2.0},{"damage":0.0,"enemies":"Gensokyo:AtlasGolem","floor":92.0,"turns":1.0},{"damage":0.0,"enemies":"Gensokyo:Rafflesia","floor":94.0,"turns":3.0},{"damage":0.0,"enemies":"Gensokyo:Rafflesia","floor":96.0,"turns":4.0},{"damage":0.0,"enemies":"Gensokyo:Sharpion","floor":97.0,"turns":2.0},{"damage":0.0,"enemies":"Gensokyo:AtlasGolem","floor":98.0,"turns":2.0},{"damage":0.0,"enemies":"Gensokyo:3_Boulders","floor":99.0,"turns":3.0},{"damage":0.0,"enemies":"Gensokyo:Scarlet_Devils","floor":101.0,"turns":2.0},{"damage":0,"enemies":"Small Slimes","floor":103,"turns":2},{"damage":0,"enemies":"Jaw Worm","floor":105,"turns":3},{"damage":0,"enemies":"Jaw Worm","floor":106,"turns":1},{"damage":0,"enemies":"2 Louse","floor":107,"turns":1},{"damage":0,"enemies":"3 Sentries","floor":108,"turns":2},{"damage":0,"enemies":"Looter","floor":113,"turns":1},{"damage":0,"enemies":"Exordium Thugs","floor":114,"turns":1},{"damage":0,"enemies":"Gremlin Gang","floor":115,"turns":1},{"damage":0,"enemies":"Large Slime","floor":116,"turns":1},{"damage":0,"enemies":"The Guardian","floor":118,"turns":2},{"damage":0,"enemies":"2 Thieves","floor":120,"turns":1},{"damage":0,"enemies":"Chosen","floor":122,"turns":1},{"damage":0,"enemies":"Shelled Parasite and Fungi","floor":124,"turns":1},{"damage":0,"enemies":"Nightmare","floor":125,"turns":2},{"damage":0,"enemies":"3 Cultists","floor":126,"turns":2},{"damage":0,"enemies":"Gremlin Leader","floor":127,"turns":2},{"damage":0,"enemies":"Chosen and Byrds","floor":129,"turns":1},{"damage":0,"enemies":"conspire:HollyBat","floor":130,"turns":14},{"damage":0,"enemies":"conspire:Head Lice","floor":131,"turns":1},{"damage":0,"enemies":"Snake Plant","floor":133,"turns":1},{"damage":0,"enemies":"Champ","floor":135,"turns":2},{"damage":0,"enemies":"3 Darklings","floor":137,"turns":1},{"damage":0,"enemies":"Orb Walker","floor":138,"turns":2},{"damage":0,"enemies":"3 Darklings","floor":139,"turns":1},{"damage":0,"enemies":"Jaw Worm Horde","floor":140,"turns":1},{"damage":0,"enemies":"Maw","floor":141,"turns":2},{"damage":0,"enemies":"R_Hoarder","floor":142,"turns":2},{"damage":0,"enemies":"4 Shapes","floor":144,"turns":1},{"damage":0,"enemies":"Spire Growth","floor":145,"turns":2},{"damage":0,"enemies":"Spire Growth","floor":146,"turns":1},{"damage":0,"enemies":"Writhing Mass","floor":148,"turns":1},{"damage":0,"enemies":"Giant Head","floor":149,"turns":2},{"damage":0,"enemies":"3 Darklings","floor":150,"turns":1},{"damage":126,"enemies":"infinitespire:LordOfFortification","floor":152,"turns":7},{"damage":0,"enemies":"Shield and Spear","floor":156,"turns":1},{"damage":0,"enemies":"The Heart","floor":157,"turns":4}],"seed_played":"7372469723007232864","potions_obtained":[{"floor":5.0,"key":"Weak Potion"},{"floor":6.0,"key":"GamblersBrew"},{"floor":8.0,"key":"PowerPotion"},{"floor":120,"key":"blueLaboratory:PolymorphPotion"},{"floor":127,"key":"AttackPotion"}],"is_trial":true,"path_per_floor":["M","$","?","T","M","E","R","M","MIM","$","?","M","?","?","R","B",null,"M","?","?","M","M","E","AVR","E","T","R","M","M","?","M","R","B",null,"M","?","AVR","M","M","NM","$","E","T","?","E","M","R","M","R","B",null,"M","M","AVR","?","M","R","E","?","T","?","M","M","R","$","R","B",null,"M","AVR","?","MIM","M","E","?","$","T","M","E","?","$","M","R","B",null,"M","COS","T","M","M","R","M","R","T","$","M","M","M","M","R","B",null,"M","?","MIM","M","M","E","AVR","$","T","R","M","M","M","M","R","B",null,"M","$","M","?","M","NM","M","E","T","M","M","E","R","M","R","B",null,"M","M","M","M","M","E","?","M","T","M","T","M","E","M","R","B",null,"R","$","E","B",null],"character_chosen":"HUNTRESS","items_purchased":["DemoMod:Plus1Bullets","War Paint","Enlightenment","DemoMod:DirectionalPad","DemoMod:GunShield","DemoMod:MonsterBlood","HollowMod:JonisBlessing","Frozen Egg 2","DemoMod:RedGuonStone","DemoMod:LamentConfigurum","infinitespire:Lucky Rock","Boot","DemoMod:PoisonVial","trackpad:WondrousWand","SpikesRelics:DaevaFist","trackpad:AdjectivePendant","Sling"],"campfire_rested":1,"item_purchase_floors":[2,2,2,2,10,41,41,65,76,76,81,81,95,110,110,121,121],"current_hp_per_floor":[70,70,70,70,70,69,69,67,67,67,67,67,67,67,67,64,70,70,70,70,70,70,59,59,59,59,59,59,59,59,59,59,70,70,70,70,70,73,73,73,80,80,80,80,80,80,80,80,80,80,84,84,84,84,84,84,84,84,84,84,84,84,84,84,84,84,84,90,90,90,90,90,90,90,90,96,96,96,99,99,99,99,99,81,129,129,132,132,132,132,132,132,132,132,138,138,138,138,138,138,141,141,141,141,141,141,141,144,144,150,150,150,150,150,150,150,150,153,165,165,168,168,171,171,174,174,174,174,174,174,174,174,174,174,177,195,195,195,195,195,195,198,198,198,198,198,198,198,201,201,201,78,225,225,225,225,225],"gold":791,"neow_bonus":"","is_daily":false,"chose_seed":false,"campfire_upgraded":13,"win_rate":0.0,"timestamp":1610392115,"path_taken":["M","$","?","?","M","E","R","M","MIM","$","?","?","?","?","R","BOSS","M","?","?","?","M","E","AVR","E","T","R","M","?","?","M","R","BOSS","M","?","AVR","M","M","NM","?","E","T","?","E","?","R","M","R","BOSS","M","M","AVR","?","M","R","E","?","T","?","M","M","R","$","R","BOSS","M","AVR","?","?","M","E","?","?","T","M","E","?","$","M","R","BOSS","M","COS","?","M","M","R","M","R","T","?","M","?","M","M","R","BOSS","M","?","?","M","M","E","AVR","?","T","R","M","M","M","M","R","BOSS","M","$","M","?","M","NM","M","E","T","M","M","E","R","M","R","BOSS","M","M","M","M","M","E","?","M","T","M","?","M","E","M","R","BOSS","R","$","E","BOSS"],"items_purchased_type":["Relic","Relic","Card","Card","Card","Relic","Relic","Relic","Relic","Relic","Relic","Relic","Relic","Relic","Relic","Relic","Relic"],"build_version":"2020-12-22","purchased_purges":0,"victory":true,"max_hp_per_floor":[70,70,70,70,70,70,70,70,70,70,70,70,70,70,70,70,70,70,70,70,70,70,70,70,70,70,70,70,70,70,70,70,70,70,70,70,70,77,77,77,84,84,84,84,84,84,84,84,84,84,84,87,87,87,87,87,87,87,87,87,87,87,90,90,90,90,90,90,93,93,93,93,96,96,96,96,96,96,99,99,99,99,99,99,129,129,132,132,135,135,135,138,138,138,138,138,138,138,138,138,141,141,141,141,141,144,147,150,150,150,150,150,153,156,159,162,162,165,165,168,168,171,174,177,180,180,180,180,183,183,186,186,189,189,192,195,198,198,201,204,204,207,207,210,210,213,213,216,219,222,222,225,225,225,225,228,228],"card_choices":[{"not_picked":["DemoMod:Ejector","DemoMod:MachoBrace","DemoMod:ConditionalReflex"],"picked":"SKIP","floor":6.0},{"not_picked":["DemoMod:GunstockTap","DemoMod:Camera"],"picked":"DemoMod:ZorGun","floor":14.0},{"not_picked":["DemoMod:FightSabre","DemoMod:ThirdPartyController"],"picked":"DemoMod:Elimentaler","floor":16.0},{"not_picked":["DemoMod:FinishedGun","DemoMod:Eureka"],"picked":"DemoMod:BlankBullets","floor":16.0},{"not_picked":["DemoMod:SAA","DemoMod:GunstockTap","DemoMod:LifeOrb"],"picked":"SKIP","floor":22.0},{"not_picked":["DemoMod:Ejector","DemoMod:Unmoved+1","DemoMod:RadGun+1"],"picked":"SKIP","floor":23.0},{"not_picked":["DemoMod:TableSutra","DemoMod:Ejector","DemoMod:Unmoved"],"picked":"SKIP","floor":25.0},{"not_picked":["DemoMod:BSG","DemoMod:FinishedGun"],"picked":"DemoMod:Elimentaler","floor":33.0},{"not_picked":["DemoMod:AC15+1","DemoMod:BSG","PathToVictory+1"],"picked":"DemoMod:HighKaliber","floor":40.0},{"not_picked":["DemoMod:Polaris+1","SashWhip+1","Protect","Crescendo"],"picked":"SKIP","floor":42.0},{"not_picked":["DemoMod:MachoBrace+1","DemoMod:PotionOfGunFriendShip+1","DemoMod:HuntsMan+1","Wallop+1"],"picked":"SKIP","floor":45.0},{"not_picked":["InnerPeace+1","DemoMod:AC15","LikeWater"],"picked":"Replay:Hum+1","floor":48.0},{"not_picked":["Blasphemy","DemoMod:HardPowerCard","DemoMod:Eureka","Replay:BluntJabs"],"picked":"SKIP","floor":58.0},{"not_picked":["Perseverance","ForeignInfluence","Replay:Cycle","InnerPeace"],"picked":"SKIP","floor":61.0},{"not_picked":["DemoMod:Slinger+1","DemoMod:FinishedGun","DemoMod:BSG"],"picked":"DemoMod:Elimentaler","floor":67.0},{"not_picked":["Establishment+1","Replay:BluntJabs","TalkToTheHand","BowlingBash"],"picked":"SKIP","floor":74.0},{"not_picked":["InnerPeace","Protect","Vault"],"picked":"DemoMod:ZorGun","floor":79.0},{"not_picked":["infinitespire:SevenWalls","infinitespire:UltimateForm"],"picked":"Replay:Fractal Strike","floor":89.0},{"not_picked":["Prostrate+1","FlyingSleeves+1","Swivel","TalkToTheHand"],"picked":"SKIP","floor":94.0},{"not_picked":["Brilliance","Alpha","Omniscience"],"picked":"DemoMod:BlankBullets+1","floor":101.0},{"not_picked":["DemoMod:FastSwitch","DemoMod:AC15","SashWhip"],"picked":"DemoMod:MegaHand","floor":108},{"not_picked":["DemoMod:FullFirepower","Blasphemy","jedi:nirvanicrebirth"],"picked":"Devotion+1","floor":118},{"not_picked":["Prostrate","WreathOfFlame","Sanctity"],"picked":"DemoMod:RadGun+1","floor":125},{"not_picked":["DevaForm+1","DemoMod:RadGun","Replay:Battleflow","Replay:AtTheReady"],"picked":"SKIP","floor":127},{"not_picked":["Wish","DemoMod:BattleInHaste","DemoMod:TeaPot","EmptyBody"],"picked":"SKIP","floor":131},{"not_picked":["DeusExMachina","Brilliance","Establishment+1"],"picked":"DemoMod:ThirdPartyController","floor":135},{"not_picked":["Stagnation:ReiMu","Vigilance","PokerPlayerMod:TrumpStrike"],"picked":"hexamod:Sear","floor":136},{"not_picked":["hubris:Ssssneak","expansioncontent:DarkVoid","expansioncontent:FaceSlap"],"picked":"ReplayTheSpireMod:Private Reserves","floor":136},{"not_picked":["infinitespire:SealOfDarkness+","hubris:Rewind","infinitespire:TheBestDefense"],"picked":"ReplayTheSpireMod:Chaos Vortex","floor":136},{"not_picked":["DemoMod:GunslingerForm+1","Wireheading+1","DeusExMachina"],"picked":"DemoMod:PotionOfGunFriendShip+1","floor":142},{"not_picked":["BattleHymn+1","DemoMod:FortunesFavor+1","DemoMod:ConditionalReflex","DemoMod:Unmoved+1"],"picked":"SKIP","floor":145},{"not_picked":["MasterReality+1","SandsOfTime+1","MentalFortress+1"],"picked":"DemoMod:LifeOrb+1","floor":149},{"not_picked":["Establishment+1","ConjureBlade","Scrawl"],"picked":"DemoMod:BalloonGun+1","floor":152},{"not_picked":["DemoMod:Rummage","DemoMod:FeignSurrender+1","DemoMod:FastSwitch+1","ForeignInfluence+1"],"picked":"SKIP","floor":156}],"player_experience":551420,"relics_obtained":[{"floor":1.0,"key":"Pantograph"},{"floor":4.0,"key":"StuffTheSpire:ForceGauntlet"},{"floor":5.0,"key":"HollowMod:PaleOreRelic"},{"floor":6.0,"key":"hubris:ToyBattleship"},{"floor":8.0,"key":"Bottled Lightning"},{"floor":9.0,"key":"Hololive_LightStick"},{"floor":12.0,"key":"DemoMod:MeltedRock"},{"floor":14.0,"key":"Odd Mushroom"},{"floor":18.0,"key":"RollingBoulder"},{"floor":21.0,"key":"aspiration:Lifesprig"},{"floor":22.0,"key":"jedi:firstaidkit"},{"floor":23.0,"key":"Rawhide"},{"floor":25.0,"key":"Guardian:PocketSentry"},{"floor":26.0,"key":"Happy Flower"},{"floor":28.0,"key":"Gremlin Food"},{"floor":29.0,"key":"Dream Catcher"},{"floor":31.0,"key":"SuspiciousGoo"},{"floor":35.0,"key":"Pen Nib"},{"floor":38.0,"key":"DemoMod:PinkGuonStone"},{"floor":39.0,"key":"hubris:MysteriousPyramids"},{"floor":40.0,"key":"conspire:BottledYoYo"},{"floor":42.0,"key":"ReplayTheSpireMod:Lightbulb"},{"floor":43.0,"key":"Bronze Scales"},{"floor":45.0,"key":"trackpad:IceCube"},{"floor":46.0,"key":"Tiny Chest"},{"floor":48.0,"key":"halation:BlackBeret"},{"floor":52.0,"key":"DemoMod:PartiallyEatenCheese"},{"floor":53.0,"key":"aspiration:HiddenCompartment"},{"floor":56.0,"key":"hubris:Reverence"},{"floor":58.0,"key":"HollowMod:StagPassRelic"},{"floor":60.0,"key":"infinitespire:Joker Card"},{"floor":62.0,"key":"Onion Ring"},{"floor":69.0,"key":"Mastiff:ReiMu"},{"floor":72.0,"key":"vexMod:MemoryStick"},{"floor":73.0,"key":"StuffTheSpire:PointBlank"},{"floor":74.0,"key":"MealTicket"},{"floor":77.0,"key":"Replay:Ringing Soul"},{"floor":78.0,"key":"infinitespire:Beetle Shell"},{"floor":79.0,"key":"trackpad:Mousetrap"},{"floor":82.0,"key":"StuffTheSpire:Experiment12"},{"floor":86.0,"key":"StuffTheSpire:Barrel"},{"floor":88.0,"key":"MawBank"},{"floor":89.0,"key":"Toy Ornithopter"},{"floor":90.0,"key":"Ancient Tea Set"},{"floor":92.0,"key":"sneckomod:BlankCard"},{"floor":94.0,"key":"Sundial"},{"floor":96.0,"key":"DemoMod:ClearGuonStone"},{"floor":97.0,"key":"hubris:CuriousFeather"},{"floor":98.0,"key":"infinitespire:PuzzleCube"},{"floor":99.0,"key":"GiantMaggot"},{"floor":103,"key":"StuffTheSpire:Mouthbags"},{"floor":105,"key":"hubris:Metronome"},{"floor":106,"key":"DemoMod:Metronome"},{"floor":107,"key":"Anchor"},{"floor":108,"key":"Old Coin"},{"floor":111,"key":"beaked:ShinyBauble"},{"floor":113,"key":"Replay:Baseball"},{"floor":114,"key":"Bag of Preparation"},{"floor":115,"key":"halation:AfternoonTea"},{"floor":116,"key":"conspire:GiftBox"},{"floor":120,"key":"Potion Belt"},{"floor":122,"key":"Shovel"},{"floor":124,"key":"StrikeDummy"},{"floor":125,"key":"StuffTheSpire:HeavyRock"},{"floor":126,"key":"Darkstone Periapt"},{"floor":128,"key":"jedi:shrinkray"},{"floor":129,"key":"aspiration:HummingbirdHeart"},{"floor":130,"key":"Vajra"},{"floor":131,"key":"CeramicFish"},{"floor":132,"key":"aspiration:TomeofQuesting"},{"floor":133,"key":"StuffTheSpire:OldFever"},{"floor":134,"key":"trackpad:DisasterInABottle"},{"floor":137,"key":"Centennial Puzzle"},{"floor":138,"key":"conspire:InfiniteJournal"},{"floor":139,"key":"Molten Egg 2"},{"floor":140,"key":"infinitespire:CursedDice"},{"floor":141,"key":"Shuriken"},{"floor":142,"key":"ReplayFunnel"},{"floor":144,"key":"jedi:othersneckoeye"},{"floor":145,"key":"RuthlessExorcism:ReiMu"},{"floor":147,"key":"Blue Doll"},{"floor":148,"key":"trackpad:CultistFigurine"},{"floor":149,"key":"Replay:Bandana"},{"floor":150,"key":"hubris:Zylophone"},{"floor":154,"key":"DemoMod:CrisisStone"},{"floor":156,"key":"Replay:WaspNest"}],"event_choices":[{"damage_healed":0.0,"max_hp_gain":0.0,"max_hp_loss":0.0,"gold_gain":0.0,"event_name":"conspire:LoneGhost","player_choice":"Disagree","floor":3.0,"gold_loss":0.0,"damage_taken":0.0},{"damage_healed":0.0,"max_hp_gain":0.0,"max_hp_loss":0.0,"gold_gain":0.0,"cards_transformed":["Enlightenment"],"event_name":"Transmorgrifier","player_choice":"Transformed","floor":11.0,"gold_loss":0.0,"damage_taken":0.0,"cards_obtained":["Replay:SS_fish_1"]},{"damage_healed":0.0,"max_hp_gain":0.0,"max_hp_loss":0.0,"gold_gain":0.0,"event_name":"Mushrooms","player_choice":"Fought Mushrooms","floor":14.0,"gold_loss":0.0,"damage_taken":0.0},{"damage_healed":0.0,"max_hp_gain":0.0,"max_hp_loss":0.0,"gold_gain":0.0,"event_name":"conspire:Investor","player_choice":"Leave","floor":30.0,"gold_loss":0.0,"damage_taken":0.0},{"damage_healed":0.0,"max_hp_gain":0.0,"max_hp_loss":0.0,"gold_gain":0.0,"cards_transformed":["Enlightenment"],"event_name":"Transmorgrifier","player_choice":"Transformed","floor":44.0,"gold_loss":0.0,"damage_taken":0.0,"cards_obtained":["jedi:RedIncense"]},{"damage_healed":0,"gold_gain":0,"player_choice":"Ignored","damage_taken":0,"max_hp_gain":0,"max_hp_loss":0,"event_name":"Golden Shrine","floor":104,"gold_loss":0},{"damage_healed":0,"gold_gain":0,"player_choice":"3 cards matched","damage_taken":0,"max_hp_gain":0,"max_hp_loss":0,"event_name":"Match and Keep!","floor":123,"gold_loss":0,"cards_obtained":["DemoMod:PracticeMakesPerfect","DemoMod:ManualReload","expansioncontent:LastStand"]},{"damage_healed":0,"gold_gain":0,"player_choice":"Bought 0 Potions","damage_taken":0,"max_hp_gain":0,"max_hp_loss":0,"event_name":"The Woman in Blue","floor":143,"gold_loss":0}],"is_beta":false,"boss_relics":[{"not_picked":["Replay:Ancient Bell","halation:ForbiddenBikini"],"picked":"Ring of Chaos"},{"not_picked":["RedLine:ReiMu","trackpad:Trackpad"],"picked":"aspiration:WatcherSkillbook"},{"not_picked":["energizedSpire:RedRose","jedi:paperlyon"],"picked":"vexMod:MysteryBossChallenge"},{"not_picked":["vexMod:RockOfEvil","energizedSpire:MagnifyingGlass"],"picked":"vexMod:ImprovementManual"},{"not_picked":["halation:PlatinumPhoenix","Velvet Choker"],"picked":"vexMod:BigBerry"},{"not_picked":["halation:MonkeysPaw","DemoMod:Test1"],"picked":"hubris:Backtick"},{"not_picked":["Replay:Drink Me","Runic Pyramid"],"picked":"SlaversCollar"},{"not_picked":["beaked:SacredDeck","halation:PinkAlligatorPlush"],"picked":"ReplayTheSpireMod:SealedPack"},{"not_picked":["halation:HeavySnake","ChewingGum","hubris:HollowSoul"]}],"items_purged_floors":[],"is_endless":true,"potions_floor_spawned":[5,6,8,12,14,16,18,22,25,29,33,35,39,40,58,62,69,73,74,79,84,90,92,97,98,106,107,113,114,118,120,124,125,127,135,137,139,142,148,149,150,152],"ascension_level":0}}