{"host":"pi8b3ffzwvxqztac","time":1610334428,"event":{"mods":["BaseMod","Colored Map","Downfall","Minty Spire (QoL Compilation)","StSLib"],"gold_per_floor":[116,135,146,146,146,146,146,146,170,181,191,205,205,205,205,300,350,361,36,50,10,10,10,10,10,35,51,51,80,80,93,93,193,193,204,204,222,2,17,17,32,43,114,114,114,134,134,144,144,144,144],"floor_reached":50,"playtime":2614,"items_purged":[],"score":529,"play_id":"68a18425-867d-463b-bf67-d7cc7772e08a","local_time":"20210111160708","is_ascension_mode":false,"campfire_choices":[{"data":"Neutralize","floor":6,"key":"SMITH"},{"data":"Dagger Spray","floor":8,"key":"SMITH"},{"data":"Sucker Punch","floor":13,"key":"SMITH"},{"data":"Caltrops","floor":15,"key":"SMITH"},{"data":"Blur","floor":23,"key":"SMITH"},{"data":"Blur","floor":25,"key":"SMITH"},{"data":"Footwork","floor":28,"key":"SMITH"},{"floor":30,"key":"REST"},{"data":"After Image","floor":32,"key":"SMITH"},{"data":"Adrenaline","floor":40,"key":"SMITH"},{"data":"Footwork","floor":45,"key":"SMITH"},{"data":"Blade Dance","floor":47,"key":"SMITH"},{"floor":49,"key":"REST"}],"circlet_count":0,"master_deck":["Strike_G","Strike_G","Strike_G","Strike_G+1","Defend_G","Defend_G","Defend_G+1","Defend_G","Defend_G","Survivor","Neutralize+1","Infinite Blades","Caltrops+1","Dagger Spray+1","Unload","Slice","Sucker Punch+1","After Image+1","Blur+1","Blade Dance+1","expansioncontent:DashGenerateEvil+1","Blur+1","Footwork+1","Flying Knee+1","Footwork+1","Crippling Poison+1","Adrenaline+1","Outmaneuver+1","Impatience","Quick Slash+1","Infinite Blades","Caltrops+1"],"relics":["Ring of the Snake","Guardian:PocketSentry","Blood Vial","FaceOfCleric","Tiny House","Whetstone","Oddly Smooth Stone","PreservedInsect","expansioncontent:StudyCardRelic","ClockworkSouvenir","Gremlin Horn"],"acts_visited":["Exordium","TheCity","TheBeyond"],"potions_floor_usage":[12,16,27,29,39,46,50,50],"damage_taken":[{"damage":4,"enemies":"Jaw Worm","floor":1,"turns":5},{"damage":0,"enemies":"Small Slimes","floor":2,"turns":3},{"damage":2,"enemies":"Cultist","floor":3,"turns":4},{"damage":1,"enemies":"Exordium Thugs","floor":10,"turns":4},{"damage":4,"enemies":"Blue Slaver","floor":11,"turns":3},{"damage":0,"enemies":"3 Louse","floor":12,"turns":1},{"damage":22,"enemies":"Slime Boss","floor":16,"turns":8},{"damage":4,"enemies":"3 Byrds","floor":18,"turns":4},{"damage":1,"enemies":"2 Thieves","floor":20,"turns":4},{"damage":0,"enemies":"Centurion and Healer","floor":27,"turns":8},{"damage":20,"enemies":"Gremlin Leader","floor":29,"turns":7},{"damage":0,"enemies":"Snake Plant","floor":31,"turns":4},{"damage":0,"enemies":"Champ","floor":33,"turns":13},{"damage":0,"enemies":"3 Darklings","floor":35,"turns":4},{"damage":0,"enemies":"Orb Walker","floor":37,"turns":5},{"damage":0,"enemies":"Transient","floor":39,"turns":5},{"damage":12,"enemies":"3 Darklings","floor":41,"turns":4},{"damage":0,"enemies":"Writhing Mass","floor":42,"turns":7},{"damage":4,"enemies":"4 Shapes","floor":46,"turns":3},{"damage":27,"enemies":"Transient","floor":48,"turns":5},{"damage":96,"enemies":"Awakened One","floor":50,"turns":23}],"seed_played":"-1936266221564282762","potions_obtained":[{"floor":1,"key":"SpeedPotion"},{"floor":10,"key":"AttackPotion"},{"floor":16,"key":"FearPotion"},{"floor":17,"key":"LiquidMemories"},{"floor":27,"key":"Dexterity Potion"},{"floor":33,"key":"Block Potion"},{"floor":35,"key":"sneckomod:MuddlingPotion"},{"floor":37,"key":"FearPotion"},{"floor":39,"key":"GamblersBrew"}],"is_trial":false,"path_per_floor":["M","M","M","?","?","R","?","R","T","M","M","M","R","?","R","B",null,"M","$","M","$","?","R","?","R","T","M","R","E","R","M","R","B",null,"M","?","M","$","M","R","M","M","T","?","R","M","R","M","R","B"],"character_chosen":"THE_SILENT","items_purchased":["expansioncontent:DashGenerateEvil","Whetstone","Blur","Infinite Blades","ClockworkSouvenir"],"campfire_rested":2,"item_purchase_floors":[19,19,21,38,38],"current_hp_per_floor":[73,73,71,71,71,71,64,64,64,65,63,65,65,65,65,46,83,80,80,82,82,82,82,66,66,66,69,69,52,79,82,82,85,94,95,95,96,96,97,97,86,89,89,89,89,88,88,64,92,0,0],"gold":144,"neow_bonus":"TEN_PERCENT_HP_BONUS","is_daily":false,"chose_seed":false,"campfire_upgraded":11,"win_rate":0.0,"timestamp":1610334428,"path_taken":["M","M","M","?","?","R","?","R","T","M","M","M","R","?","R","BOSS","M","$","?","$","?","R","?","R","T","M","R","E","R","M","R","BOSS","M","?","M","$","M","R","M","M","T","?","R","M","R","M","R","BOSS"],"items_purchased_type":["Card","Relic","Card","Card","Relic"],"build_version":"2020-12-22","purchased_purges":0,"victory":false,"max_hp_per_floor":[77,77,77,77,77,77,77,77,77,77,77,77,77,77,77,78,83,84,84,85,85,85,85,90,90,90,91,91,92,92,93,93,94,94,95,95,96,96,97,97,98,99,99,94,94,95,95,96,96,96,96],"card_choices":[{"not_picked":["Blade Dance","Outmaneuver"],"picked":"Infinite Blades","floor":1},{"not_picked":["Prepared","PiercingWail"],"picked":"Caltrops","floor":2},{"not_picked":["Quick Slash","Predator"],"picked":"Dagger Spray","floor":3},{"not_picked":["Quick Slash","Heel Hook"],"picked":"Unload","floor":10},{"not_picked":["Dagger Spray","Reflex"],"picked":"Slice","floor":11},{"not_picked":["Leg Sweep","Eviscerate"],"picked":"Sucker Punch","floor":12},{"not_picked":["Phantasmal Killer","Doppelganger"],"picked":"After Image","floor":16},{"not_picked":["Crippling Poison","Choke"],"picked":"Blur","floor":17},{"not_picked":["Endless Agony","Deadly Poison"],"picked":"Blade Dance","floor":18},{"not_picked":["Underhanded Strike+1","Deflect","Flechettes"],"picked":"SKIP","floor":20},{"not_picked":["Tactician","Quick Slash"],"picked":"Flying Knee+1","floor":27},{"not_picked":["Flechettes","Calculated Gamble"],"picked":"Footwork","floor":29},{"not_picked":["Tactician","Endless Agony"],"picked":"Crippling Poison+1","floor":31},{"not_picked":["A Thousand Cuts","Phantasmal Killer"],"picked":"Adrenaline","floor":33},{"not_picked":["Deflect","Prepared"],"picked":"Outmaneuver+1","floor":35},{"not_picked":["expansioncontent:SlimeTackle","expansioncontent:PrepareCrush"],"picked":"Impatience","floor":36},{"not_picked":["Tactician+1","Dodge and Roll"],"picked":"Quick Slash+1","floor":37},{"not_picked":["Masterful Stab","Flechettes","Underhanded Strike+1"],"picked":"SKIP","floor":39},{"not_picked":["Blade Dance","Skewer","Dodge and Roll"],"picked":"SKIP","floor":41},{"not_picked":["Prepared+1","Expertise","Dagger Throw"],"picked":"SKIP","floor":42},{"not_picked":["Underhanded Strike","Predator"],"picked":"Caltrops+1","floor":46},{"not_picked":["Underhanded Strike","Prepared","Slice"],"picked":"SKIP","floor":48}],"player_experience":506294,"relics_obtained":[{"floor":9,"key":"Blood Vial"},{"floor":26,"key":"Oddly Smooth Stone"},{"floor":29,"key":"PreservedInsect"},{"floor":43,"key":"Gremlin Horn"}],"event_choices":[{"damage_healed":0,"gold_gain":0,"player_choice":"Box","damage_taken":0,"relics_obtained":["Guardian:PocketSentry"],"max_hp_gain":0,"max_hp_loss":0,"event_name":"Big Fish","floor":4,"gold_loss":0,"cards_obtained":["Regret"]},{"cards_removed":["Regret"],"damage_healed":0,"gold_gain":0,"player_choice":"Forget","damage_taken":0,"max_hp_gain":0,"max_hp_loss":0,"event_name":"Living Wall","floor":5,"gold_loss":0},{"cards_removed":["Strike_G"],"damage_healed":0,"gold_gain":0,"player_choice":"Card Removal","damage_taken":7,"max_hp_gain":0,"max_hp_loss":0,"event_name":"Golden Wing","floor":7,"gold_loss":0},{"damage_healed":0,"gold_gain":0,"player_choice":"Trade","damage_taken":0,"relics_obtained":["FaceOfCleric"],"max_hp_gain":0,"max_hp_loss":0,"event_name":"FaceTrader","floor":14,"gold_loss":0},{"damage_healed":0,"gold_gain":0,"player_choice":"Read","damage_taken":0,"max_hp_gain":0,"max_hp_loss":0,"event_name":"The Library","floor":22,"gold_loss":0,"cards_obtained":["Footwork"]},{"damage_healed":0,"gold_gain":0,"player_choice":"Shed Blood","damage_taken":21,"max_hp_gain":5,"max_hp_loss":0,"event_name":"Forgotten Altar","floor":24,"gold_loss":0},{"damage_healed":0,"gold_gain":0,"player_choice":"Memory 1","damage_taken":0,"max_hp_gain":0,"max_hp_loss":0,"event_name":"SensoryStone","floor":36,"gold_loss":0},{"damage_healed":0,"gold_gain":0,"player_choice":"Max HP","damage_taken":0,"max_hp_gain":0,"max_hp_loss":5,"event_name":"Winding Halls","floor":44,"gold_loss":0}],"is_beta":false,"boss_relics":[{"not_picked":["Cursed Key","SlaversCollar"],"picked":"Tiny House"},{"not_picked":["Empty Cage","HoveringKite"],"picked":"expansioncontent:StudyCardRelic"}],"items_purged_floors":[],"is_endless":false,"potions_floor_spawned":[1,10,16,27,33,35,37,39],"killed_by":"Awakened One","ascension_level":0}}