{"host":"bpkhhmvsfrvlto2l","time":1610395686,"event":{"mods":["2.2 Compatiblity","AchievementEnabler","Act Like it!","AlwaysNeverKeys","Aspiration","BaseMod","Better Silent Start","Challenge The Spire","Colored Map","Colored Powertips","Custom Start","Downfall","Energized Spire","Friendly Minions","GifTheSpireLib","Halation","Hubris","Infinite Spire","Ironclad Rager","Mimic Mod","Minty Spire (QoL Compilation)","Permanent Neow","Quick Restart","Random Character Button","Relic Sorter","Replay The Spire","Spikes Relics","StSLib","Stuff the Spire","Swap Starting Deck Mod","Trackpad"],"gold_per_floor":[119,132,148,159,175,175,175,175],"floor_reached":7,"playtime":130,"items_purged":[],"score":106,"play_id":"a6739592-a949-4ec8-a7bf-5d410c50501a","local_time":"20210111150806","is_ascension_mode":true,"campfire_choices":[{"floor":6,"key":"REST"}],"circlet_count":0,"master_deck":["Ball Lightning","Ball Lightning","Ball Lightning","Ball Lightning","Thunder Strike","Stack","Stack","Stack","Stack","Zap","Capacitor","Heatsinks"],"relics":["Cracked Core","swapstartingdeckmod:DeadBlossom"],"acts_visited":["Exordium"],"potions_floor_usage":[5,7],"damage_taken":[{"damage":0,"enemies":"Cultist","floor":1,"turns":2},{"damage":10,"enemies":"Jaw Worm","floor":2,"turns":2},{"damage":12,"enemies":"Small Slimes","floor":3,"turns":2},{"damage":0,"enemies":"Exordium Wildlife","floor":4,"turns":2},{"damage":29,"enemies":"Exordium Thugs","floor":5,"turns":3},{"damage":38,"enemies":"3 Sentries","floor":7,"turns":3}],"seed_played":"7796545496201117957","potions_obtained":[{"floor":1,"key":"champ:CounterPotion"},{"floor":2,"key":"Doom Potion"},{"floor":4,"key":"sneckomod:MuddlingPotion"}],"is_trial":false,"path_per_floor":["M","M","M","M","M","R","E"],"character_chosen":"DEFECT","items_purchased":[],"campfire_rested":1,"item_purchase_floors":[],"current_hp_per_floor":[75,65,53,53,24,35,0,0],"gold":175,"neow_bonus":"","is_daily":false,"chose_seed":false,"campfire_upgraded":0,"win_rate":0.0,"timestamp":1610395686,"path_taken":["M","M","?","M","M","R","E"],"items_purchased_type":[],"build_version":"2020-12-22","purchased_purges":0,"victory":false,"max_hp_per_floor":[75,75,75,75,75,75,75,75],"card_choices":[{"not_picked":["BasicCrystalCard","Panic Button"],"picked":"Capacitor","floor":1},{"not_picked":["Go for the Eyes","Beam Cell"],"picked":"Heatsinks","floor":5}],"player_experience":68994,"relics_obtained":[],"event_choices":[],"is_beta":false,"boss_relics":[],"items_purged_floors":[],"is_endless":false,"potions_floor_spawned":[1,2,4],"killed_by":"3 Sentries","ascension_level":5}}