{"host":"cnq91ghfhf6lz0gv","time":1610338194,"event":{"mods":["BaseMod","Clockwork Mod","Colored Map","Colored Powertips","Conspire","Downfall","Googly Eyes","Highlight Path","Minty Spire (QoL Compilation)","Replay The Spire","StSLib","SuperFastMode","The Edgeheg","The IronCluck","The Poker Player","The Showman","slay the spire mod where everything is the same but ironclad has a cowboy hat"],"gold_per_floor":[0,14,33,33,49,49,49,79,92,92,2,16,16,16,30,129,129,54,69,87,72,164,164,164,164,182,150,150,150,150,167,177,277,277,277,297,320,195,206,223,223,242,257,275,125,157,157,157,7,41,61,61,61,88,12,12,12],"floor_reached":58,"playtime":5480,"items_purged":["champ:ShieldSlam","Replay:UnknownCurse","champ:EnGarde+1","champ:LastStand+1"],"score":1291,"play_id":"02fb2376-a8b6-4692-9341-688f15a0d7f5","local_time":"20210110230954","is_ascension_mode":false,"campfire_choices":[{"data":"champ:Taunt","floor":1,"key":"SMITH"},{"data":"champ:Encircle","floor":6,"key":"SMITH"},{"data":"champ:Lariat","floor":13,"key":"SMITH"},{"data":"champ:Improvising","floor":18,"key":"SMITH"},{"data":"champ:SwordThrow","floor":23,"key":"SMITH"},{"data":"champ:HoldFirm","floor":25,"key":"SMITH"},{"data":"champ:AdrenalArmor","floor":30,"key":"SMITH"},{"floor":35,"key":"RECALL"},{"data":"champ:Lariat","floor":45,"key":"SMITH"},{"data":"champ:CrownThrow","floor":56,"key":"SMITH"}],"circlet_count":0,"master_deck":["champ:Taunt+1","champ:SwordThrow+1","champ:FanOfKnives+1","champ:Encircle+1","champ:FaceSlap","champ:Lariat+1","champ:AdrenalArmor+1","champ:Improvising+1","champ:CrownThrow+1","Clumsy","champ:HoldFirm+1","champ:HoldFirm","champ:BerserkerStyle+1","champ:Lariat+1","champ:EnragedBash+1"],"relics":["champ:ChampionCrown","champ:LiftRelic","Strawberry","Replay:Bottled Eggs","Kintsugi","downfall:HeartBlessingGreen","Lantern","Mango","Mummified Hand","Astrolabe","Calipers","downfall:HeartBlessingRed","downfall:HeartBlessingBlue","Meat on the Bone","Pear"],"acts_visited":["Exordium","TheCity","TheBeyond","TheEnding"],"potions_floor_usage":[32,32,33,52,52,52],"damage_taken":[{"damage":6,"enemies":"conspire:RoseBush","floor":2,"turns":6},{"damage":11,"enemies":"Jaw Worm","floor":3,"turns":2},{"damage":0,"enemies":"2 Louse","floor":5,"turns":2},{"damage":33,"enemies":"3 Sentries","floor":8,"turns":6},{"damage":12,"enemies":"Large Slime","floor":9,"turns":3},{"damage":9,"enemies":"downfall:FleeingMerchant","floor":11,"turns":4},{"damage":0,"enemies":"3 Louse","floor":12,"turns":1},{"damage":6,"enemies":"Exordium Wildlife","floor":15,"turns":1},{"damage":17,"enemies":"downfall:Watcher","floor":16,"turns":5},{"damage":0,"enemies":"Spheric Guardian","floor":19,"turns":3},{"damage":4,"enemies":"3 Byrds","floor":20,"turns":2},{"damage":26,"enemies":"downfall:FleeingMerchant","floor":21,"turns":4},{"damage":9,"enemies":"Centurion and Healer","floor":26,"turns":3},{"damage":17,"enemies":"downfall:FleeingMerchant","floor":27,"turns":4},{"damage":18,"enemies":"conspire:HollyBat","floor":31,"turns":5},{"damage":8,"enemies":"Snake Plant","floor":32,"turns":2},{"damage":38,"enemies":"downfall:Silent","floor":33,"turns":6},{"damage":21,"enemies":"3 Shapes","floor":36,"turns":3},{"damage":27,"enemies":"Orb Walker","floor":39,"turns":3},{"damage":22,"enemies":"Sphere and 2 Shapes","floor":40,"turns":4},{"damage":46,"enemies":"Transient","floor":42,"turns":5},{"damage":19,"enemies":"Writhing Mass","floor":43,"turns":3},{"damage":30,"enemies":"Sphere and 2 Shapes","floor":44,"turns":4},{"damage":24,"enemies":"conspire:MimicChest","floor":46,"turns":3},{"damage":21,"enemies":"R_Hoarder","floor":50,"turns":4},{"damage":22,"enemies":"Transient","floor":51,"turns":3},{"damage":22,"enemies":"downfall:Defect","floor":52,"turns":3},{"damage":113,"enemies":"downfall:CharBossMerchant","floor":54,"turns":5},{"damage":67,"enemies":"downfall:NeowBoss","floor":57,"turns":10}],"seed_played":"5499646435098826290","potions_obtained":[{"floor":3,"key":"SteroidPotion"},{"floor":12,"key":"Dexterity Potion"},{"floor":16,"key":"ColorlessPotion"},{"floor":19,"key":"LiquidMemories"},{"floor":32,"key":"Reflective Coating"},{"floor":33,"key":"hexamod:EctoCoolerPotion"},{"floor":36,"key":"Strength Potion"},{"floor":39,"key":"EssenceOfSteel"},{"floor":54,"key":"AttackPotion"}],"is_trial":false,"path_per_floor":["R","M","M","?","M","R","T","E","M","?","$","M","R","?","M","B",null,"R","M","M","$","?","R","T","R","M","$","?","?","R","M","M","B",null,"R_BF","M","T","$","M","M","T","M","M","M","R","?","PTL","PTL","$","E","M","B",null,"E","$","R","B",null],"character_chosen":"THE_CHAMP","items_purchased":["Mummified Hand","DuplicationPotion"],"campfire_rested":0,"item_purchase_floors":[27,55],"current_hp_per_floor":[90,90,79,79,79,79,86,62,54,55,55,55,55,55,55,54,98,98,98,98,83,59,59,73,73,73,73,73,73,73,73,73,56,112,112,112,112,112,112,106,106,106,105,105,115,115,115,115,115,125,125,125,132,102,102,102,108],"gold":12,"neow_bonus":"TRANSFORM_TWO_CARDS","is_daily":false,"chose_seed":false,"campfire_upgraded":9,"win_rate":0.0,"timestamp":1610338194,"path_taken":["R","M","M","?","M","R","T","E","M","?","?","M","R","?","M","BOSS","R","M","M","$","?","R","T","R","M","$","?","?","R","M","M","BOSS","R_BF","M","?","$","M","?","T","M","M","?","R","?","PTL","PTL","$","E","M","BOSS","E","$","R","BOSS"],"items_purchased_type":["Relic","Potion"],"build_version":"2020-12-22","purchased_purges":4,"victory":true,"max_hp_per_floor":[90,90,90,90,90,90,97,97,97,98,98,98,98,98,98,98,98,98,98,98,98,98,98,112,112,112,112,112,112,112,112,112,112,112,112,112,112,112,112,112,112,112,112,112,122,122,122,122,122,132,132,132,132,132,132,132,132],"card_choices":[{"not_picked":["champ:PreciseThrust","champ:CrookedStrike"],"picked":"champ:RapidStrikes","floor":2},{"not_picked":["champ:FaceSlap","champ:GladiatorsShout"],"picked":"champ:FanOfKnives","floor":3},{"not_picked":["champ:GutPunch","champ:TornadoPunch"],"picked":"champ:Encircle","floor":5},{"not_picked":["champ:FanOfKnives","champ:GutPunch"],"picked":"champ:FaceSlap","floor":8},{"not_picked":["champ:PerfectedStrike","champ:FocusedBerserking","champ:Encircle"],"picked":"SKIP","floor":9},{"not_picked":["champ:BladeFlurry","champ:CrookedStrike"],"picked":"champ:Lariat","floor":11},{"not_picked":["champ:GutPunch","champ:FanOfKnives"],"picked":"champ:AdrenalArmor","floor":12},{"not_picked":["champ:BerserkersShout","champ:IronFortress"],"picked":"champ:Improvising","floor":15},{"not_picked":["champ:SteelEdge","champ:DancingMaster"],"picked":"champ:CrownThrow","floor":16},{"not_picked":["champ:DefensiveShout","champ:TornadoPunch","champ:GutPunch"],"picked":"SKIP","floor":19},{"not_picked":["champ:ArenaPreparation+1","champ:Backstep+1","champ:GladiatorsShout+1"],"picked":"SKIP","floor":20},{"not_picked":["champ:StanceDance","champ:SkillfulDodge+1","champ:BladeFlurry"],"picked":"SKIP","floor":21},{"not_picked":["champ:FlashCut","champ:GladiatorsShout"],"picked":"champ:HoldFirm","floor":22},{"not_picked":["champ:Riposte+1","champ:BerserkerStyle","champ:FightOn"],"picked":"SKIP","floor":26},{"not_picked":["champ:PerfectedStrike+1","champ:BringItOn","champ:FaceSlap"],"picked":"SKIP","floor":27},{"not_picked":["champ:CrookedStrike","champ:RecklessLeap","champ:AdrenalArmor"],"picked":"SKIP","floor":31},{"not_picked":["champ:GutPunch","champ:Circumvent+1","champ:FaceSlap"],"picked":"SKIP","floor":32},{"not_picked":["champ:MurderStrike","champ:ShieldSlam"],"picked":"champ:HoldFirm","floor":33},{"not_picked":["champ:BladeFlurry","champ:RecklessLeap+1","champ:StanceDance"],"picked":"SKIP","floor":36},{"not_picked":["champ:Riposte","champ:BringItOn+1","champ:FanOfKnives+1"],"picked":"SKIP","floor":39},{"not_picked":["champ:PerfectedStrike+1","champ:BerserkersShout+1","champ:RisingSlash"],"picked":"SKIP","floor":40},{"not_picked":["champ:PerfectedStrike+1","champ:StanceDance+1","champ:BerserkersShout+1"],"picked":"SKIP","floor":42},{"not_picked":["champ:ShieldSlam","champ:DefensiveShout","champ:GladiatorsShout"],"picked":"SKIP","floor":43},{"not_picked":["champ:Riposte","champ:GladiatorsShout"],"picked":"champ:Lariat","floor":44},{"not_picked":["champ:IronFortress","champ:FaceSlap+1"],"picked":"champ:EnragedBash+1","floor":50},{"not_picked":["champ:Backstep","champ:Duel+1","champ:RisingSlash+1"],"picked":"SKIP","floor":51},{"not_picked":["champ:AdrenalArmor","champ:CrookedStrike","champ:FanOfKnives+1"],"picked":"SKIP","floor":54}],"player_experience":190922,"relics_obtained":[{"floor":7,"key":"Strawberry"},{"floor":8,"key":"Replay:Bottled Eggs"},{"floor":22,"key":"Lantern"},{"floor":24,"key":"Mango"},{"floor":41,"key":"Calipers"},{"floor":46,"key":"Meat on the Bone"},{"floor":50,"key":"Pear"}],"event_choices":[{"damage_healed":0,"gold_gain":0,"player_choice":"Leave","damage_taken":0,"max_hp_gain":0,"max_hp_loss":0,"event_name":"conspire:Investor","floor":14,"gold_loss":0},{"damage_healed":0,"gold_gain":0,"player_choice":"Ignored","damage_taken":0,"max_hp_gain":0,"max_hp_loss":0,"event_name":"Vampires","floor":28,"gold_loss":0},{"damage_healed":0,"gold_gain":0,"player_choice":"Leave","damage_taken":0,"max_hp_gain":0,"max_hp_loss":0,"event_name":"FaceTrader","floor":29,"gold_loss":0}],"is_beta":false,"boss_relics":[{"not_picked":["SlaversCollar","Runic Pyramid"],"picked":"Kintsugi"},{"not_picked":["Snecko Eye","Replay:Bronze Core"],"picked":"Astrolabe"}],"items_purged_floors":[11,27,38,49],"is_endless":false,"potions_floor_spawned":[3,12,16,19,32,33,36,39,42,46,50,54],"ascension_level":0}}