{"host":"pzq1vc4uuxkm5fg8","time":1610339316,"event":{"mods":["BaseMod","BetterRewards","Downfall","Hermit","Marisa????????","Minty Spire (QoL Compilation)","Shop Mod","StSLib","The Cursed"],"gold_per_floor":[118,128,138,150,167,167,202,202,502,502,0,25,42,53,53,150,150,170,185,198,220,319,319,365,365,392,418,464,495,2,65,65,191,191,251,300,300,43,123,151,189,222,222,48,114,133,133,175,175,186],"floor_reached":51,"playtime":8756,"items_purged":["Injury","Writhe"],"score":886,"play_id":"0878d4ee-56a2-4631-ae69-0df60198a8dc","local_time":"20210110232836","is_ascension_mode":false,"campfire_choices":[{"data":"EarthLightRay","floor":6.0,"key":"SMITH"},{"data":"UpSweep","floor":8.0,"key":"SMITH"},{"data":"OortCloud","floor":15,"key":"SMITH"},{"data":"PulseMagic","floor":23,"key":"SMITH"},{"floor":25,"key":"REST"},{"floor":32,"key":"REST"},{"data":"AbsoluteMagnitude","floor":47,"key":"SMITH"},{"floor":49,"key":"REST"}],"circlet_count":0,"master_deck":["Strike_MRS+1","Strike_MRS","Strike_MRS","Strike_MRS","Defend_MRS","Defend_MRS","Defend_MRS","Defend_MRS","UpSweep+1","OortCloud+1","RefractionSpark","DragonMeteor","SuperPerseids","ChargeUpSpray+1","Orbital","GrandCross","EarthLightRay+1","JA","NonDirectionalLaser","SporeBomb","AbsoluteMagnitude+1","Acceleration","Robbery+1","PulseMagic+1","EscapeVelocity","OneTimeOff+1","SprinkleStarSeal","AsteroidBelt","BinaryStars","GalacticHalo+1","PowerUp","Madness","Madness","DarkMatter+1","Acceleration+1","Singularity","Occultation","ManaRampage","GasGiant","ManaConvection+1"],"relics":["MiniHakkero","Torii","Blood Vial","Singing Bowl","Old Coin","HandmadeGrimoire","BreadOfAWashokuLover","Calipers","Cursed Key","Mango","MealTicket","MawBank","Blue Candle","Frozen Eye","Mummified Hand","Runic Pyramid","Matryoshka","WingedGreaves","Bird Faced Urn","Vajra","Whetstone","InkBottle","Gremlin Horn"],"acts_visited":["Exordium","TheCity","TheBeyond"],"potions_floor_usage":[13,16,16,18,24,24,31,33,33,41,45,50],"damage_taken":[{"damage":6.0,"enemies":"Jaw Worm","floor":1.0,"turns":4.0},{"damage":1.0,"enemies":"Small Slimes","floor":2.0,"turns":4.0},{"damage":1.0,"enemies":"2 Louse","floor":3.0,"turns":3.0},{"damage":9.0,"enemies":"Exordium Wildlife","floor":4.0,"turns":4.0},{"damage":2.0,"enemies":"Red Slaver","floor":5.0,"turns":4.0},{"damage":11.0,"enemies":"3 Sentries","floor":7.0,"turns":7.0},{"damage":10.0,"enemies":"Lagavulin","floor":12.0,"turns":7.0},{"damage":3,"enemies":"Exordium Thugs","floor":13,"turns":11},{"damage":0,"enemies":"Lots of Slimes","floor":14,"turns":3},{"damage":7,"enemies":"Hexaghost","floor":16,"turns":8},{"damage":4,"enemies":"Chosen","floor":18,"turns":7},{"damage":0,"enemies":"Shell Parasite","floor":19,"turns":2},{"damage":15,"enemies":"Snecko","floor":20,"turns":3},{"damage":6,"enemies":"3 Cultists","floor":21,"turns":5},{"damage":36,"enemies":"Gremlin Leader","floor":24,"turns":7},{"damage":28,"enemies":"Snake Plant","floor":27,"turns":4},{"damage":9,"enemies":"Centurion and Healer","floor":28,"turns":5},{"damage":29,"enemies":"Book of Stabbing","floor":29,"turns":4},{"damage":57,"enemies":"Gremlin Leader","floor":31,"turns":9},{"damage":64,"enemies":"Automaton","floor":33,"turns":10},{"damage":23,"enemies":"3 Darklings","floor":35,"turns":5},{"damage":8,"enemies":"3 Shapes","floor":36,"turns":4},{"damage":6,"enemies":"Mind Bloom Boss Battle","floor":39,"turns":8},{"damage":18,"enemies":"Nemesis","floor":40,"turns":5},{"damage":6,"enemies":"Writhing Mass","floor":41,"turns":5},{"damage":1,"enemies":"Giant Head","floor":42,"turns":7},{"damage":50,"enemies":"Reptomancer","floor":45,"turns":7},{"damage":1,"enemies":"Sphere and 2 Shapes","floor":46,"turns":4},{"damage":7,"enemies":"Maw","floor":48,"turns":6},{"damage":38,"enemies":"Donu and Deca","floor":50,"turns":8}],"seed_played":"747666299538022995","potions_obtained":[{"floor":2.0,"key":"ColorlessPotion"},{"floor":3.0,"key":"Explosive Potion"},{"floor":4.0,"key":"Block Potion"},{"floor":14,"key":"PowerPotion"},{"floor":16,"key":"Swift Potion"},{"floor":21,"key":"DistilledChaos"},{"floor":28,"key":"CultistPotion"},{"floor":29,"key":"DistilledChaos"},{"floor":31,"key":"SkillPotion"},{"floor":35,"key":"SteroidPotion"},{"floor":39,"key":"Regen Potion"},{"floor":41,"key":"SpeedPotion"},{"floor":42,"key":"Regen Potion"},{"floor":46,"key":"DistilledChaos"}],"is_trial":false,"path_per_floor":["M","M","M","M","M","R","E","R","T","?","$","E","M","M","R","B",null,"M","M","M","M","?","R","E","R","T","M","M","E","$","E","R","B",null,"M","M","?","$","?","E","M","E","T","$","E","M","R","M","R","B",null],"character_chosen":"MARISA","items_purchased":["OortCloud","RefractionSpark","Blood Vial","DragonMeteor","HandmadeGrimoire","BreadOfAWashokuLover","SprinkleStarSeal","Blue Candle","Frozen Eye","Matryoshka","Occultation"],"campfire_rested":3,"item_purchase_floors":[0,0,0,0,11,11,30,30,30,38,44],"current_hp_per_floor":[55,56,57,50,50,50,49,49,49,54,54,52,60,68,68,80,82,94,97,88,90,90,90,78,111,111,93,92,71,86,37,71,15,115,98,98,84,99,101,91,101,116,116,117,89,94,94,99,117,88],"gold":186,"neow_bonus":"","is_daily":false,"chose_seed":false,"campfire_upgraded":5,"win_rate":0.0,"timestamp":1610339316,"path_taken":["M","M","M","M","M","R","E","R","T","?","$","E","M","M","R","BOSS","M","M","M","M","?","R","E","R","T","M","M","E","$","E","R","BOSS","M","M","?","$","?","E","M","E","T","?","E","M","R","M","R","BOSS"],"items_purchased_type":["Card","Card","Relic","Card","Relic","Relic","Card","Relic","Relic","Relic","Card"],"build_version":"2020-12-22","purchased_purges":2,"victory":true,"max_hp_per_floor":[75,75,75,75,75,75,77,77,77,82,82,82,82,82,82,82,82,95,97,97,97,97,97,113,113,113,115,115,115,115,115,115,115,115,115,115,115,115,115,115,115,117,117,117,117,117,117,117,117,117],"card_choices":[{"not_picked":["DragonMeteor","GravityBeat"],"picked":"SuperPerseids","floor":1.0},{"not_picked":["GalacticHalo","GravityBeat"],"picked":"ChargeUpSpray","floor":2.0},{"not_picked":["PowerUp","UnstableBomb"],"picked":"Orbital","floor":3.0},{"not_picked":["NonDirectionalLaser","DC"],"picked":"GrandCross","floor":4.0},{"not_picked":["WitchLeyline","DC"],"picked":"EarthLightRay","floor":5.0},{"not_picked":["Orbital","DC","LuminesStrike"],"picked":"Singing Bowl","floor":7.0},{"not_picked":["PowerUp","LuminesStrike"],"picked":"JA","floor":12.0},{"not_picked":["UnstableBomb","DC"],"picked":"NonDirectionalLaser","floor":13},{"not_picked":["WitchOfGreed","PowerUp"],"picked":"SporeBomb","floor":14},{"not_picked":["ManaRampage","SatelliteIllusion"],"picked":"AbsoluteMagnitude","floor":16},{"not_picked":["6A","DoubleSpark"],"picked":"Acceleration","floor":18},{"not_picked":["DC+1","Orbital","Acceleration"],"picked":"Singing Bowl","floor":19},{"not_picked":["NonDirectionalLaser+1","OpenUniverse"],"picked":"Robbery+1","floor":20},{"not_picked":["DeepEcoloBomb","ShootTheMoon"],"picked":"PulseMagic","floor":21},{"not_picked":["SporeBomb","RefractionSpark","DC+1"],"picked":"Singing Bowl","floor":24},{"not_picked":["UnstableBomb","NonDirectionalLaser","OpenUniverse+1"],"picked":"Singing Bowl","floor":27},{"not_picked":["PowerUp","6A"],"picked":"EscapeVelocity","floor":28},{"not_picked":["JA","GravityBeat+1"],"picked":"OneTimeOff+1","floor":29},{"not_picked":["LuminesStrike","StarDustReverie"],"picked":"AsteroidBelt","floor":31},{"not_picked":["ManaRampage","StarDustReverie"],"picked":"BinaryStars","floor":33},{"not_picked":["PowerUp+1","MilkyWay"],"picked":"GalacticHalo+1","floor":35},{"not_picked":["GravityBeat","WitchOfGreed"],"picked":"PowerUp","floor":36},{"not_picked":["AlicesGift","Singularity"],"picked":"DarkMatter+1","floor":39},{"not_picked":["MysteriousBeam+1","DC+1"],"picked":"Acceleration+1","floor":40},{"not_picked":["PropBag","SprinkleStarSeal"],"picked":"Singularity","floor":41},{"not_picked":["ChargeUpSpray","SporeBomb","GrandCross"],"picked":"Singing Bowl","floor":42},{"not_picked":["EarthLightRay","GravityBeat+1"],"picked":"ManaRampage","floor":45},{"not_picked":["MilkyWay","IllusionStar"],"picked":"GasGiant","floor":46},{"not_picked":["IllusionStar+1","Robbery"],"picked":"ManaConvection+1","floor":48}],"player_experience":297439,"relics_obtained":[{"floor":7.0,"key":"Singing Bowl"},{"floor":9.0,"key":"Old Coin"},{"floor":12.0,"key":"Calipers"},{"floor":24,"key":"Mango"},{"floor":26,"key":"MealTicket"},{"floor":29,"key":"MawBank"},{"floor":31,"key":"Mummified Hand"},{"floor":39,"key":"WingedGreaves"},{"floor":40,"key":"Bird Faced Urn"},{"floor":42,"key":"Vajra"},{"floor":43,"key":"Whetstone"},{"floor":43,"key":"InkBottle"},{"floor":45,"key":"Gremlin Horn"}],"event_choices":[{"damage_healed":0.0,"max_hp_gain":5.0,"max_hp_loss":0.0,"gold_gain":0.0,"event_name":"Big Fish","player_choice":"Donut","floor":10.0,"gold_loss":0.0,"damage_taken":0.0},{"damage_healed":0,"gold_gain":99,"player_choice":"Stole From Cult","damage_taken":0,"max_hp_gain":0,"max_hp_loss":0,"event_name":"Nest","floor":22,"gold_loss":0},{"damage_healed":0,"gold_gain":0,"player_choice":"Embrace Madness","damage_taken":14,"max_hp_gain":0,"max_hp_loss":0,"event_name":"Winding Halls","floor":37,"gold_loss":0,"cards_obtained":["Madness","Madness"]},{"damage_healed":0,"gold_gain":0,"player_choice":"Fight","damage_taken":0,"max_hp_gain":0,"max_hp_loss":0,"event_name":"MindBloom","floor":39,"gold_loss":0}],"is_beta":false,"boss_relics":[{"not_picked":["Philosopher\u0027s Stone","Snecko Eye"],"picked":"Cursed Key"},{"not_picked":["Black Star","Astrolabe"],"picked":"Runic Pyramid"}],"items_purged_floors":[30,44],"is_endless":false,"potions_floor_spawned":[2,3,4,14,16,21,28,29,31,35,39,41,42,46],"ascension_level":0}}