{"host":"2brg86hfzr3u5cix","time":1610369127,"event":{"mods":["AchievementEnabler","Ascension Unlocker","BaseMod","CapriCore","DeckTracker","Highlight Path","Keyboard Shortcuts","Minty Spire (QoL Compilation)","Permanent Neow","Relic Stats","StSLib","Twitch Utils","Uncapped","UnlockEverythingMod"],"gold_per_floor":[110,35,110,110,125,152,152,169,218,247,266,266,266,266,266,340,340,353,88,88,98,98,130,130,142,142,142,142],"floor_reached":27,"playtime":722,"items_purged":["Strike_B","Defend_B"],"score":528,"play_id":"cc9f56b3-c9e1-4d30-a8c9-a9ca8332721e","local_time":"20210111214527","is_ascension_mode":true,"campfire_choices":[{"data":"Dualcast","floor":7.0,"key":"SMITH"},{"data":"Hyperbeam","floor":13.0,"key":"SMITH"},{"floor":15.0,"key":"REST"}],"circlet_count":0,"master_deck":["AscendersBane","Strike_B","Defend_B","Defend_B","Defend_B","Dualcast+1","Compile Driver+1","Auto Shields","Loop+1","Hyperbeam+1","Coolheaded","Core Surge","Turbo","Barrage","Buffer","Go for the Eyes","Sweeping Beam","Streamline+1"],"relics":["Cracked Core","NeowsBlessing","Omamori","Oddly Smooth Stone","Strawberry","Nuclear Battery","ClockworkSouvenir","Gremlin Horn","WingedGreaves"],"acts_visited":["Exordium","TheCity"],"potions_floor_usage":[27],"damage_taken":[{"damage":0.0,"enemies":"Jaw Worm","floor":1.0,"turns":1.0},{"damage":0.0,"enemies":"2 Louse","floor":5.0,"turns":1.0},{"damage":0.0,"enemies":"Gremlin Nob","floor":6.0,"turns":1.0},{"damage":4.0,"enemies":"Small Slimes","floor":8.0,"turns":3.0},{"damage":4.0,"enemies":"Lagavulin","floor":10.0,"turns":6.0},{"damage":0.0,"enemies":"2 Fungi Beasts","floor":11.0,"turns":1.0},{"damage":38.0,"enemies":"The Guardian","floor":16.0,"turns":12.0},{"damage":5.0,"enemies":"Spheric Guardian","floor":18.0,"turns":3.0},{"damage":0.0,"enemies":"Chosen","floor":21.0,"turns":4.0},{"damage":20.0,"enemies":"Slavers","floor":23.0,"turns":3.0},{"damage":10.0,"enemies":"Snecko","floor":25.0,"turns":4.0},{"damage":6,"enemies":"Centurion and Healer","floor":27,"turns":2}],"seed_played":"-8660855013803595602","potions_obtained":[{"floor":6.0,"key":"Strength Potion"},{"floor":8.0,"key":"FearPotion"},{"floor":16.0,"key":"Strength Potion"},{"floor":18.0,"key":"Swift Potion"},{"floor":23.0,"key":"LiquidBronze"}],"is_trial":false,"path_per_floor":["M","$","?","?","M","E","R","M","T","E","M","?","R","?","R","B",null,"M","$","?","M","?","E","T","M","T","M"],"character_chosen":"DEFECT","items_purchased":["ClockworkSouvenir"],"campfire_rested":1,"item_purchase_floors":[19],"current_hp_per_floor":[64,64,53,53,53,53,53,49,49,52,52,29,29,22,45,7,60,55,55,55,55,33,13,13,3,3,0,0],"gold":142,"neow_bonus":"THREE_ENEMY_KILL","is_daily":false,"chose_seed":false,"campfire_upgraded":2,"win_rate":0.0,"timestamp":1610369127,"path_taken":["M","$","?","?","M","E","R","M","T","E","M","?","R","?","R","BOSS","M","$","?","M","?","E","?","M","T","?"],"items_purchased_type":["Relic"],"build_version":"2020-12-22","purchased_purges":2,"victory":false,"max_hp_per_floor":[71,71,71,71,71,71,71,71,71,78,78,78,78,78,78,78,78,78,78,78,78,83,83,83,83,83,83,83],"relic_stats":{"Gremlin Horn":[0,0],"counters":[12,41],"obtain_stats":[{"NeowsBlessing":0,"Gremlin Horn":23,"Strawberry":10,"Oddly Smooth Stone":9,"WingedGreaves":26,"Omamori":6,"Cracked Core":0,"Nuclear Battery":17,"ClockworkSouvenir":19},{"NeowsBlessing":0,"Gremlin Horn":10,"Strawberry":5,"Oddly Smooth Stone":4,"WingedGreaves":11,"Omamori":3,"Cracked Core":0,"Nuclear Battery":7,"ClockworkSouvenir":8},{"NeowsBlessing":0,"Gremlin Horn":35,"Strawberry":12,"Oddly Smooth Stone":6,"WingedGreaves":39,"Omamori":3,"Cracked Core":0,"Nuclear Battery":25,"ClockworkSouvenir":28}]},"card_choices":[{"not_picked":["Static Discharge","Stack"],"picked":"Compile Driver","floor":1.0},{"not_picked":["Barrage","Hologram"],"picked":"Auto Shields","floor":5.0},{"not_picked":["Creative AI","Gash"],"picked":"Loop","floor":6.0},{"not_picked":["Reprogram","Gash","Steam"],"picked":"SKIP","floor":8.0},{"not_picked":["Gash","Rebound"],"picked":"Hyperbeam","floor":10.0},{"not_picked":["Leap","Turbo"],"picked":"Coolheaded","floor":11.0},{"not_picked":["All For One","Seek"],"picked":"Core Surge","floor":16.0},{"not_picked":["Rebound","Static Discharge"],"picked":"Turbo","floor":18.0},{"not_picked":["Steam","Chaos"],"picked":"Go for the Eyes","floor":21.0},{"not_picked":["Static Discharge","Consume+1"],"picked":"Sweeping Beam","floor":23.0},{"not_picked":["Recycle+1","Rebound"],"picked":"Streamline+1","floor":25.0}],"player_experience":314361,"relics_obtained":[{"floor":6.0,"key":"Omamori"},{"floor":9.0,"key":"Oddly Smooth Stone"},{"floor":10.0,"key":"Strawberry"},{"floor":23.0,"key":"Gremlin Horn"},{"floor":26.0,"key":"WingedGreaves"}],"event_choices":[{"damage_healed":0.0,"max_hp_gain":0.0,"max_hp_loss":0.0,"gold_gain":75.0,"event_name":"World of Goop","player_choice":"Gather Gold","floor":3.0,"gold_loss":0.0,"damage_taken":11.0},{"damage_healed":0.0,"max_hp_gain":0.0,"max_hp_loss":0.0,"gold_gain":0.0,"event_name":"Liars Game","player_choice":"Ignored","floor":4.0,"gold_loss":0.0,"damage_taken":0.0},{"damage_healed":0.0,"max_hp_gain":0.0,"max_hp_loss":0.0,"gold_gain":0.0,"event_name":"Shining Light","player_choice":"Entered Light","floor":12.0,"gold_loss":0.0,"damage_taken":23.0,"cards_upgraded":["Loop","Compile Driver"]},{"cards_removed":["Strike_B"],"damage_healed":0.0,"max_hp_gain":0.0,"max_hp_loss":0.0,"gold_gain":0.0,"event_name":"Golden Wing","player_choice":"Card Removal","floor":14.0,"gold_loss":0.0,"damage_taken":7.0},{"damage_healed":0.0,"max_hp_gain":0.0,"max_hp_loss":0.0,"gold_gain":0.0,"cards_transformed":["Zap","Strike_B"],"event_name":"Drug Dealer","player_choice":"Became Test Subject","floor":20.0,"gold_loss":0.0,"damage_taken":0.0,"cards_obtained":["Barrage","Buffer"]},{"damage_healed":0.0,"max_hp_gain":5.0,"max_hp_loss":0.0,"gold_gain":0.0,"event_name":"Forgotten Altar","player_choice":"Shed Blood","floor":22.0,"gold_loss":0.0,"damage_taken":27.0}],"is_beta":false,"boss_relics":[{"not_picked":["SacredBark","Inserter"],"picked":"Nuclear Battery"}],"items_purged_floors":[2,19],"is_endless":false,"potions_floor_spawned":[6,8,16,18,23],"killed_by":"Centurion and Healer","ascension_level":20}}