{"host":"ELF","time":1610348217,"event":{"mods":["BaseMod","Minty Spire (QoL Compilation)"],"gold_per_floor":[110,123,273,288,305,305,337,337,389,389,52,52,52],"floor_reached":12,"playtime":483,"items_purged":["Doubt"],"score":152,"play_id":"7fa389df-e24f-43b4-8176-a5ed0ac9b006","local_time":"20210111005657","is_ascension_mode":true,"campfire_choices":[{"floor":6,"key":"REST"},{"floor":8,"key":"REST"}],"circlet_count":0,"master_deck":["AscendersBane","Strike_B","Strike_B","Strike_B","Strike_B","Defend_B","Defend_B","Defend_B","Defend_B","Zap","Dualcast","Coolheaded","Sweeping Beam","Loop","Melter","Cold Snap","Self Repair","Leap"],"relics":["Busted Crown","Ornamental Fan","PreservedInsect","Ancient Tea Set","OrangePellets"],"acts_visited":["Exordium"],"potions_floor_usage":[7,12],"damage_taken":[{"damage":0,"enemies":"Jaw Worm","floor":1,"turns":3},{"damage":2,"enemies":"2 Louse","floor":2,"turns":5},{"damage":18,"enemies":"Small Slimes","floor":4,"turns":3},{"damage":10,"enemies":"Exordium Thugs","floor":5,"turns":7},{"damage":31,"enemies":"Lagavulin","floor":7,"turns":7},{"damage":36,"enemies":"Gremlin Nob","floor":12,"turns":4}],"seed_played":"-2268542846522652112","potions_obtained":[{"floor":2,"key":"BlessingOfTheForge"},{"floor":7,"key":"DistilledChaos"}],"is_trial":false,"path_per_floor":["M","M","?","M","M","R","E","R","T","?","$","E"],"character_chosen":"DEFECT","items_purchased":["OrangePellets","Self Repair","Leap"],"campfire_rested":2,"item_purchase_floors":[11,11,11],"current_hp_per_floor":[64,62,62,44,34,55,24,45,45,27,27,0,0],"gold":52,"neow_bonus":"BOSS_RELIC","is_daily":false,"chose_seed":false,"campfire_upgraded":0,"win_rate":0.0,"timestamp":1610348217,"path_taken":["M","M","?","M","M","R","E","R","T","?","$","E"],"items_purchased_type":["Relic","Card","Card"],"build_version":"2020-12-18","purchased_purges":1,"victory":false,"max_hp_per_floor":[71,71,71,71,71,71,71,71,71,71,71,71,71],"card_choices":[{"not_picked":[],"picked":"Coolheaded","floor":1},{"not_picked":[],"picked":"Sweeping Beam","floor":2},{"not_picked":[],"picked":"Loop","floor":4},{"not_picked":[],"picked":"Melter","floor":5},{"not_picked":[],"picked":"Cold Snap","floor":7}],"player_experience":3171865,"relics_obtained":[{"floor":7,"key":"Ornamental Fan"},{"floor":9,"key":"PreservedInsect"}],"event_choices":[{"damage_healed":0,"gold_gain":150,"player_choice":"AGREE","damage_taken":0,"max_hp_gain":0,"max_hp_loss":0,"event_name":"Liars Game","floor":3,"gold_loss":0,"cards_obtained":["Doubt"]},{"damage_healed":0,"gold_gain":0,"player_choice":"Success","damage_taken":18,"relics_obtained":["Ancient Tea Set"],"max_hp_gain":0,"max_hp_loss":0,"event_name":"Scrap Ooze","floor":10,"gold_loss":0}],"is_beta":true,"boss_relics":[],"items_purged_floors":[11],"is_endless":false,"potions_floor_spawned":[2,7],"killed_by":"Gremlin Nob","ascension_level":19}}