{"host":"Rich","time":1610402079,"event":{"mods":["AchievementEnabler","BaseMod","Highlight Path","Minty Spire (QoL Compilation)","Relic Stats"],"gold_per_floor":[116,126,126,126,143,143,143],"floor_reached":6,"playtime":141,"items_purged":[],"score":72,"play_id":"90935494-24e4-4473-bddc-e6390ba50b96","local_time":"20210111165439","is_ascension_mode":true,"campfire_choices":[],"circlet_count":0,"master_deck":["AscendersBane","Strike_B","Strike_B","Strike_B","Strike_B","Defend_B","Defend_B","Defend_B","Defend_B","Zap","Dualcast","Go for the Eyes","Tempest+1","Pain","Conserve Battery"],"relics":["Cracked Core","NeowsBlessing","WarpedTongs"],"acts_visited":["Exordium"],"potions_floor_usage":[],"damage_taken":[{"damage":0,"enemies":"Jaw Worm","floor":1,"turns":1},{"damage":0,"enemies":"Small Slimes","floor":2,"turns":1},{"damage":0,"enemies":"Cultist","floor":5,"turns":1},{"damage":44,"enemies":"3 Sentries","floor":6,"turns":7}],"seed_played":"-178002085657811830","potions_obtained":[],"is_trial":false,"path_per_floor":["M","M","?","?","M","E"],"character_chosen":"DEFECT","items_purchased":[],"campfire_rested":0,"item_purchase_floors":[],"current_hp_per_floor":[64,64,64,64,64,20,20],"gold":143,"neow_bonus":"THREE_ENEMY_KILL","is_daily":false,"chose_seed":false,"campfire_upgraded":0,"win_rate":0.0,"timestamp":1610402079,"path_taken":["M","M","?","?","?","E"],"items_purchased_type":[],"build_version":"2020-12-18","purchased_purges":0,"victory":false,"max_hp_per_floor":[71,71,71,71,71,71,71],"relic_stats":{"counters":[4,10],"obtain_stats":[{"NeowsBlessing":0,"Cracked Core":0,"WarpedTongs":4},{"NeowsBlessing":0,"Cracked Core":0,"WarpedTongs":2},{"NeowsBlessing":0,"Cracked Core":0,"WarpedTongs":2}],"WarpedTongs":[8]},"card_choices":[{"not_picked":["Compile Driver","Reprogram"],"picked":"Go for the Eyes","floor":1},{"not_picked":["Stack","Defragment"],"picked":"Tempest","floor":2},{"not_picked":["Barrage","Redo"],"picked":"Conserve Battery","floor":5}],"player_experience":1982674,"relics_obtained":[],"event_choices":[{"damage_healed":0,"gold_gain":0,"player_choice":"Grow","damage_taken":0,"max_hp_gain":0,"max_hp_loss":0,"event_name":"Living Wall","floor":3,"gold_loss":0,"cards_upgraded":["Tempest"]},{"damage_healed":0,"gold_gain":0,"player_choice":"Rummage","damage_taken":0,"relics_obtained":["WarpedTongs"],"max_hp_gain":0,"max_hp_loss":0,"event_name":"Accursed Blacksmith","floor":4,"gold_loss":0,"cards_obtained":["Pain"]}],"is_beta":true,"boss_relics":[],"items_purged_floors":[],"is_endless":false,"potions_floor_spawned":[],"killed_by":"3 Sentries","ascension_level":20}}