{"host":"w3q5ijqu8eoknil3","time":1610337324,"event":{"mods":["AchievementEnabler","BaseMod","Block Reminder","Colored Powertips","Curses Come First","Minty Spire (QoL Compilation)","Quick Restart","Relic Stats","StSLib","ojb\u0027s Better Paths Mod","ojb\u0027s Info Mod","slay the spire mod where everything is the same but ironclad has a cowboy hat"],"gold_per_floor":[119,138,157,177,194,221,237,256,256,256,266,296,49,66,66,142,142,152,168,183,183,183],"floor_reached":21,"playtime":1158,"items_purged":["Strike_G"],"score":378,"play_id":"f7a70d2c-c5ae-4e00-884a-a7f2dd3da72b","local_time":"20210111035524","is_ascension_mode":true,"campfire_choices":[{"floor":10,"key":"REST"},{"data":"Blade Dance","floor":15,"key":"SMITH"}],"circlet_count":0,"master_deck":["AscendersBane","Strike_G","Strike_G","Strike_G","Strike_G","Defend_G","Defend_G","Defend_G","Defend_G","Defend_G","Survivor","Neutralize","Blade Dance+1","Underhanded Strike","Calculated Gamble","Dagger Throw","Dagger Spray","Burst","Masterful Stab","Tactician","Leg Sweep","Finisher","Adrenaline","Phantasmal Killer","Blade Dance+1","Flying Knee"],"relics":["Ring of the Snake","Pocketwatch","Bag of Preparation","Dream Catcher","Art of War","Nunchaku","Philosopher\u0027s Stone"],"acts_visited":["Exordium","TheCity"],"potions_floor_usage":[3,4,12,16,16,20],"damage_taken":[{"damage":0,"enemies":"Jaw Worm","floor":1,"turns":8},{"damage":0,"enemies":"Cultist","floor":2,"turns":4},{"damage":3,"enemies":"Small Slimes","floor":3,"turns":3},{"damage":0,"enemies":"Blue Slaver","floor":4,"turns":3},{"damage":10,"enemies":"3 Louse","floor":5,"turns":4},{"damage":17,"enemies":"3 Sentries","floor":6,"turns":7},{"damage":14,"enemies":"Lots of Slimes","floor":7,"turns":3},{"damage":0,"enemies":"2 Fungi Beasts","floor":8,"turns":2},{"damage":0,"enemies":"Large Slime","floor":11,"turns":4},{"damage":6,"enemies":"Gremlin Nob","floor":12,"turns":3},{"damage":1,"enemies":"Exordium Wildlife","floor":14,"turns":3},{"damage":16,"enemies":"Slime Boss","floor":16,"turns":8},{"damage":12,"enemies":"2 Thieves","floor":18,"turns":2},{"damage":15,"enemies":"Shell Parasite","floor":19,"turns":3},{"damage":7,"enemies":"Snake Plant","floor":20,"turns":4},{"damage":23,"enemies":"Snecko","floor":21,"turns":6}],"seed_played":"-9156270007318348969","potions_obtained":[{"floor":1,"key":"Swift Potion"},{"floor":2,"key":"Explosive Potion"},{"floor":8,"key":"LiquidMemories"},{"floor":11,"key":"AttackPotion"},{"floor":12,"key":"Ancient Potion"},{"floor":19,"key":"Swift Potion"}],"is_trial":false,"path_per_floor":["M","M","M","M","M","E","M","M","T","R","M","E","$","M","R","B",null,"M","M","M","M"],"character_chosen":"THE_SILENT","items_purchased":["Nunchaku"],"campfire_rested":1,"item_purchase_floors":[13],"current_hp_per_floor":[59,59,56,56,46,29,15,15,15,33,33,27,27,26,26,10,48,36,21,14,0,0],"gold":183,"neow_bonus":"ONE_RARE_RELIC","is_daily":false,"chose_seed":false,"campfire_upgraded":1,"win_rate":0.0,"timestamp":1610337324,"path_taken":["M","M","M","M","M","E","M","M","T","R","M","E","$","M","R","BOSS","M","M","M","M"],"items_purchased_type":["Relic"],"build_version":"2020-12-22","purchased_purges":1,"victory":false,"max_hp_per_floor":[60,60,60,60,60,60,60,60,60,60,60,60,60,60,60,60,60,60,60,60,60,60],"relic_stats":{"Dream Catcher":1,"Nunchaku":[9],"counters":[16,67],"Bag of Preparation":[20],"Art of War":[1],"obtain_stats":[{"Dream Catcher":9,"Nunchaku":13,"Philosopher\u0027s Stone":17,"Bag of Preparation":6,"Art of War":12,"Ring of the Snake":0,"Pocketwatch":0},{"Dream Catcher":8,"Nunchaku":10,"Philosopher\u0027s Stone":12,"Bag of Preparation":6,"Art of War":10,"Ring of the Snake":0,"Pocketwatch":0},{"Dream Catcher":34,"Nunchaku":41,"Philosopher\u0027s Stone":52,"Bag of Preparation":29,"Art of War":41,"Ring of the Snake":0,"Pocketwatch":0}],"Ring of the Snake":[32],"Pocketwatch":[45]},"card_choices":[{"not_picked":["Endless Agony","Predator"],"picked":"Blade Dance","floor":1},{"not_picked":["Bane","Outmaneuver"],"picked":"Underhanded Strike","floor":2},{"not_picked":["Terror","Flying Knee"],"picked":"Calculated Gamble","floor":3},{"not_picked":["Calculated Gamble","PiercingWail"],"picked":"Dagger Throw","floor":4},{"not_picked":["Well Laid Plans","Escape Plan"],"picked":"Dagger Spray","floor":5},{"not_picked":["Envenom","Blade Dance"],"picked":"Burst","floor":6},{"not_picked":["Backflip","Deadly Poison"],"picked":"Masterful Stab","floor":7},{"not_picked":["Deadly Poison","Blade Dance"],"picked":"Tactician","floor":8},{"not_picked":["Flying Knee","All Out Attack"],"picked":"Leg Sweep","floor":10},{"not_picked":["Expertise","Dodge and Roll"],"picked":"Finisher","floor":11},{"not_picked":["Dagger Spray","Malaise"],"picked":"Adrenaline","floor":12},{"not_picked":["Cloak And Dagger","Dodge and Roll","Dagger Throw"],"picked":"SKIP","floor":14},{"not_picked":["Unload","Envenom"],"picked":"Phantasmal Killer","floor":16},{"not_picked":["Escape Plan","Deflect"],"picked":"Blade Dance+1","floor":18},{"not_picked":["Expertise","Underhanded Strike","Dagger Throw"],"picked":"SKIP","floor":19},{"not_picked":["Expertise","Infinite Blades"],"picked":"Flying Knee","floor":20}],"player_experience":956380,"relics_obtained":[{"floor":6,"key":"Bag of Preparation"},{"floor":9,"key":"Dream Catcher"},{"floor":12,"key":"Art of War"}],"event_choices":[],"is_beta":false,"boss_relics":[{"not_picked":["Ring of the Serpent","Fusion Hammer"],"picked":"Philosopher\u0027s Stone"}],"items_purged_floors":[13],"is_endless":false,"potions_floor_spawned":[1,2,8,11,12,14,19],"killed_by":"Snecko","ascension_level":18}}