{"host":"sian7qp8a9pc9xwd","time":1610404959,"event":{"mods":["BaseMod","Minty Spire (QoL Compilation)","StSLib","SuperFastMode"],"gold_per_floor":[113,132,199,199,224,224,258,56,56,56,56,79,44,85,85,85,85],"floor_reached":16,"playtime":639,"items_purged":[],"score":146,"play_id":"f4a9ae0e-9f80-4c33-9fbf-bc855a03a275","local_time":"20210111174239","is_ascension_mode":true,"campfire_choices":[{"data":"Wild Strike","floor":6.0,"key":"SMITH"},{"data":"1","floor":15.0,"key":"LIFT"}],"circlet_count":0,"master_deck":["Strike_R","Strike_R+1","Strike_R","Strike_R","Strike_R+1","Defend_R+1","Defend_R","Defend_R","Defend_R+1","Bash","Ghostly Armor","Wild Strike+1","Perfected Strike","Shrug It Off","Dropkick"],"relics":["Burning Blood","Golden Idol","Kunai","Bag of Marbles","Whetstone","Girya","Matryoshka"],"acts_visited":["Exordium"],"potions_floor_usage":[],"damage_taken":[{"damage":0.0,"enemies":"Small Slimes","floor":1.0,"turns":3.0},{"damage":2.0,"enemies":"2 Louse","floor":2.0,"turns":3.0},{"damage":0.0,"enemies":"Cultist","floor":5.0,"turns":2.0},{"damage":32.0,"enemies":"Lagavulin","floor":7.0,"turns":7.0},{"damage":0.0,"enemies":"2 Fungi Beasts","floor":12.0,"turns":2.0},{"damage":22.0,"enemies":"3 Sentries","floor":14.0,"turns":4.0},{"damage":37,"enemies":"Slime Boss","floor":16,"turns":6}],"seed_played":"7516346639606661748","potions_obtained":[{"floor":1.0,"key":"LiquidBronze"},{"floor":5.0,"key":"SkillPotion"},{"floor":7.0,"key":"ColorlessPotion"}],"is_trial":false,"path_per_floor":["M","M","?","?","M","R","E","$","T","?","T","M","?","E","R","B"],"character_chosen":"IRONCLAD","items_purchased":["Bag of Marbles","Perfected Strike"],"campfire_rested":0,"item_purchase_floors":[8,8],"current_hp_per_floor":[86,88,88,66,72,72,46,46,46,28,28,34,56,40,40,3,3],"gold":85,"neow_bonus":"TEN_PERCENT_HP_BONUS","is_daily":false,"chose_seed":false,"campfire_upgraded":1,"win_rate":0.0,"timestamp":1610404959,"path_taken":["M","M","?","?","M","R","E","$","T","?","?","?","?","E","R","BOSS"],"items_purchased_type":["Relic","Card"],"build_version":"2020-12-22","purchased_purges":0,"victory":false,"max_hp_per_floor":[88,88,88,88,88,88,88,88,88,88,88,88,88,88,88,88,88],"card_choices":[{"not_picked":["Carnage","Combust"],"picked":"Ghostly Armor","floor":1.0},{"not_picked":["Entrench","Headbutt"],"picked":"Wild Strike","floor":2.0},{"not_picked":["Blood for Blood","Twin Strike","Sword Boomerang"],"picked":"SKIP","floor":5.0},{"not_picked":["Headbutt","Feel No Pain","Cleave"],"picked":"SKIP","floor":7.0},{"not_picked":["Barricade","Armaments"],"picked":"Shrug It Off","floor":12.0},{"not_picked":["Pommel Strike","Clash"],"picked":"Dropkick","floor":14.0}],"player_experience":701935,"relics_obtained":[{"floor":7.0,"key":"Kunai"},{"floor":9.0,"key":"Whetstone"},{"floor":11.0,"key":"Girya"},{"floor":14.0,"key":"Matryoshka"}],"event_choices":[{"damage_healed":0.0,"max_hp_gain":0.0,"max_hp_loss":0.0,"gold_gain":67.0,"event_name":"Golden Wing","player_choice":"Gained Gold","floor":3.0,"gold_loss":0.0,"damage_taken":0.0},{"damage_healed":0.0,"max_hp_gain":0.0,"max_hp_loss":0.0,"gold_gain":0.0,"event_name":"Golden Idol","player_choice":"Take Damage","floor":4.0,"gold_loss":0.0,"damage_taken":22.0,"relics_obtained":["Golden Idol"]},{"damage_healed":0.0,"max_hp_gain":0.0,"max_hp_loss":0.0,"gold_gain":0.0,"event_name":"Shining Light","player_choice":"Entered Light","floor":10.0,"gold_loss":0.0,"damage_taken":18.0,"cards_upgraded":["Defend_R","Defend_R"]},{"damage_healed":22.0,"max_hp_gain":0.0,"max_hp_loss":0.0,"gold_gain":0.0,"event_name":"The Cleric","player_choice":"Healed","floor":13.0,"gold_loss":35.0,"damage_taken":0.0}],"is_beta":false,"boss_relics":[],"items_purged_floors":[],"is_endless":false,"potions_floor_spawned":[1,5,7],"killed_by":"Slime Boss","ascension_level":7}}