{"host":"5x08nt64u3vxxcfi","time":1610366196,"event":{"mods":["BaseMod","Minty Spire (QoL Compilation)","StSLib","SuperFastMode"],"gold_per_floor":[115,0,15,30,30,55,55,84,109,38,38,97,97,62,62,136,136,146,162,162,176,74,74,74,74],"floor_reached":24,"playtime":703,"items_purged":["Decay"],"score":333,"play_id":"003e732d-3d01-4717-8050-e6e6c2076698","local_time":"20210111205636","is_ascension_mode":true,"campfire_choices":[{"data":"Neutralize","floor":7,"key":"SMITH"},{"floor":11,"key":"REST"},{"floor":15,"key":"REST"},{"data":"Glass Knife","floor":23,"key":"SMITH"}],"circlet_count":0,"master_deck":["AscendersBane","Strike_G","Strike_G","Strike_G","Strike_G","Defend_G","Defend_G","Defend_G","Defend_G","Defend_G","Survivor","Neutralize+1","Burst","Poisoned Stab","Leg Sweep","Blur+1","Slice+1","Dodge and Roll","Glass Knife+1","Infinite Blades","Footwork","Glass Knife","Prepared","Quick Slash","Quick Slash","Poisoned Stab"],"relics":["Lantern","Centennial Puzzle","Vajra","Boot","Philosopher\u0027s Stone","Nloth\u0027s Gift"],"acts_visited":["Exordium","TheCity"],"potions_floor_usage":[6,12,24],"damage_taken":[{"damage":0,"enemies":"Small Slimes","floor":1,"turns":5},{"damage":0,"enemies":"2 Louse","floor":3,"turns":4},{"damage":1,"enemies":"Cultist","floor":4,"turns":4},{"damage":15,"enemies":"Lagavulin","floor":6,"turns":7},{"damage":37,"enemies":"3 Sentries","floor":8,"turns":17},{"damage":3,"enemies":"Lagavulin Event","floor":12,"turns":8},{"damage":21,"enemies":"The Guardian","floor":16,"turns":16},{"damage":3,"enemies":"Shell Parasite","floor":18,"turns":5},{"damage":6,"enemies":"Spheric Guardian","floor":19,"turns":4},{"damage":27,"enemies":"Shelled Parasite and Fungi","floor":21,"turns":7},{"damage":37,"enemies":"Gremlin Leader","floor":24,"turns":9}],"seed_played":"-4457686180794393965","potions_obtained":[{"floor":4,"key":"SkillPotion"},{"floor":8,"key":"Ancient Potion"},{"floor":21,"key":"BlessingOfTheForge"}],"is_trial":false,"path_per_floor":["M","$","M","M","?","E","R","E","T","$","R","?","?","?","R","B",null,"M","M","?","M","$","R","E"],"character_chosen":"THE_SILENT","items_purchased":["Leg Sweep","Infinite Blades","Poisoned Stab","PowerPotion"],"campfire_rested":2,"item_purchase_floors":[2,10,22,22],"current_hp_per_floor":[63,63,63,62,55,40,40,3,3,3,24,21,7,24,45,24,59,56,50,50,23,23,23,0,0],"gold":74,"neow_bonus":"THREE_RARE_CARDS","is_daily":false,"chose_seed":false,"campfire_upgraded":2,"win_rate":0.0,"timestamp":1610366196,"path_taken":["M","$","M","M","?","E","R","E","T","$","R","?","?","?","R","BOSS","M","M","?","?","$","R","E"],"items_purchased_type":["Card","Card","Card","Potion"],"build_version":"2020-12-22","purchased_purges":1,"victory":false,"max_hp_per_floor":[70,70,70,70,70,70,70,70,70,70,70,70,70,70,70,70,70,70,70,70,70,70,70,70,70],"card_choices":[{"not_picked":["Storm of Steel","Venomology"],"picked":"Burst","floor":0},{"not_picked":["Deflect","Riddle With Holes"],"picked":"Poisoned Stab","floor":1},{"not_picked":["Escape Plan","Bane"],"picked":"Blur","floor":3},{"not_picked":["Well Laid Plans","Deadly Poison"],"picked":"Slice","floor":4},{"not_picked":["Masterful Stab","Eviscerate"],"picked":"Dodge and Roll","floor":6},{"not_picked":["Flying Knee","Noxious Fumes"],"picked":"Glass Knife","floor":8},{"not_picked":["Riddle With Holes","Dagger Throw"],"picked":"Footwork","floor":12},{"not_picked":["Wraith Form v2","Night Terror"],"picked":"Glass Knife","floor":16},{"not_picked":["Flying Knee","Crippling Poison"],"picked":"Prepared","floor":18},{"not_picked":["Underhanded Strike","Backflip+1"],"picked":"Quick Slash","floor":19},{"not_picked":["Grand Finale","PiercingWail"],"picked":"Quick Slash","floor":21}],"player_experience":94359,"relics_obtained":[{"floor":6,"key":"Lantern"},{"floor":8,"key":"Centennial Puzzle"},{"floor":9,"key":"Vajra"},{"floor":12,"key":"Boot"}],"event_choices":[{"cards_removed":["Strike_G"],"damage_healed":0,"gold_gain":0,"player_choice":"Card Removal","damage_taken":7,"max_hp_gain":0,"max_hp_loss":0,"event_name":"Golden Wing","floor":5,"gold_loss":0},{"damage_healed":0,"gold_gain":30,"player_choice":"Searched \u00272\u0027 times","damage_taken":0,"max_hp_gain":0,"max_hp_loss":0,"event_name":"Dead Adventurer","floor":12,"gold_loss":0},{"damage_healed":0,"gold_gain":0,"player_choice":"Entered Light","damage_taken":14,"max_hp_gain":0,"max_hp_loss":0,"event_name":"Shining Light","floor":13,"gold_loss":0,"cards_upgraded":["Slice","Blur"]},{"damage_healed":17,"gold_gain":0,"player_choice":"Healed","damage_taken":0,"max_hp_gain":0,"max_hp_loss":0,"event_name":"The Cleric","floor":14,"gold_loss":35},{"damage_healed":0,"gold_gain":0,"player_choice":"Traded Relic","damage_taken":0,"relics_obtained":["Nloth\u0027s Gift"],"max_hp_gain":0,"max_hp_loss":0,"event_name":"N\u0027loth","floor":20,"relics_lost":["Ring of the Snake"],"gold_loss":0}],"is_beta":false,"boss_relics":[{"not_picked":["SacredBark","Ring of the Serpent"],"picked":"Philosopher\u0027s Stone"}],"items_purged_floors":[2],"is_endless":false,"potions_floor_spawned":[4,8,21],"killed_by":"Gremlin Leader","ascension_level":13}}