{"host":"tgr1xoidyjfo4u0n","time":1610408261,"event":{"mods":["Act Like it!","Alarm Clock","BaseMod","CapriCore","Colored Powertips","GifTheSpireLib","Highlight Path","Minty Spire (QoL Compilation)","StSLib"],"gold_per_floor":[112,128,140,71,87,87,121,137,137,151,151,166,19,19,19,117,117,117,117],"floor_reached":18,"playtime":815,"items_purged":[],"score":172,"play_id":"66962ae9-b702-4467-903a-1ee565753b39","local_time":"20210112073741","is_ascension_mode":true,"campfire_choices":[{"data":"Defragment","floor":6.0,"key":"SMITH"},{"data":"Zap","floor":11.0,"key":"SMITH"},{"floor":15.0,"key":"REST"}],"circlet_count":0,"master_deck":["Strike_B","Strike_B","Strike_B","Defend_B","Defend_B","Defend_B","Defend_B","Zap+1","Dualcast","Echo Form","Coolheaded","Heatsinks","Defragment+1","Hologram","Ball Lightning","Tempest","Electrodynamics","Ball Lightning","Force Field","Hologram","Core Surge"],"relics":["Cracked Core","PreservedInsect","Orrery","SlaversCollar"],"acts_visited":["Exordium","TheCity"],"potions_floor_usage":[],"damage_taken":[{"damage":1.0,"enemies":"Cultist","floor":1.0,"turns":4.0},{"damage":3.0,"enemies":"Small Slimes","floor":2.0,"turns":3.0},{"damage":0.0,"enemies":"Jaw Worm","floor":3.0,"turns":6.0},{"damage":3.0,"enemies":"Lots of Slimes","floor":5.0,"turns":2.0},{"damage":24.0,"enemies":"3 Sentries","floor":7.0,"turns":6.0},{"damage":2.0,"enemies":"Large Slime","floor":8.0,"turns":8.0},{"damage":12.0,"enemies":"2 Fungi Beasts","floor":10.0,"turns":3.0},{"damage":6.0,"enemies":"3 Louse","floor":12.0,"turns":4.0},{"damage":35.0,"enemies":"Slime Boss","floor":16.0,"turns":5.0},{"damage":12,"enemies":"Shell Parasite","floor":18,"turns":4}],"seed_played":"-4266413569342202114","potions_obtained":[{"floor":3.0,"key":"Explosive Potion"},{"floor":7.0,"key":"Swift Potion"},{"floor":8.0,"key":"Energy Potion"},{"floor":16.0,"key":"LiquidBronze"}],"is_trial":false,"path_per_floor":["M","M","M","$","M","R","E","M","T","M","R","M","$","?","R","B",null,"M"],"character_chosen":"DEFECT","items_purchased":["Defragment","Orrery"],"campfire_rested":1,"item_purchase_floors":[4,13],"current_hp_per_floor":[67,64,64,64,61,61,37,35,35,23,23,17,17,17,37,2,68,56,56],"gold":117,"neow_bonus":"THREE_RARE_CARDS","is_daily":false,"chose_seed":false,"campfire_upgraded":2,"win_rate":0.0,"timestamp":1610408261,"path_taken":["M","M","M","?","M","R","E","M","T","M","R","M","$","?","R","BOSS","M"],"items_purchased_type":["Card","Relic"],"build_version":"2020-12-22","purchased_purges":0,"victory":false,"max_hp_per_floor":[68,68,68,68,68,68,68,68,68,68,68,68,68,68,68,68,68,68,68],"card_choices":[{"not_picked":["Creative AI","Fission"],"picked":"Echo Form","floor":0.0},{"not_picked":["Barrage","Redo"],"picked":"Coolheaded","floor":1.0},{"not_picked":["Gash","Go for the Eyes"],"picked":"Heatsinks","floor":2.0},{"not_picked":["Undo","Rebound","Streamline"],"picked":"SKIP","floor":3.0},{"not_picked":["Go for the Eyes","Rebound","Reinforced Body"],"picked":"SKIP","floor":5.0},{"not_picked":["Chaos","Beam Cell"],"picked":"Hologram","floor":7.0},{"not_picked":["Creative AI","Conserve Battery"],"picked":"Ball Lightning","floor":8.0},{"not_picked":["Compile Driver","Skim"],"picked":"Tempest","floor":10.0},{"not_picked":["Compile Driver","Rebound","Force Field"],"picked":"SKIP","floor":12.0},{"not_picked":["Scrape","Redo"],"picked":"Electrodynamics","floor":13.0},{"not_picked":["Beam Cell","Barrage"],"picked":"Ball Lightning","floor":13.0},{"not_picked":["Leap","Compile Driver"],"picked":"Force Field","floor":13.0},{"not_picked":["Scrape","Barrage"],"picked":"Hologram","floor":13.0},{"not_picked":["Thunder Strike","All For One"],"picked":"Core Surge","floor":16.0}],"player_experience":356551,"relics_obtained":[{"floor":7.0,"key":"PreservedInsect"}],"event_choices":[{"cards_removed":["Strike_B"],"damage_healed":0.0,"max_hp_gain":0.0,"max_hp_loss":0.0,"gold_gain":0.0,"event_name":"Purifier","player_choice":"Purged","floor":14.0,"gold_loss":0.0,"damage_taken":0.0}],"is_beta":false,"boss_relics":[{"not_picked":["Tiny House","Snecko Eye"],"picked":"SlaversCollar"}],"items_purged_floors":[],"is_endless":false,"potions_floor_spawned":[3,7,8,16],"killed_by":"Shell Parasite","ascension_level":1}}