{"host":"htqwg582tjjtn9p7","time":1610389210,"event":{"mods":["2.2 Compatiblity","AchievementEnabler","Act Like it!","Aspiration","BaseMod","Better Third Choice","Colored Map","Conspire","Curses Come First","Displayed Cursed Tome","Energized Spire","Force Act Four","GifTheSpireLib","Hermit","Highlight Path","JesterMod","Mad Scientist","Minty Spire (QoL Compilation)","Pale of the Ancients","Permanent Neow","Random Character Button","Relic Stats","Replay The Spire","Robot Space Explorer","Somnambulant","Spicy Shops","Spikes Relics","StSLib","Stuff the Spire","The Blue Laboratory","The Bug Knight","The Forsaken","The Gatherer","The Judge","The Jungle","The Marked","The Runesmith","The Servant 0.9.4","Uncapped"],"gold_per_floor":[109,125,17,37,37,68,84,30,80,80,118,118,156,25,25,111,111,130,30,55,83,103,103,142,151,151,8,17,50,50,50,59,142,142,163,76,76,98,98,98,141,156,156,156,167,229,229,279,288,288,288,306,331,56,65,88,97,97,97,97],"floor_reached":61,"playtime":2263,"items_purged":["Regret","Sickly","Writhe","Strike_R"],"score":2309,"play_id":"04f3dd52-869d-499a-ae12-7dc71012d792","local_time":"20210111192010","is_ascension_mode":true,"campfire_choices":[{"floor":10,"key":"REST"},{"floor":12,"key":"REST"},{"data":"Enlightenment","floor":15,"key":"SMITH"},{"floor":23,"key":"REST"},{"data":"Armaments","floor":25,"key":"SMITH"},{"data":"Uppercut","floor":32,"key":"SMITH"},{"data":"Limit Break","floor":40,"key":"SMITH"},{"data":"Limit Break","floor":44,"key":"SMITH"},{"data":"Bash","floor":49,"key":"SMITH"},{"data":"Pot Of Greed","floor":55,"key":"SMITH"},{"floor":57,"key":"REST"}],"circlet_count":0,"master_deck":["AscendersBane","Defend_R","Defend_R","Defend_R","Defend_R","Bash+1","Uppercut+1","Fire Breathing","Carnage","Rampage","Burning Pact","Inflame","Carnage","conspire:ExplosiveBarrier+1","Heavy Blade","Exhume","Enlightenment+1","Offering","Spot Weakness","Clothesline+1","ReplayTheSpireMod:Stacked","Armaments+1","Reaper","conspire:HitWhereItHurts","Intimidate","Spot Weakness+1","Limit Break+1","Limit Break+1","Shrug It Off+1","Sword Boomerang+1","Pot Of Greed+1","Pot Of Greed","Pot Of Greed","Dark Embrace+1","Pot Of Greed","Impervious","Headbutt","Defy Death","Anger"],"relics":["StuffTheSpire:OccultApparatus","Centennial Puzzle","ReplayTheSpireMod:TigerMarble","CeramicFish","Pantograph","aspiration:ChemicalBlood","aspiration:FetidBarrel","ReplayTheSpireMod:CursedCoin","Velvet Choker","Replay:PocketPolymizer","Snack Pack","Oddly Smooth Stone","Eternal Feather","Replay:Bottled Steam","Replay:Bronze Core","Anchor","Pen Nib","Grinning Jar","Replay:Mystery Machine","paleoftheancients:Timepiece","paleoftheancients:KeyRelic","Gremlin Horn","CultistMask","paleoftheancients:SoulOfTheWokeBloke","ShockBauble"],"acts_visited":["Exordium","TheCity","TheBeyond","TheBeyond"],"potions_floor_usage":[4,6,13,18,20,20,22,24,24,33,33,33,33,41,42,42,45,45,46,47,48,50,50,50,51,52,52,52,56,60,60],"damage_taken":[{"damage":3,"enemies":"2 Louse","floor":1,"turns":4},{"damage":1,"enemies":"Cultist","floor":2,"turns":3},{"damage":0,"enemies":"Small Slimes","floor":4,"turns":2},{"damage":21,"enemies":"Replay:BlueRogue","floor":6,"turns":5},{"damage":29,"enemies":"Exordium Thugs","floor":7,"turns":6},{"damage":28,"enemies":"Gremlin Nob","floor":11,"turns":4},{"damage":20,"enemies":"Lagavulin","floor":13,"turns":6},{"damage":38,"enemies":"Slime Boss","floor":16,"turns":7},{"damage":11,"enemies":"3 Byrds","floor":18,"turns":4},{"damage":13,"enemies":"2 Thieves","floor":20,"turns":3},{"damage":13,"enemies":"Snecko","floor":21,"turns":3},{"damage":18,"enemies":"Snake Plant","floor":22,"turns":3},{"damage":16,"enemies":"Gremlin Leader","floor":24,"turns":5},{"damage":25,"enemies":"HollowMod:Nosk","floor":29,"turns":5},{"damage":97,"enemies":"Automaton","floor":33,"turns":11},{"damage":12,"enemies":"3 Shapes","floor":35,"turns":4},{"damage":28,"enemies":"Orb Walker","floor":38,"turns":4},{"damage":54,"enemies":"Giant Head","floor":41,"turns":7},{"damage":32,"enemies":"Spire Growth","floor":42,"turns":4},{"damage":32,"enemies":"Jaw Worm Horde","floor":45,"turns":4},{"damage":35,"enemies":"Nemesis","floor":46,"turns":7},{"damage":0,"enemies":"Transient","floor":47,"turns":1},{"damage":15,"enemies":"R_Hoarder","floor":48,"turns":8},{"damage":107,"enemies":"Time Eater","floor":50,"turns":12},{"damage":102,"enemies":"Time Eater","floor":51,"turns":6},{"damage":87,"enemies":"Time Eater","floor":52,"turns":6},{"damage":17,"enemies":"conspire:MimicChest","floor":53,"turns":4},{"damage":17,"enemies":"conspire:MimicChest","floor":56,"turns":5},{"damage":53,"enemies":"paleoftheancients:N","floor":60,"turns":7}],"seed_played":"4860691367314561943","potions_obtained":[{"floor":1,"key":"FearPotion"},{"floor":2,"key":"blueLaboratory:ConflagurationPotion"},{"floor":4,"key":"blueLaboratory:FruitPunch"},{"floor":11,"key":"Fruit Juice"},{"floor":16,"key":"SkillPotion"},{"floor":18,"key":"blueLaboratory:ConflagurationPotion"},{"floor":21,"key":"blueLaboratory:HorrorPotion"},{"floor":24,"key":"blueLaboratory:AbyssPotion"},{"floor":33,"key":"blueLaboratory:BottledHope"},{"floor":33,"key":"Swift Potion"},{"floor":33,"key":"ColorlessPotion"},{"floor":35,"key":"blueLaboratory:IronCompound"},{"floor":35,"key":"Weak Potion"},{"floor":41,"key":"Dexterity Potion"},{"floor":41,"key":"blueLaboratory:HummingbirdPotion"},{"floor":42,"key":"blueLaboratory:BubblePotion"},{"floor":42,"key":"SmokeBomb"},{"floor":45,"key":"BloodPotion"},{"floor":45,"key":"blueLaboratory:LouseDecoction"},{"floor":46,"key":"blueLaboratory:Moonshine"},{"floor":48,"key":"Elixir"},{"floor":50,"key":"Doom Potion"},{"floor":50,"key":"blueLaboratory:FruitPunch"},{"floor":50,"key":"SkillPotion"},{"floor":52,"key":"Energy Potion"},{"floor":52,"key":"blueLaboratory:EmptyBottle"},{"floor":52,"key":"BloodPotion"},{"floor":56,"key":"blueLaboratory:IronCompound"},{"floor":60,"key":"Adrenaline Potion"},{"floor":60,"key":"blueLaboratory:StoneskinPotion"}],"is_trial":false,"path_per_floor":["M","M","$","M","?","E","M","$","T","R","E","R","E","$","R","B",null,"M","$","M","M","M","R","E","R","T","$","?","E","$","?","R","B",null,"M","$","?","M","?","R","E","M","T","R","M","E","M","E","R","B","M","M","?","$","R","M","R","T","?","B",null],"character_chosen":"IRONCLAD","items_purchased":["Carnage","Rampage","conspire:ExplosiveBarrier+1","aspiration:FetidBarrel","ReplayTheSpireMod:CursedCoin","Enlightenment","Explosive Potion","Oddly Smooth Stone","Limit Break"],"campfire_rested":4,"item_purchase_floors":[3,3,8,14,14,14,14,27,36],"current_hp_per_floor":[67,72,72,78,78,63,40,40,40,66,44,70,61,61,61,54,84,79,79,73,70,58,86,76,76,76,76,76,59,59,59,74,28,78,95,95,95,95,95,95,95,85,85,95,82,47,47,51,75,77,98,71,98,98,98,98,98,98,98,93],"gold":97,"neow_bonus":"TWENTY_PERCENT_HP_BONUS","is_daily":false,"chose_seed":false,"campfire_upgraded":7,"win_rate":0.0,"timestamp":1610389210,"path_taken":["M","M","$","M","?","E","M","$","T","R","E","R","E","$","R","BOSS","M","?","M","M","?","R","E","R","T","$","?","E","?","?","R","BOSS","M","$","?","M","?","R","E","M","T","R","M","E","M","E","R","BOSS","M","M","?","$","R","M","R","T","?","BOSS"],"items_purchased_type":["Card","Card","Card","Relic","Relic","Card","Potion","Relic","Card"],"build_version":"2020-12-22","purchased_purges":4,"victory":true,"max_hp_per_floor":[89,89,89,89,89,89,89,89,89,89,89,89,94,94,94,94,94,94,94,95,95,95,95,95,95,95,95,95,95,95,95,95,95,95,95,95,95,95,95,95,95,95,95,95,95,95,95,96,96,98,98,98,98,98,98,98,98,98,98,98],"relic_stats":{"Centennial Puzzle":[75],"Gremlin Horn":[21,23],"counters":[29,150],"CeramicFish":261,"Pantograph":88,"Eternal Feather":49,"Pen Nib":[9],"obtain_stats":[{"Replay:PocketPolymizer":24,"ShockBauble":53,"Gremlin Horn":50,"CeramicFish":9,"Replay:Mystery Machine":48,"Burning Blood":0,"StuffTheSpire:OccultApparatus":39,"Centennial Puzzle":5,"Pantograph":11,"Replay:Bronze Core":34,"aspiration:ChemicalBlood":13,"Replay:Bottled Steam":29,"paleoftheancients:KeyRelic":50,"aspiration:FetidBarrel":14,"ReplayTheSpireMod:CursedCoin":14,"Velvet Choker":17,"Oddly Smooth Stone":27,"Eternal Feather":28,"Pen Nib":43,"paleoftheancients:Timepiece":50,"Anchor":41,"paleoftheancients:SoulOfTheWokeBloke":52,"CultistMask":50,"ReplayTheSpireMod:TigerMarble":6,"Snack Pack":26,"Grinning Jar":46},{"Replay:PocketPolymizer":13,"ShockBauble":27,"Gremlin Horn":24,"CeramicFish":5,"Replay:Mystery Machine":23,"Burning Blood":0,"StuffTheSpire:OccultApparatus":17,"Centennial Puzzle":3,"Pantograph":6,"Replay:Bronze Core":15,"aspiration:ChemicalBlood":7,"Replay:Bottled Steam":14,"paleoftheancients:KeyRelic":24,"aspiration:FetidBarrel":7,"ReplayTheSpireMod:CursedCoin":7,"Velvet Choker":8,"Oddly Smooth Stone":13,"Eternal Feather":13,"Pen Nib":19,"paleoftheancients:Timepiece":24,"Anchor":18,"paleoftheancients:SoulOfTheWokeBloke":26,"CultistMask":24,"ReplayTheSpireMod:TigerMarble":4,"Snack Pack":13,"Grinning Jar":21},{"Replay:PocketPolymizer":55,"ShockBauble":138,"Gremlin Horn":122,"CeramicFish":20,"Replay:Mystery Machine":110,"Burning Blood":0,"StuffTheSpire:OccultApparatus":79,"Centennial Puzzle":9,"Pantograph":24,"Replay:Bronze Core":71,"aspiration:ChemicalBlood":30,"Replay:Bottled Steam":60,"paleoftheancients:KeyRelic":122,"aspiration:FetidBarrel":30,"ReplayTheSpireMod:CursedCoin":30,"Velvet Choker":37,"Oddly Smooth Stone":55,"Eternal Feather":55,"Pen Nib":90,"paleoftheancients:Timepiece":122,"Anchor":86,"paleoftheancients:SoulOfTheWokeBloke":134,"CultistMask":122,"ReplayTheSpireMod:TigerMarble":14,"Snack Pack":55,"Grinning Jar":101}]},"card_choices":[{"not_picked":["Wild Strike","Flex"],"picked":"Uppercut","floor":1},{"not_picked":["Seeing Red","Flex"],"picked":"Fire Breathing","floor":2},{"not_picked":["Rampage","Shrug It Off"],"picked":"Burning Pact","floor":4},{"not_picked":["Shrug It Off","StuffTheSpire:Resist"],"picked":"Inflame","floor":6},{"not_picked":["Clothesline","Twin Strike"],"picked":"Carnage","floor":7},{"not_picked":["Flex","Twin Strike"],"picked":"Heavy Blade","floor":11},{"not_picked":["Demonic Infusion","Perfected Strike"],"picked":"Exhume","floor":13},{"not_picked":["Brutality","Demon Form"],"picked":"Offering","floor":16},{"not_picked":["Perfected Strike","ReplayTheSpireMod:Muscle Training+1"],"picked":"Spot Weakness","floor":18},{"not_picked":["Perfected Strike","Absolvement"],"picked":"Clothesline+1","floor":20},{"not_picked":["Evolve","StuffTheSpire:RockThrow"],"picked":"ReplayTheSpireMod:Stacked","floor":21},{"not_picked":["ReplayTheSpireMod:LeadingStrike","Run Through"],"picked":"Armaments","floor":22},{"not_picked":["Dual Wield","Inflame"],"picked":"Reaper","floor":24},{"not_picked":["ReplayTheSpireMod:Limb From Limb","Body Slam","Run Through"],"picked":"SKIP","floor":29},{"not_picked":["Corruption","Hemogenesis"],"picked":"Juggernaut","floor":33},{"not_picked":["Ghostly Armor","ReplayTheSpireMod:Stacked+1"],"picked":"Spot Weakness+1","floor":35},{"not_picked":["StuffTheSpire:Pyroclast","Perfected Strike+1"],"picked":"Shrug It Off+1","floor":38},{"not_picked":["Spot Weakness","Fiend Fire"],"picked":"Sword Boomerang+1","floor":41},{"not_picked":["StuffTheSpire:BloodClot","Wild Strike","Abandon"],"picked":"SKIP","floor":42},{"not_picked":["ReplayTheSpireMod:Strike From Hell","Berserk","StuffTheSpire:Slingshot"],"picked":"SKIP","floor":45},{"not_picked":["Cleave","Whirlwind","Blood for Blood"],"picked":"SKIP","floor":46},{"not_picked":["Body Slam","Whirlwind"],"picked":"Dark Embrace+1","floor":48},{"not_picked":["Armaments","Life Link","Pommel Strike"],"picked":"SKIP","floor":52},{"not_picked":["Infernal Blade","Perfected Strike+1"],"picked":"Defy Death","floor":56}],"player_experience":1933855,"relics_obtained":[{"floor":6,"key":"ReplayTheSpireMod:TigerMarble"},{"floor":9,"key":"CeramicFish"},{"floor":11,"key":"Pantograph"},{"floor":13,"key":"aspiration:ChemicalBlood"},{"floor":24,"key":"Replay:PocketPolymizer"},{"floor":26,"key":"Snack Pack"},{"floor":29,"key":"Replay:Bottled Steam"},{"floor":41,"key":"Anchor"},{"floor":43,"key":"Pen Nib"},{"floor":46,"key":"Grinning Jar"},{"floor":48,"key":"Replay:Mystery Machine"},{"floor":52,"key":"paleoftheancients:SoulOfTheWokeBloke"},{"floor":53,"key":"ShockBauble"}],"event_choices":[{"damage_healed":0,"gold_gain":0,"player_choice":"Gave Potion","damage_taken":0,"relics_obtained":["Centennial Puzzle"],"max_hp_gain":0,"max_hp_loss":0,"event_name":"WeMeetAgain","floor":5,"gold_loss":0},{"damage_healed":0,"gold_gain":0,"player_choice":"Opened","damage_taken":0,"relics_obtained":["Eternal Feather"],"max_hp_gain":0,"max_hp_loss":0,"event_name":"The Mausoleum","floor":28,"gold_loss":0,"cards_obtained":["Writhe"]}],"is_beta":false,"boss_relics":[{"not_picked":["energizedSpire:CursedPentagram","Runic Pyramid"],"picked":"Velvet Choker"},{"not_picked":["conspire:SpecialSausage","StuffTheSpire:RunicHypercube"],"picked":"Replay:Bronze Core"}],"items_purged_floors":[14,19,54,54],"is_endless":false,"potions_floor_spawned":[1,2,4,11,16,18,21,24,33,35,41,42,47,48,51,52],"ascension_level":15}}