{"host":"k67zwea37tbl4jhz","time":1610404735,"event":{"mods":["AchievementEnabler","Aspiration","BaseMod","Better Altar","Better Match","Better Sensory Stone","Better Skull","Better Third Choice","BetterRewards","CCEM","Clawfect","Colored Map","Conspire","Downfall","GifTheSpireLib","Googly Eyes","Halation","Highlight Path","Hubris","Mimic Mod","Minty Spire (QoL Compilation)","Permanent Neow","Replay The Spire","Shop Mod","Spicy Shops","StSLib","Stuff the Spire","Unceasing Turn Reminder","everything is the same but u backflip on backflip"],"gold_per_floor":[99,99,99,117,117,42,42,54,85,85,105,128,143,143,159,159,159,159],"floor_reached":16,"playtime":1075,"items_purged":[],"score":100,"play_id":"47e722c7-80d4-4df2-8c5b-324c3b02b0d8","local_time":"20210111173855","is_ascension_mode":false,"campfire_choices":[{"data":"champ:Taunt","floor":1,"key":"SMITH"},{"floor":10,"key":"RECALL"}],"circlet_count":0,"master_deck":["champ:Strike","champ:Strike","champ:Defend","champ:Defend","champ:Defend","champ:Execute","champ:Taunt+1","champ:AdrenalArmor","champ:GutPunch","champ:Devastate","expansioncontent:Flail","champ:ShieldSigil","champ:Shatter","champ:Encircle"],"relics":["StuffTheSpire:OccultApparatus","aspiration:BabyByrd","Pear","Bag of Preparation"],"acts_visited":["Exordium"],"potions_floor_usage":[],"damage_taken":[{"damage":0,"enemies":"conspire:RoseBush","floor":4,"turns":4},{"damage":4,"enemies":"Small Slimes","floor":8,"turns":3},{"damage":65,"enemies":"3 Sentries","floor":9,"turns":11},{"damage":29,"enemies":"Jaw Worm","floor":11,"turns":4},{"damage":23,"enemies":"Large Slime","floor":13,"turns":5},{"damage":9,"enemies":"2 Fungi Beasts","floor":15,"turns":3},{"damage":52,"enemies":"downfall:Defect","floor":16,"turns":4}],"seed_played":"6834519189573938344","potions_obtained":[{"floor":8,"key":"Milkshake"},{"floor":11,"key":"Dexterity Potion"}],"is_trial":false,"path_per_floor":["R","?","?","M","?","?","T","M","E","R","M","T","M","?","M","B"],"character_chosen":"THE_CHAMP","items_purchased":[],"campfire_rested":0,"item_purchase_floors":[],"current_hp_per_floor":[90,90,90,90,90,90,100,100,61,61,61,61,61,61,52,0,0,0],"gold":159,"neow_bonus":"REMOVE_CARD","is_daily":false,"chose_seed":false,"campfire_upgraded":1,"win_rate":0.0,"timestamp":1610404735,"path_taken":["R","?","?","M","?","?","T","M","E","R","M","?","M","?","M","BOSS"],"items_purchased_type":[],"build_version":"2020-12-22","purchased_purges":0,"victory":false,"max_hp_per_floor":[90,90,90,90,90,90,100,100,100,100,100,100,100,100,100,100,100,100],"card_choices":[{"not_picked":["champ:BerserkersShout","champ:ShieldSigil"],"picked":"champ:AdrenalArmor","floor":4},{"not_picked":["champ:BladeFlurry","champ:AdrenalArmor"],"picked":"champ:GutPunch","floor":6},{"not_picked":["champ:IgnorePain","champ:DancingMaster"],"picked":"champ:Devastate","floor":6},{"not_picked":["Replay:SS_fish_1","expansioncontent:Torchfire"],"picked":"expansioncontent:Flail","floor":6},{"not_picked":["champ:GladiatorStyle","champ:StanceDance"],"picked":"champ:ShieldSigil","floor":8},{"not_picked":["champ:StanceDance","champ:SteelEdge","champ:GladiatorsShout"],"picked":"SKIP","floor":9},{"not_picked":["champ:ShieldSigil","champ:GutPunch","champ:StanceDance"],"picked":"SKIP","floor":11},{"not_picked":["champ:Haymaker","champ:ShieldWall"],"picked":"champ:Shatter","floor":13},{"not_picked":["champ:GladiatorStyle","champ:RisingSlash"],"picked":"champ:Encircle","floor":15}],"player_experience":203075,"relics_obtained":[{"floor":7,"key":"Pear"},{"floor":9,"key":"Bag of Preparation"}],"event_choices":[{"cards_removed":["champ:Defend"],"damage_healed":0,"gold_gain":0,"player_choice":"Card Removal","damage_taken":0,"max_hp_gain":0,"max_hp_loss":0,"event_name":"The Cleric","floor":5,"gold_loss":0},{"damage_healed":0,"gold_gain":0,"player_choice":"1","damage_taken":0,"max_hp_gain":0,"max_hp_loss":0,"event_name":"betterMatch:BetterMatch","floor":6,"gold_loss":0,"cards_obtained":["betterMatch:CommonCard","betterMatch:RareCard","betterMatch:ColorlessUncommonCard"]},{"cards_removed":["champ:Strike"],"damage_healed":0,"gold_gain":0,"player_choice":"Forget","damage_taken":0,"max_hp_gain":0,"max_hp_loss":0,"event_name":"Living Wall","floor":14,"gold_loss":0}],"is_beta":false,"boss_relics":[],"items_purged_floors":[],"is_endless":false,"potions_floor_spawned":[8,11],"killed_by":"downfall:Defect","ascension_level":0}}