{"host":"8h3glbk9j4k4ylc4","time":1610391494,"event":{"mods":["AchievementEnabler","Act Like it!","BaseMod","Colored Map","Colored Powertips","Downfall","Energized Spire","Gensokyo","Hallownest","Hermit","Hubris","Infinite Spire","Jorbs\u0027s Wanderer Trilogy","Lobotomy","Marisa????????","Minty Spire (QoL Compilation)","Replay The Spire","Somnambulant","StSLib","The Animator","The Bug Knight"],"gold_per_floor":[227,227,64,64,94,94,43,43,92,111,111,631,631,631,631,631,631],"floor_reached":16,"playtime":852,"items_purged":[],"score":88,"play_id":"ee591ee3-12eb-44dd-9f9d-6952cba7ce69","local_time":"20210111205814","is_ascension_mode":false,"campfire_choices":[{"floor":6,"key":"REST"},{"data":"animator:Aqua","floor":8,"key":"SMITH"},{"data":"animator:Kazuma","floor":15,"key":"SMITH"}],"circlet_count":0,"master_deck":["animator:Strike_Konosuba","animator:Defend_Konosuba","animator:Strike","animator:Strike","animator:Strike","animator:Defend","animator:Defend","animator:Defend","animator:Kazuma+1","animator:Aqua+1","animator:Shinoa","infinitespire:FutureSight","animator:Vanir+1","animator:Kazuma","animator:Eris"],"relics":["animator:LivingPicture","animator:TheMissingPiece","MealTicket","Replay:Mystery Machine","infinitespire:Beetle Shell","hubris:Icosahedron","infinitespire:Eraser"],"acts_visited":["Gensokyo:Gensokyo"],"potions_floor_usage":[16,16,16],"damage_taken":[{"damage":14,"enemies":"Gensokyo:3_Fairies","floor":1,"turns":8},{"damage":19,"enemies":"Gensokyo:Gryphon","floor":5,"turns":10},{"damage":7,"enemies":"Gensokyo:Python","floor":10,"turns":5},{"damage":12,"enemies":"Gensokyo:VengefulSpirit","floor":12,"turns":10},{"damage":52,"enemies":"Gensokyo:Kokoro","floor":16,"turns":14}],"seed_played":"-4815271353292362181","potions_obtained":[{"floor":5,"key":"Block Potion"},{"floor":10,"key":"Languid Potion"}],"is_trial":false,"path_per_floor":["M","?","COS","T","M","R","$","R","T","M","?","M","?","T","R","B"],"character_chosen":"THE_ANIMATOR","items_purchased":["animator:Kazuma"],"campfire_rested":1,"item_purchase_floors":[7],"current_hp_per_floor":[52,37,37,37,20,39,54,54,54,51,51,45,45,45,45,0,0],"gold":631,"neow_bonus":"HUNDRED_GOLD","is_daily":false,"chose_seed":false,"campfire_upgraded":2,"win_rate":0.0,"timestamp":1610391494,"path_taken":["M","?","COS","?","M","R","$","R","T","M","?","?","?","?","R","BOSS"],"items_purchased_type":["Card"],"build_version":"2020-12-22","purchased_purges":0,"victory":false,"max_hp_per_floor":[66,66,66,66,66,66,66,66,66,67,67,67,67,67,67,67,67],"card_choices":[{"not_picked":["animator:ChaikaBohdan","animator:Viivi"],"picked":"animator:Shinoa","floor":1},{"not_picked":["infinitespire:TheBestDefense","infinitespire:SevenWalls"],"picked":"infinitespire:FutureSight","floor":2},{"not_picked":["animator:Souei+1","animator:AcuraTooru+1"],"picked":"animator:Vanir+1","floor":5},{"not_picked":["animator:Guy","animator:Demiurge","animator:Mikaela"],"picked":"SKIP","floor":5},{"not_picked":["animator:Vesta","animator:Verdia"],"picked":"animator:Eris","floor":10},{"not_picked":["animator:Mikaela","animator:GuildGirl","animator:Priestess"],"picked":"SKIP","floor":12}],"player_experience":373239,"relics_obtained":[{"floor":4,"key":"MealTicket"},{"floor":9,"key":"Replay:Mystery Machine"},{"floor":14,"key":"infinitespire:Eraser"}],"event_choices":[],"is_beta":false,"boss_relics":[],"items_purged_floors":[],"is_endless":false,"potions_floor_spawned":[5,10],"killed_by":"Gensokyo:Kokoro","ascension_level":0}}