{"host":"j4g6ia6asvpyu2b0","time":1610403052,"event":{"mods":["BaseMod","Colored Map","Minty Spire (QoL Compilation)","Permanent Neow","Quick Restart","Relic Stats","StSLib","Unceasing Turn Reminder"],"gold_per_floor":[20,20,31,48,48,48,91,91,91,53,88,88,38,54,54,177,177,193,236,260,274,274,274,305,305,305,320,359,34,34,68,68,68,68],"floor_reached":33,"playtime":1014,"items_purged":["Strike_G"],"score":504,"play_id":"19e6b500-7024-452b-a951-b0e2e6be7ba0","local_time":"20210111151052","is_ascension_mode":true,"campfire_choices":[{"data":"Cloak And Dagger","floor":6.0,"key":"SMITH"},{"data":"Neutralize","floor":8.0,"key":"SMITH"},{"data":"Deadly Poison","floor":12.0,"key":"SMITH"},{"data":"Panache","floor":15.0,"key":"SMITH"},{"floor":23,"key":"REST"},{"data":"Envenom","floor":25,"key":"SMITH"},{"data":"Noxious Fumes","floor":32,"key":"SMITH"}],"circlet_count":0,"master_deck":["AscendersBane","Strike_G+1","Strike_G+1","Defend_G+1","Defend_G+1","Defend_G+1","Defend_G+1","Defend_G+1","Survivor","Neutralize+1","Panache+1","Dagger Throw","Heel Hook","Flying Knee","Cloak And Dagger+1","Deadly Poison+1","Backflip","Slice","Footwork","Envenom+1","Caltrops+1","Dodge and Roll","Sucker Punch","Masterful Stab","Prepared+1","Noxious Fumes+1","Blade Dance+1","Backflip+1","Cloak And Dagger+1"],"relics":["Ring of the Snake","Golden Idol","The Courier","Bag of Marbles","Snake Skull","Busted Crown","Red Mask","Nilry\u0027s Codex","Toxic Egg 2","Lantern","Anchor","Regal Pillow"],"acts_visited":["Exordium","TheCity"],"potions_floor_usage":[33],"damage_taken":[{"damage":10.0,"enemies":"Jaw Worm","floor":1.0,"turns":6.0},{"damage":1.0,"enemies":"2 Louse","floor":3.0,"turns":3.0},{"damage":4.0,"enemies":"Small Slimes","floor":4.0,"turns":4.0},{"damage":27.0,"enemies":"3 Sentries","floor":7.0,"turns":10.0},{"damage":10.0,"enemies":"Lagavulin","floor":11.0,"turns":4.0},{"damage":0.0,"enemies":"Exordium Wildlife","floor":14.0,"turns":2.0},{"damage":20.0,"enemies":"Slime Boss","floor":16.0,"turns":8.0},{"damage":1.0,"enemies":"3 Byrds","floor":18.0,"turns":3.0},{"damage":19.0,"enemies":"Masked Bandits","floor":19.0,"turns":4.0},{"damage":0.0,"enemies":"Chosen","floor":20.0,"turns":4.0},{"damage":8.0,"enemies":"Sentry and Sphere","floor":21.0,"turns":4.0},{"damage":2,"enemies":"Gremlin Leader","floor":24,"turns":6},{"damage":3,"enemies":"Centurion and Healer","floor":27,"turns":4},{"damage":5,"enemies":"Book of Stabbing","floor":28,"turns":4},{"damage":0,"enemies":"Gremlin Leader","floor":31,"turns":5},{"damage":15,"enemies":"Collector","floor":33,"turns":2}],"seed_played":"5496213059727218392","potions_obtained":[{"floor":1.0,"key":"Regen Potion"},{"floor":3.0,"key":"GamblersBrew"},{"floor":11.0,"key":"CultistPotion"},{"floor":19.0,"key":"DistilledChaos"},{"floor":28,"key":"BlessingOfTheForge"}],"is_trial":false,"path_per_floor":["M","?","M","M","?","R","E","R","T","$","E","R","?","M","R","B",null,"M","?","M","M","?","R","E","R","T","M","E","$","?","E","R","B"],"character_chosen":"THE_SILENT","items_purchased":["Backflip","Noxious Fumes","Blade Dance+1","Backflip+1","Anchor"],"campfire_rested":1,"item_purchase_floors":[10,29,29,29,29],"current_hp_per_floor":[53,53,52,48,48,48,36,36,36,36,26,26,26,26,26,6,50,49,30,30,22,6,25,23,23,23,20,15,15,15,15,15,0,0],"gold":68,"neow_bonus":"RANDOM_COLORLESS_2","is_daily":false,"chose_seed":false,"campfire_upgraded":6,"win_rate":0.0,"timestamp":1610403052,"path_taken":["M","?","M","M","?","R","E","R","T","?","E","R","?","M","R","BOSS","M","?","M","M","?","R","E","R","T","M","E","$","?","E","R","BOSS"],"items_purchased_type":["Card","Card","Card","Card","Relic"],"build_version":"2020-12-22","purchased_purges":1,"victory":false,"max_hp_per_floor":[70,70,70,70,65,65,65,65,65,65,65,65,65,65,65,65,65,65,65,65,65,65,65,65,65,65,65,65,65,65,65,65,65,65],"relic_stats":{"Regal Pillow":0,"Busted Crown":16,"counters":[16,73],"Golden Idol":88,"Snake Skull":[65],"obtain_stats":[{"Lantern":28,"Anchor":29,"Regal Pillow":31,"Busted Crown":17,"Golden Idol":5,"Nilry\u0027s Codex":22,"The Courier":7,"Snake Skull":11,"Bag of Marbles":9,"Red Mask":19,"Toxic Egg 2":24,"Ring of the Snake":0},{"Lantern":14,"Anchor":14,"Regal Pillow":15,"Busted Crown":7,"Golden Idol":3,"Nilry\u0027s Codex":11,"The Courier":4,"Snake Skull":5,"Bag of Marbles":4,"Red Mask":9,"Toxic Egg 2":12,"Ring of the Snake":0},{"Lantern":66,"Anchor":66,"Regal Pillow":71,"Busted Crown":37,"Golden Idol":13,"Nilry\u0027s Codex":52,"The Courier":23,"Snake Skull":27,"Bag of Marbles":23,"Red Mask":44,"Toxic Egg 2":58,"Ring of the Snake":0}],"Ring of the Snake":[32]},"card_choices":[{"not_picked":["Sadistic Nature","Violence"],"picked":"Panache","floor":0.0},{"not_picked":["Bane","Outmaneuver"],"picked":"Dagger Throw","floor":1.0},{"not_picked":["Underhanded Strike","Heel Hook"],"picked":"Flying Knee","floor":3.0},{"not_picked":["Terror","Reflex"],"picked":"Cloak And Dagger","floor":4.0},{"not_picked":["Burst","Deflect"],"picked":"Deadly Poison","floor":7.0},{"not_picked":["Deflect","Prepared"],"picked":"Slice","floor":11.0},{"not_picked":["Choke","Underhanded Strike"],"picked":"Footwork","floor":14.0},{"not_picked":["Die Die Die","Glass Knife"],"picked":"Envenom","floor":16.0},{"not_picked":["Underhanded Strike"],"picked":"SKIP","floor":18.0},{"not_picked":[],"picked":"Caltrops+1","floor":19.0},{"not_picked":[],"picked":"Dodge and Roll","floor":20.0},{"not_picked":[],"picked":"Sucker Punch","floor":21.0},{"not_picked":["Slice+1"],"picked":"SKIP","floor":24},{"not_picked":[],"picked":"Masterful Stab","floor":27},{"not_picked":[],"picked":"Prepared+1","floor":28},{"not_picked":[],"picked":"Cloak And Dagger+1","floor":31}],"player_experience":806727,"relics_obtained":[{"floor":7.0,"key":"The Courier"},{"floor":9.0,"key":"Bag of Marbles"},{"floor":11.0,"key":"Snake Skull"},{"floor":19.0,"key":"Red Mask"},{"floor":22,"key":"Nilry\u0027s Codex"},{"floor":24,"key":"Toxic Egg 2"},{"floor":28,"key":"Lantern"},{"floor":31,"key":"Regal Pillow"}],"event_choices":[{"damage_healed":0.0,"max_hp_gain":0.0,"max_hp_loss":0.0,"gold_gain":0.0,"cards_transformed":["Strike_G"],"event_name":"Living Wall","player_choice":"Change","floor":2.0,"gold_loss":0.0,"damage_taken":0.0,"cards_obtained":["Heel Hook"]},{"damage_healed":0.0,"max_hp_gain":0.0,"max_hp_loss":5.0,"gold_gain":0.0,"event_name":"Golden Idol","player_choice":"Lose Max HP","floor":5.0,"gold_loss":0.0,"damage_taken":0.0,"relics_obtained":["Golden Idol"]},{"cards_removed":["Strike_G"],"damage_healed":0.0,"max_hp_gain":0.0,"max_hp_loss":0.0,"gold_gain":0.0,"event_name":"The Cleric","player_choice":"Card Removal","floor":13.0,"gold_loss":50.0,"damage_taken":0.0},{"damage_healed":0.0,"max_hp_gain":0.0,"max_hp_loss":0.0,"gold_gain":0.0,"event_name":"Masked Bandits","player_choice":"Fought Bandits","floor":19.0,"gold_loss":0.0,"damage_taken":0.0},{"damage_healed":0,"gold_gain":0,"player_choice":"Obtained Book","damage_taken":16,"max_hp_gain":0,"max_hp_loss":0,"event_name":"Cursed Tome","floor":22,"gold_loss":0},{"damage_healed":0,"gold_gain":0,"player_choice":"Simplicity","damage_taken":0,"max_hp_gain":0,"max_hp_loss":0,"event_name":"Back to Basics","floor":30,"gold_loss":0,"cards_upgraded":["Strike_G","Strike_G","Defend_G","Defend_G","Defend_G","Defend_G","Defend_G"]}],"is_beta":false,"boss_relics":[{"not_picked":["Philosopher\u0027s Stone","Astrolabe"],"picked":"Busted Crown"}],"items_purged_floors":[29],"is_endless":false,"potions_floor_spawned":[1,3,11,19,28,31],"killed_by":"Collector","ascension_level":10}}