{"host":"r2xhbz7xmd090pnn","time":1610347589,"event":{"mods":["2.2 Compatiblity","AchievementEnabler","BaseMod","Better Third Choice","Block Reminder","Card Forge","Dark Map","Downfall","Hermit","Marisa????????","Minty Spire (QoL Compilation)","Rare Cards Sparkle","Replay The Spire","StSLib","SuperFastMode","The Bug Knight","The Necromancer","The Runesmith","The Servant 0.9.4"],"gold_per_floor":[116,195,370,370,389,415,428,456,456,472,472,472,491,320,320,440,440,465,485,286,300,300,300,300,335,335,335,250,12,35,59,59,189,189,209,209,228,228,251,295,217,238,261,261,594,614,624,670,670,670],"floor_reached":51,"playtime":1637,"items_purged":[],"score":712,"play_id":"94dcbf56-b922-4274-bf23-4b742a9dacc5","local_time":"20210110224629","is_ascension_mode":false,"campfire_choices":[{"floor":11,"key":"REST"},{"floor":15,"key":"REST"},{"floor":23,"key":"REST"},{"floor":27,"key":"REST"},{"floor":32,"key":"REST"},{"floor":44,"key":"REST"},{"floor":49,"key":"REST"}],"circlet_count":0,"master_deck":["Survivor+1","Infinite Blades+1","Leg Sweep+1","Backflip+1","Outmaneuver+1","Backstab+1","Slice+1","Flying Knee+1","Sucker Punch+1","CurseOfTheBell","Skewer+1","Hidden Blade+1","Dagger Spray+1","PiercingWail+1","Sucker Punch+1","Slice+1","Finisher+1","Finisher+1","Blade Dance+1"],"relics":["Ring of the Snake","Hammer of Thor","Seething Fire","Anvil of the Gods","ReplayTheSpireMod:CursedCoin","Paper Crane","Singing Bowl","Matryoshka","Replay:Grab Bag","Busted Crown","Fusion Hammer","Calling Bell","MealTicket","Ornamental Fan","Unceasing Top","Anchor","Red Mask","Replay:Accelerometer","PreservedInsect","Bag of Marbles","Replay:Bottled Steam","Replay:Bronze Core","Iron Hammer","Bronze Scales","Dream Catcher","CatCart"],"acts_visited":["Exordium","TheCity","TheBeyond"],"potions_floor_usage":[6,8,16,33,33,40,48,50],"damage_taken":[{"damage":0,"enemies":"Jaw Worm","floor":1,"turns":3},{"damage":0,"enemies":"Small Slimes","floor":5,"turns":3},{"damage":4,"enemies":"Gremlin Nob","floor":6,"turns":5},{"damage":0,"enemies":"2 Louse","floor":7,"turns":3},{"damage":8,"enemies":"HollowMod:MossKnight","floor":8,"turns":7},{"damage":17,"enemies":"Exordium Thugs","floor":10,"turns":5},{"damage":1,"enemies":"3 Louse","floor":13,"turns":3},{"damage":2,"enemies":"Fading Forest","floor":16,"turns":11},{"damage":0,"enemies":"3 Byrds","floor":18,"turns":7},{"damage":1,"enemies":"Snecko","floor":19,"turns":5},{"damage":2,"enemies":"Snake Plant","floor":21,"turns":3},{"damage":0,"enemies":"Masked Bandits","floor":25,"turns":3},{"damage":0,"enemies":"Cultist and Chosen","floor":30,"turns":3},{"damage":2,"enemies":"Sentry and Sphere","floor":31,"turns":3},{"damage":25,"enemies":"Collector","floor":33,"turns":10},{"damage":6,"enemies":"3 Shapes","floor":35,"turns":3},{"damage":11,"enemies":"3 Darklings","floor":37,"turns":3},{"damage":11,"enemies":"Writhing Mass","floor":39,"turns":6},{"damage":10,"enemies":"R_Hoarder","floor":40,"turns":5},{"damage":0,"enemies":"Spire Growth","floor":42,"turns":3},{"damage":6,"enemies":"Sphere and 2 Shapes","floor":46,"turns":2},{"damage":0,"enemies":"Maw","floor":47,"turns":5},{"damage":4,"enemies":"Orin","floor":48,"turns":9},{"damage":23,"enemies":"Replay:Hell Engine","floor":50,"turns":7}],"seed_played":"-1668783431607995316","potions_obtained":[{"floor":0,"key":"Reflective Coating"},{"floor":0,"key":"AttackPotion"},{"floor":0,"key":"Doom Potion"},{"floor":7,"key":"Strength Potion"},{"floor":16,"key":"SteroidPotion"},{"floor":39,"key":"Elixir"},{"floor":47,"key":"Swift Potion"},{"floor":48,"key":"AttackPotion"}],"is_trial":false,"path_per_floor":["M","$","?","?","M","E","M","E","T","M","R","?","M","$","R","B",null,"M","M","$","M","?","R","?","?","T","R","?","$","M","M","R","B",null,"M","?","M","?","M","E","$","M","T","R","?","M","M","?","R","B",null],"character_chosen":"THE_SILENT","items_purchased":["ReplayTheSpireMod:CursedCoin","Infinite Blades","Fruit Juice","Flying Knee","Sucker Punch","Anchor","Hidden Blade","Replay:Bottled Steam","Finisher"],"campfire_rested":7,"item_purchase_floors":[2,2,14,14,14,20,20,29,41],"current_hp_per_floor":[70,70,70,70,70,66,66,58,58,41,62,62,61,61,70,73,75,77,76,77,77,77,79,79,79,79,79,79,79,81,81,83,60,85,81,81,70,72,61,51,66,68,68,93,93,89,89,87,97,74],"gold":670,"neow_bonus":"THREE_SMALL_POTIONS","is_daily":false,"chose_seed":false,"campfire_upgraded":0,"win_rate":0.0,"timestamp":1610347589,"path_taken":["M","$","?","?","M","E","?","E","T","M","R","?","M","?","R","BOSS","M","M","$","M","?","R","?","?","T","R","?","?","?","M","R","BOSS","M","?","?","?","M","E","?","M","T","R","?","M","?","?","R","BOSS"],"items_purchased_type":["Relic","Card","Potion","Card","Card","Relic","Card","Relic","Card"],"build_version":"2020-12-22","purchased_purges":0,"victory":true,"max_hp_per_floor":[70,70,70,70,70,70,70,70,70,70,70,70,70,70,70,75,75,77,77,77,79,79,79,79,79,79,79,79,79,81,83,83,85,85,87,87,87,89,89,89,89,91,91,93,93,95,95,97,97,97],"card_choices":[{"not_picked":["PiercingWail","Flechettes"],"picked":"Deflect","floor":1},{"not_picked":["Sucker Punch","Calculated Gamble"],"picked":"Leg Sweep","floor":5},{"not_picked":["Deadly Poison","ReplayTheSpireMod:From All Sides","Predator"],"picked":"SKIP","floor":6},{"not_picked":["Poisoned Stab","Footwork"],"picked":"Backflip","floor":7},{"not_picked":["Acrobatics","Leg Sweep"],"picked":"Outmaneuver","floor":8},{"not_picked":["Sneak Up","Dodge and Roll"],"picked":"Backstab","floor":10},{"not_picked":["Deadly Poison","Caltrops"],"picked":"Slice","floor":13},{"not_picked":["Phantasmal Killer","Atom Bomb"],"picked":"Wraith Form v2","floor":16},{"not_picked":["Escape Plan"],"picked":"Singing Bowl","floor":18},{"not_picked":[],"picked":"Skewer","floor":19},{"not_picked":["PiercingWail"],"picked":"Singing Bowl","floor":21},{"not_picked":[],"picked":"Dagger Spray","floor":25},{"not_picked":["Bane+1"],"picked":"Singing Bowl","floor":30},{"not_picked":["Flechettes"],"picked":"Singing Bowl","floor":31},{"not_picked":["Envenom"],"picked":"Singing Bowl","floor":33},{"not_picked":["Crippling Poison+1"],"picked":"Singing Bowl","floor":35},{"not_picked":[],"picked":"PiercingWail","floor":37},{"not_picked":["ReplayTheSpireMod:Brewmster"],"picked":"Singing Bowl","floor":38},{"not_picked":[],"picked":"Sucker Punch+1","floor":39},{"not_picked":[],"picked":"Slice+1","floor":40},{"not_picked":["Prepared+1"],"picked":"Singing Bowl","floor":42},{"not_picked":["Deadly Poison+1"],"picked":"Singing Bowl","floor":44},{"not_picked":["Acrobatics+1"],"picked":"Singing Bowl","floor":46},{"not_picked":[],"picked":"Finisher","floor":47},{"not_picked":["Draining Mist+1"],"picked":"Singing Bowl","floor":48},{"not_picked":[],"picked":"Blade Dance","floor":49}],"player_experience":9382,"relics_obtained":[{"floor":6,"key":"Paper Crane"},{"floor":8,"key":"Singing Bowl"},{"floor":9,"key":"Matryoshka"},{"floor":17,"key":"MealTicket"},{"floor":17,"key":"Ornamental Fan"},{"floor":17,"key":"Unceasing Top"},{"floor":25,"key":"Red Mask"},{"floor":26,"key":"Replay:Accelerometer"},{"floor":26,"key":"PreservedInsect"},{"floor":40,"key":"Iron Hammer"},{"floor":43,"key":"Bronze Scales"},{"floor":43,"key":"Dream Catcher"},{"floor":48,"key":"CatCart"}],"event_choices":[{"damage_healed":0,"gold_gain":175,"player_choice":"AGREE","damage_taken":195,"max_hp_gain":0,"max_hp_loss":0,"event_name":"betterThird:BetterSerpent","floor":3,"gold_loss":0},{"damage_healed":0,"gold_gain":0,"player_choice":"Take Wound","damage_taken":0,"relics_obtained":["Golden Idol"],"max_hp_gain":0,"max_hp_loss":0,"event_name":"Golden Idol","floor":12,"gold_loss":0,"cards_obtained":["Injury"]},{"damage_healed":0,"gold_gain":0,"player_choice":"Ignored","damage_taken":0,"max_hp_gain":0,"max_hp_loss":0,"event_name":"Ghosts","floor":22,"gold_loss":0},{"cards_removed":["Defend_G"],"damage_healed":0,"gold_gain":0,"player_choice":"Elegance","damage_taken":0,"max_hp_gain":0,"max_hp_loss":0,"event_name":"betterThird:BetterWriting","floor":24,"gold_loss":0},{"damage_healed":0,"gold_gain":0,"player_choice":"Fought Bandits","damage_taken":0,"max_hp_gain":0,"max_hp_loss":0,"event_name":"Masked Bandits","floor":25,"gold_loss":0},{"damage_healed":0,"gold_gain":0,"player_choice":"Obtained Relic","damage_taken":0,"relics_obtained":["Bag of Marbles"],"max_hp_gain":0,"max_hp_loss":0,"event_name":"Addict","floor":28,"gold_loss":85},{"cards_removed":["Defend_G"],"damage_healed":0,"gold_gain":0,"player_choice":"Purged","damage_taken":0,"max_hp_gain":0,"max_hp_loss":0,"event_name":"Purifier","floor":36,"gold_loss":0},{"damage_healed":0,"gold_gain":0,"player_choice":"Memory 1","damage_taken":0,"max_hp_gain":0,"max_hp_loss":0,"event_name":"SensoryStone","floor":38,"gold_loss":0},{"damage_healed":0,"gold_gain":333,"player_choice":"Gave Idol","damage_taken":0,"max_hp_gain":0,"max_hp_loss":0,"event_name":"The Moai Head","floor":45,"relics_lost":["Golden Idol"],"gold_loss":0},{"damage_healed":0,"gold_gain":0,"player_choice":"Fight","damage_taken":0,"max_hp_gain":0,"max_hp_loss":0,"event_name":"OrinTheCat","floor":48,"gold_loss":0}],"is_beta":false,"boss_relics":[{"not_picked":["Astrolabe","Kintsugi"],"picked":"Replay:Grab Bag"},{"not_picked":["ChewingGum","ReplayTheSpireMod:Onyx Gauntlets"],"picked":"Busted Crown"},{"not_picked":["Runesmith:UraniumAnvil","Abe\u0027s Treasure"],"picked":"Fusion Hammer"},{"not_picked":["Replay:Drink Me","Runic Pyramid"],"picked":"Calling Bell"},{"not_picked":["Velvet Choker","Honey Jar"],"picked":"Replay:Bronze Core"}],"items_purged_floors":[],"is_endless":false,"potions_floor_spawned":[1,7,16,21,25,31,39,47,48],"ascension_level":0}}