{"host":"rdkrwszfl07lpbj9","time":1610402615,"event":{"mods":["Act Like it!","Aspiration","BaseMod","Beaked The Cultist","Colored Powertips","Downfall","Friendly Minions","Hermit","Hubris","Infinite Spire","Minty Spire (QoL Compilation)","Replay The Spire","StSLib","The Construct","The Elementalist","The Hierophant","The Jungle","The Marked","The Runesmith"],"gold_per_floor":[99,109,120,130,42,57,125,225,225,245,256,284,284,299,311,413,513,513,513,513],"floor_reached":18,"playtime":2219,"items_purged":[],"score":166,"play_id":"3265d5c4-424f-4725-92f6-9afe4522e495","local_time":"20210111140335","is_ascension_mode":false,"campfire_choices":[{"data":"champ:Taunt","floor":1,"key":"SMITH"},{"data":"champ:SwordThrow","floor":9,"key":"SMITH"},{"data":"champ:SwordThrow","floor":13,"key":"SMITH"}],"circlet_count":0,"master_deck":["champ:Strike","champ:Defend","champ:Defend","champ:Execute","champ:Taunt+1","champ:BringItOn","champ:Backstep","champ:AdrenalArmor","champ:BerserkersShout","champ:SwordThrow+1","champ:SwordThrow+1","champ:ViciousMockery","hubris:Despair","ReplayTheSpireMod:Compounding Headache"],"relics":["champ:ChampionCrown","Iron Hammer","hubris:CuriousFeather","Replay:Grab Bag","Replay:Wanted Poster","hubris:VirtuousBlindfold","Kintsugi"],"acts_visited":["Exordium","Exordium"],"potions_floor_usage":[16,16],"damage_taken":[{"damage":11,"enemies":"Cultist","floor":2,"turns":5},{"damage":10,"enemies":"Jaw Worm","floor":3,"turns":4},{"damage":11,"enemies":"Small Slimes","floor":4,"turns":4},{"damage":9,"enemies":"downfall:FleeingMerchant","floor":5,"turns":4},{"damage":23,"enemies":"3 Louse","floor":6,"turns":5},{"damage":17,"enemies":"Gremlin Gang","floor":10,"turns":6},{"damage":6,"enemies":"2 Fungi Beasts","floor":11,"turns":2},{"damage":16,"enemies":"Replay:BlueRogue","floor":12,"turns":4},{"damage":16,"enemies":"Exordium Thugs","floor":14,"turns":3},{"damage":7,"enemies":"Lots of Slimes","floor":15,"turns":4},{"damage":51,"enemies":"downfall:Silent","floor":16,"turns":9}],"seed_played":"4715069691099175959","potions_obtained":[{"floor":6,"key":"Energy Potion"},{"floor":10,"key":"sneckomod:MuddlingPotion"},{"floor":12,"key":"CultistPotion"},{"floor":14,"key":"LiquidMemories"},{"floor":15,"key":"Dexterity Potion"}],"is_trial":false,"path_per_floor":["R","M","M","M","$","M","T","?","R","M","M","E","R","M","M","B",null,"R"],"character_chosen":"THE_CHAMP","items_purchased":["champ:SwordThrow"],"campfire_rested":0,"item_purchase_floors":[5],"current_hp_per_floor":[99,98,93,87,87,74,74,74,74,70,70,69,69,62,62,41,99,99,99,99],"gold":513,"neow_bonus":"TEN_PERCENT_HP_BONUS","is_daily":false,"chose_seed":false,"campfire_upgraded":3,"win_rate":0.0,"timestamp":1610402615,"path_taken":["R","M","M","?","$","?","T","?","R","?","M","E","R","M","M","BOSS","R"],"items_purchased_type":["Card"],"build_version":"2020-12-22","purchased_purges":0,"victory":false,"max_hp_per_floor":[99,99,99,99,99,99,99,99,99,99,99,99,99,99,99,99,99,99,99,99],"card_choices":[{"not_picked":["champ:Haymaker","champ:GladiatorStyle"],"picked":"champ:BringItOn","floor":2},{"not_picked":["champ:CalledShot","champ:CrookedStrike"],"picked":"champ:Backstep","floor":3},{"not_picked":["champ:ShieldThrow","champ:StanceDance"],"picked":"champ:AdrenalArmor","floor":4},{"not_picked":["champ:CrookedStrike","champ:Duel"],"picked":"champ:BerserkersShout","floor":5},{"not_picked":["champ:StanceDance","champ:GutPunch"],"picked":"champ:SwordThrow","floor":6},{"not_picked":["champ:Backstep","champ:Haymaker","champ:CrookedStrike"],"picked":"SKIP","floor":10},{"not_picked":["champ:DefensiveStyle","champ:EndlessRage","champ:BladeFlurry"],"picked":"SKIP","floor":11},{"not_picked":["champ:CheapShot","champ:PerfectedStrike","champ:StanceDance"],"picked":"SKIP","floor":12},{"not_picked":["champ:BladeFlurry","champ:Backstep","champ:FocusedGladiator"],"picked":"SKIP","floor":14},{"not_picked":["champ:EndlessRage","champ:TornadoPunch"],"picked":"champ:ViciousMockery","floor":15}],"player_experience":998037,"relics_obtained":[{"floor":7,"key":"Iron Hammer"},{"floor":12,"key":"hubris:CuriousFeather"}],"event_choices":[],"is_beta":false,"boss_relics":[{"not_picked":["hubris:Backtick","aspiration:RitualDagger"],"picked":"Replay:Grab Bag"},{"not_picked":["aspiration:FutureDiary","ChewingGum"],"picked":"Replay:Wanted Poster"},{"not_picked":["Runic Dome","Cursed Key"],"picked":"hubris:VirtuousBlindfold"},{"not_picked":["aspiration:MobileForge","SacredBark"],"picked":"Kintsugi"}],"items_purged_floors":[],"is_endless":false,"potions_floor_spawned":[6,10,12,14,15],"ascension_level":0}}