{"host":"Leo","time":1610406613,"event":{"mods":["Act Like it!","BaseMod","Challenge The Spire","Colored Map","Colored Powertips","Downfall","Energized Spire","Filter the Spire","Gensokyo","Hubris","Infinite Spire","KinomotoSakuraMod(ñÿîVñ{?)","KomeijiMod","MarisaÅiñ∂âJÅ@ñÇóùçπÅj","Minty Spire (QoL Compilation)","Pale of the Ancients","Prisma Mod","Quick Restart","Random Character Mod","Rare Cards Sparkle","Replay The Spire","StSLib","The Jungle","Waifu the Spire"],"gold_per_floor":[117,135,135,135,152,152,179,179,231,231,231,246,246,257,257,359,359,373,392,404,404,424,424,452,452,452,452,464,464],"floor_reached":28,"playtime":3876,"items_purged":[],"score":238,"play_id":"bb49679f-fa53-4790-b88e-ab09ed1bd907","local_time":"20210111181013","is_ascension_mode":false,"campfire_choices":[{"data":"PowerUp","floor":6,"key":"SMITH"},{"floor":8,"key":"REST"},{"floor":10,"key":"REST"},{"data":"GalacticHalo","floor":13,"key":"SMITH"},{"data":"MillisecondPulsars","floor":15,"key":"SMITH"},{"floor":23,"key":"REST"},{"floor":27,"key":"REST"}],"circlet_count":0,"master_deck":["Strike_MRS","Strike_MRS","Strike_MRS","Strike_MRS","Defend_MRS","Defend_MRS","Defend_MRS","Defend_MRS","MasterSpark","UpSweep+1","PowerUp","PowerUp+1","MysteriousBeam","GalacticHalo+1","DoubleSpark","MillisecondPulsars+1","BinaryStars+1","EarthLightRay+1","EnergyRecoil","ManaConvection+1","AsteroidBelt+1","ChargingUp"],"relics":["MiniHakkero","infinitespire:BottledMercury","Darkstone Periapt","Orichalcum","hubris:Towel","hubris:Backtick","Replay:Arrowhead","War Paint","infinitespire:Midas Blood"],"acts_visited":["Exordium","TheCity"],"potions_floor_usage":[],"damage_taken":[{"damage":6,"enemies":"Jaw Worm","floor":1,"turns":3},{"damage":2,"enemies":"Small Slimes","floor":2,"turns":3},{"damage":0,"enemies":"2 Louse","floor":5,"turns":3},{"damage":36,"enemies":"Lagavulin","floor":7,"turns":4},{"damage":7,"enemies":"Gremlin Gang","floor":12,"turns":3},{"damage":1,"enemies":"2 Fungi Beasts","floor":14,"turns":2},{"damage":23,"enemies":"The Guardian","floor":16,"turns":9},{"damage":4,"enemies":"Chosen","floor":18,"turns":4},{"damage":10,"enemies":"Spheric Guardian","floor":19,"turns":4},{"damage":45,"enemies":"Snake Plant","floor":20,"turns":6},{"damage":1,"enemies":"Centurion and Healer","floor":22,"turns":4},{"damage":38,"enemies":"Book of Stabbing","floor":24,"turns":6},{"damage":49,"enemies":"Slavers","floor":28,"turns":5}],"seed_played":"7940890096231188489","potions_obtained":[{"floor":14,"key":"Swift Potion"},{"floor":16,"key":"Milkshake"},{"floor":18,"key":"PowerPotion"}],"is_trial":false,"path_per_floor":["M","M","?","T","M","R","E","R","T","R","?","M","R","M","R","B",null,"M","M","M","?","M","R","E","?","T","R","E"],"character_chosen":"MARISA","items_purchased":[],"campfire_rested":4,"item_purchase_floors":[],"current_hp_per_floor":[69,67,67,67,67,67,31,53,53,75,75,68,68,67,67,44,75,71,65,24,24,29,51,19,19,19,41,0,0],"gold":464,"neow_bonus":"UPGRADE_CARD","is_daily":false,"chose_seed":false,"campfire_upgraded":3,"win_rate":0.0,"timestamp":1610406613,"path_taken":["M","M","?","?","M","R","E","R","T","R","?","M","R","M","R","BOSS","M","M","M","?","?","R","E","?","T","R","E"],"items_purchased_type":[],"build_version":"2020-11-17","purchased_purges":0,"victory":false,"max_hp_per_floor":[75,75,75,75,75,75,75,75,75,75,75,75,75,75,75,75,75,75,75,75,75,75,75,75,75,75,75,75,75],"card_choices":[{"not_picked":["Acceleration","DC"],"picked":"PowerUp","floor":1},{"not_picked":["DC","ManaConvection"],"picked":"PowerUp","floor":2},{"not_picked":["DC","6A"],"picked":"MysteriousBeam","floor":5},{"not_picked":["GrandCross","DeepEcoloBomb"],"picked":"GalacticHalo","floor":7},{"not_picked":["SporeBomb","DragonMeteor"],"picked":"DoubleSpark","floor":12},{"not_picked":["IllusionStar","GalacticHalo"],"picked":"MillisecondPulsars","floor":14},{"not_picked":["MaximisePower","EscapeVelocity"],"picked":"BinaryStars","floor":16},{"not_picked":["MysteriousBeam","LuminesStrike"],"picked":"EarthLightRay","floor":18},{"not_picked":["GasGiant","WitchLeyline"],"picked":"EnergyRecoil","floor":19},{"not_picked":["OpenUniverse","GrandCross"],"picked":"ManaConvection","floor":20},{"not_picked":["SporeBomb+1","ChargingUp"],"picked":"AsteroidBelt+1","floor":22},{"not_picked":["OneTimeOff","Acceleration"],"picked":"ChargingUp","floor":24}],"player_experience":22532,"relics_obtained":[{"floor":4,"key":"infinitespire:BottledMercury"},{"floor":7,"key":"Darkstone Periapt"},{"floor":9,"key":"Orichalcum"},{"floor":24,"key":"War Paint"},{"floor":26,"key":"infinitespire:Midas Blood"}],"event_choices":[{"damage_healed":0,"gold_gain":0,"player_choice":"Ignored","damage_taken":0,"max_hp_gain":0,"max_hp_loss":0,"event_name":"Golden Wing","floor":3,"gold_loss":0},{"damage_healed":0,"gold_gain":0,"player_choice":"Forge","damage_taken":0,"max_hp_gain":0,"max_hp_loss":0,"event_name":"Accursed Blacksmith","floor":21,"gold_loss":0,"cards_upgraded":["EarthLightRay"]},{"damage_healed":0,"gold_gain":0,"player_choice":"Ignored","damage_taken":0,"max_hp_gain":0,"max_hp_loss":0,"event_name":"NoteForYourself","floor":25,"gold_loss":0}],"is_beta":true,"boss_relics":[{"not_picked":["Replay:Grab Bag","Calling Bell"],"picked":"hubris:Backtick"}],"items_purged_floors":[],"is_endless":false,"potions_floor_spawned":[14,16,18,24],"killed_by":"Slavers","ascension_level":0}}