{"host":"vl29iwkwnyytuw8q","time":1610394113,"event":{"mods":["BaseMod","Minty Spire (QoL Compilation)","Permanent Neow","Relic Stats","StSLib"],"gold_per_floor":[116,116,134,150,164,190,190,224,224],"floor_reached":8,"playtime":338,"items_purged":[],"score":78,"play_id":"28d839b6-2925-44bb-b39c-f2ecfb21adcc","local_time":"20210111204153","is_ascension_mode":true,"campfire_choices":[{"data":"Fusion","floor":7.0,"key":"SMITH"}],"circlet_count":0,"master_deck":["Zap","Dualcast","Beam Cell","Rip and Tear","Auto Shields","Go for the Eyes","Rebound","Cold Snap","Chaos","Static Discharge","Loop+1","Fusion+1","Darkness"],"relics":["Pandora\u0027s Box","Bottled Lightning","Sundial"],"acts_visited":["Exordium"],"potions_floor_usage":[],"damage_taken":[{"damage":0.0,"enemies":"2 Louse","floor":1.0,"turns":2.0},{"damage":0.0,"enemies":"Cultist","floor":3.0,"turns":3.0},{"damage":12.0,"enemies":"Jaw Worm","floor":4.0,"turns":2.0},{"damage":14.0,"enemies":"Lots of Slimes","floor":5.0,"turns":3.0},{"damage":19.0,"enemies":"3 Sentries","floor":6.0,"turns":4.0},{"damage":24,"enemies":"Lagavulin","floor":8,"turns":5}],"seed_played":"3840211137492873647","potions_obtained":[{"floor":1.0,"key":"Explosive Potion"},{"floor":4.0,"key":"LiquidBronze"},{"floor":6.0,"key":"EssenceOfSteel"},{"floor":8,"key":"BlessingOfTheForge"}],"is_trial":false,"path_per_floor":["M","?","M","M","M","E","R","E"],"character_chosen":"DEFECT","items_purchased":[],"campfire_rested":0,"item_purchase_floors":[],"current_hp_per_floor":[75,75,75,63,49,30,30,6,6],"gold":224,"neow_bonus":"BOSS_RELIC","is_daily":false,"chose_seed":false,"campfire_upgraded":1,"win_rate":0.0,"timestamp":1610394113,"path_taken":["M","?","M","?","M","E","R","E"],"items_purchased_type":[],"build_version":"2020-12-22","purchased_purges":0,"victory":false,"max_hp_per_floor":[75,75,75,75,75,75,75,75,75],"relic_stats":{"counters":[6,19],"Sundial":[0],"Pandora\u0027s Box":["Beam Cell","Rip and Tear","Auto Shields","Go for the Eyes","Rebound","Cold Snap","Chaos","Static Discharge"],"obtain_stats":[{"Sundial":8,"Pandora\u0027s Box":0,"Bottled Lightning":6,"Cracked Core":0},{"Sundial":6,"Pandora\u0027s Box":0,"Bottled Lightning":5,"Cracked Core":0},{"Sundial":19,"Pandora\u0027s Box":0,"Bottled Lightning":14,"Cracked Core":0}]},"card_choices":[{"not_picked":["Recycle","Gash"],"picked":"Loop","floor":1.0},{"not_picked":["Rebound","Streamline","Redo"],"picked":"SKIP","floor":3.0},{"not_picked":["Cold Snap","Glacier"],"picked":"Fusion","floor":4.0},{"not_picked":["Conserve Battery","Rip and Tear","Stack"],"picked":"SKIP","floor":5.0},{"not_picked":["BootSequence","Conserve Battery"],"picked":"Darkness","floor":6.0}],"player_experience":621658,"relics_obtained":[{"floor":6.0,"key":"Bottled Lightning"},{"floor":8,"key":"Sundial"}],"event_choices":[{"damage_healed":0.0,"max_hp_gain":0.0,"max_hp_loss":0.0,"gold_gain":0.0,"event_name":"Accursed Blacksmith","player_choice":"Forge","floor":2.0,"gold_loss":0.0,"damage_taken":0.0,"cards_upgraded":["Loop"]}],"is_beta":false,"boss_relics":[],"items_purged_floors":[],"is_endless":false,"potions_floor_spawned":[1,4,6,8],"killed_by":"Lagavulin","ascension_level":3}}