{"host":"ek3xvuouaw6vk9if","time":1610337099,"event":{"mods":["BaseMod","BetterRewards","Hubris","Minty Spire (QoL Compilation)","Permanent Neow","Quick Restart","Relic Stats","Replay The Spire","StSLib","The Bladedancer"],"gold_per_floor":[114,126,126,136,14,14,48,48,48,48,66,66,97,111,111,214,214,224,72,89,89,103,132,132,165,217,217,217,217,217,232,232,335,435,446,446,412,425,425,454,454,487,487,519,519,545,545,505,505,505],"floor_reached":51,"playtime":3821,"items_purged":["blademaster:SlyStabs"],"score":876,"play_id":"1e36e7ef-0815-497b-b09b-b9dcaa74024c","local_time":"20210110225139","is_ascension_mode":true,"campfire_choices":[{"data":"blademaster:Hailwind","floor":6.0,"key":"SMITH"},{"data":"blademaster:ChargingUp","floor":8.0,"key":"SMITH"},{"data":"blademaster:Thrust","floor":10.0,"key":"SMITH"},{"data":"blademaster:Safeguard","floor":15.0,"key":"SMITH"},{"data":"blademaster:CloudOfSteel","floor":32.0,"key":"SMITH"},{"data":"blademaster:Empower","floor":41,"key":"SMITH"},{"data":"blademaster:Frontflip","floor":45,"key":"SMITH"},{"data":"blademaster:Safeguard","floor":47,"key":"SMITH"},{"data":"blademaster:AwakeningStrike","floor":49,"key":"SMITH"}],"circlet_count":0,"master_deck":["blademaster:Strike+1","blademaster:Strike+1","blademaster:Strike+1","blademaster:Strike+1","blademaster:Defend+1","blademaster:Defend+1","blademaster:Defend+1","blademaster:Defend+1","blademaster:RagingBlow","blademaster:HighVoltage+1","blademaster:Hailwind+1","blademaster:Flurry","blademaster:ChargingUp+1","blademaster:Stability+1","blademaster:Gust","blademaster:Safeguard+1","blademaster:Safeguard+1","blademaster:Thrust+1","blademaster:AwakeningDefend","blademaster:Frontflip+1","blademaster:AwakeningStrike+1","blademaster:CloudOfSteel+1","blademaster:Thrust","blademaster:BladeMastery+1","blademaster:HighVoltage","blademaster:Empower+1","blademaster:BladeDance","blademaster:Flurry+1","Secret Weapon+1","blademaster:Thrust+1","blademaster:Sharpen+1"],"relics":["blademaster:DancersAmulet","War Paint","Strange Spoon","ReplayTheSpireMod:Lightbulb","Eternal Feather","hubris:Towel","Meat on the Bone","hubris:ScarierMask","MutagenicStrength","Pet Ghost","hubris:BundleOfHerbs","hubris:FunFungus","Juzu Bracelet","Replay:Wanted Poster","hubris:Icosahedron","Orichalcum","Boot","Anchor","hubris:Spice","Omamori"],"acts_visited":["Exordium","TheCity","TheBeyond"],"potions_floor_usage":[40,44,50,50,50],"damage_taken":[{"damage":0.0,"enemies":"Small Slimes","floor":1.0,"turns":3.0},{"damage":0.0,"enemies":"2 Louse","floor":2.0,"turns":2.0},{"damage":0.0,"enemies":"Jaw Worm","floor":4.0,"turns":3.0},{"damage":12.0,"enemies":"3 Sentries","floor":7.0,"turns":7.0},{"damage":0.0,"enemies":"Blue Slaver","floor":11.0,"turns":3.0},{"damage":0.0,"enemies":"Gremlin Nob","floor":13.0,"turns":3.0},{"damage":1.0,"enemies":"Red Slaver","floor":14.0,"turns":4.0},{"damage":13.0,"enemies":"Fading Forest","floor":16.0,"turns":11.0},{"damage":11.0,"enemies":"Chosen","floor":18.0,"turns":7.0},{"damage":8.0,"enemies":"3 Byrds","floor":20.0,"turns":5.0},{"damage":0.0,"enemies":"Cultist and Chosen","floor":22.0,"turns":4.0},{"damage":0.0,"enemies":"Slavers","floor":23.0,"turns":4.0},{"damage":21.0,"enemies":"Book of Stabbing","floor":25.0,"turns":5.0},{"damage":13.0,"enemies":"Snake Plant","floor":31.0,"turns":5.0},{"damage":35.0,"enemies":"Automaton","floor":33.0,"turns":9.0},{"damage":5.0,"enemies":"3 Shapes","floor":35.0,"turns":4.0},{"damage":0.0,"enemies":"3 Darklings","floor":37.0,"turns":3.0},{"damage":1,"enemies":"Maw","floor":38,"turns":5},{"damage":27,"enemies":"Giant Head","floor":40,"turns":7},{"damage":4,"enemies":"R_Hoarder","floor":42,"turns":7},{"damage":0,"enemies":"Reptomancer","floor":44,"turns":5},{"damage":4,"enemies":"R_Hoarder","floor":46,"turns":7},{"damage":6,"enemies":"Replay:Hell Engine","floor":50,"turns":8}],"seed_played":"-5607689580409560416","potions_obtained":[{"floor":1.0,"key":"Strength Potion"},{"floor":11.0,"key":"Flashbang"},{"floor":14.0,"key":"Doom Potion"},{"floor":16.0,"key":"LiquidMemories"},{"floor":18.0,"key":"Dexterity Potion"},{"floor":37.0,"key":"SteroidPotion"},{"floor":42,"key":"SpeedPotion"},{"floor":44,"key":"SkillPotion"}],"is_trial":false,"path_per_floor":["M","M","?","M","$","R","E","R","T","R","M","?","E","M","R","B",null,"M","$","M","?","M","E","?","E","T","$","?","?","?","M","R","B",null,"M","?","M","M","?","E","R","E","T","E","R","E","R","?","R","B",null],"character_chosen":"THE_BLADEMASTER","items_purchased":["blademaster:Hailwind","blademaster:Flurry","blademaster:ChargingUp","blademaster:Stability+1","War Paint","Strange Spoon","blademaster:Safeguard","blademaster:CloudOfSteel"],"campfire_rested":0,"item_purchase_floors":[0,0,0,0,0,0,5,19],"current_hp_per_floor":[51,51,51,51,51,51,39,39,39,48,48,48,48,47,59,46,75,64,64,56,56,56,56,56,47,47,47,47,47,47,46,61,47,75,70,70,70,69,69,42,57,53,53,61,79,75,83,83,83,83],"gold":505,"neow_bonus":"","is_daily":false,"chose_seed":false,"campfire_upgraded":9,"win_rate":0.0,"timestamp":1610337099,"path_taken":["M","M","?","M","$","R","E","R","T","R","M","?","E","M","R","BOSS","M","$","M","?","M","E","?","E","T","$","?","?","?","M","R","BOSS","M","?","M","M","?","E","R","E","T","E","R","E","R","?","R","BOSS"],"items_purchased_type":["Card","Card","Card","Card","Relic","Relic","Card","Card"],"build_version":"2020-12-22","purchased_purges":1,"victory":true,"max_hp_per_floor":[75,75,75,75,75,75,75,75,75,75,75,75,75,75,75,75,75,75,75,75,75,75,75,75,75,75,75,75,75,75,75,75,75,75,75,75,75,75,75,75,75,75,75,83,83,83,83,83,83,83],"relic_stats":{"Strange Spoon":[56],"counters":[50,216],"Eternal Feather":77,"Juzu Bracelet":2,"War Paint":["blademaster:Defend","blademaster:Defend"],"Orichalcum":[6],"Boot":[5],"obtain_stats":[{"ReplayFunnel":13,"blademaster:BonusFuryPerk":44,"Painkiller Herb":17,"Mango":48,"Juzu Bracelet":26,"Boot":42,"Pet Ghost":23,"Replay:Wanted Poster":34,"hubris:Icosahedron":36,"Pantograph":3,"hubris:ScarierMask":17,"blademaster:LightningChargePerk":40,"hubris:FunFungus":25,"blademaster:FinisherDrawCardPerk":13,"blademaster:DextrousPerk":48,"blademaster:ComboEveryTurnPerk":25,"Toxic Egg 2":40,"Replay:Bottled Steam":9,"ReplayTheSpireMod:Ninjato":26,"Happy Flower":41,"blademaster:StrongPerk":6,"blademaster:BonusComboPerk":7,"Eternal Feather":9,"blademaster:RandomBladePerk":23,"Omamori":46,"War Paint":0,"hubris:Towel":12,"Orichalcum":40,"Strange Spoon":0,"Anchor":43,"blademaster:FuryEveryTurnPerk":13,"hubris:Spice":44,"MutagenicStrength":21,"hubris:BundleOfHerbs":24,"Snack Pack":43,"blademaster:DancersAmulet":0,"blademaster:WindChargePerk":46,"StrikeDummy":6,"ReplayTheSpireMod:DimensionalGlitch":34,"ReplayTheSpireMod:Lightbulb":7,"Meat on the Bone":13},{"ReplayFunnel":5,"blademaster:BonusFuryPerk":48,"Painkiller Herb":6,"Mango":26,"Juzu Bracelet":40,"Boot":47,"Pet Ghost":39,"Replay:Wanted Poster":42,"hubris:Icosahedron":43,"Pantograph":2,"hubris:ScarierMask":35,"blademaster:LightningChargePerk":21,"hubris:FunFungus":40,"blademaster:FinisherDrawCardPerk":33,"blademaster:DextrousPerk":26,"blademaster:ComboEveryTurnPerk":40,"Toxic Egg 2":21,"Replay:Bottled Steam":4,"ReplayTheSpireMod:Ninjato":12,"Happy Flower":21,"blademaster:StrongPerk":3,"blademaster:BonusComboPerk":31,"Eternal Feather":31,"blademaster:RandomBladePerk":39,"Omamori":49,"War Paint":27,"hubris:Towel":32,"Orichalcum":46,"Strange Spoon":27,"Anchor":47,"blademaster:FuryEveryTurnPerk":5,"hubris:Spice":48,"MutagenicStrength":37,"hubris:BundleOfHerbs":39,"Snack Pack":22,"blademaster:DancersAmulet":0,"blademaster:WindChargePerk":49,"StrikeDummy":3,"ReplayTheSpireMod:DimensionalGlitch":16,"ReplayTheSpireMod:Lightbulb":31,"Meat on the Bone":33},{"ReplayFunnel":16,"blademaster:BonusFuryPerk":201,"Painkiller Herb":20,"Mango":89,"Juzu Bracelet":156,"Boot":196,"Pet Ghost":151,"Replay:Wanted Poster":170,"hubris:Icosahedron":174,"Pantograph":6,"hubris:ScarierMask":131,"blademaster:LightningChargePerk":72,"hubris:FunFungus":156,"blademaster:FinisherDrawCardPerk":116,"blademaster:DextrousPerk":89,"blademaster:ComboEveryTurnPerk":156,"Toxic Egg 2":72,"Replay:Bottled Steam":13,"ReplayTheSpireMod:Ninjato":37,"Happy Flower":72,"blademaster:StrongPerk":11,"blademaster:BonusComboPerk":110,"Eternal Feather":110,"blademaster:RandomBladePerk":151,"Omamori":208,"War Paint":95,"hubris:Towel":113,"Orichalcum":189,"Strange Spoon":95,"Anchor":196,"blademaster:FuryEveryTurnPerk":16,"hubris:Spice":201,"MutagenicStrength":143,"hubris:BundleOfHerbs":151,"Snack Pack":75,"blademaster:DancersAmulet":0,"blademaster:WindChargePerk":208,"StrikeDummy":11,"ReplayTheSpireMod:DimensionalGlitch":54,"ReplayTheSpireMod:Lightbulb":110,"Meat on the Bone":116}],"Meat on the Bone":24},"card_choices":[{"not_picked":["blademaster:DaggerAndCloak","blademaster:Sunder"],"picked":"blademaster:Gust","floor":1.0},{"not_picked":["blademaster:DancingEdge","blademaster:Quickstep"],"picked":"blademaster:SlyStabs","floor":2.0},{"not_picked":["blademaster:Cut","blademaster:Blockade"],"picked":"blademaster:Safeguard","floor":4.0},{"not_picked":["blademaster:DeadlyDance","blademaster:AspectOfWind"],"picked":"blademaster:Thrust","floor":7.0},{"not_picked":["blademaster:LightningCrash","blademaster:ThunderingOpener","blademaster:DaggerAndCloak"],"picked":"SKIP","floor":11.0},{"not_picked":["blademaster:DeadlyDance","blademaster:Quickness"],"picked":"blademaster:AwakeningDefend","floor":13.0},{"not_picked":["blademaster:Hailwind","blademaster:Flurry"],"picked":"blademaster:Frontflip","floor":14.0},{"not_picked":["blademaster:BladeDance","blademaster:HighVoltage"],"picked":"blademaster:UnrelentingWind","floor":16.0},{"not_picked":["blademaster:AspectOfLightning","blademaster:Meditate"],"picked":"blademaster:AwakeningStrike","floor":18.0},{"not_picked":["blademaster:AwakeningStrike","blademaster:Quickstep","blademaster:Bloodbath+1"],"picked":"SKIP","floor":20.0},{"not_picked":["blademaster:BloodyBlow+1","blademaster:BladeDance"],"picked":"blademaster:Thrust","floor":22.0},{"not_picked":["blademaster:ThunderingOpener","blademaster:Vortex+1"],"picked":"blademaster:BladeMastery+1","floor":23.0},{"not_picked":["blademaster:Slice+1","blademaster:Sunder"],"picked":"blademaster:HighVoltage","floor":25.0},{"not_picked":["blademaster:Blockade","blademaster:LightningCrash"],"picked":"blademaster:Empower","floor":31.0},{"not_picked":["blademaster:FlockOfBlades","blademaster:LightningDraw"],"picked":"blademaster:BladeDance","floor":33.0},{"not_picked":["blademaster:Cut","blademaster:Safeguard","blademaster:ChargingUp"],"picked":"SKIP","floor":35.0},{"not_picked":["blademaster:AwakeningStrike","blademaster:Overcharge+1"],"picked":"blademaster:Flurry+1","floor":37.0},{"not_picked":["blademaster:AspectOfLightning","blademaster:AwakeningStrike+1","blademaster:DeadlyDance"],"picked":"SKIP","floor":38},{"not_picked":["Violence","Survey Options"],"picked":"Secret Weapon","floor":39},{"not_picked":["blademaster:AwakeningDefend","blademaster:Rupture","blademaster:Frenzy"],"picked":"SKIP","floor":40},{"not_picked":["blademaster:BladeMastery","blademaster:Havoc+1"],"picked":"blademaster:Thrust+1","floor":42},{"not_picked":["blademaster:Quickness","blademaster:SlyStabs","blademaster:Cut"],"picked":"SKIP","floor":44},{"not_picked":["blademaster:Momentum+1","blademaster:FuriousStrike+1"],"picked":"blademaster:Sharpen+1","floor":46}],"player_experience":521316,"relics_obtained":[{"floor":7.0,"key":"ReplayTheSpireMod:Lightbulb"},{"floor":7.0,"key":"blademaster:BonusComboPerk"},{"floor":9.0,"key":"Eternal Feather"},{"floor":13.0,"key":"Meat on the Bone"},{"floor":13.0,"key":"blademaster:FinisherDrawCardPerk"},{"floor":23.0,"key":"Pet Ghost"},{"floor":23.0,"key":"blademaster:RandomBladePerk"},{"floor":25.0,"key":"blademaster:ComboEveryTurnPerk"},{"floor":25.0,"key":"hubris:FunFungus"},{"floor":26.0,"key":"Juzu Bracelet"},{"floor":40,"key":"Orichalcum"},{"floor":40,"key":"blademaster:StrongPerk"},{"floor":42,"key":"Boot"},{"floor":42,"key":"blademaster:DextrousPerk"},{"floor":43,"key":"Anchor"},{"floor":44,"key":"hubris:Spice"},{"floor":44,"key":"blademaster:BonusFuryPerk"},{"floor":46,"key":"Omamori"},{"floor":46,"key":"blademaster:WindChargePerk"}],"event_choices":[{"damage_healed":0.0,"max_hp_gain":0.0,"max_hp_loss":0.0,"gold_gain":0.0,"event_name":"Drug Dealer","player_choice":"Inject Mutagens","floor":21.0,"gold_loss":0.0,"damage_taken":0.0,"relics_obtained":["MutagenicStrength"]},{"cards_removed":["blademaster:UnrelentingWind"],"damage_healed":0.0,"max_hp_gain":0.0,"max_hp_loss":0.0,"gold_gain":0.0,"event_name":"Purifier","player_choice":"Purged","floor":29.0,"gold_loss":0.0,"damage_taken":0.0},{"damage_healed":0.0,"max_hp_gain":0.0,"max_hp_loss":0.0,"gold_gain":0.0,"event_name":"Back to Basics","player_choice":"Simplicity","floor":30.0,"gold_loss":0.0,"damage_taken":0.0,"cards_upgraded":["blademaster:Strike","blademaster:Strike","blademaster:Strike","blademaster:Defend","blademaster:Defend"]},{"damage_healed":0,"gold_gain":0,"player_choice":"Memory 1","damage_taken":0,"max_hp_gain":0,"max_hp_loss":0,"event_name":"SensoryStone","floor":39,"gold_loss":0},{"damage_healed":0,"gold_gain":0,"player_choice":"Upgraded Two","damage_taken":0,"max_hp_gain":0,"max_hp_loss":0,"event_name":"Designer","floor":48,"gold_loss":40,"cards_upgraded":["Secret Weapon","blademaster:HighVoltage"]}],"is_beta":false,"boss_relics":[{"not_picked":["Snecko Eye","Astrolabe"],"picked":"hubris:ScarierMask"},{"not_picked":["Velvet Choker","Replay:Drink Me"],"picked":"Replay:Wanted Poster"}],"items_purged_floors":[5],"is_endless":false,"potions_floor_spawned":[1,11,14,16,18,23,33,37,38,42,44,46],"ascension_level":1}}