{"host":"91blwi3hgehj6ch9","time":1610369352,"event":{"mods":["2.2 Compatiblity","AchievementEnabler","BaseMod","Colored Map","DeckTracker","Keyboard Shortcuts","Minty Spire (QoL Compilation)","Permanent Neow","Quick Restart","StSLib","SuperFastMode"],"gold_per_floor":[116,116,41,6,25,25,45,45,45,58,58,82,98,133,133,133,133],"floor_reached":16,"playtime":415,"items_purged":["Defend_G"],"score":179,"play_id":"81f7337c-ef4e-4251-af51-0ffa418eafde","local_time":"20210111214912","is_ascension_mode":true,"campfire_choices":[{"data":"Acrobatics","floor":6.0,"key":"SMITH"},{"data":"Dash","floor":8.0,"key":"SMITH"},{"floor":15,"key":"REST"}],"circlet_count":0,"master_deck":["AscendersBane","Strike_G","Strike_G","Strike_G","Strike_G","Defend_G","Defend_G","Defend_G","Survivor","Neutralize","Acrobatics+1","Quick Slash","Dash+1","Acrobatics","Reflex","PiercingWail"],"relics":["Ring of the Snake","Golden Idol","Toy Ornithopter","Bottled Lightning"],"acts_visited":["Exordium"],"potions_floor_usage":[16,16],"damage_taken":[{"damage":0.0,"enemies":"2 Louse","floor":1.0,"turns":5.0},{"damage":2.0,"enemies":"Jaw Worm","floor":5.0,"turns":4.0},{"damage":1.0,"enemies":"Small Slimes","floor":7.0,"turns":4.0},{"damage":0.0,"enemies":"Looter","floor":10.0,"turns":3.0},{"damage":0,"enemies":"Exordium Wildlife","floor":12,"turns":3},{"damage":10,"enemies":"Large Slime","floor":13,"turns":5},{"damage":31,"enemies":"Gremlin Nob","floor":14,"turns":6},{"damage":44,"enemies":"The Guardian","floor":16,"turns":14}],"seed_played":"-5036720283230892039","potions_obtained":[{"floor":5.0,"key":"Weak Potion"},{"floor":10.0,"key":"ColorlessPotion"},{"floor":12,"key":"Dexterity Potion"}],"is_trial":false,"path_per_floor":["M","?","$","?","M","R","M","R","T","M","?","M","M","E","R","B"],"character_chosen":"THE_SILENT","items_purchased":[],"campfire_rested":1,"item_purchase_floors":[],"current_hp_per_floor":[44,44,44,59,57,57,56,56,56,56,56,56,46,15,33,0,0],"gold":133,"neow_bonus":"REMOVE_TWO","is_daily":false,"chose_seed":false,"campfire_upgraded":2,"win_rate":0.0,"timestamp":1610369352,"path_taken":["M","?","$","?","M","R","M","R","T","M","?","M","M","E","R","BOSS"],"items_purchased_type":[],"build_version":"2020-12-22","purchased_purges":1,"victory":false,"max_hp_per_floor":[66,60,60,60,60,60,60,60,60,60,60,60,60,60,60,60,60],"card_choices":[{"not_picked":["Sucker Punch","Dagger Spray"],"picked":"Acrobatics","floor":1.0},{"not_picked":["Cloak And Dagger","Leg Sweep"],"picked":"Quick Slash","floor":5.0},{"not_picked":["Underhanded Strike","Leg Sweep"],"picked":"Dash","floor":7.0},{"not_picked":["Dodge and Roll","Dagger Spray"],"picked":"Acrobatics","floor":10.0},{"not_picked":["Sucker Punch","Bouncing Flask"],"picked":"Reflex","floor":12},{"not_picked":["Underhanded Strike","Slice"],"picked":"PiercingWail","floor":13},{"not_picked":["Unload","Expertise","Distraction"],"picked":"SKIP","floor":14}],"player_experience":158675,"relics_obtained":[{"floor":9.0,"key":"Toy Ornithopter"},{"floor":14,"key":"Bottled Lightning"}],"event_choices":[{"damage_healed":0.0,"max_hp_gain":0.0,"max_hp_loss":6.0,"gold_gain":0.0,"event_name":"Golden Idol","player_choice":"Lose Max HP","floor":2.0,"gold_loss":0.0,"damage_taken":0.0,"relics_obtained":["Golden Idol"]},{"damage_healed":15.0,"max_hp_gain":0.0,"max_hp_loss":0.0,"gold_gain":0.0,"event_name":"The Cleric","player_choice":"Healed","floor":4.0,"gold_loss":35.0,"damage_taken":0.0},{"damage_healed":0,"gold_gain":0,"player_choice":"Fled","damage_taken":0,"max_hp_gain":0,"max_hp_loss":0,"event_name":"Scrap Ooze","floor":11,"gold_loss":0}],"is_beta":false,"boss_relics":[],"items_purged_floors":[3],"is_endless":false,"potions_floor_spawned":[5,10,12,13,14],"killed_by":"The Guardian","ascension_level":15}}