{"host":"qlo0xo0cdeotglqz","time":1610378214,"event":{"mods":["2.2 Compatiblity","Act Like it!","BaseMod","Bestiary","Better Third Choice","Clockwork Mod","Colored Map","DeckTracker","Downfall","Gremlin Mod","Infinite Spire","Jorbs\u0027s Wanderer Trilogy","Minty Spire (QoL Compilation)","Potionbrewer","Rare Cards Sparkle","Replay The Spire","StSLib","The Animator","The Blackbeard","The Blue Laboratory","The Cursed","The Disciple","The Forsaken","Uncapped"],"gold_per_floor":[99,109,124,574,590,590,615,36,36,54,54,54,54,68,88,189,189,276,286,286,286],"floor_reached":20,"playtime":1658,"items_purged":["stsjorbsmod:Amnesia"],"score":189,"play_id":"e13ae9a7-afd9-4928-b713-3f0972207572","local_time":"20210111161654","is_ascension_mode":false,"campfire_choices":[{"data":"sneckomod:Unknown","floor":1.0,"key":"SMITH"},{"data":"sneckomod:UnknownUncommonPower","floor":9.0,"key":"SMITH"}],"circlet_count":0,"master_deck":["sneckomod:Strike","sneckomod:Strike","sneckomod:Defend","sneckomod:Defend","sneckomod:Defend","sneckomod:TailWhip","sneckomod:SnekBite","sneckomod:Unknown+1","sneckomod:Unknown","sneckomod:UnknownClassGREEN","sneckomod:UnknownClassRED","Slimebound:Icky","Slimebound:Icky","Slimebound:Icky","sneckomod:Unknown1Cost","Clockwork:WoundupStrike","sneckomod:IronFang","sneckomod:UnknownUncommonPower+1","sneckomod:WideSting","Replay:SS_hec_1","sneckomod:SlitherStrike","sneckomod:Nope","sneckomod:UnknownCommonAttack","ReplayTheSpireMod:Black Plague","sneckomod:UnknownClassRED","sneckomod:UnknownWeak","sneckomod:Restock","sneckomod:UnknownBlock+1"],"relics":["sneckomod:SneckoSoul","m_SnakeBloodCore","infinitespire:Beetle Shell","Chemical X","Ring of Hypnosis","ReplayTheSpireMod:Ring of Addiction","White Beast Statue","Chameleon Ring","Painkiller Herb"],"acts_visited":["Exordium","TheCity"],"potions_floor_usage":[],"damage_taken":[{"damage":10.0,"enemies":"Small Slimes","floor":2.0,"turns":3.0},{"damage":0.0,"enemies":"Jaw Worm","floor":3.0,"turns":3.0},{"damage":0.0,"enemies":"2 Louse","floor":5.0,"turns":2.0},{"damage":5.0,"enemies":"downfall:FleeingMerchant","floor":8.0,"turns":4.0},{"damage":26.0,"enemies":"3 Louse","floor":10.0,"turns":4.0},{"damage":9.0,"enemies":"Blue Slaver","floor":14.0,"turns":4.0},{"damage":0.0,"enemies":"2 Fungi Beasts","floor":15.0,"turns":3.0},{"damage":48.0,"enemies":"downfall:Watcher","floor":16.0,"turns":9.0},{"damage":18.0,"enemies":"Spheric Guardian","floor":19.0,"turns":6.0},{"damage":0,"enemies":"Shelled Parasite and Fungi","floor":20,"turns":1}],"seed_played":"8022523249803933452","potions_obtained":[{"floor":2.0,"key":"sneckomod:DiceRollPotion"},{"floor":5.0,"key":"Flashbang"},{"floor":10.0,"key":"blueLaboratory:FruitPunch"},{"floor":13.0,"key":"Slimebound:ThreeZeroPotion"},{"floor":13.0,"key":"blueLaboratory:Moonshine"},{"floor":15.0,"key":"BlessingOfTheForge"},{"floor":16.0,"key":"potionbrewer:QuicksilverPotion"},{"floor":19.0,"key":"Energy Potion"}],"is_trial":false,"path_per_floor":["R","M","M","?","M","?","T","$","R","M","?","?","?","M","M","B",null,"T","?","?"],"character_chosen":"THE_SNECKO","items_purchased":["sneckomod:UnknownUncommonPower","sneckomod:WideSting","Replay:SS_hec_1","sneckomod:SlitherStrike","Chemical X","sneckomod:Nope"],"campfire_rested":0,"item_purchase_floors":[8,8,8,8,8,8],"current_hp_per_floor":[99,90,91,91,92,92,92,91,91,69,69,43,43,48,52,14,109,109,105,105,105],"gold":286,"neow_bonus":"TEN_PERCENT_HP_BONUS","is_daily":false,"chose_seed":false,"campfire_upgraded":2,"win_rate":0.0,"timestamp":1610378214,"path_taken":["R","M","M","?","M","?","T","$","R","M","?","?","?","?","M","BOSS","T","?","?"],"items_purchased_type":["Card","Card","Card","Card","Relic","Card"],"build_version":"2020-12-22","purchased_purges":1,"victory":false,"max_hp_per_floor":[99,100,101,101,102,102,102,103,103,104,104,104,104,105,106,109,109,109,110,110,110],"card_choices":[{"not_picked":["sneckomod:SoulRoll","sneckomod:DiceCrush"],"picked":"sneckomod:UnknownClassGREEN","floor":2.0},{"not_picked":["sneckomod:WideSting","sneckomod:ImprovisedAttack"],"picked":"sneckomod:UnknownClassRED","floor":3.0},{"not_picked":["sneckomod:UnknownCommonAttack","sneckomod:SoulRoll"],"picked":"sneckomod:Unknown1Cost","floor":5.0},{"not_picked":["Havoc","sneckomod:UnknownVulnerable"],"picked":"sneckomod:IronFang","floor":8.0},{"not_picked":["sneckomod:QuickBite","Dual Wield"],"picked":"sneckomod:UnknownCommonAttack","floor":10.0},{"not_picked":["infinitespire:NeuralNetwork","infinitespire:DeathsTouch"],"picked":"ReplayTheSpireMod:Black Plague","floor":12.0},{"not_picked":["Perfected Strike","sneckomod:UnknownVulnerable"],"picked":"sneckomod:UnknownClassRED","floor":14.0},{"not_picked":["sneckomod:QuickMove","sneckomod:Nope"],"picked":"sneckomod:UnknownWeak","floor":15.0},{"not_picked":["Seek","Burst"],"picked":"sneckomod:Restock","floor":16.0},{"not_picked":["sneckomod:Unknown2Cost+1","sneckomod:DiceBlock+1"],"picked":"sneckomod:UnknownBlock+1","floor":19.0}],"player_experience":64730,"relics_obtained":[{"floor":7.0,"key":"infinitespire:Beetle Shell"},{"floor":13.0,"key":"Ring of Hypnosis"},{"floor":13.0,"key":"ReplayTheSpireMod:Ring of Addiction"},{"floor":13.0,"key":"White Beast Statue"},{"floor":13.0,"key":"Chameleon Ring"}],"event_choices":[],"is_beta":false,"boss_relics":[{"not_picked":["Runic Dome","Replay:Bronze Core"],"picked":"Painkiller Herb"}],"items_purged_floors":[8],"is_endless":false,"potions_floor_spawned":[2,5,10,14,15,16,19],"killed_by":"Shelled Parasite and Fungi","ascension_level":0}}