{"host":"jggt5i9rbuoqvque","time":1610325855,"event":{"mods":["BaseMod","Minty Spire (QoL Compilation)","StSLib"],"gold_per_floor":[109,129,129,54,4,30,50,84,84,102,102,31,48,48,48,48,48],"floor_reached":16,"playtime":379,"items_purged":["Normality"],"score":174,"play_id":"46bd52bd-d599-4aa1-b6c8-51ef2662848a","local_time":"20210111094415","is_ascension_mode":true,"campfire_choices":[{"data":"Armaments","floor":15.0,"key":"SMITH"}],"circlet_count":0,"master_deck":["Strike_R+1","Strike_R","Strike_R","Strike_R","Defend_R+1","Defend_R","Defend_R","Bash","Pommel Strike","Armaments+1","Metallicize"],"relics":["Burning Blood","Meat on the Bone","Self Forming Clay","Kunai"],"acts_visited":["Exordium"],"potions_floor_usage":[16],"damage_taken":[{"damage":19.0,"enemies":"Small Slimes","floor":1.0,"turns":4.0},{"damage":9.0,"enemies":"Jaw Worm","floor":2.0,"turns":3.0},{"damage":32.0,"enemies":"Gremlin Nob","floor":6.0,"turns":4.0},{"damage":16.0,"enemies":"Cultist","floor":7.0,"turns":4.0},{"damage":47.0,"enemies":"Lagavulin","floor":8.0,"turns":6.0},{"damage":4.0,"enemies":"2 Fungi Beasts","floor":10.0,"turns":4.0},{"damage":11.0,"enemies":"Red Slaver","floor":13.0,"turns":5.0},{"damage":61,"enemies":"Hexaghost","floor":16,"turns":11}],"seed_played":"-177077473915799159","potions_obtained":[{"floor":6.0,"key":"FairyPotion"},{"floor":10.0,"key":"ElixirPotion"}],"is_trial":false,"path_per_floor":["M","M","?","$","?","E","M","E","T","M","?","$","M","$","R","B"],"character_chosen":"IRONCLAD","items_purchased":["Metallicize"],"campfire_rested":0,"item_purchase_floors":[12],"current_hp_per_floor":[75,72,53,53,53,27,29,46,46,60,53,53,60,60,60,0,0],"gold":48,"neow_bonus":"TWENTY_PERCENT_HP_BONUS","is_daily":false,"chose_seed":false,"campfire_upgraded":1,"win_rate":0.0,"timestamp":1610325855,"path_taken":["M","M","?","$","?","E","M","E","T","M","?","?","?","$","R","BOSS"],"items_purchased_type":["Card"],"build_version":"2020-12-22","purchased_purges":1,"victory":false,"max_hp_per_floor":[96,96,96,96,96,96,96,96,96,96,96,96,96,96,96,96,96],"card_choices":[{"not_picked":["True Grit","Iron Wave","Warcry"],"picked":"SKIP","floor":1.0},{"not_picked":["Warcry","Twin Strike"],"picked":"Pommel Strike","floor":2.0},{"not_picked":["Sentinel","Uppercut","Clothesline"],"picked":"SKIP","floor":6.0},{"not_picked":["Infernal Blade","Reckless Charge","Iron Wave"],"picked":"SKIP","floor":7.0},{"not_picked":["Limit Break","Flame Barrier"],"picked":"Armaments","floor":8.0},{"not_picked":["Shockwave","Clash","Headbutt"],"picked":"SKIP","floor":10.0},{"not_picked":["Body Slam","Warcry","Berserk"],"picked":"SKIP","floor":13.0}],"player_experience":318290,"relics_obtained":[{"floor":6.0,"key":"Meat on the Bone"},{"floor":8.0,"key":"Self Forming Clay"},{"floor":9.0,"key":"Kunai"}],"event_choices":[{"damage_healed":0.0,"max_hp_gain":0.0,"max_hp_loss":0.0,"gold_gain":0.0,"event_name":"Shining Light","player_choice":"Entered Light","floor":3.0,"gold_loss":0.0,"damage_taken":19.0,"cards_upgraded":["Defend_R","Strike_R"]},{"cards_removed":["Strike_R"],"damage_healed":0.0,"max_hp_gain":0.0,"max_hp_loss":0.0,"gold_gain":0.0,"event_name":"The Cleric","player_choice":"Card Removal","floor":5.0,"gold_loss":50.0,"damage_taken":0.0},{"cards_removed":["Defend_R"],"damage_healed":0.0,"max_hp_gain":0.0,"max_hp_loss":0.0,"gold_gain":0.0,"event_name":"Golden Wing","player_choice":"Card Removal","floor":11.0,"gold_loss":0.0,"damage_taken":7.0}],"is_beta":false,"boss_relics":[],"items_purged_floors":[4],"is_endless":false,"potions_floor_spawned":[6,10],"killed_by":"Hexaghost","ascension_level":7}}