{"host":"y76clbnovzmw9ubx","time":1610407602,"event":{"mods":["AchievementEnabler","BaseMod","Minty Spire (QoL Compilation)","Permanent Neow","Relic Stats"],"gold_per_floor":[117,129,143,160,160,160,160,160],"floor_reached":7,"playtime":566,"items_purged":[],"score":86,"play_id":"5595be8f-0b43-428a-b584-92903b50ce59","local_time":"20210111182642","is_ascension_mode":true,"campfire_choices":[{"data":"Well Laid Plans","floor":6,"key":"SMITH"}],"circlet_count":0,"master_deck":["AscendersBane","Strike_G","Strike_G","Strike_G","Strike_G","Strike_G","Defend_G","Defend_G","Defend_G","Defend_G","Defend_G","Survivor","Neutralize","Impatience","Cloak And Dagger","Blade Dance","Well Laid Plans+1"],"relics":["Ring of the Snake","Golden Idol"],"acts_visited":["Exordium"],"potions_floor_usage":[],"damage_taken":[{"damage":6.0,"enemies":"Cultist","floor":1.0,"turns":5.0},{"damage":4.0,"enemies":"2 Louse","floor":2.0,"turns":4.0},{"damage":6.0,"enemies":"Small Slimes","floor":3.0,"turns":4.0},{"damage":11.0,"enemies":"Red Slaver","floor":4.0,"turns":6.0},{"damage":7,"enemies":"Lagavulin","floor":7,"turns":5}],"seed_played":"8223159763417961173","potions_obtained":[{"floor":2.0,"key":"Regen Potion"},{"floor":3.0,"key":"LiquidMemories"}],"is_trial":false,"path_per_floor":["M","M","M","M","?","R","E"],"character_chosen":"THE_SILENT","items_purchased":[],"campfire_rested":0,"item_purchase_floors":[],"current_hp_per_floor":[53,49,43,47,47,47,40,40],"gold":160,"neow_bonus":"RANDOM_COLORLESS","is_daily":false,"chose_seed":false,"campfire_upgraded":1,"win_rate":0.0,"timestamp":1610407602,"path_taken":["M","M","M","?","?","R","E"],"items_purchased_type":[],"build_version":"2020-12-22","purchased_purges":0,"victory":false,"max_hp_per_floor":[66,66,66,66,60,60,60,60],"relic_stats":{"counters":[5,24],"Golden Idol":0,"obtain_stats":[{"Golden Idol":5,"Ring of the Snake":0},{"Golden Idol":4,"Ring of the Snake":0},{"Golden Idol":19,"Ring of the Snake":0}],"Ring of the Snake":[10]},"card_choices":[{"not_picked":["Flash of Steel","Good Instincts"],"picked":"Impatience","floor":0.0},{"not_picked":["Bane","Sucker Punch"],"picked":"Cloak And Dagger","floor":1.0},{"not_picked":["Riddle With Holes","Crippling Poison"],"picked":"Blade Dance","floor":2.0},{"not_picked":["Escape Plan","Expertise","Backflip"],"picked":"SKIP","floor":3.0},{"not_picked":["Underhanded Strike","Prepared"],"picked":"Well Laid Plans","floor":4.0}],"player_experience":3046718,"relics_obtained":[],"event_choices":[{"damage_healed":0.0,"max_hp_gain":0.0,"max_hp_loss":6.0,"gold_gain":0.0,"event_name":"Golden Idol","player_choice":"Lose Max HP","floor":5.0,"gold_loss":0.0,"damage_taken":0.0,"relics_obtained":["Golden Idol"]}],"is_beta":false,"boss_relics":[],"items_purged_floors":[],"is_endless":false,"potions_floor_spawned":[2,3],"killed_by":"Lagavulin","ascension_level":20}}