{"host":"pg2biz4zy3df4ctj","time":1610342649,"event":{"mods":["BaseMod","Minty Spire (QoL Compilation)","Quick Restart","Random Character Button"],"gold_per_floor":[18,35,52,65,82,111,111,111,111,111,111,91,16,51,51,124,124,144,162,162,162,173,173,173,173,173,173,183,199,226,70,70,144,144,158,0,13,31,56,56,91,91,91,126,139,139,139,158,158,158,158],"floor_reached":50,"playtime":1725,"items_purged":["Regret"],"score":1131,"play_id":"4aa6c985-781f-4cee-a22e-2a110cd6216d","local_time":"20210110212409","is_ascension_mode":true,"campfire_choices":[{"floor":8.0,"key":"REST"},{"data":"1","floor":10.0,"key":"LIFT"},{"data":"2","floor":15.0,"key":"LIFT"},{"data":"3","floor":23.0,"key":"LIFT"},{"data":"Zap","floor":27.0,"key":"SMITH"},{"data":"Buffer","floor":32.0,"key":"SMITH"},{"floor":40.0,"key":"RECALL"},{"data":"Dualcast","floor":42.0,"key":"SMITH"},{"data":"Skim","floor":49.0,"key":"SMITH"}],"circlet_count":0,"master_deck":["AscendersBane","Strike_B","Strike_B","Strike_B","Defend_B","Defend_B","Defend_B","Defend_B","Zap+1","Dualcast+1","Ball Lightning","Ball Lightning","Melter","Gash","Gash","Buffer+1","Skim+1","Ghostly","Ghostly","Ghostly","Ghostly","Ghostly","Streamline+1","Parasite"],"relics":["Cracked Core","Girya","Sundial","Singing Bowl","Strawberry","FossilizedHelix","Busted Crown","PreservedInsect","Cables","Anchor","Sling","SlaversCollar","Red Mask","CaptainsWheel","Letter Opener","Blue Candle","Vajra","The Courier"],"acts_visited":["Exordium","TheCity","TheBeyond"],"potions_floor_usage":[50,50],"damage_taken":[{"damage":0.0,"enemies":"Cultist","floor":1.0,"turns":4.0},{"damage":9.0,"enemies":"Jaw Worm","floor":2.0,"turns":3.0},{"damage":0.0,"enemies":"2 Louse","floor":3.0,"turns":1.0},{"damage":14.0,"enemies":"Large Slime","floor":4.0,"turns":4.0},{"damage":16.0,"enemies":"Exordium Thugs","floor":5.0,"turns":4.0},{"damage":20.0,"enemies":"3 Sentries","floor":6.0,"turns":6.0},{"damage":16.0,"enemies":"Gremlin Nob","floor":14.0,"turns":3.0},{"damage":18.0,"enemies":"Slime Boss","floor":16.0,"turns":10.0},{"damage":6.0,"enemies":"Chosen","floor":18.0,"turns":3.0},{"damage":11.0,"enemies":"Shell Parasite","floor":19.0,"turns":3.0},{"damage":1.0,"enemies":"Snake Plant","floor":22.0,"turns":6.0},{"damage":0.0,"enemies":"Centurion and Healer","floor":28.0,"turns":5.0},{"damage":0.0,"enemies":"3 Cultists","floor":29.0,"turns":5.0},{"damage":0.0,"enemies":"Book of Stabbing","floor":30.0,"turns":5.0},{"damage":0.0,"enemies":"Automaton","floor":33.0,"turns":9.0},{"damage":0.0,"enemies":"3 Shapes","floor":35.0,"turns":4.0},{"damage":1.0,"enemies":"3 Darklings","floor":37.0,"turns":6.0},{"damage":18.0,"enemies":"Writhing Mass","floor":38.0,"turns":8.0},{"damage":0.0,"enemies":"Mind Bloom Boss Battle","floor":39.0,"turns":6.0},{"damage":0.0,"enemies":"Giant Head","floor":41.0,"turns":8.0},{"damage":0.0,"enemies":"Nemesis","floor":44.0,"turns":5.0},{"damage":0.0,"enemies":"Transient","floor":45.0,"turns":5.0},{"damage":0.0,"enemies":"3 Darklings","floor":48.0,"turns":6.0},{"damage":65,"enemies":"Donu and Deca","floor":50,"turns":8}],"seed_played":"4824696870698400772","potions_obtained":[{"floor":2.0,"key":"PowerPotion"},{"floor":3.0,"key":"GamblersBrew"},{"floor":6.0,"key":"Fruit Juice"},{"floor":12.0,"key":"DuplicationPotion"},{"floor":14.0,"key":"Ancient Potion"},{"floor":22.0,"key":"BlessingOfTheForge"},{"floor":30.0,"key":"EssenceOfSteel"},{"floor":35.0,"key":"Block Potion"}],"is_trial":false,"path_per_floor":["M","M","M","M","M","E","T","R","T","R","?","?","$","E","R","B",null,"M","M","?","T","M","R","?","?","T","R","M","M","E","$","R","B",null,"M","?","M","M","?","R","E","R","T","E","M","T","?","M","R","B"],"character_chosen":"DEFECT","items_purchased":["Sling"],"campfire_rested":1,"item_purchase_floors":[31],"current_hp_per_floor":[68,59,59,45,29,14,14,38,38,38,45,45,45,29,29,11,68,64,53,44,44,45,45,45,45,45,45,47,49,49,49,49,51,52,54,54,55,39,41,41,43,43,43,43,45,45,45,47,47,0,0],"gold":158,"neow_bonus":"ONE_RARE_RELIC","is_daily":false,"chose_seed":false,"campfire_upgraded":4,"win_rate":0.0,"timestamp":1610342649,"path_taken":["M","?","M","?","?","E","?","R","T","R","?","?","$","E","R","BOSS","M","M","?","?","?","R","?","?","T","R","?","?","E","$","R","BOSS","M","?","M","M","?","R","E","R","T","E","M","?","?","M","R","BOSS"],"items_purchased_type":["Relic"],"build_version":"2020-12-22","purchased_purges":1,"victory":false,"max_hp_per_floor":[75,75,75,75,75,80,80,80,80,80,87,87,87,87,87,87,87,89,89,44,44,46,46,46,46,46,46,48,50,50,50,50,52,52,54,54,56,58,60,60,62,62,62,62,64,64,64,66,66,66,66],"card_choices":[{"not_picked":["Go for the Eyes","Beam Cell"],"picked":"Ball Lightning","floor":1.0},{"not_picked":["Beam Cell","Force Field"],"picked":"Ball Lightning","floor":2.0},{"not_picked":["Turbo","Blizzard","Heatsinks"],"picked":"SKIP","floor":3.0},{"not_picked":["Turbo","Steam"],"picked":"Melter","floor":4.0},{"not_picked":["Rebound","FTL","Ball Lightning"],"picked":"SKIP","floor":5.0},{"not_picked":["Defragment","Rainbow"],"picked":"Gash","floor":6.0},{"not_picked":["Go for the Eyes","Reprogram"],"picked":"Gash","floor":14.0},{"not_picked":["Biased Cognition","Machine Learning"],"picked":"Buffer","floor":16.0},{"not_picked":["Hologram"],"picked":"Singing Bowl","floor":18.0},{"not_picked":[],"picked":"Skim","floor":19.0},{"not_picked":["Ball Lightning"],"picked":"Singing Bowl","floor":22.0},{"not_picked":["Compile Driver+1"],"picked":"Singing Bowl","floor":28.0},{"not_picked":["Compile Driver"],"picked":"Singing Bowl","floor":29.0},{"not_picked":[],"picked":"Streamline+1","floor":30.0},{"not_picked":["Fission"],"picked":"Singing Bowl","floor":33.0},{"not_picked":["Steam"],"picked":"Singing Bowl","floor":35.0},{"not_picked":["Force Field+1"],"picked":"Singing Bowl","floor":37.0},{"not_picked":["Compile Driver"],"picked":"Singing Bowl","floor":38.0},{"not_picked":["Rebound"],"picked":"Singing Bowl","floor":39.0},{"not_picked":["Turbo"],"picked":"Singing Bowl","floor":41.0},{"not_picked":[],"picked":"Barrage","floor":44.0},{"not_picked":["Hologram"],"picked":"Singing Bowl","floor":45.0},{"not_picked":["Barrage"],"picked":"Singing Bowl","floor":48.0}],"player_experience":589056,"relics_obtained":[{"floor":6.0,"key":"Sundial"},{"floor":7.0,"key":"Singing Bowl"},{"floor":14.0,"key":"FossilizedHelix"},{"floor":21.0,"key":"PreservedInsect"},{"floor":26.0,"key":"Cables"},{"floor":30.0,"key":"Anchor"},{"floor":39.0,"key":"CaptainsWheel"},{"floor":41.0,"key":"Letter Opener"},{"floor":43.0,"key":"Blue Candle"},{"floor":44.0,"key":"Vajra"},{"floor":46.0,"key":"The Courier"}],"event_choices":[{"damage_healed":0.0,"max_hp_gain":0.0,"max_hp_loss":0.0,"gold_gain":0.0,"event_name":"Big Fish","player_choice":"Box","floor":11.0,"gold_loss":0.0,"damage_taken":0.0,"relics_obtained":["Strawberry"],"cards_obtained":["Regret"]},{"damage_healed":0.0,"max_hp_gain":0.0,"max_hp_loss":0.0,"gold_gain":0.0,"event_name":"The Woman in Blue","player_choice":"Bought 1 Potion","floor":12.0,"gold_loss":0.0,"damage_taken":0.0},{"damage_healed":0.0,"max_hp_gain":0.0,"max_hp_loss":45.0,"gold_gain":0.0,"event_name":"Ghosts","player_choice":"Became a Ghost","floor":20.0,"gold_loss":0.0,"damage_taken":0.0,"cards_obtained":["Ghostly","Ghostly","Ghostly","Ghostly","Ghostly"]},{"damage_healed":0.0,"max_hp_gain":0.0,"max_hp_loss":0.0,"gold_gain":0.0,"event_name":"Vampires","player_choice":"Ignored","floor":24.0,"gold_loss":0.0,"damage_taken":0.0},{"cards_removed":["Strike_B"],"damage_healed":0.0,"max_hp_gain":0.0,"max_hp_loss":0.0,"gold_gain":0.0,"event_name":"Purifier","player_choice":"Purged","floor":25.0,"gold_loss":0.0,"damage_taken":0.0},{"damage_healed":0.0,"max_hp_gain":0.0,"max_hp_loss":0.0,"gold_gain":0.0,"event_name":"Tomb of Lord Red Mask","player_choice":"Paid","floor":36.0,"gold_loss":158.0,"damage_taken":0.0,"relics_obtained":["Red Mask"]},{"damage_healed":0.0,"max_hp_gain":0.0,"max_hp_loss":0.0,"gold_gain":0.0,"event_name":"MindBloom","player_choice":"Fight","floor":39.0,"gold_loss":0.0,"damage_taken":0.0},{"cards_removed":["Barrage"],"damage_healed":0.0,"max_hp_gain":0.0,"max_hp_loss":0.0,"gold_gain":0.0,"event_name":"Falling","player_choice":"Removed Attack","floor":47.0,"gold_loss":0.0,"damage_taken":0.0}],"is_beta":false,"boss_relics":[{"not_picked":["Pandora\u0027s Box","Tiny House"],"picked":"Busted Crown"},{"not_picked":["Nuclear Battery","SacredBark"],"picked":"SlaversCollar"}],"items_purged_floors":[13],"is_endless":false,"potions_floor_spawned":[2,3,5,6,14,22,28,29,30,35,37,45,48],"killed_by":"Donu and Deca","ascension_level":13}}