{"host":"jksa5rawk3m4gilz","time":1610391978,"event":{"mods":["BaseMod","Colored Map","Highlight Path","Minty Spire (QoL Compilation)","Quick Restart"],"gold_per_floor":[119,119,137,62,80,108,133,145,157,198,210,257,14,30,30,124,124,119,132,132,132,86,115,115,167,193,193,212,212,312,163,163,188,188],"floor_reached":33,"playtime":1457,"items_purged":["Pain","Injury"],"score":497,"play_id":"fe3f3f52-2e37-41de-815b-87d65af34d0b","local_time":"20210111200618","is_ascension_mode":true,"campfire_choices":[{"floor":8,"key":"REST"},{"data":"Eruption","floor":15,"key":"SMITH"},{"floor":24,"key":"REST"},{"data":"DeusExMachina","floor":27,"key":"SMITH"},{"floor":29,"key":"REST"},{"floor":32,"key":"REST"}],"circlet_count":0,"master_deck":["AscendersBane","Strike_P","Strike_P","Defend_P","Defend_P","Defend_P","Defend_P","Eruption+1","Vigilance","FlurryOfBlows","Worship","Judgement","Prostrate","FearNoEvil","Fasting2","FollowUp+1","DeusExMachina+1","Crescendo+1","BowlingBash+1","Wish","Prostrate","Pray+1","Consecrate+1","MasterReality"],"relics":["PureWater","Ice Cream","MawBank","Letter Opener","Mummified Hand","Bloody Idol","Molten Egg 2","Lee\u0027s Waffle","SlaversCollar","Mercury Hourglass","Happy Flower","Pen Nib","Pocketwatch","TeardropLocket","Lantern"],"acts_visited":["Exordium","TheCity"],"potions_floor_usage":[7,10,12,23,23,30,30],"damage_taken":[{"damage":2,"enemies":"Jaw Worm","floor":1,"turns":4},{"damage":6,"enemies":"2 Louse","floor":3,"turns":3},{"damage":1,"enemies":"Cultist","floor":5,"turns":3},{"damage":26,"enemies":"Lagavulin","floor":6,"turns":10},{"damage":0,"enemies":"3 Louse","floor":7,"turns":2},{"damage":9,"enemies":"3 Sentries","floor":10,"turns":6},{"damage":32,"enemies":"Gremlin Nob","floor":12,"turns":4},{"damage":27,"enemies":"2 Fungi Beasts","floor":14,"turns":4},{"damage":16,"enemies":"The Guardian","floor":16,"turns":9},{"damage":21,"enemies":"2 Thieves","floor":18,"turns":4},{"damage":0,"enemies":"Spheric Guardian","floor":19,"turns":1},{"damage":19,"enemies":"Slavers","floor":23,"turns":5},{"damage":22,"enemies":"Gremlin Leader","floor":25,"turns":5},{"damage":7,"enemies":"Chosen and Byrds","floor":28,"turns":3},{"damage":6,"enemies":"Colosseum Slavers","floor":30,"turns":3},{"damage":43,"enemies":"Colosseum Nobs","floor":30,"turns":4},{"damage":63,"enemies":"Collector","floor":33,"turns":5}],"seed_played":"4241679780484102994","potions_obtained":[{"floor":5,"key":"GamblersBrew"},{"floor":6,"key":"Explosive Potion"},{"floor":7,"key":"SneckoOil"},{"floor":14,"key":"SkillPotion"},{"floor":18,"key":"Fire Potion"},{"floor":23,"key":"GamblersBrew"},{"floor":25,"key":"DistilledChaos"}],"is_trial":false,"path_per_floor":["M","?","M","$","M","E","M","R","T","E","?","E","$","M","R","B",null,"M","M","?","?","$","E","R","E","T","R","M","R","?","$","R","B"],"character_chosen":"WATCHER","items_purchased":["Lee\u0027s Waffle","Prostrate","Lantern"],"campfire_rested":4,"item_purchase_floors":[13,22,31],"current_hp_per_floor":[63,63,57,57,56,30,30,51,51,42,42,10,79,52,52,36,68,47,47,47,47,47,33,56,44,49,49,47,70,26,26,49,0,0],"gold":188,"neow_bonus":"ONE_RARE_RELIC","is_daily":false,"chose_seed":false,"campfire_upgraded":2,"win_rate":0.0,"timestamp":1610391978,"path_taken":["M","?","M","$","M","E","M","R","T","E","?","E","?","M","R","BOSS","M","?","?","?","$","E","R","E","T","R","M","R","?","$","R","BOSS"],"items_purchased_type":["Relic","Card","Relic"],"build_version":"2020-12-22","purchased_purges":2,"victory":false,"max_hp_per_floor":[72,72,72,72,72,72,72,72,72,72,72,72,79,79,79,79,79,79,79,79,79,79,79,79,79,79,79,79,79,79,79,79,79,79],"card_choices":[{"not_picked":["Evaluate","Perseverance"],"picked":"FlurryOfBlows","floor":1},{"not_picked":["Study","Fasting2"],"picked":"Worship","floor":3},{"not_picked":["CutThroughFate","Indignation","Crescendo"],"picked":"SKIP","floor":5},{"not_picked":["CrushJoints","Fasting2"],"picked":"Judgement","floor":6},{"not_picked":["Meditate","Conclude"],"picked":"Prostrate","floor":7},{"not_picked":["Tantrum","JustLucky"],"picked":"FearNoEvil","floor":10},{"not_picked":["BowlingBash+1","Sanctity"],"picked":"Fasting2","floor":12},{"not_picked":["EmptyMind","InnerPeace"],"picked":"FollowUp+1","floor":14},{"not_picked":["Vault","Brilliance+1"],"picked":"DeusExMachina","floor":16},{"not_picked":["Consecrate+1","TalkToTheHand+1","SashWhip+1"],"picked":"SKIP","floor":18},{"not_picked":["CrushJoints+1","Sanctity"],"picked":"Crescendo+1","floor":19},{"not_picked":["FollowUp+1","Swivel"],"picked":"Pray+1","floor":23},{"not_picked":["Evaluate","Crescendo"],"picked":"Consecrate+1","floor":25},{"not_picked":["FearNoEvil+1","WindmillStrike+1"],"picked":"MasterReality","floor":28}],"player_experience":2122990,"relics_obtained":[{"floor":6,"key":"MawBank"},{"floor":9,"key":"Letter Opener"},{"floor":10,"key":"Mummified Hand"},{"floor":12,"key":"Molten Egg 2"},{"floor":23,"key":"Mercury Hourglass"},{"floor":25,"key":"Happy Flower"},{"floor":26,"key":"Pen Nib"},{"floor":30,"key":"Pocketwatch"},{"floor":30,"key":"TeardropLocket"}],"event_choices":[{"damage_healed":0,"gold_gain":0,"cards_transformed":["Regret"],"player_choice":"Change","damage_taken":0,"max_hp_gain":0,"max_hp_loss":0,"event_name":"Living Wall","floor":2,"gold_loss":0,"cards_obtained":["Pain"]},{"damage_healed":0,"gold_gain":0,"player_choice":"Take Wound","damage_taken":0,"relics_obtained":["Golden Idol"],"max_hp_gain":0,"max_hp_loss":0,"event_name":"Golden Idol","floor":11,"gold_loss":0,"cards_obtained":["Injury"]},{"damage_healed":0,"gold_gain":0,"cards_transformed":["Strike_P","Strike_P"],"player_choice":"Became Test Subject","damage_taken":0,"max_hp_gain":0,"max_hp_loss":0,"event_name":"Drug Dealer","floor":20,"gold_loss":0,"cards_obtained":["BowlingBash","Wish"]},{"damage_healed":0,"gold_gain":0,"player_choice":"Gave Idol","damage_taken":0,"relics_obtained":["Bloody Idol"],"max_hp_gain":0,"max_hp_loss":0,"event_name":"Forgotten Altar","floor":21,"relics_lost":["Golden Idol"],"gold_loss":0},{"damage_healed":0,"gold_gain":0,"player_choice":"Fight","damage_taken":0,"max_hp_gain":0,"max_hp_loss":0,"event_name":"Colosseum","floor":30,"gold_loss":0},{"damage_healed":0,"gold_gain":0,"player_choice":"Fought Nobs","damage_taken":0,"max_hp_gain":0,"max_hp_loss":0,"event_name":"Colosseum","floor":30,"gold_loss":0}],"is_beta":false,"boss_relics":[{"not_picked":["Fusion Hammer","Cursed Key"],"picked":"SlaversCollar"}],"items_purged_floors":[4,13],"is_endless":false,"potions_floor_spawned":[5,6,7,14,18,23,25,30],"killed_by":"Collector","ascension_level":13}}