{"host":"obplhmlw33xb91v8","time":1610358111,"event":{"mods":["BaseMod","Block Reminder","Curses Come First","Evolution","Minty Spire (QoL Compilation)","Quick Restart","Relic Stats","Spicy Shops","StSLib","Uncapped","Waifu the Spire","slay the spire mod where everything is the same but ironclad has a cowboy hat"],"gold_per_floor":[110,121,137,153,6,6,36,36,36,36,62,79,2,17,17,122,122,132,149,163,40,52,52,71,131,155,167,252,305,317,329,341,455,467,479,506,10,232,232,266,282,282,282,282,320,320,335,79,79,79,79],"floor_reached":50,"playtime":3205,"items_purged":["Writhe","Caltrops"],"score":716,"play_id":"11b661b0-92f2-474c-a71d-975f176b636a","local_time":"20210111044151","is_ascension_mode":true,"campfire_choices":[{"data":"Poisoned Stab","floor":6.0,"key":"SMITH"},{"data":"Core Surge","floor":8.0,"key":"SMITH"},{"data":"Dodge and Roll","floor":10.0,"key":"SMITH"},{"data":"Apotheosis","floor":15.0,"key":"SMITH"},{"floor":23.0,"key":"REST"},{"floor":27.0,"key":"REST"},{"floor":32.0,"key":"REST"},{"floor":42,"key":"REST"},{"floor":44,"key":"REST"},{"data":"DeusExMachina","floor":46,"key":"SMITH"},{"floor":49,"key":"REST"}],"circlet_count":0,"master_deck":["Poisoned Stab+1","Poisoned Stab","Poisoned Stab","Defend_G","Defend_G","Defend_G","Survivor","Neutralize","Concentrate+1","Doppelganger+1","Quick Slash+1","PiercingWail","Dodge and Roll+1","Heel Hook","Acrobatics","Core Surge+1","Perseverance","Shrug It Off","Apotheosis+1","Glass Knife","CurseOfTheBell","Reprogram+1","Genetic Algorithm+1","Twin Strike","Fusion","HandOfGreed","Reprogram+1","BootSequence+1","Envenom","DeusExMachina+1","FollowUp+1","Outmaneuver+1","Leg Sweep+1","Spot Weakness+1","Dark Shackles+1","Catalyst+1"],"relics":["EVO:Axolotl","Astrolabe","PrismaticShard","PreservedInsect","Lantern","Sundial","Calling Bell","Dream Catcher","Question Card","Turnip","White Beast Statue","Oddly Smooth Stone","MawBank","Red Mask","SlaversCollar","Toxic Egg 2","Bag of Marbles","Snake Skull","Ancient Tea Set","Shuriken","Frozen Eye"],"acts_visited":["Exordium","TheCity","TheBeyond"],"potions_floor_usage":[50,50,50],"damage_taken":[{"damage":0.0,"enemies":"Cultist","floor":1.0,"turns":2.0},{"damage":0.0,"enemies":"2 Louse","floor":2.0,"turns":2.0},{"damage":0.0,"enemies":"Small Slimes","floor":3.0,"turns":3.0},{"damage":0.0,"enemies":"Looter","floor":4.0,"turns":4.0},{"damage":0.0,"enemies":"Gremlin Nob","floor":7.0,"turns":3.0},{"damage":6.0,"enemies":"3 Sentries","floor":11.0,"turns":5.0},{"damage":0.0,"enemies":"Gremlin Gang","floor":12.0,"turns":4.0},{"damage":4.0,"enemies":"Exordium Wildlife","floor":14.0,"turns":3.0},{"damage":3.0,"enemies":"Slime Boss","floor":16.0,"turns":8.0},{"damage":15.0,"enemies":"Shell Parasite","floor":18.0,"turns":5.0},{"damage":1.0,"enemies":"Chosen","floor":19.0,"turns":4.0},{"damage":14.0,"enemies":"Centurion and Healer","floor":20.0,"turns":6.0},{"damage":7.0,"enemies":"Chosen and Byrds","floor":22.0,"turns":6.0},{"damage":14.0,"enemies":"Snake Plant","floor":24.0,"turns":4.0},{"damage":20.0,"enemies":"Book of Stabbing","floor":25.0,"turns":3.0},{"damage":20.0,"enemies":"Masked Bandits","floor":28.0,"turns":6.0},{"damage":9.0,"enemies":"3 Cultists","floor":29.0,"turns":5.0},{"damage":1.0,"enemies":"Colosseum Slavers","floor":30.0,"turns":4.0},{"damage":0.0,"enemies":"Collector","floor":33.0,"turns":10.0},{"damage":0.0,"enemies":"3 Darklings","floor":35.0,"turns":3.0},{"damage":0.0,"enemies":"Orb Walker","floor":36.0,"turns":5.0},{"damage":30.0,"enemies":"Giant Head","floor":40.0,"turns":8.0},{"damage":25,"enemies":"Transient","floor":41,"turns":5},{"damage":1,"enemies":"3 Darklings","floor":45,"turns":30},{"damage":18,"enemies":"Writhing Mass","floor":47,"turns":7},{"damage":71,"enemies":"Time Eater","floor":50,"turns":9}],"seed_played":"-1023753715442565405","potions_obtained":[{"floor":1.0,"key":"EssenceOfSteel"},{"floor":4.0,"key":"Dexterity Potion"},{"floor":7.0,"key":"Weak Potion"},{"floor":12.0,"key":"Energy Potion"},{"floor":19.0,"key":"SpeedPotion"},{"floor":20.0,"key":"AttackPotion"},{"floor":24.0,"key":"Strength Potion"},{"floor":25.0,"key":"Dexterity Potion"},{"floor":28.0,"key":"CunningPotion"},{"floor":29.0,"key":"Explosive Potion"},{"floor":33.0,"key":"SmokeBomb"},{"floor":36.0,"key":"BlessingOfTheForge"},{"floor":40.0,"key":"PowerPotion"},{"floor":41,"key":"Fire Potion"},{"floor":45,"key":"DuplicationPotion"}],"is_trial":false,"path_per_floor":["M","M","M","M","$","R","E","R","T","R","E","M","$","M","R","B",null,"M","M","M","$","M","R","M","E","T","R","?","M","?","?","R","B",null,"M","M","$","?","?","E","M","R","T","R","M","R","M","$","R","B"],"character_chosen":"THE_SILENT","items_purchased":["PrismaticShard","Caltrops","White Beast Statue","Toxic Egg 2","Bag of Marbles","Snake Skull","Outmaneuver+1","Frozen Eye"],"campfire_rested":6,"item_purchase_floors":[5,13,21,37,37,37,37,48],"current_hp_per_floor":[70,70,70,70,70,70,70,70,70,70,64,64,64,60,60,57,70,55,54,40,40,33,54,40,20,20,41,21,12,11,11,32,32,70,70,70,70,70,70,40,15,36,36,57,56,56,38,38,59,0,0],"gold":79,"neow_bonus":"BOSS_RELIC","is_daily":false,"chose_seed":false,"campfire_upgraded":5,"win_rate":0.0,"timestamp":1610358111,"path_taken":["M","?","M","M","$","R","E","R","T","R","E","?","?","M","R","BOSS","M","M","M","$","M","R","M","E","T","R","?","M","?","?","R","BOSS","M","M","$","?","?","E","?","R","T","R","M","R","M","$","R","BOSS"],"items_purchased_type":["Relic","Card","Relic","Relic","Relic","Relic","Card","Relic"],"build_version":"2020-12-22","purchased_purges":2,"victory":false,"max_hp_per_floor":[70,70,70,70,70,70,70,70,70,70,70,70,70,70,70,70,70,70,70,70,70,70,70,70,70,70,70,70,70,70,70,70,70,70,70,70,70,70,70,70,70,70,70,70,70,70,70,70,70,70,70],"relic_stats":{"Dream Catcher":6,"counters":[26,154],"Sundial":[12],"Shuriken":[4],"Astrolabe":["Concentrate","Doppelganger","Quick Slash"],"PreservedInsect":196,"Turnip":[7],"Snake Skull":[79],"Question Card":20,"MawBank":132,"obtain_stats":[{"Lantern":9,"Astrolabe":0,"Oddly Smooth Stone":25,"PreservedInsect":7,"Snake Skull":37,"EVO:Axolotl":0,"PrismaticShard":5,"Question Card":17,"MawBank":26,"Ancient Tea Set":40,"White Beast Statue":21,"Calling Bell":17,"SlaversCollar":34,"Frozen Eye":48,"Dream Catcher":17,"Sundial":11,"Shuriken":43,"Turnip":17,"Red Mask":28,"Bag of Marbles":37,"Toxic Egg 2":37,"Ring of the Snake":0},{"Lantern":5,"Astrolabe":0,"Oddly Smooth Stone":15,"PreservedInsect":5,"Snake Skull":21,"EVO:Axolotl":0,"PrismaticShard":4,"Question Card":9,"MawBank":15,"Ancient Tea Set":22,"White Beast Statue":12,"Calling Bell":9,"SlaversCollar":19,"Frozen Eye":25,"Dream Catcher":9,"Sundial":6,"Shuriken":23,"Turnip":9,"Red Mask":16,"Bag of Marbles":21,"Toxic Egg 2":21,"Ring of the Snake":0},{"Lantern":14,"Astrolabe":0,"Oddly Smooth Stone":62,"PreservedInsect":14,"Snake Skull":95,"EVO:Axolotl":0,"PrismaticShard":11,"Question Card":34,"MawBank":62,"Ancient Tea Set":103,"White Beast Statue":49,"Calling Bell":34,"SlaversCollar":87,"Frozen Eye":145,"Dream Catcher":34,"Sundial":19,"Shuriken":108,"Turnip":34,"Red Mask":68,"Bag of Marbles":95,"Toxic Egg 2":95,"Ring of the Snake":0}]},"card_choices":[{"not_picked":["Leg Sweep","Sucker Punch"],"picked":"PiercingWail","floor":1.0},{"not_picked":["Expertise","All Out Attack"],"picked":"Dodge and Roll","floor":2.0},{"not_picked":["Underhanded Strike","Masterful Stab"],"picked":"Heel Hook","floor":3.0},{"not_picked":["Dodge and Roll","PiercingWail"],"picked":"Acrobatics","floor":4.0},{"not_picked":["WheelKick","PathToVictory"],"picked":"Core Surge","floor":7.0},{"not_picked":["Enlightenment","FollowUp"],"picked":"Perseverance","floor":11.0},{"not_picked":["Collect","Calculated Gamble"],"picked":"Shrug It Off","floor":12.0},{"not_picked":["Finesse","Trip"],"picked":"Apotheosis","floor":14.0},{"not_picked":["Fission","LessonLearned"],"picked":"Glass Knife","floor":16.0},{"not_picked":["Sucker Punch","Masterful Stab","Terror+1"],"picked":"Reprogram+1","floor":18.0},{"not_picked":["FlurryOfBlows","Clash","Calculated Gamble"],"picked":"Genetic Algorithm","floor":19.0},{"not_picked":["Infernal Blade","Swift Strike","Ball Lightning+1"],"picked":"Twin Strike","floor":20.0},{"not_picked":["Gash","Accuracy","Anger"],"picked":"Fusion","floor":22.0},{"not_picked":["Madness","Blood for Blood","CutThroughFate+1"],"picked":"HandOfGreed","floor":24.0},{"not_picked":["Rampage","Dagger Spray","Clothesline+1"],"picked":"Reprogram+1","floor":25.0},{"not_picked":["Ghostly Armor","FollowUp","Iron Wave"],"picked":"BootSequence+1","floor":27.0},{"not_picked":["Flex","Purity","True Grit","Reprogram"],"picked":"SKIP","floor":29.0},{"not_picked":["Thunderclap","Redo","Dagger Throw"],"picked":"Envenom","floor":32.0},{"not_picked":["All For One","Panache","Violence"],"picked":"DeusExMachina","floor":33.0},{"not_picked":["Escape Plan+1","Concentrate+1","Gash+1"],"picked":"FollowUp+1","floor":36.0},{"not_picked":["Dagger Spray+1","Outmaneuver+1","Acrobatics+1"],"picked":"Leg Sweep+1","floor":40.0},{"not_picked":["Reckless Charge","Judgement+1","Dodge and Roll+1"],"picked":"Spot Weakness+1","floor":41},{"not_picked":["Dagger Spray","Deflect+1","Heatsinks+1"],"picked":"Dark Shackles+1","floor":45},{"not_picked":["ClearTheMind+1","Calculated Gamble+1","Skewer+1"],"picked":"Catalyst+1","floor":47}],"player_experience":156538,"relics_obtained":[{"floor":7.0,"key":"PreservedInsect"},{"floor":9.0,"key":"Lantern"},{"floor":11.0,"key":"Sundial"},{"floor":17.0,"key":"Dream Catcher"},{"floor":17.0,"key":"Question Card"},{"floor":17.0,"key":"Turnip"},{"floor":25.0,"key":"Oddly Smooth Stone"},{"floor":26.0,"key":"MawBank"},{"floor":28.0,"key":"Red Mask"},{"floor":40.0,"key":"Ancient Tea Set"},{"floor":43,"key":"Shuriken"}],"event_choices":[{"damage_healed":0.0,"max_hp_gain":0.0,"max_hp_loss":0.0,"gold_gain":0.0,"event_name":"Masked Bandits","player_choice":"Fought Bandits","floor":28.0,"gold_loss":0.0,"damage_taken":0.0},{"damage_healed":0.0,"max_hp_gain":0.0,"max_hp_loss":0.0,"gold_gain":0.0,"event_name":"Colosseum","player_choice":"Fight","floor":30.0,"gold_loss":0.0,"damage_taken":0.0},{"damage_healed":0.0,"max_hp_gain":0.0,"max_hp_loss":0.0,"gold_gain":0.0,"event_name":"Colosseum","player_choice":"Fled From Nobs","floor":30.0,"gold_loss":0.0,"damage_taken":0.0},{"cards_removed":["Poisoned Stab"],"damage_healed":0.0,"max_hp_gain":0.0,"max_hp_loss":0.0,"gold_gain":0.0,"event_name":"Back to Basics","player_choice":"Elegance","floor":31.0,"gold_loss":0.0,"damage_taken":0.0},{"damage_healed":0.0,"max_hp_gain":0.0,"max_hp_loss":0.0,"gold_gain":222.0,"event_name":"Tomb of Lord Red Mask","player_choice":"Wore Mask","floor":38.0,"gold_loss":0.0,"damage_taken":0.0},{"damage_healed":0.0,"max_hp_gain":0.0,"max_hp_loss":0.0,"gold_gain":0.0,"event_name":"Accursed Blacksmith","player_choice":"Forge","floor":39.0,"gold_loss":0.0,"damage_taken":0.0,"cards_upgraded":["Genetic Algorithm"]}],"is_beta":false,"boss_relics":[{"not_picked":["WristBlade","Velvet Choker"],"picked":"Calling Bell"},{"not_picked":["Black Star","Philosopher\u0027s Stone"],"picked":"SlaversCollar"}],"items_purged_floors":[37,48],"is_endless":false,"potions_floor_spawned":[1,4,7,12,14,19,20,22,24,25,28,29,30,33,35,36,40,41,45,47],"killed_by":"Time Eater","ascension_level":3}}