{"host":"dth8fvkfiulu86fi","time":1610362761,"event":{"mods":["2.2 Compatiblity","AchievementEnabler","BaseMod","Better Third Choice","Colored Map","Colored Powertips","Minty Spire (QoL Compilation)","Rare Cards Sparkle","StSLib","SuperFastMode","Synergy Search"],"gold_per_floor":[114,129,204,219,18,33,63,63,113,143,43,43,58,8,8,108,108,123,138,138,41,56,56,71,86,136,39,39,39,39,54,54,54,54],"floor_reached":33,"playtime":1745,"items_purged":[],"score":282,"play_id":"553ad56a-fe1d-403f-9ca3-69f342ce4598","local_time":"20210111115921","daily_mods":["Allstar","ControlledChaos","Lethality"],"is_ascension_mode":false,"campfire_choices":[{"floor":12.0,"key":"REST"},{"data":"Flex","floor":15,"key":"SMITH"},{"floor":23,"key":"REST"},{"floor":30,"key":"REST"},{"floor":32,"key":"REST"}],"circlet_count":0,"master_deck":["Strike_R","Strike_R","Strike_R","Strike_R","Strike_R","Defend_R","Defend_R","Defend_R","Defend_R","Bash","Panacea","Apotheosis","Good Instincts","Metamorphosis","Anger","Flex+1","Shrug It Off","Twin Strike","Power Through","Shrug It Off","Heavy Blade","CurseOfTheBell","Intimidate+1","Flex","Finesse","Heavy Blade+1","Shrug It Off","Flex","Anger","Flex"],"relics":["Burning Blood","Frozen Eye","Lantern","Magic Flower","Potion Belt","Sundial","Calling Bell","Akabeko","Frozen Egg 2","Unceasing Top","Pen Nib"],"acts_visited":["Exordium","TheCity"],"potions_floor_usage":[16,24,31],"damage_taken":[{"damage":3.0,"enemies":"Jaw Worm","floor":1.0,"turns":3.0},{"damage":6.0,"enemies":"2 Louse","floor":2.0,"turns":2.0},{"damage":7.0,"enemies":"Small Slimes","floor":4.0,"turns":3.0},{"damage":16.0,"enemies":"Red Slaver","floor":6.0,"turns":2.0},{"damage":5.0,"enemies":"Gremlin Nob","floor":7.0,"turns":3.0},{"damage":14.0,"enemies":"Lagavulin","floor":10.0,"turns":5.0},{"damage":0.0,"enemies":"Looter","floor":13.0,"turns":2.0},{"damage":61,"enemies":"Hexaghost","floor":16,"turns":9},{"damage":7,"enemies":"Chosen","floor":18,"turns":3},{"damage":54,"enemies":"3 Byrds","floor":19,"turns":5},{"damage":30,"enemies":"Snake Plant","floor":22,"turns":3},{"damage":4,"enemies":"Chosen and Byrds","floor":24,"turns":5},{"damage":50,"enemies":"Shelled Parasite and Fungi","floor":25,"turns":5},{"damage":15,"enemies":"Sentry and Sphere","floor":31,"turns":5},{"damage":74,"enemies":"Automaton","floor":33,"turns":8}],"seed_played":"2608465768335268498","potions_obtained":[{"floor":2.0,"key":"GamblersBrew"},{"floor":4.0,"key":"DuplicationPotion"},{"floor":6.0,"key":"Regen Potion"},{"floor":13.0,"key":"SkillPotion"},{"floor":19,"key":"SkillPotion"},{"floor":24,"key":"Strength Potion"},{"floor":25,"key":"ElixirPotion"}],"is_trial":false,"path_per_floor":["M","M","?","M","$","M","E","?","T","E","$","R","M","?","R","B",null,"M","M","?","$","M","R","M","M","T","$","?","?","R","M","R","B"],"character_chosen":"IRONCLAD","items_purchased":["Lantern","Shrug It Off","FairyPotion","Finesse","Flex","Anger"],"campfire_rested":4,"item_purchase_floors":[5,5,11,21,27,27],"current_hp_per_floor":[80,80,69,68,68,58,59,64,64,59,59,84,85,85,85,33,85,85,40,32,32,11,36,41,38,38,38,38,22,49,43,70,0,0],"gold":54,"neow_bonus":"","is_daily":true,"chose_seed":false,"campfire_upgraded":1,"win_rate":0.0,"timestamp":1610362761,"path_taken":["M","M","?","M","$","M","E","?","T","E","$","R","M","?","R","BOSS","M","M","?","$","M","R","M","?","T","$","?","?","R","M","R","BOSS"],"items_purchased_type":["Relic","Card","Potion","Card","Card","Card"],"build_version":"2020-12-22","purchased_purges":0,"victory":false,"max_hp_per_floor":[80,80,80,80,80,80,80,85,85,85,85,85,85,85,85,85,85,85,85,85,85,85,85,85,85,85,85,85,90,90,90,90,90,90],"card_choices":[{"not_picked":["Warcry","Sword Boomerang"],"picked":"Anger","floor":1.0},{"not_picked":["Metallicize","Warcry","Headbutt"],"picked":"SKIP","floor":2.0},{"not_picked":["Cleave","Intimidate"],"picked":"Flex","floor":4.0},{"not_picked":["Evolve","Metallicize"],"picked":"Twin Strike","floor":6.0},{"not_picked":["Body Slam","Iron Wave"],"picked":"Power Through","floor":7.0},{"not_picked":["True Grit","Warcry"],"picked":"Shrug It Off","floor":10.0},{"not_picked":["Sever Soul","Exhume"],"picked":"Heavy Blade","floor":13.0},{"not_picked":["Thunderclap","Clash"],"picked":"Intimidate+1","floor":18},{"not_picked":["Body Slam","Twin Strike"],"picked":"Flex","floor":19},{"not_picked":["Headbutt+1","Uppercut","Second Wind"],"picked":"SKIP","floor":22},{"not_picked":["Barricade+1","Headbutt"],"picked":"Heavy Blade+1","floor":24},{"not_picked":["Thunderclap","Sword Boomerang"],"picked":"Shrug It Off","floor":25},{"not_picked":["Rampage","Uppercut"],"picked":"Flex","floor":31}],"player_experience":1138983,"relics_obtained":[{"floor":7.0,"key":"Magic Flower"},{"floor":9.0,"key":"Potion Belt"},{"floor":10.0,"key":"Sundial"},{"floor":17,"key":"Akabeko"},{"floor":17,"key":"Frozen Egg 2"},{"floor":17,"key":"Unceasing Top"},{"floor":26,"key":"Pen Nib"}],"event_choices":[{"damage_healed":0.0,"max_hp_gain":0.0,"max_hp_loss":0.0,"gold_gain":75.0,"event_name":"betterThird:BetterGoop","player_choice":"Gold","floor":3.0,"gold_loss":0.0,"damage_taken":11.0},{"damage_healed":0.0,"max_hp_gain":5.0,"max_hp_loss":0.0,"gold_gain":0.0,"event_name":"Big Fish","player_choice":"Donut","floor":8.0,"gold_loss":0.0,"damage_taken":0.0},{"cards_removed":["Mayhem"],"damage_healed":0,"gold_gain":0,"player_choice":"Card Removal","damage_taken":0,"max_hp_gain":0,"max_hp_loss":0,"event_name":"The Cleric","floor":14,"gold_loss":50},{"damage_healed":0,"gold_gain":0,"player_choice":"Damaged","damage_taken":8,"max_hp_gain":0,"max_hp_loss":0,"event_name":"Wheel of Change","floor":20,"gold_loss":0},{"damage_healed":0,"gold_gain":0,"player_choice":"Ignored","damage_taken":0,"max_hp_gain":0,"max_hp_loss":0,"event_name":"Cursed Tome","floor":28,"gold_loss":0},{"damage_healed":0,"gold_gain":0,"player_choice":"Shed Blood","damage_taken":21,"max_hp_gain":5,"max_hp_loss":0,"event_name":"Forgotten Altar","floor":29,"gold_loss":0}],"is_beta":false,"boss_relics":[{"not_picked":["Runic Dome","Fusion Hammer"],"picked":"Calling Bell"}],"items_purged_floors":[],"is_endless":false,"potions_floor_spawned":[2,4,6,13,19,24,25],"killed_by":"Automaton","ascension_level":0}}