{"host":"e4hse1vg61zltgzv","time":1610324308,"event":{"mods":["AchievementEnabler","BaseMod","Block Reminder","Colored Map","DeckTracker","GifTheSpireLib","Minty Spire (QoL Compilation)","Rare Cards Sparkle","StSLib","SuperFastMode","everything is the same but u backflip on backflip"],"gold_per_floor":[113,113,38,57,73,73,73,88,88,107,119,119,137,137,137,216,266,276,287,287,337,368,398,398,298,369,386,167,187,206,235,235,309,309,327,342,353,353,353,388,388,400,400,400,400,433,433,166,166,166,166,166,166,26,26],"floor_reached":54,"playtime":1888,"items_purged":["Sucker Punch","Bane","Poisoned Stab","Finisher+1","Noxious Fumes+1"],"score":2504,"play_id":"cd33bcaa-34a7-43f9-aaf2-f523f468e1ea","local_time":"20210111091828","is_ascension_mode":true,"campfire_choices":[{"data":"Malaise","floor":7.0,"key":"SMITH"},{"floor":12.0,"key":"RECALL"},{"data":"Noxious Fumes","floor":15.0,"key":"SMITH"},{"data":"Tactician","floor":32.0,"key":"SMITH"},{"data":"Grand Finale","floor":41.0,"key":"SMITH"},{"data":"Backflip","floor":45.0,"key":"SMITH"},{"data":"Survivor","floor":47,"key":"SMITH"},{"data":"Neutralize","floor":49,"key":"SMITH"},{"data":"Flash of Steel","floor":53,"key":"SMITH"}],"circlet_count":0,"master_deck":["AscendersBane","Survivor+1","Neutralize+1","Grand Finale+1","Backflip+1","Malaise+1","Tactician+1","Flash of Steel+1","Adrenaline+1","Acrobatics+1","Madness+1","Madness+1"],"relics":["Ring of the Snake","Pandora\u0027s Box","NeowsBlessing","Singing Bowl","Letter Opener","Tiny House","Red Mask","Toxic Egg 2","The Courier","Coffee Dripper","Oddly Smooth Stone","Blood Vial"],"acts_visited":["Exordium","TheCity","TheBeyond","TheEnding"],"potions_floor_usage":[48],"damage_taken":[{"damage":0.0,"enemies":"Small Slimes","floor":1.0,"turns":1.0},{"damage":0.0,"enemies":"Cultist","floor":4.0,"turns":1.0},{"damage":0.0,"enemies":"Jaw Worm","floor":5.0,"turns":1.0},{"damage":0.0,"enemies":"Lots of Slimes","floor":8.0,"turns":1.0},{"damage":0.0,"enemies":"3 Louse","floor":10.0,"turns":1.0},{"damage":5.0,"enemies":"Blue Slaver","floor":11.0,"turns":3.0},{"damage":12.0,"enemies":"Large Slime","floor":13.0,"turns":3.0},{"damage":28.0,"enemies":"Slime Boss","floor":16.0,"turns":5.0},{"damage":12.0,"enemies":"Shell Parasite","floor":18.0,"turns":3.0},{"damage":0.0,"enemies":"Chosen","floor":19.0,"turns":2.0},{"damage":0.0,"enemies":"Masked Bandits","floor":22.0,"turns":2.0},{"damage":0.0,"enemies":"Slavers","floor":23.0,"turns":1.0},{"damage":2.0,"enemies":"Centurion and Healer","floor":27.0,"turns":4.0},{"damage":0.0,"enemies":"Chosen and Byrds","floor":29.0,"turns":2.0},{"damage":14.0,"enemies":"Shelled Parasite and Fungi","floor":30.0,"turns":2.0},{"damage":0.0,"enemies":"Gremlin Leader","floor":31.0,"turns":4.0},{"damage":0.0,"enemies":"Champ","floor":33.0,"turns":4.0},{"damage":0.0,"enemies":"3 Shapes","floor":35.0,"turns":1.0},{"damage":0.0,"enemies":"Orb Walker","floor":36.0,"turns":1.0},{"damage":0.0,"enemies":"Writhing Mass","floor":37.0,"turns":1.0},{"damage":0.0,"enemies":"Reptomancer","floor":40.0,"turns":2.0},{"damage":0.0,"enemies":"4 Shapes","floor":42.0,"turns":1.0},{"damage":0,"enemies":"Nemesis","floor":46,"turns":1},{"damage":0,"enemies":"Awakened One","floor":50,"turns":2},{"damage":0,"enemies":"Donu and Deca","floor":51,"turns":1}],"seed_played":"5778914699669730756","potions_obtained":[{"floor":4.0,"key":"CunningPotion"},{"floor":13.0,"key":"Poison Potion"},{"floor":16.0,"key":"Energy Potion"},{"floor":17.0,"key":"FearPotion"},{"floor":18.0,"key":"DistilledChaos"},{"floor":33.0,"key":"Energy Potion"}],"is_trial":false,"path_per_floor":["M","?","$","M","M","?","R","M","T","M","M","R","M","?","R","B",null,"M","M","?","?","?","E","?","$","T","M","$","M","M","E","R","B",null,"M","M","M","?","?","E","R","M","T","?","R","E","R","$","R","B","B",null,"R","$"],"character_chosen":"THE_SILENT","items_purchased":["Flash of Steel","Fruit Juice","GamblersBrew"],"campfire_rested":0,"item_purchase_floors":[28,48,48],"current_hp_per_floor":[59,59,59,59,59,76,76,76,76,78,75,75,65,47,47,21,75,63,65,65,65,67,69,48,48,48,48,48,50,38,38,38,40,89,91,91,93,73,69,71,71,73,73,73,73,75,75,136,136,136,136,136,136,136,136],"gold":26,"neow_bonus":"THREE_ENEMY_KILL","is_daily":false,"chose_seed":false,"campfire_upgraded":8,"win_rate":0.0,"timestamp":1610324308,"path_taken":["M","?","$","M","?","?","R","M","T","?","M","R","M","?","R","BOSS","M","M","?","?","?","E","?","$","T","M","?","M","?","E","R","BOSS","M","M","M","?","?","E","R","M","T","?","R","E","R","$","R","BOSS","BOSS","R","$"],"items_purchased_type":["Card","Potion","Potion"],"build_version":"2020-12-22","purchased_purges":5,"victory":false,"max_hp_per_floor":[66,66,66,66,66,76,76,76,76,78,80,80,82,82,82,84,91,91,93,93,93,95,97,97,97,97,99,99,101,103,103,103,105,105,107,107,109,109,115,117,117,119,119,119,119,121,121,136,136,136,136,136,136,136,136],"card_choices":[{"not_picked":["Bane","Choke","Underhanded Strike"],"picked":"SKIP","floor":1.0},{"not_picked":["Cloak And Dagger","Deflect","PiercingWail"],"picked":"SKIP","floor":4.0},{"not_picked":["Poisoned Stab","PiercingWail","Bane"],"picked":"SKIP","floor":5.0},{"not_picked":["Bouncing Flask","Deadly Poison","Underhanded Strike"],"picked":"SKIP","floor":8.0},{"not_picked":["Calculated Gamble","Glass Knife","Catalyst"],"picked":"Singing Bowl","floor":10.0},{"not_picked":["Poisoned Stab","Outmaneuver","Noxious Fumes"],"picked":"Singing Bowl","floor":11.0},{"not_picked":["Flechettes","Flying Knee","Skewer"],"picked":"Singing Bowl","floor":13.0},{"not_picked":["Storm of Steel","Envenom","Die Die Die"],"picked":"Singing Bowl","floor":16.0},{"not_picked":["Dagger Spray","Underhanded Strike","Prepared"],"picked":"Singing Bowl","floor":17.0},{"not_picked":["Slice","Acrobatics"],"picked":"Tactician","floor":18.0},{"not_picked":["Underhanded Strike","Sucker Punch+1","Caltrops"],"picked":"Singing Bowl","floor":19.0},{"not_picked":["Deflect+1","Bouncing Flask","Dagger Spray"],"picked":"Singing Bowl","floor":22.0},{"not_picked":["Deadly Poison","Flechettes","Caltrops"],"picked":"Singing Bowl","floor":23.0},{"not_picked":["Flechettes","Burst+1","Quick Slash"],"picked":"Singing Bowl","floor":27.0},{"not_picked":["Deadly Poison+1","Noxious Fumes+1","Distraction+1"],"picked":"Singing Bowl","floor":29.0},{"not_picked":["Dagger Throw","Quick Slash","Expertise+1"],"picked":"Singing Bowl","floor":30.0},{"not_picked":["Endless Agony","Flying Knee+1"],"picked":"Adrenaline+1","floor":31.0},{"not_picked":["Phantasmal Killer+1","Tools of the Trade","Die Die Die"],"picked":"Singing Bowl","floor":33.0},{"not_picked":["Calculated Gamble+1","Bane","Cloak And Dagger+1"],"picked":"Singing Bowl","floor":35.0},{"not_picked":["Dodge and Roll+1","Deadly Poison+1"],"picked":"Acrobatics+1","floor":36.0},{"not_picked":["Underhanded Strike","Quick Slash+1","PiercingWail+1"],"picked":"Singing Bowl","floor":37.0},{"not_picked":["Transmutation+1","Bandage Up+1","Forethought+1"],"picked":"Singing Bowl","floor":39.0},{"not_picked":["Discovery+1","Dramatic Entrance","Bandage Up+1"],"picked":"Singing Bowl","floor":39.0},{"not_picked":["Secret Weapon+1","Mind Blast","Impatience+1"],"picked":"Singing Bowl","floor":39.0},{"not_picked":["Dodge and Roll+1","Accuracy+1","Blade Dance+1"],"picked":"Singing Bowl","floor":40.0},{"not_picked":["Dodge and Roll+1","Bane","Acrobatics+1"],"picked":"Singing Bowl","floor":42.0},{"not_picked":["Calculated Gamble+1","Slice+1","Sucker Punch"],"picked":"Singing Bowl","floor":46}],"player_experience":789301,"relics_obtained":[{"floor":9.0,"key":"Singing Bowl"},{"floor":22.0,"key":"Red Mask"},{"floor":26.0,"key":"Toxic Egg 2"},{"floor":31.0,"key":"The Courier"},{"floor":40.0,"key":"Oddly Smooth Stone"},{"floor":46,"key":"Blood Vial"}],"event_choices":[{"damage_healed":0.0,"max_hp_gain":0.0,"max_hp_loss":0.0,"gold_gain":0.0,"cards_transformed":["Outmaneuver"],"event_name":"Transmorgrifier","player_choice":"Transformed","floor":2.0,"gold_loss":0.0,"damage_taken":0.0,"cards_obtained":["Noxious Fumes"]},{"cards_removed":["Envenom"],"damage_healed":7.0,"max_hp_gain":10.0,"max_hp_loss":0.0,"gold_gain":0.0,"event_name":"Bonfire Elementals","player_choice":"Offered Rare","floor":6.0,"gold_loss":0.0,"damage_taken":0.0},{"damage_healed":0.0,"max_hp_gain":0.0,"max_hp_loss":0.0,"gold_gain":0.0,"event_name":"Scrap Ooze","player_choice":"Success","floor":14.0,"gold_loss":0.0,"damage_taken":18.0,"relics_obtained":["Letter Opener"]},{"damage_healed":0.0,"max_hp_gain":0.0,"max_hp_loss":0.0,"gold_gain":0.0,"event_name":"Vampires","player_choice":"Ignored","floor":20.0,"gold_loss":0.0,"damage_taken":0.0},{"damage_healed":0.0,"max_hp_gain":0.0,"max_hp_loss":0.0,"gold_gain":50.0,"event_name":"Nest","player_choice":"Stole From Cult","floor":21.0,"gold_loss":0.0,"damage_taken":0.0},{"damage_healed":0.0,"max_hp_gain":0.0,"max_hp_loss":0.0,"gold_gain":0.0,"event_name":"Masked Bandits","player_choice":"Fought Bandits","floor":22.0,"gold_loss":0.0,"damage_taken":0.0},{"damage_healed":0.0,"max_hp_gain":0.0,"max_hp_loss":0.0,"gold_gain":0.0,"event_name":"Cursed Tome","player_choice":"Obtained Book","floor":24.0,"gold_loss":0.0,"damage_taken":21.0},{"damage_healed":0.0,"max_hp_gain":0.0,"max_hp_loss":0.0,"gold_gain":0.0,"event_name":"Winding Halls","player_choice":"Embrace Madness","floor":38.0,"gold_loss":0.0,"damage_taken":20.0,"cards_obtained":["Madness","Madness"]},{"damage_healed":0.0,"max_hp_gain":0.0,"max_hp_loss":0.0,"gold_gain":0.0,"event_name":"SensoryStone","player_choice":"Memory 3","floor":39.0,"gold_loss":0.0,"damage_taken":10.0},{"damage_healed":0.0,"max_hp_gain":0.0,"max_hp_loss":0.0,"gold_gain":0.0,"event_name":"Lab","player_choice":"Got Potions","floor":44.0,"gold_loss":0.0,"damage_taken":0.0},{"cards_removed":["Die Die Die"],"damage_healed":46,"gold_gain":0,"player_choice":"Offered Rare","damage_taken":0,"max_hp_gain":10,"max_hp_loss":0,"event_name":"Bonfire Elementals","floor":48,"gold_loss":0}],"is_beta":false,"boss_relics":[{"not_picked":["Fusion Hammer","Busted Crown"],"picked":"Tiny House"},{"not_picked":["Calling Bell","Pandora\u0027s Box"],"picked":"Coffee Dripper"}],"items_purged_floors":[3,25,28,48,54],"is_endless":false,"potions_floor_spawned":[4,13,16,18,22,29,30,31,33,36,40],"ascension_level":20}}