{"host":"u9xtr94typ21duox","time":1610340440,"event":{"mods":["BaseMod","Key Reminder","KinomotoSakuraMod(木之本樱)","LagranYue(拉格朗・月)","Marisa（F雨　魔理沙）","Minty Spire (QoL Compilation)","Reimu（博丽灵梦）","Remilia（蕾米莉亚）","Replay The Spire","StSLib","Td1madao Mod","The Administrix","The Bladedancer","The Bug Knight","The Construct","The Cursed","The Gatherer","The Runesmith","The Servant 0.9.4","WarShipGirlsR/战舰少女R mod","Youmu（魂魄妖梦）","vexMod"],"gold_per_floor":[118,23,47,47,57,57,90,110,181,195,195,195,229,229,229,332,382,394,493,55,70,70,103,103,121,144,179,179,189,202,234,234,234,234],"floor_reached":33,"playtime":1392,"items_purged":["ShootingEcho"],"score":422,"play_id":"59a2d30e-ede2-4e24-b13f-0b9517453e53","local_time":"20210111124720","is_ascension_mode":true,"campfire_choices":[{"data":"MasterSpark","floor":6,"key":"SMITH"},{"data":"PowerUp","floor":11,"key":"SMITH"},{"data":"DoubleSpark","floor":11,"key":"SMITH"},{"data":"UltimateShortwave","floor":15,"key":"SMITH"},{"data":"UpSweep","floor":15,"key":"SMITH"},{"data":"OrrerysSun","floor":24,"key":"SMITH"},{"data":"StarlightTyphoon","floor":24,"key":"SMITH"},{"data":"SprinkleStarSeal","floor":28,"key":"SMITH"},{"data":"Acceleration","floor":28,"key":"SMITH"},{"data":"Pot Of Greed","floor":32,"key":"SMITH"},{"data":"Pot Of Greed","floor":32,"key":"SMITH"}],"circlet_count":0,"master_deck":["Strike_MRS","Strike_MRS+1","Strike_MRS","Strike_MRS","Defend_MRS","Defend_MRS","Defend_MRS","Defend_MRS","MasterSpark+1","UpSweep+1","DoubleSpark+1","PowerUp+1","UltimateShortwave+1","StarlightTyphoon+1","TreasureHunter+1","Acceleration+1","OrrerysSun+1","SprinkleStarSeal+1","SuperPerseids","MilkyWay","Pot Of Greed+1","Pot Of Greed+1","DragonMeteor+1"],"relics":["MiniHakkero","LagranYue:RandomDrawCardRelic","Bag of Marbles","Replay:Baseball","Replay:Arrowhead","Gremlin Horn","vexMod:CardConverter","Tiny House","vexMod:ScavengeHelm","Nloth\u0027s Gift","vexMod:MemoryStick","Lantern","keyreminder:keyreminder","Mastiff:ReiMu","Vajra","Grinning Jar"],"acts_visited":["Exordium","TheCity"],"potions_floor_usage":[2,7,13,23,23,27,30,33],"damage_taken":[{"damage":1,"enemies":"Cultist","floor":1,"turns":3},{"damage":0,"enemies":"Jaw Worm","floor":5,"turns":1},{"damage":4,"enemies":"3 Sentries","floor":7,"turns":7},{"damage":0,"enemies":"Small Slimes","floor":8,"turns":2},{"damage":0,"enemies":"2 Fungi Beasts","floor":10,"turns":2},{"damage":0,"enemies":"Gremlin Nob","floor":13,"turns":2},{"damage":28,"enemies":"The Guardian","floor":16,"turns":8},{"damage":6,"enemies":"3 Byrds","floor":18,"turns":5},{"damage":6,"enemies":"Spheric Guardian","floor":21,"turns":3},{"damage":22,"enemies":"Slavers","floor":23,"turns":4},{"damage":12,"enemies":"Snake Plant","floor":25,"turns":4},{"damage":43,"enemies":"Book of Stabbing","floor":27,"turns":11},{"damage":0,"enemies":"Cultist and Chosen","floor":29,"turns":5},{"damage":0,"enemies":"Centurion and Healer","floor":30,"turns":4},{"damage":8,"enemies":"Gremlin Leader","floor":31,"turns":6},{"damage":10,"enemies":"Automaton","floor":33,"turns":2}],"seed_played":"9210923372056786649","potions_obtained":[{"floor":1,"key":"SteroidPotion"},{"floor":5,"key":"Dexterity Potion"},{"floor":7,"key":"ZuzhouPotion:ReiMu"},{"floor":17,"key":"Fire Potion"},{"floor":18,"key":"Explosive Potion"},{"floor":25,"key":"Venom Potion"},{"floor":27,"key":"Swift Potion"},{"floor":30,"key":"Elixir"},{"floor":31,"key":"Strength Potion"}],"is_trial":false,"path_per_floor":["M","$","T","$","M","R","E","M","T","M","R","?","E","?","R","B",null,"M","?","$","M","?","E","R","M","T","E","R","M","M","E","R","B"],"character_chosen":"MARISA","items_purchased":["Fruit Juice","TreasureHunter+1","vexMod:ScavengeHelm"],"campfire_rested":0,"item_purchase_floors":[2,20,20],"current_hp_per_floor":[74,79,79,79,79,79,75,75,75,75,75,68,70,70,70,42,87,83,83,85,81,81,61,61,51,51,8,8,10,12,10,10,0,0],"gold":234,"neow_bonus":"RANDOM_COMMON_RELIC","is_daily":false,"chose_seed":false,"campfire_upgraded":11,"win_rate":0.0,"timestamp":1610340440,"path_taken":["M","$","?","?","?","R","E","M","T","M","R","?","E","?","R","BOSS","M","?","$","M","?","E","R","M","T","E","R","?","M","E","R","BOSS"],"items_purchased_type":["Potion","Card","Relic"],"build_version":"2020-12-22","purchased_purges":1,"victory":false,"max_hp_per_floor":[75,80,80,80,80,80,80,80,80,80,80,80,82,82,82,82,87,89,89,91,93,93,95,95,97,97,97,97,99,101,107,107,107,107],"card_choices":[{"not_picked":["Robbery","AlicesGift"],"picked":"ShootingEcho","floor":1},{"not_picked":["WitchOfGreed","MagicChant","GrandCross"],"picked":"SKIP","floor":5},{"not_picked":["MaximisePower","NonDirectionalLaser","ShootingEcho"],"picked":"SKIP","floor":7},{"not_picked":["SporeBomb","Orbital"],"picked":"DoubleSpark","floor":8},{"not_picked":["SatelliteIllusion","6A"],"picked":"PowerUp","floor":10},{"not_picked":["OortCloud","DeepEcoloBomb"],"picked":"UltimateShortwave","floor":13},{"not_picked":["IllusionStar","ShootTheMoon"],"picked":"StarlightTyphoon","floor":18},{"not_picked":["ShootingEcho+1","BlazeAway"],"picked":"Acceleration","floor":21},{"not_picked":["OneTimeOff","Occultation"],"picked":"OrrerysSun","floor":23},{"not_picked":["AsteroidBelt+1","PowerUp+1"],"picked":"SprinkleStarSeal","floor":25},{"not_picked":["UltimateShortwave","GalacticHalo","GravityBeat+1"],"picked":"SKIP","floor":27},{"not_picked":["AbsoluteMagnitude","DoubleSpark+1"],"picked":"SuperPerseids","floor":29},{"not_picked":["OortCloud+1","OpenUniverse+1"],"picked":"MilkyWay","floor":30},{"not_picked":["ShootTheMoon","MeteoricShower"],"picked":"DragonMeteor+1","floor":31}],"player_experience":291125,"relics_obtained":[{"floor":3,"key":"Replay:Baseball"},{"floor":7,"key":"Replay:Arrowhead"},{"floor":9,"key":"Gremlin Horn"},{"floor":13,"key":"vexMod:CardConverter"},{"floor":23,"key":"vexMod:MemoryStick"},{"floor":23,"key":"Lantern"},{"floor":27,"key":"Mastiff:ReiMu"},{"floor":31,"key":"Vajra"},{"floor":31,"key":"Grinning Jar"}],"event_choices":[{"damage_healed":0,"gold_gain":0,"player_choice":"Success","damage_taken":7,"relics_obtained":["Darkstone Periapt"],"max_hp_gain":0,"max_hp_loss":0,"event_name":"Scrap Ooze","floor":12,"gold_loss":0},{"damage_healed":0,"gold_gain":99,"player_choice":"Stole From Cult","damage_taken":0,"max_hp_gain":0,"max_hp_loss":0,"event_name":"Nest","floor":19,"gold_loss":0},{"damage_healed":0,"gold_gain":0,"player_choice":"Traded Relic","damage_taken":0,"relics_obtained":["Nloth\u0027s Gift"],"max_hp_gain":0,"max_hp_loss":0,"event_name":"N\u0027loth","floor":22,"relics_lost":["Darkstone Periapt"],"gold_loss":0}],"is_beta":false,"boss_relics":[{"not_picked":["Replay:Ancient Bell","construct:ClawGrip"],"picked":"Tiny House"}],"items_purged_floors":[20],"is_endless":false,"potions_floor_spawned":[1,5,7,18,25,27,30,31],"killed_by":"Automaton","ascension_level":2}}