{"host":"1a3cjta80tad0aqj","time":1610353931,"event":{"mods":["2.2 Compatiblity","AchievementEnabler","BaseMod","Colored Map","DeckTracker","KOR Keyword Fix","Keyboard Shortcuts","Minty Spire (QoL Compilation)","Permanent Neow","Quick Restart","Random Character Button","StSLib","SuperFastMode","everything is the same but u backflip on backflip"],"gold_per_floor":[112,131,131,148,162,162,162,87,114,142,242,252,152,184,184,286,286,299,319,332,207,207,207,219,230,255,270,270,289,289,304,304,407,407,424,424,93,113,113,113,147,147,174,188,188,207,257,257,257,257],"floor_reached":51,"playtime":2435,"items_purged":["Doubt","Strike_G","Strike_G","Strike_G"],"score":773,"play_id":"0182fb6b-9f98-410d-b2fe-91306bfae10a","local_time":"20210111173211","is_ascension_mode":true,"campfire_choices":[{"data":"Corpse Explosion","floor":6.0,"key":"SMITH"},{"data":"Deadly Poison","floor":15.0,"key":"SMITH"},{"floor":23.0,"key":"REST"},{"floor":28.0,"key":"REST"},{"floor":30.0,"key":"REST"},{"data":"Deadly Poison","floor":32.0,"key":"SMITH"},{"data":"Noxious Fumes","floor":40.0,"key":"SMITH"},{"floor":45.0,"key":"REST"},{"floor":49.0,"key":"REST"}],"circlet_count":0,"master_deck":["Defend_G","Defend_G","Defend_G","Defend_G","Defend_G","Survivor","Neutralize","Corpse Explosion+1","Bouncing Flask+1","Catalyst+1","Deadly Poison+1","Backflip","Footwork","Acrobatics+1","Backflip+1","Deadly Poison+1","PiercingWail","Bandage Up","Noxious Fumes+1"],"relics":["Ring of the Snake","Snake Skull","Ancient Tea Set","Unceasing Top","Empty Cage","Juzu Bracelet","Philosopher\u0027s Stone","PreservedInsect","Oddly Smooth Stone","Ice Cream"],"acts_visited":["Exordium","TheCity","TheBeyond"],"potions_floor_usage":[50,50],"damage_taken":[{"damage":0.0,"enemies":"2 Louse","floor":1.0,"turns":2.0},{"damage":1.0,"enemies":"Jaw Worm","floor":2.0,"turns":4.0},{"damage":0.0,"enemies":"Cultist","floor":4.0,"turns":2.0},{"damage":0.0,"enemies":"Looter","floor":5.0,"turns":3.0},{"damage":0.0,"enemies":"Gremlin Nob","floor":10.0,"turns":2.0},{"damage":0.0,"enemies":"2 Fungi Beasts","floor":12.0,"turns":3.0},{"damage":22.0,"enemies":"Lagavulin","floor":14.0,"turns":4.0},{"damage":25.0,"enemies":"The Guardian","floor":16.0,"turns":4.0},{"damage":18.0,"enemies":"3 Byrds","floor":18.0,"turns":3.0},{"damage":0.0,"enemies":"Spheric Guardian","floor":19.0,"turns":2.0},{"damage":11.0,"enemies":"Snake Plant","floor":20.0,"turns":3.0},{"damage":15.0,"enemies":"Snecko","floor":24.0,"turns":3.0},{"damage":0.0,"enemies":"3 Cultists","floor":25.0,"turns":2.0},{"damage":16.0,"enemies":"Cultist and Chosen","floor":27.0,"turns":5.0},{"damage":17.0,"enemies":"Snecko","floor":29.0,"turns":4.0},{"damage":4.0,"enemies":"Centurion and Healer","floor":31.0,"turns":2.0},{"damage":36.0,"enemies":"Automaton","floor":33.0,"turns":8.0},{"damage":2.0,"enemies":"Orb Walker","floor":35.0,"turns":3.0},{"damage":2.0,"enemies":"3 Shapes","floor":38.0,"turns":3.0},{"damage":82.0,"enemies":"Reptomancer","floor":41.0,"turns":5.0},{"damage":2.0,"enemies":"Maw","floor":44.0,"turns":4.0},{"damage":0.0,"enemies":"Writhing Mass","floor":46.0,"turns":2.0},{"damage":3.0,"enemies":"Mind Bloom Boss Battle","floor":47.0,"turns":4.0},{"damage":30,"enemies":"Donu and Deca","floor":50,"turns":4}],"seed_played":"3985161107996513537","potions_obtained":[{"floor":1.0,"key":"Dexterity Potion"},{"floor":2.0,"key":"GhostInAJar"},{"floor":10.0,"key":"ColorlessPotion"},{"floor":19.0,"key":"PowerPotion"},{"floor":24.0,"key":"FairyPotion"},{"floor":29.0,"key":"ColorlessPotion"},{"floor":31.0,"key":"SkillPotion"},{"floor":46.0,"key":"AttackPotion"},{"floor":47.0,"key":"ColorlessPotion"}],"is_trial":false,"path_per_floor":["M","M","?","M","M","R","?","$","T","E","?","M","$","E","R","B",null,"M","M","M","$","?","R","M","M","T","M","R","M","R","M","R","B",null,"M","?","$","M","?","R","E","?","T","M","R","M","?","?","R","B",null],"character_chosen":"THE_SILENT","items_purchased":["Noxious Fumes","AttackPotion","Poison Potion"],"campfire_rested":5,"item_purchase_floors":[37,37,37],"current_hp_per_floor":[70,69,55,55,55,55,55,55,55,55,55,55,55,33,33,8,70,52,52,41,41,41,62,47,47,47,31,52,35,56,52,52,16,70,68,68,68,70,66,66,13,13,13,15,34,38,39,39,58,32],"gold":257,"neow_bonus":"THREE_RARE_CARDS","is_daily":false,"chose_seed":true,"campfire_upgraded":4,"win_rate":0.0,"timestamp":1610353931,"path_taken":["M","M","?","M","M","R","?","$","T","E","?","M","$","E","R","BOSS","M","M","M","$","?","R","M","M","T","M","R","M","R","M","R","BOSS","M","?","$","M","?","R","E","?","T","M","R","M","?","?","R","BOSS"],"items_purchased_type":["Card","Potion","Potion"],"build_version":"2020-12-22","purchased_purges":4,"victory":true,"max_hp_per_floor":[70,70,70,70,70,70,70,70,70,70,70,70,70,70,70,70,70,70,70,70,70,70,70,70,70,70,70,70,70,70,70,70,70,70,70,70,70,70,66,66,66,66,66,66,66,66,66,66,66,66],"card_choices":[{"not_picked":["A Thousand Cuts","Wraith Form v2"],"picked":"Corpse Explosion","floor":0.0},{"not_picked":["Deflect","Bane"],"picked":"Bouncing Flask","floor":1.0},{"not_picked":["Poisoned Stab","Sucker Punch"],"picked":"Catalyst","floor":2.0},{"not_picked":["Acrobatics","Quick Slash"],"picked":"Deadly Poison","floor":4.0},{"not_picked":["Poisoned Stab","Slice","Dagger Throw"],"picked":"SKIP","floor":5.0},{"not_picked":["Deflect","Poisoned Stab"],"picked":"Backflip","floor":10.0},{"not_picked":["Dagger Throw","Flying Knee"],"picked":"Footwork","floor":12.0},{"not_picked":["Dodge and Roll","Storm of Steel","Predator"],"picked":"SKIP","floor":14.0},{"not_picked":["Heel Hook","Slice+1"],"picked":"Acrobatics+1","floor":18.0},{"not_picked":["Outmaneuver","Dagger Spray","Bane"],"picked":"SKIP","floor":19.0},{"not_picked":["Storm of Steel","Acrobatics"],"picked":"Backflip+1","floor":20.0},{"not_picked":["Blur","Quick Slash","Slice"],"picked":"SKIP","floor":24.0},{"not_picked":["A Thousand Cuts","Distraction+1","Riddle With Holes"],"picked":"SKIP","floor":25.0},{"not_picked":["Choke","Backflip+1"],"picked":"Deadly Poison","floor":27.0},{"not_picked":["Concentrate","Tactician"],"picked":"PiercingWail","floor":29.0},{"not_picked":["Underhanded Strike+1","Dodge and Roll","Blade Dance"],"picked":"SKIP","floor":31.0},{"not_picked":["Sucker Punch+1","Finisher","Deflect+1"],"picked":"SKIP","floor":35.0},{"not_picked":["Mind Blast","Trip"],"picked":"Bandage Up","floor":36.0},{"not_picked":["Accuracy+1","Flying Knee+1","Underhanded Strike+1"],"picked":"SKIP","floor":38.0},{"not_picked":["Poisoned Stab","Terror+1","Acrobatics+1"],"picked":"SKIP","floor":41.0},{"not_picked":["Prepared","Skewer+1","Cloak And Dagger"],"picked":"SKIP","floor":44.0},{"not_picked":["Prepared+1","All Out Attack+1","Cloak And Dagger+1"],"picked":"SKIP","floor":46.0}],"player_experience":291446,"relics_obtained":[{"floor":9.0,"key":"Snake Skull"},{"floor":10.0,"key":"Ancient Tea Set"},{"floor":14.0,"key":"Unceasing Top"},{"floor":26.0,"key":"Juzu Bracelet"},{"floor":41.0,"key":"PreservedInsect"},{"floor":43.0,"key":"Oddly Smooth Stone"},{"floor":47.0,"key":"Ice Cream"}],"event_choices":[{"damage_healed":0.0,"max_hp_gain":0.0,"max_hp_loss":0.0,"gold_gain":0.0,"event_name":"Shining Light","player_choice":"Entered Light","floor":3.0,"gold_loss":0.0,"damage_taken":14.0,"cards_upgraded":["Catalyst","Bouncing Flask"]},{"damage_healed":0.0,"max_hp_gain":0.0,"max_hp_loss":0.0,"gold_gain":0.0,"event_name":"Liars Game","player_choice":"Ignored","floor":7.0,"gold_loss":0.0,"damage_taken":0.0},{"damage_healed":0.0,"max_hp_gain":0.0,"max_hp_loss":0.0,"gold_gain":100.0,"event_name":"Golden Shrine","player_choice":"Pray","floor":11.0,"gold_loss":0.0,"damage_taken":0.0},{"damage_healed":0.0,"max_hp_gain":0.0,"max_hp_loss":0.0,"gold_gain":0.0,"event_name":"Vampires","player_choice":"Ignored","floor":22.0,"gold_loss":0.0,"damage_taken":0.0},{"damage_healed":0.0,"max_hp_gain":0.0,"max_hp_loss":0.0,"gold_gain":0.0,"event_name":"SensoryStone","player_choice":"Memory 1","floor":36.0,"gold_loss":0.0,"damage_taken":0.0},{"damage_healed":0.0,"max_hp_gain":0.0,"max_hp_loss":4.0,"gold_gain":0.0,"event_name":"Winding Halls","player_choice":"Max HP","floor":39.0,"gold_loss":0.0,"damage_taken":0.0},{"damage_healed":0.0,"max_hp_gain":0.0,"max_hp_loss":0.0,"gold_gain":0.0,"event_name":"SecretPortal","player_choice":"Ignored","floor":42.0,"gold_loss":0.0,"damage_taken":0.0},{"damage_healed":0.0,"max_hp_gain":0.0,"max_hp_loss":0.0,"gold_gain":0.0,"event_name":"MindBloom","player_choice":"Fight","floor":47.0,"gold_loss":0.0,"damage_taken":0.0},{"damage_healed":0.0,"max_hp_gain":0.0,"max_hp_loss":0.0,"gold_gain":0.0,"event_name":"Tomb of Lord Red Mask","player_choice":"Ignored","floor":48.0,"gold_loss":0.0,"damage_taken":0.0}],"is_beta":false,"boss_relics":[{"not_picked":["Calling Bell","Cursed Key"],"picked":"Empty Cage"},{"not_picked":["Coffee Dripper","HoveringKite"],"picked":"Philosopher\u0027s Stone"}],"items_purged_floors":[8,13,21,37],"is_endless":false,"potions_floor_spawned":[1,2,10,19,24,29,31,38,46,47],"ascension_level":1}}