{"host":"7xbu8gt067z192g2","time":1610344845,"event":{"mods":["BaseMod","Better Note","Colored Map","Colored Powertips","Googly Eyes","Highlight Path","Minty Spire (QoL Compilation)","Rare Cards Sparkle","Replay The Spire","StSLib","The Bladedancer","The Cursed","The Hierophant","The Valiant","The Wild Card"],"gold_per_floor":[368,368,385,175,188,188,138,172,172,172,272,283,312,312,312,312,312],"floor_reached":16,"playtime":640,"items_purged":[],"score":119,"play_id":"147e0ffb-4063-461b-adbc-06809c9c508c","local_time":"20210111010045","is_ascension_mode":true,"campfire_choices":[{"data":"Catalyst","floor":6,"key":"SMITH"},{"floor":15,"key":"REST"}],"circlet_count":0,"master_deck":["Strike_G","Strike_G","Strike_G","Strike_G","Defend_G","Defend_G","Defend_G","Defend_G","Survivor","Neutralize","Flying Knee","Catalyst+1","Cloak And Dagger","Deadly Poison","Poisoned Stab"],"relics":["Ring of the Snake","TwistedFunnel","Golden Egg","Basket Of Snakes"],"acts_visited":["Exordium"],"potions_floor_usage":[16,16],"damage_taken":[{"damage":2,"enemies":"2 Louse","floor":1,"turns":3},{"damage":0,"enemies":"Cultist","floor":3,"turns":4},{"damage":0,"enemies":"Jaw Worm","floor":5,"turns":3},{"damage":22,"enemies":"Gremlin Nob","floor":8,"turns":4},{"damage":8,"enemies":"3 Louse","floor":12,"turns":2},{"damage":18,"enemies":"Replay:BlueRogue","floor":13,"turns":3},{"damage":40,"enemies":"Slime Boss","floor":16,"turns":6}],"seed_played":"8815012271002730461","potions_obtained":[{"floor":3,"key":"DistilledChaos"},{"floor":5,"key":"SteroidPotion"},{"floor":12,"key":"SpeedPotion"},{"floor":14,"key":"Poison Potion"}],"is_trial":false,"path_per_floor":["M","?","M","$","M","R","?","E","T","?","?","M","E","?","R","B"],"character_chosen":"THE_SILENT","items_purchased":["TwistedFunnel","Cloak And Dagger"],"campfire_rested":1,"item_purchase_floors":[4,4],"current_hp_per_floor":[61,63,63,63,63,63,63,41,41,34,34,26,8,8,26,0,0],"gold":312,"neow_bonus":"TWO_FIFTY_GOLD","is_daily":false,"chose_seed":false,"campfire_upgraded":1,"win_rate":0.0,"timestamp":1610344845,"path_taken":["M","?","M","$","?","R","?","E","T","?","?","?","E","?","R","BOSS"],"items_purchased_type":["Relic","Card"],"build_version":"2020-12-22","purchased_purges":0,"victory":false,"max_hp_per_floor":[63,63,63,63,63,63,63,63,63,63,63,63,63,63,63,63,63],"card_choices":[{"not_picked":["Hidden Blade","Blade Dance"],"picked":"Flying Knee","floor":1},{"not_picked":["Quick Slash","Bane"],"picked":"Catalyst","floor":3},{"not_picked":["Tools of the Trade","Flying Knee"],"picked":"Deadly Poison","floor":5},{"not_picked":["Tools of the Trade","Flying Knee"],"picked":"Poisoned Stab","floor":8},{"not_picked":["Masterful Stab","Dagger Spray","Outmaneuver"],"picked":"SKIP","floor":12},{"not_picked":["ReplayTheSpireMod:Speed Training","Outmaneuver","Cloak And Dagger"],"picked":"SKIP","floor":13}],"player_experience":183701,"relics_obtained":[{"floor":8,"key":"Golden Egg"},{"floor":13,"key":"Basket Of Snakes"}],"event_choices":[{"damage_healed":2,"gold_gain":0,"player_choice":"Full Heal","damage_taken":0,"max_hp_gain":0,"max_hp_loss":0,"event_name":"Wheel of Change","floor":2,"gold_loss":0},{"cards_removed":["Defend_G"],"damage_healed":0,"gold_gain":0,"player_choice":"Card Removal","damage_taken":0,"max_hp_gain":0,"max_hp_loss":0,"event_name":"The Cleric","floor":7,"gold_loss":50},{"cards_removed":["Strike_G"],"damage_healed":0,"gold_gain":0,"player_choice":"Card Removal","damage_taken":7,"max_hp_gain":0,"max_hp_loss":0,"event_name":"Golden Wing","floor":10,"gold_loss":0},{"damage_healed":0,"gold_gain":100,"player_choice":"Pray","damage_taken":0,"max_hp_gain":0,"max_hp_loss":0,"event_name":"Golden Shrine","floor":11,"gold_loss":0},{"damage_healed":0,"gold_gain":0,"player_choice":"Got Potions","damage_taken":0,"max_hp_gain":0,"max_hp_loss":0,"event_name":"Lab","floor":14,"gold_loss":0}],"is_beta":false,"boss_relics":[],"items_purged_floors":[],"is_endless":false,"potions_floor_spawned":[3,5,12],"killed_by":"Slime Boss","ascension_level":2}}