{"host":"dowi7cgbhepuzvpj","time":1610341855,"event":{"mods":["AchievementEnabler","BaseMod","Colored Map","Highlight Path","Keyboard Shortcuts","Minty Spire (QoL Compilation)","Permanent Neow","Quick Restart","StSLib","SuperFastMode"],"gold_per_floor":[112,126,141,154,0,0,33,33,33,65,77,157,169,46,46,151,151,163,175,22,22,22,22,353,368,441,441,473,485,485,513,513,616,616,632,197,212,229,209,235,253,268,293,305,305,331,331,362,362,362],"floor_reached":51,"playtime":1982,"items_purged":["Strike_P","Strike_P","Defend_P"],"score":1223,"play_id":"19c02cda-b016-4c34-8f81-7ce8bd7f08c1","local_time":"20210111141055","is_ascension_mode":true,"campfire_choices":[{"data":"Eruption","floor":6.0,"key":"SMITH"},{"floor":11.0,"key":"REST"},{"data":"CrushJoints","floor":15.0,"key":"SMITH"},{"floor":23.0,"key":"REST"},{"data":"MentalFortress","floor":32.0,"key":"SMITH"},{"data":"Parasite","floor":45.0,"key":"PURGE"},{"data":"LessonLearned+1","floor":47.0,"key":"PURGE"},{"floor":49.0,"key":"REST"}],"circlet_count":0,"master_deck":["Strike_P+1","Strike_P+1","Defend_P+1","Defend_P+1","Eruption+1","Vigilance+1","CrushJoints+1","Conclude+1","EmptyMind+1","MentalFortress+1","LessonLearned+1","FlurryOfBlows+1","BattleHymn+1","EmptyFist+1","FlurryOfBlows+1","Vengeance+1","Adaptation+1","FlurryOfBlows+1","Adaptation+1","Study+1","Adaptation+1"],"relics":["Black Star","CloakClasp","Ornamental Fan","Peace Pipe","CaptainsWheel","Turnip","MawBank","Gremlin Horn","VioletLotus","PreservedInsect","Old Coin","Bag of Marbles","TeardropLocket","Blue Candle","StrikeDummy","Nilry\u0027s Codex","Darkstone Periapt","Bird Faced Urn","Fusion Hammer","Letter Opener","Centennial Puzzle","Lantern","Toy Ornithopter","Regal Pillow","Torii","Art of War","Bottled Lightning"],"acts_visited":["Exordium","TheCity","TheBeyond"],"potions_floor_usage":[50,50],"damage_taken":[{"damage":1.0,"enemies":"Cultist","floor":1.0,"turns":4.0},{"damage":8.0,"enemies":"Small Slimes","floor":2.0,"turns":3.0},{"damage":2.0,"enemies":"Jaw Worm","floor":3.0,"turns":3.0},{"damage":20.0,"enemies":"3 Louse","floor":4.0,"turns":3.0},{"damage":0.0,"enemies":"Lagavulin","floor":7.0,"turns":3.0},{"damage":29.0,"enemies":"Gremlin Nob","floor":10.0,"turns":3.0},{"damage":22.0,"enemies":"The Guardian","floor":16.0,"turns":12.0},{"damage":0.0,"enemies":"Chosen","floor":18.0,"turns":3.0},{"damage":14.0,"enemies":"Shell Parasite","floor":19.0,"turns":8.0},{"damage":0.0,"enemies":"Gremlin Leader","floor":24.0,"turns":4.0},{"damage":15.0,"enemies":"Sentry and Sphere","floor":25.0,"turns":5.0},{"damage":0.0,"enemies":"Slavers","floor":28.0,"turns":3.0},{"damage":0.0,"enemies":"3 Cultists","floor":29.0,"turns":3.0},{"damage":0.0,"enemies":"Gremlin Leader","floor":31.0,"turns":3.0},{"damage":20.0,"enemies":"Collector","floor":33.0,"turns":5.0},{"damage":0.0,"enemies":"3 Shapes","floor":35.0,"turns":1.0},{"damage":4.0,"enemies":"3 Darklings","floor":37.0,"turns":3.0},{"damage":31.0,"enemies":"Writhing Mass","floor":38.0,"turns":4.0},{"damage":5.0,"enemies":"Reptomancer","floor":40.0,"turns":4.0},{"damage":0.0,"enemies":"4 Shapes","floor":41.0,"turns":1.0},{"damage":20.0,"enemies":"Spire Growth","floor":42.0,"turns":3.0},{"damage":0.0,"enemies":"Sphere and 2 Shapes","floor":44.0,"turns":3.0},{"damage":0.0,"enemies":"Giant Head","floor":46.0,"turns":5.0},{"damage":21.0,"enemies":"Nemesis","floor":48.0,"turns":3.0},{"damage":73,"enemies":"Donu and Deca","floor":50,"turns":6}],"seed_played":"4670712530166536451","potions_obtained":[{"floor":2.0,"key":"SteroidPotion"},{"floor":7.0,"key":"DuplicationPotion"},{"floor":10.0,"key":"Swift Potion"},{"floor":19.0,"key":"AttackPotion"},{"floor":25.0,"key":"LiquidBronze"},{"floor":29.0,"key":"Ancient Potion"},{"floor":35.0,"key":"SkillPotion"},{"floor":39.0,"key":"SneckoOil"},{"floor":44.0,"key":"PowerPotion"}],"is_trial":false,"path_per_floor":["M","M","M","M","$","R","E","?","T","E","R","T","?","$","R","B",null,"M","M","$","?","?","R","E","M","T","?","E","M","?","E","R","B",null,"M","$","M","M","?","E","M","M","T","M","R","E","R","E","R","B",null],"character_chosen":"WATCHER","items_purchased":["Conclude","MentalFortress","PreservedInsect","Adaptation","Letter Opener"],"campfire_rested":3,"item_purchase_floors":[5,14,20,36,36],"current_hp_per_floor":[71,63,61,41,41,41,41,38,38,9,30,30,35,35,35,13,61,61,47,47,47,33,57,57,42,42,42,42,42,26,26,26,10,64,68,68,70,51,51,50,56,44,44,52,52,62,62,51,85,20],"gold":362,"neow_bonus":"BOSS_RELIC","is_daily":false,"chose_seed":false,"campfire_upgraded":3,"win_rate":0.0,"timestamp":1610341855,"path_taken":["M","M","M","M","?","R","E","?","T","E","R","?","?","$","R","BOSS","M","M","$","?","?","R","E","M","T","?","E","?","?","E","R","BOSS","M","$","M","M","?","E","M","?","T","M","R","E","R","E","R","BOSS"],"items_purchased_type":["Card","Card","Relic","Card","Relic"],"build_version":"2020-12-22","purchased_purges":3,"victory":true,"max_hp_per_floor":[72,72,72,72,72,72,72,72,72,72,72,72,77,77,77,77,77,77,77,77,77,82,82,82,82,82,82,82,82,82,82,82,82,82,82,82,82,88,88,88,88,88,88,88,85,85,85,85,85,85],"card_choices":[{"not_picked":["Evaluate","ForeignInfluence"],"picked":"CrushJoints","floor":1.0},{"not_picked":["Evaluate","Weave","JustLucky"],"picked":"SKIP","floor":2.0},{"not_picked":["Nirvana","Study","JustLucky"],"picked":"SKIP","floor":3.0},{"not_picked":["Collect","Protect","Consecrate"],"picked":"SKIP","floor":4.0},{"not_picked":["Prostrate","Wish"],"picked":"EmptyMind","floor":7.0},{"not_picked":["ThirdEye","Evaluate","Protect"],"picked":"SKIP","floor":10.0},{"not_picked":["ConjureBlade","Scrawl"],"picked":"LessonLearned","floor":16.0},{"not_picked":["Prostrate","MentalFortress"],"picked":"FlurryOfBlows","floor":18.0},{"not_picked":["EmptyBody","Study+1"],"picked":"BattleHymn","floor":19.0},{"not_picked":["JustLucky+1","Study+1"],"picked":"EmptyFist+1","floor":24.0},{"not_picked":["Conclude","Crescendo"],"picked":"FlurryOfBlows","floor":25.0},{"not_picked":["SashWhip+1","PathToVictory","JustLucky"],"picked":"SKIP","floor":28.0},{"not_picked":["BattleHymn","PathToVictory","FlyingSleeves"],"picked":"SKIP","floor":29.0},{"not_picked":["CarveReality+1","FlurryOfBlows"],"picked":"Vengeance","floor":31.0},{"not_picked":["ConjureBlade","Judgement"],"picked":"LessonLearned","floor":33.0},{"not_picked":["ThirdEye+1","SashWhip","Fasting2+1"],"picked":"SKIP","floor":35.0},{"not_picked":["SashWhip+1","CrushJoints+1","Sanctity"],"picked":"SKIP","floor":37.0},{"not_picked":["ClearTheMind+1","ReachHeaven+1"],"picked":"FlurryOfBlows","floor":38.0},{"not_picked":["DeceiveReality+1","Blasphemy"],"picked":"Adaptation+1","floor":40.0},{"not_picked":["Weave+1","BowlingBash","CutThroughFate+1"],"picked":"SKIP","floor":41.0},{"not_picked":["BowlingBash+1","JustLucky","Conclude"],"picked":"SKIP","floor":42.0},{"not_picked":["Worship+1","SashWhip+1"],"picked":"Study+1","floor":44.0},{"not_picked":["Protect","CarveReality+1","Pray"],"picked":"SKIP","floor":46.0},{"not_picked":["PathToVictory","FlurryOfBlows+1"],"picked":"Adaptation+1","floor":48.0}],"player_experience":805889,"relics_obtained":[{"floor":7.0,"key":"CloakClasp"},{"floor":7.0,"key":"Ornamental Fan"},{"floor":9.0,"key":"CaptainsWheel"},{"floor":10.0,"key":"Turnip"},{"floor":10.0,"key":"MawBank"},{"floor":12.0,"key":"Gremlin Horn"},{"floor":24.0,"key":"Old Coin"},{"floor":24.0,"key":"Bag of Marbles"},{"floor":26.0,"key":"TeardropLocket"},{"floor":28.0,"key":"Blue Candle"},{"floor":28.0,"key":"StrikeDummy"},{"floor":30.0,"key":"Nilry\u0027s Codex"},{"floor":31.0,"key":"Darkstone Periapt"},{"floor":31.0,"key":"Bird Faced Urn"},{"floor":40.0,"key":"Centennial Puzzle"},{"floor":40.0,"key":"Lantern"},{"floor":43.0,"key":"Toy Ornithopter"},{"floor":46.0,"key":"Regal Pillow"},{"floor":46.0,"key":"Torii"},{"floor":48.0,"key":"Art of War"},{"floor":48.0,"key":"Bottled Lightning"}],"event_choices":[{"damage_healed":0.0,"max_hp_gain":0.0,"max_hp_loss":0.0,"gold_gain":0.0,"event_name":"Scrap Ooze","player_choice":"Success","floor":8.0,"gold_loss":0.0,"damage_taken":3.0,"relics_obtained":["Peace Pipe"]},{"damage_healed":0.0,"max_hp_gain":5.0,"max_hp_loss":0.0,"gold_gain":0.0,"event_name":"Big Fish","player_choice":"Donut","floor":13.0,"gold_loss":0.0,"damage_taken":0.0},{"damage_healed":0.0,"max_hp_gain":5.0,"max_hp_loss":0.0,"gold_gain":0.0,"event_name":"Forgotten Altar","player_choice":"Shed Blood","floor":22.0,"gold_loss":0.0,"damage_taken":19.0},{"cards_removed":["Defend_P"],"damage_healed":0.0,"max_hp_gain":0.0,"max_hp_loss":0.0,"gold_gain":0.0,"event_name":"Bonfire Elementals","player_choice":"Offered Basic","floor":27.0,"gold_loss":0.0,"damage_taken":0.0},{"damage_healed":0.0,"max_hp_gain":0.0,"max_hp_loss":0.0,"gold_gain":0.0,"event_name":"Cursed Tome","player_choice":"Obtained Book","floor":30.0,"gold_loss":0.0,"damage_taken":16.0},{"damage_healed":0.0,"max_hp_gain":0.0,"max_hp_loss":0.0,"gold_gain":0.0,"event_name":"The Woman in Blue","player_choice":"Bought 1 Potion","floor":39.0,"gold_loss":0.0,"damage_taken":0.0}],"is_beta":false,"boss_relics":[{"not_picked":["Philosopher\u0027s Stone","Sozu"],"picked":"VioletLotus"},{"not_picked":["SacredBark","Cursed Key"],"picked":"Fusion Hammer"}],"items_purged_floors":[5,14,36],"is_endless":false,"potions_floor_spawned":[2,7,10,19,25,29,35,44],"ascension_level":5}}