{"host":"q4b0c643vtafhvqv","time":1610360330,"event":{"mods":["AchievementEnabler","BaseMod","Colored Map","Colored Powertips","Custom Start","Minty Spire (QoL Compilation)","Permanent Neow","Quick Restart","Spicy Shops","StSLib","The Blue Laboratory","The Cursed","The Marked"],"gold_per_floor":[110,185,40,40,60,87,87,119,119,133,151,163,191,208,208,310,310,323,335,99,99,99,99,131,131,131,160,85,97,114,141,141,246,246,257,179,194,194,213,242,242,253,280,307,307,156,174,174,174,174,174,174,21,52,52,52],"floor_reached":55,"playtime":2429,"items_purged":["Writhe"],"score":1225,"play_id":"90c7a645-e400-4476-90bd-f116ba9390c3","local_time":"20210111181850","is_ascension_mode":true,"campfire_choices":[{"floor":7.0,"key":"RECALL"},{"data":"Inflame","floor":15.0,"key":"SMITH"},{"data":"Double Tap","floor":23.0,"key":"SMITH"},{"data":"Rampage","floor":25.0,"key":"SMITH"},{"data":"Seeing Red","floor":32.0,"key":"SMITH"},{"data":"Metallicize","floor":41.0,"key":"SMITH"},{"data":"Barricade","floor":49.0,"key":"SMITH"},{"data":"Madness","floor":52.0,"key":"SMITH"}],"circlet_count":0,"master_deck":["Strike_R+1","Strike_R+1","Defend_R+1","Defend_R+1","Bash+1","Clash","Inflame+1","Double Tap+1","Rampage+1","Madness+1","Seeing Red+1","Barricade+1","Metallicize+1","Madness","Madness","Shrug It Off+1","Sword Boomerang+1","Limit Break"],"relics":["Black Blood","Juzu Bracelet","Mango","Bronze Scales","Mummified Hand","Nunchaku","PreservedInsect","Centennial Puzzle","Nilry\u0027s Codex","Bag of Preparation","Question Card","Gremlin Horn","Meat on the Bone","Busted Crown","OrangePellets","Vajra","Strawberry","ClockworkSouvenir","Pen Nib"],"acts_visited":["Exordium","TheCity","TheBeyond","TheEnding"],"potions_floor_usage":[55,55,55],"damage_taken":[{"damage":0.0,"enemies":"Jaw Worm","floor":1.0,"turns":2.0},{"damage":0.0,"enemies":"Cultist","floor":5.0,"turns":2.0},{"damage":8.0,"enemies":"Lagavulin","floor":6.0,"turns":4.0},{"damage":0.0,"enemies":"Gremlin Nob","floor":8.0,"turns":2.0},{"damage":0.0,"enemies":"Small Slimes","floor":10.0,"turns":2.0},{"damage":0.0,"enemies":"Red Slaver","floor":11.0,"turns":2.0},{"damage":0.0,"enemies":"Lots of Slimes","floor":12.0,"turns":2.0},{"damage":7.0,"enemies":"Lagavulin","floor":13.0,"turns":3.0},{"damage":0.0,"enemies":"Exordium Thugs","floor":14.0,"turns":3.0},{"damage":38.0,"enemies":"Hexaghost","floor":16.0,"turns":6.0},{"damage":5.0,"enemies":"3 Byrds","floor":18.0,"turns":3.0},{"damage":0.0,"enemies":"Shell Parasite","floor":19.0,"turns":2.0},{"damage":22.0,"enemies":"Slavers","floor":24.0,"turns":3.0},{"damage":15.0,"enemies":"Book of Stabbing","floor":27.0,"turns":3.0},{"damage":8.0,"enemies":"Snake Plant","floor":29.0,"turns":2.0},{"damage":0.0,"enemies":"3 Cultists","floor":30.0,"turns":3.0},{"damage":2.0,"enemies":"Gremlin Leader","floor":31.0,"turns":2.0},{"damage":39.0,"enemies":"Champ","floor":33.0,"turns":5.0},{"damage":12.0,"enemies":"3 Darklings","floor":35.0,"turns":3.0},{"damage":0.0,"enemies":"3 Shapes","floor":37.0,"turns":3.0},{"damage":28.0,"enemies":"Sphere and 2 Shapes","floor":39.0,"turns":4.0},{"damage":15.0,"enemies":"Nemesis","floor":40.0,"turns":5.0},{"damage":10.0,"enemies":"3 Darklings","floor":42.0,"turns":3.0},{"damage":17.0,"enemies":"Reptomancer","floor":44.0,"turns":3.0},{"damage":1.0,"enemies":"Maw","floor":47.0,"turns":5.0},{"damage":52.0,"enemies":"Awakened One","floor":50.0,"turns":8.0},{"damage":38.0,"enemies":"Shield and Spear","floor":54.0,"turns":3.0},{"damage":91,"enemies":"The Heart","floor":55,"turns":6}],"seed_played":"-8512056372380396544","potions_obtained":[{"floor":1.0,"key":"Weak Potion"},{"floor":6.0,"key":"AttackPotion"},{"floor":11.0,"key":"blueLaboratory:Moonshine"},{"floor":16.0,"key":"blueLaboratory:RecallPotion"},{"floor":18.0,"key":"LiquidMemories"},{"floor":24.0,"key":"PowerPotion"},{"floor":29.0,"key":"Explosive Potion"},{"floor":33.0,"key":"DistilledChaos"},{"floor":40.0,"key":"blueLaboratory:FrostheartPotion"},{"floor":44.0,"key":"blueLaboratory:HorrorPotion"},{"floor":45.0,"key":"BloodPotion"},{"floor":54.0,"key":"blueLaboratory:LouseDecoction"}],"is_trial":false,"path_per_floor":["M","?","$","?","M","E","R","E","T","M","M","M","E","M","R","B",null,"M","M","$","?","?","R","E","R","T","E","$","M","M","E","R","B",null,"M","$","M","?","M","E","R","M","T","E","?","$","M","?","R","B",null,"R","$","E","B"],"character_chosen":"IRONCLAD","items_purchased":["Juzu Bracelet","Madness","PreservedInsect","OrangePellets","ClockworkSouvenir","Limit Break","ColorlessPotion"],"campfire_rested":0,"item_purchase_floors":[3,20,20,36,46,53,53],"current_hp_per_floor":[72,61,61,61,67,79,79,85,85,86,86,86,85,86,86,54,78,85,86,86,86,70,70,60,60,60,57,57,61,73,83,83,56,79,79,79,86,75,59,56,56,58,58,72,72,72,83,83,83,55,84,84,84,70,0,0],"gold":52,"neow_bonus":"RANDOM_COLORLESS_2","is_daily":false,"chose_seed":false,"campfire_upgraded":7,"win_rate":0.0,"timestamp":1610360330,"path_taken":["M","?","$","?","M","E","R","E","T","M","M","M","E","M","R","BOSS","M","M","$","?","?","R","E","R","T","E","?","M","M","E","R","BOSS","M","$","M","?","M","E","R","M","T","E","?","$","M","?","R","BOSS","R","$","E","BOSS"],"items_purchased_type":["Relic","Card","Relic","Relic","Relic","Card","Potion"],"build_version":"2020-12-22","purchased_purges":1,"victory":false,"max_hp_per_floor":[72,72,72,72,72,86,86,86,86,86,86,86,86,86,86,86,86,86,86,86,86,86,86,86,86,86,86,86,86,86,86,86,86,86,86,86,86,86,86,86,86,86,86,93,93,93,93,93,93,93,93,93,93,93,93,93],"card_choices":[{"not_picked":["Secret Technique","Master of Strategy"],"picked":"Panache","floor":0.0},{"not_picked":["Fire Breathing","Flex","Perfected Strike"],"picked":"SKIP","floor":1.0},{"not_picked":["Havoc","Hemokinesis","Thunderclap"],"picked":"SKIP","floor":5.0},{"not_picked":["Power Through","True Grit","Feel No Pain"],"picked":"SKIP","floor":6.0},{"not_picked":["Rage","Anger"],"picked":"Clash","floor":8.0},{"not_picked":["Body Slam","Perfected Strike","Blood for Blood"],"picked":"SKIP","floor":10.0},{"not_picked":["Havoc","Sword Boomerang"],"picked":"Inflame","floor":11.0},{"not_picked":["Havoc","True Grit","Fire Breathing"],"picked":"SKIP","floor":12.0},{"not_picked":["Twin Strike","Disarm","Entrench"],"picked":"SKIP","floor":13.0},{"not_picked":["True Grit","Intimidate","Twin Strike"],"picked":"SKIP","floor":14.0},{"not_picked":["Feed","Impervious"],"picked":"Double Tap","floor":16.0},{"not_picked":["Headbutt","Evolve+1"],"picked":"Rampage","floor":18.0},{"not_picked":["Clash","Heavy Blade","Headbutt"],"picked":"SKIP","floor":19.0},{"not_picked":["Impervious","Wild Strike","Burning Pact+1"],"picked":"SKIP","floor":24.0},{"not_picked":["Evolve","Clash","True Grit","Combust"],"picked":"SKIP","floor":27.0},{"not_picked":["Heavy Blade","Body Slam","Iron Wave","Havoc"],"picked":"SKIP","floor":29.0},{"not_picked":["True Grit","Flex","Heavy Blade","Hemokinesis"],"picked":"SKIP","floor":30.0},{"not_picked":["Hemokinesis+1","Double Tap","Wild Strike+1"],"picked":"Seeing Red","floor":31.0},{"not_picked":["Double Tap","Demon Form","Limit Break"],"picked":"Barricade","floor":33.0},{"not_picked":["Warcry+1"],"picked":"Metallicize","floor":35.0},{"not_picked":["Pummel+1","Clash"],"picked":"SKIP","floor":37.0},{"not_picked":["Anger+1","Heavy Blade"],"picked":"SKIP","floor":39.0},{"not_picked":["Perfected Strike"],"picked":"Shrug It Off+1","floor":40.0},{"not_picked":["Twin Strike"],"picked":"Sword Boomerang","floor":42.0},{"not_picked":["Wild Strike+1","Anger"],"picked":"SKIP","floor":44.0},{"not_picked":["Warcry","Shrug It Off+1"],"picked":"SKIP","floor":47.0},{"not_picked":["Clash","Feed"],"picked":"SKIP","floor":54.0}],"player_experience":24062,"relics_obtained":[{"floor":6.0,"key":"Mango"},{"floor":8.0,"key":"Bronze Scales"},{"floor":9.0,"key":"Mummified Hand"},{"floor":13.0,"key":"Nunchaku"},{"floor":22.0,"key":"Nilry\u0027s Codex"},{"floor":24.0,"key":"Bag of Preparation"},{"floor":26.0,"key":"Question Card"},{"floor":27.0,"key":"Gremlin Horn"},{"floor":31.0,"key":"Meat on the Bone"},{"floor":40.0,"key":"Vajra"},{"floor":44.0,"key":"Strawberry"},{"floor":54.0,"key":"Pen Nib"}],"event_choices":[{"damage_healed":0.0,"max_hp_gain":0.0,"max_hp_loss":0.0,"gold_gain":75.0,"event_name":"World of Goop","player_choice":"Gather Gold","floor":2.0,"gold_loss":0.0,"damage_taken":11.0},{"cards_removed":["Strike_R"],"damage_healed":0.0,"max_hp_gain":0.0,"max_hp_loss":0.0,"gold_gain":0.0,"event_name":"Bonfire Elementals","player_choice":"Offered Basic","floor":4.0,"gold_loss":0.0,"damage_taken":0.0},{"damage_healed":0.0,"max_hp_gain":0.0,"max_hp_loss":0.0,"gold_gain":0.0,"event_name":"The Mausoleum","player_choice":"Opened","floor":21.0,"gold_loss":0.0,"damage_taken":0.0,"relics_obtained":["Centennial Puzzle"],"cards_obtained":["Writhe"]},{"damage_healed":0.0,"max_hp_gain":0.0,"max_hp_loss":0.0,"gold_gain":0.0,"event_name":"Cursed Tome","player_choice":"Obtained Book","floor":22.0,"gold_loss":0.0,"damage_taken":16.0},{"damage_healed":0.0,"max_hp_gain":0.0,"max_hp_loss":0.0,"gold_gain":0.0,"event_name":"Winding Halls","player_choice":"Embrace Madness","floor":38.0,"gold_loss":0.0,"damage_taken":11.0,"cards_obtained":["Madness","Madness"]},{"damage_healed":0.0,"max_hp_gain":0.0,"max_hp_loss":0.0,"gold_gain":0.0,"event_name":"Lab","player_choice":"Got Potions","floor":45.0,"gold_loss":0.0,"damage_taken":0.0},{"damage_healed":0.0,"max_hp_gain":0.0,"max_hp_loss":0.0,"gold_gain":0.0,"event_name":"Upgrade Shrine","player_choice":"Upgraded","floor":48.0,"gold_loss":0.0,"damage_taken":0.0,"cards_upgraded":["Sword Boomerang"]}],"is_beta":false,"boss_relics":[{"not_picked":["Fusion Hammer","Velvet Choker"],"picked":"Black Blood"},{"not_picked":["Calling Bell","Astrolabe"],"picked":"Busted Crown"}],"items_purged_floors":[28],"is_endless":false,"potions_floor_spawned":[1,6,11,16,18,24,29,33,40,42,44,54],"killed_by":"The Heart","ascension_level":5}}