{"host":"bplbr8uekuotory4","time":1610341802,"event":{"mods":["Act Like it!","BaseMod","Custom Start","Gensokyo","GungeonMod","Hermit","KinomotoSakuraMod(木之本樱)","Koishi","Marisa（F雨　魔理沙）","Minty Spire (QoL Compilation)","Prisma Mod","Quick Restart","Reimu（博丽灵梦）","SOS（斯巴达之子）","Spicy Shops","StSLib","TestMod","The Alterego","The Blackbeard","The Cursed","The Marked","The Mystic","The Runesmith","The Saiyan","The Servant 0.9.4","Yuri Mod","[IsaacMod]以撒尖塔","vexMod"],"gold_per_floor":[115,115,38,13,13,48,59,59,86,99,137,137,169,187,187,304,304,320,357,381,105,105,105,160,257,284,284,316,350,350,18,18,153,153,170,170,226,626,273,273,336,361,386,424,459,459,524,556,556,589,589,589,516,585,731],"floor_reached":56,"playtime":2067,"items_purged":["blackbeard:BlackbeardStrike","blackbeard:BlackbeardDefend","blackbeard:BlackbeardStrike","blackbeard:BlackbeardDefend","blackbeard:BlackbeardStrike"],"score":1694,"play_id":"03ebb02b-0044-443a-9e65-688d2b0ed834","local_time":"20210111131002","is_ascension_mode":true,"campfire_choices":[{"data":"blackbeard:InfiniteBarrage","floor":12,"key":"SMITH"},{"data":"blackbeard:IntimidatingStrike","floor":15,"key":"SMITH"},{"data":"blackbeard:FinalBarrage","floor":23,"key":"SMITH"},{"data":"blackbeard:PowerHungry","floor":32,"key":"SMITH"},{"data":"blackbeard:Rum","floor":40,"key":"SMITH"},{"data":"blackbeard:PirateEarring","floor":46,"key":"SMITH"},{"floor":49,"key":"RECALL"},{"floor":52,"key":"REST"}],"circlet_count":0,"master_deck":["blackbeard:BlackbeardStrike","blackbeard:IntimidatingStrike+1","blackbeard:BlackbeardDefend","blackbeard:BlackbeardDefend","blackbeard:Cutlass+1","blackbeard:Lifeboat","blackbeard:InfiniteBarrage+1","blackbeard:BuriedTreasure","blackbeard:PowerHungry+1","blackbeard:FinalBarrage+1","blackbeard:RemoveScurvy","blackbeard:GoldenCannonball","blackbeard:WoodenLeg+1","blackbeard:Intoxication+1","blackbeard:Eyepatch+1","blackbeard:PirateEarring+1","blackbeard:Rum+1","blackbeard:DoubleCannonball+1","blackbeard:Toast+1","blackbeard:TacticalRetreat+1","blackbeard:PiratesWill+1","blackbeard:GoldenDefense+1","blackbeard:CloakAndCannonball+1"],"relics":["blackbeard:LoadTheCannons","HushsDoor","GuppysPaw","testmod-BlackFramedGlasses","DemoMod:LamentConfigurum","UnicornStump","Regal Pillow","testmod-Acrobat","Matryoshka","Gremlin Horn","testmod-CardMagician","BelialBook","DeathBook","testmod-Justice","FaceOfCleric","Happy Flower","Eternal Feather","CrazyTorch:ReiMu","blackbeard:HipFlask","SalivaCoin","SlaversCollar","SatanicBible","SteamSale","Chaos","Oddly Smooth Stone","Bronze Scales","Frozen Egg 2","DemoMod:RingOfEthereal","Fusion Hammer","Membership Card","MyShadow","testmod-Recursion","vexMod:PaidLearning","blackbeard:HipFlask","vexMod:CardConverter"],"acts_visited":["Exordium","TheCity","TheBeyond","TheEnding"],"potions_floor_usage":[6,11,16,55,55],"damage_taken":[{"damage":6,"enemies":"Cultist","floor":1,"turns":3},{"damage":34,"enemies":"Gremlin Nob","floor":6,"turns":5},{"damage":2,"enemies":"Small Slimes","floor":7,"turns":3},{"damage":6,"enemies":"Jaw Worm","floor":10,"turns":2},{"damage":16,"enemies":"3 Sentries","floor":11,"turns":6},{"damage":7,"enemies":"Lagavulin","floor":13,"turns":6},{"damage":0,"enemies":"Large Slime","floor":14,"turns":4},{"damage":0,"enemies":"Slime Boss","floor":16,"turns":4},{"damage":0,"enemies":"3 Byrds","floor":18,"turns":1},{"damage":0,"enemies":"Spheric Guardian","floor":19,"turns":3},{"damage":0,"enemies":"Chosen and Byrds","floor":20,"turns":3},{"damage":36,"enemies":"Slavers","floor":24,"turns":4},{"damage":10,"enemies":"Shelled Parasite and Fungi","floor":28,"turns":4},{"damage":27,"enemies":"Book of Stabbing","floor":29,"turns":4},{"damage":0,"enemies":"Collector","floor":33,"turns":5},{"damage":0,"enemies":"Orb Walker","floor":35,"turns":2},{"damage":8,"enemies":"3 Darklings","floor":37,"turns":3},{"damage":0,"enemies":"Reptomancer","floor":41,"turns":4},{"damage":0,"enemies":"Sphere and 2 Shapes","floor":42,"turns":3},{"damage":0,"enemies":"4 Shapes","floor":44,"turns":2},{"damage":0,"enemies":"Spire Growth","floor":45,"turns":3},{"damage":0,"enemies":"Giant Head","floor":47,"turns":5},{"damage":0,"enemies":"Transient","floor":48,"turns":5},{"damage":9,"enemies":"Time Eater","floor":50,"turns":7},{"damage":0,"enemies":"Shield and Spear","floor":54,"turns":3},{"damage":8,"enemies":"The Heart","floor":55,"turns":3}],"seed_played":"-8797865119571558282","potions_obtained":[{"floor":1,"key":"blackbeard:OrangeJuicePotion"},{"floor":6,"key":"testmod-TestPotion"},{"floor":11,"key":"DuplicationPotion"},{"floor":14,"key":"DemoMod:LeadSkinPotion"},{"floor":24,"key":"ZuzhouPotion:ReiMu"},{"floor":28,"key":"ZuzhouPotion:ReiMu"},{"floor":54,"key":"Strength Potion"}],"is_trial":false,"path_per_floor":["M","?","$","?","?","E","M","?","T","M","E","R","E","M","R","B",null,"M","M","M","$","?","R","E","?","T","?","M","E","?","$","R","B",null,"M","?","M","?","$","R","E","M","T","M","M","R","E","M","R","B",null,"R","$","E","B",null],"character_chosen":"BLACKBEARD_CLASS","items_purchased":["DemoMod:LamentConfigurum","BelialBook","DeathBook","blackbeard:FinalBarrage","testmod-Justice","blackbeard:GoldenCannonball","blackbeard:HipFlask","SalivaCoin","blackbeard:PirateEarring","SatanicBible","blackbeard:Rum","blackbeard:DoubleCannonball","SteamSale","Chaos","Oddly Smooth Stone","Membership Card","MyShadow","testmod-Recursion","vexMod:PaidLearning","Diplopia"],"campfire_rested":1,"item_purchase_floors":[3,17,17,17,21,21,31,31,31,34,34,34,39,39,39,53,53,53,53,53],"current_hp_per_floor":[65,65,65,65,65,44,45,134,134,130,120,120,119,123,123,127,149,149,149,149,149,149,149,122,107,107,107,107,90,90,90,102,113,130,131,131,126,126,126,132,133,134,134,135,136,136,137,138,138,133,139,139,139,140,133],"gold":731,"neow_bonus":"TWENTY_PERCENT_HP_BONUS","is_daily":false,"chose_seed":false,"campfire_upgraded":6,"win_rate":0.0,"timestamp":1610341802,"path_taken":["M","?","$","?","?","E","?","?","T","M","E","R","E","M","R","BOSS","M","?","M","$","?","R","E","?","T","?","M","E","?","$","R","BOSS","M","?","M","?","$","R","E","M","T","?","M","R","E","M","R","BOSS","R","$","E","BOSS"],"items_purchased_type":["Relic","Relic","Relic","Card","Relic","Card","Relic","Relic","Card","Relic","Card","Card","Relic","Card","Relic","Relic","Relic","Relic","Relic","Relic"],"build_version":"2020-12-22","purchased_purges":5,"victory":true,"max_hp_per_floor":[89,89,89,89,89,89,89,178,178,178,178,178,178,178,178,178,149,149,149,149,149,149,149,150,150,150,150,151,152,152,152,152,153,130,131,131,132,132,132,132,133,134,134,135,136,136,137,138,138,139,139,139,139,140,141],"card_choices":[{"not_picked":["blackbeard:TacticalRetreat","blackbeard:BeatUp"],"picked":"blackbeard:PowderKeg","floor":1},{"not_picked":["blackbeard:Sharpening","blackbeard:SmithingHammer"],"picked":"blackbeard:Lifeboat","floor":6},{"not_picked":["blackbeard:Fencing","blackbeard:SmithingHammer","blackbeard:CloakAndCannonball"],"picked":"SKIP","floor":7},{"not_picked":["blackbeard:SwordDance","blackbeard:PirateHook"],"picked":"blackbeard:InfiniteBarrage","floor":10},{"not_picked":["blackbeard:DeadlyArsenal","blackbeard:Recklessness","blackbeard:VengefulSpirit"],"picked":"SKIP","floor":11},{"not_picked":["blackbeard:FinalBarrage","blackbeard:Bandana"],"picked":"Bomb","floor":13},{"not_picked":["blackbeard:CannonballSupply","blackbeard:GoldenStrike"],"picked":"blackbeard:BuriedTreasure","floor":14},{"not_picked":["blackbeard:Salvager","blackbeard:Murder"],"picked":"blackbeard:PowerHungry","floor":16},{"not_picked":["blackbeard:Shrapnel","blackbeard:GoldenStrike+1","blackbeard:WoodenLeg+1"],"picked":"SKIP","floor":18},{"not_picked":["blackbeard:WiseDefense","blackbeard:Dagger"],"picked":"blackbeard:RemoveScurvy","floor":19},{"not_picked":["blackbeard:Revenge","blackbeard:Spear+1","blackbeard:Bandana"],"picked":"SKIP","floor":20},{"not_picked":["blackbeard:DeadlyArsenal","blackbeard:SmithingHammer","blackbeard:WoodenLeg+1"],"picked":"SKIP","floor":24},{"not_picked":["blackbeard:DeadlyArsenal","blackbeard:SmithingHammer"],"picked":"blackbeard:WoodenLeg+1","floor":24},{"not_picked":["blackbeard:Dagger","blackbeard:CannonBarrage"],"picked":"blackbeard:Eyepatch+1","floor":28},{"not_picked":["blackbeard:Lifeboat","blackbeard:Sword+1","blackbeard:CloakAndCannonball"],"picked":"SKIP","floor":29},{"not_picked":["blackbeard:FishingNets","blackbeard:GoldenStrike+1"],"picked":"blackbeard:Toast+1","floor":35},{"not_picked":["blackbeard:Fencing+1","blackbeard:CannonBarrage+1"],"picked":"blackbeard:TacticalRetreat+1","floor":37},{"not_picked":["blackbeard:Fencing+1","blackbeard:Sharpening","blackbeard:DangerousBlow+1"],"picked":"SKIP","floor":41},{"not_picked":["blackbeard:BlindAttacks","blackbeard:TheDrunkenSailor"],"picked":"blackbeard:PiratesWill+1","floor":42},{"not_picked":["blackbeard:Spear+1","blackbeard:FishingNets+1","blackbeard:BeatUp"],"picked":"SKIP","floor":44},{"not_picked":["blackbeard:CannonBarrage+1","blackbeard:WiseDefense"],"picked":"blackbeard:GoldenDefense+1","floor":45},{"not_picked":["blackbeard:Spear","blackbeard:WiseDefense"],"picked":"blackbeard:CloakAndCannonball+1","floor":47},{"not_picked":["blackbeard:WeaponProficiency+1","blackbeard:CloakAndCannonball+1","blackbeard:Parrot+1"],"picked":"SKIP","floor":48},{"not_picked":["blackbeard:SwordDance+1","blackbeard:CannonBarrage","blackbeard:Fencing"],"picked":"SKIP","floor":54}],"player_experience":1186772,"relics_obtained":[{"floor":6,"key":"Regal Pillow"},{"floor":9,"key":"testmod-Acrobat"},{"floor":11,"key":"Matryoshka"},{"floor":13,"key":"Gremlin Horn"},{"floor":24,"key":"Happy Flower"},{"floor":26,"key":"Eternal Feather"},{"floor":29,"key":"CrazyTorch:ReiMu"},{"floor":41,"key":"Bronze Scales"},{"floor":43,"key":"Frozen Egg 2"},{"floor":43,"key":"DemoMod:RingOfEthereal"},{"floor":47,"key":"Fusion Hammer"},{"floor":54,"key":"vexMod:CardConverter"}],"event_choices":[{"damage_healed":0,"gold_gain":0,"player_choice":"Grow","damage_taken":0,"max_hp_gain":0,"max_hp_loss":0,"event_name":"Living Wall","floor":2,"gold_loss":0,"cards_upgraded":["blackbeard:Cutlass"]},{"damage_healed":0,"gold_gain":0,"player_choice":"Ignored","damage_taken":0,"max_hp_gain":0,"max_hp_loss":0,"event_name":"blackbeard:GoldsmithEvent","floor":5,"gold_loss":0},{"damage_healed":0,"gold_gain":0,"player_choice":"Swap Relic","damage_taken":0,"relics_obtained":["testmod-HarvestTotem"],"max_hp_gain":0,"max_hp_loss":0,"event_name":"给自己的盒子","floor":8,"relics_lost":["testmod-HarvestTotem"],"gold_loss":0},{"damage_healed":0,"gold_gain":0,"player_choice":"Trade","damage_taken":0,"relics_obtained":["FaceOfCleric"],"max_hp_gain":0,"max_hp_loss":0,"event_name":"FaceTrader","floor":22,"gold_loss":0},{"damage_healed":0,"gold_gain":0,"player_choice":"1 cards matched","damage_taken":0,"max_hp_gain":0,"max_hp_loss":0,"event_name":"Match and Keep!","floor":27,"gold_loss":0,"cards_obtained":["blackbeard:Intoxication"]},{"damage_healed":0,"gold_gain":0,"player_choice":"Ignored","damage_taken":0,"max_hp_gain":0,"max_hp_loss":0,"event_name":"Ghosts","floor":30,"gold_loss":0},{"cards_removed":["blackbeard:PowderKeg"],"damage_healed":0,"gold_gain":0,"player_choice":"Removed Skill","damage_taken":0,"max_hp_gain":0,"max_hp_loss":0,"event_name":"Falling","floor":36,"gold_loss":0},{"damage_healed":0,"gold_gain":400,"player_choice":"Sell","damage_taken":0,"max_hp_gain":0,"max_hp_loss":0,"event_name":"恩洛斯的盘子","floor":38,"relics_lost":["testmod-TestBox"],"gold_loss":0}],"is_beta":false,"boss_relics":[{"not_picked":["testmod-Nine","Cursed Key"],"picked":"testmod-CardMagician"},{"not_picked":[]},{"not_picked":["vexMod:BigBerry","Runic Dome"],"picked":"SlaversCollar"},{"not_picked":[]}],"items_purged_floors":[17,21,34,39,53],"is_endless":false,"potions_floor_spawned":[1,6,11,14,24,28,35,45,54],"ascension_level":1}}