{"host":"knduvrfsmt572yyo","time":1610376942,"event":{"mods":["BaseMod","Bestiary","Better Skull","Better Third Choice","Colored Powertips","Minty Spire (QoL Compilation)","Puzzle Mod","Spicy Shops","StSLib","Thieving Mod"],"gold_per_floor":[112,287,306,321,332,332,332,332,332],"floor_reached":8,"playtime":427,"items_purged":[],"score":40,"play_id":"b2bf3512-21cc-433d-b5fd-7f24e6682dd3","local_time":"20210111175542","is_ascension_mode":false,"campfire_choices":[{"data":"Anger","floor":6,"key":"SMITH"}],"circlet_count":0,"master_deck":["Strike_R","Strike_R","Strike_R","Strike_R","Strike_R","Defend_R","Defend_R","Defend_R","Defend_R","Bash","Ghostly Armor","Doubt","Wild Strike","Anger+1","Clash","Regret"],"relics":["Burning Blood","Shuriken"],"acts_visited":["Exordium"],"potions_floor_usage":[],"damage_taken":[{"damage":8,"enemies":"Small Slimes","floor":1,"turns":3},{"damage":11,"enemies":"2 Louse","floor":3,"turns":3},{"damage":12,"enemies":"Jaw Worm","floor":4,"turns":5},{"damage":10,"enemies":"Looter","floor":5,"turns":3},{"damage":18,"enemies":"3 Sentries","floor":8,"turns":4}],"seed_played":"-4385971343206254859","potions_obtained":[{"floor":1,"key":"PowerPotion"},{"floor":4,"key":"ElixirPotion"},{"floor":5,"key":"PowerPotion"}],"is_trial":false,"path_per_floor":["M","?","M","M","M","R","?","E"],"character_chosen":"IRONCLAD","items_purchased":[],"campfire_rested":0,"item_purchase_floors":[],"current_hp_per_floor":[86,86,81,75,71,71,71,53,53],"gold":332,"neow_bonus":"TEN_PERCENT_HP_BONUS","is_daily":false,"chose_seed":false,"campfire_upgraded":1,"win_rate":0.0,"timestamp":1610376942,"path_taken":["M","?","M","M","M","R","?","E"],"items_purchased_type":[],"build_version":"2020-12-22","purchased_purges":0,"victory":false,"max_hp_per_floor":[88,88,88,88,88,88,88,88,88],"card_choices":[{"not_picked":["Whirlwind","Intimidate"],"picked":"Ghostly Armor","floor":1},{"not_picked":["Dark Embrace","True Grit"],"picked":"Wild Strike","floor":3},{"not_picked":["Headbutt","Pommel Strike"],"picked":"Anger","floor":4},{"not_picked":["Havoc","Pummel"],"picked":"Clash","floor":5}],"player_experience":303334,"relics_obtained":[],"event_choices":[{"damage_healed":0,"gold_gain":175,"player_choice":"AGREE","damage_taken":112,"max_hp_gain":0,"max_hp_loss":0,"event_name":"betterThird:BetterSerpent","floor":2,"gold_loss":0},{"damage_healed":0,"gold_gain":0,"player_choice":"Box","damage_taken":0,"relics_obtained":["Shuriken"],"max_hp_gain":0,"max_hp_loss":0,"event_name":"Big Fish","floor":7,"gold_loss":0,"cards_obtained":["Regret"]}],"is_beta":false,"boss_relics":[],"items_purged_floors":[],"is_endless":false,"potions_floor_spawned":[1,4,5],"killed_by":"3 Sentries","ascension_level":0}}