{"host":"byizzf0lry06owoh","time":1610348674,"event":{"mods":["Act Like it!","Aspiration","BaseMod","BetterRewards","Card Forge","Conspire","Downfall","Friendly Minions","GifTheSpireLib","Hallownest","Hubris","Infinite Spire","Minty Spire (QoL Compilation)","Relic Sorter","Replay The Spire","StSLib","Wandering Minibosses"],"gold_per_floor":[114,114,114,114,114,114,126,153,153,173,200,200,200,218,218,236,236],"floor_reached":16,"playtime":2596,"items_purged":[],"score":125,"play_id":"e16b0289-2954-4350-9dd6-c93e16309a89","local_time":"20210110230434","is_ascension_mode":false,"campfire_choices":[{"data":"ReplayTheSpireMod:Strike From Hell","floor":6,"key":"SMITH"},{"data":"hubris:ReadiedAction","floor":13,"key":"SMITH"},{"data":"Terror","floor":15,"key":"SMITH"}],"circlet_count":0,"master_deck":["Strike_R","Strike_R","Strike_R","ReplayTheSpireMod:Strike From Hell+1","Second Wind","Cleave","Rupture","hubris:ReadiedAction+1","Bloodletting","Acrobatics","Burst","Terror+1","Iron Wave"],"relics":["Burning Blood","Seething Fire","Hammer of Thor","Anvil of the Gods","NeowsBlessing","hubris:Icosahedron","infinitespire:Midas Blood"],"acts_visited":["Exordium"],"potions_floor_usage":[16,16,16],"damage_taken":[{"damage":0,"enemies":"2 Louse","floor":1,"turns":1},{"damage":0,"enemies":"conspire:RoseBush","floor":7,"turns":1},{"damage":0,"enemies":"3 Sentries","floor":8,"turns":2},{"damage":5,"enemies":"Cultist","floor":10,"turns":7},{"damage":25,"enemies":"Large Slime","floor":11,"turns":11},{"damage":13,"enemies":"Looter","floor":14,"turns":2},{"damage":70,"enemies":"Fading Forest","floor":16,"turns":7}],"seed_played":"7922617340111531224","potions_obtained":[{"floor":7,"key":"EssenceOfSteel"},{"floor":11,"key":"Ancient Potion"},{"floor":14,"key":"Weak Potion"}],"is_trial":false,"path_per_floor":["M","?","?","?","?","R","M","E","T","M","M","?","R","M","R","B"],"character_chosen":"IRONCLAD","items_purchased":[],"campfire_rested":0,"item_purchase_floors":[],"current_hp_per_floor":[80,85,85,85,85,85,85,85,85,85,66,66,66,59,59,0,0],"gold":236,"neow_bonus":"THREE_ENEMY_KILL","is_daily":false,"chose_seed":false,"campfire_upgraded":3,"win_rate":0.0,"timestamp":1610348674,"path_taken":["M","?","?","?","?","R","M","E","T","M","?","?","R","M","R","BOSS"],"items_purchased_type":[],"build_version":"2020-12-22","purchased_purges":0,"victory":false,"max_hp_per_floor":[80,85,85,85,85,85,85,85,85,85,85,85,85,85,85,85,85],"card_choices":[{"not_picked":["Pommel Strike","Fire Breathing"],"picked":"ReplayTheSpireMod:Strike From Hell","floor":1},{"not_picked":["Run Through","Clothesline"],"picked":"Cleave","floor":7},{"not_picked":["Heavy Blade","conspire:Charge"],"picked":"Rupture","floor":8},{"not_picked":["Thunderclap","Feel No Pain"],"picked":"hubris:ReadiedAction","floor":10},{"not_picked":["Clash","Run Through"],"picked":"Bloodletting","floor":11},{"not_picked":["Heavy Blade","Replay:Undeath\u0027s Touch"],"picked":"Iron Wave","floor":14}],"player_experience":58578,"relics_obtained":[{"floor":8,"key":"infinitespire:Midas Blood"}],"event_choices":[{"damage_healed":0,"gold_gain":0,"player_choice":"Donut","damage_taken":0,"max_hp_gain":5,"max_hp_loss":0,"event_name":"Big Fish","floor":2,"gold_loss":0},{"damage_healed":0,"gold_gain":0,"player_choice":"Leave","damage_taken":0,"max_hp_gain":0,"max_hp_loss":0,"event_name":"conspire:Investor","floor":4,"gold_loss":0},{"damage_healed":0,"gold_gain":0,"cards_transformed":["Defend_R"],"player_choice":"Transformed","damage_taken":0,"max_hp_gain":0,"max_hp_loss":0,"event_name":"Transmorgrifier","floor":5,"gold_loss":0,"cards_obtained":["Second Wind"]}],"is_beta":false,"boss_relics":[],"items_purged_floors":[],"is_endless":false,"potions_floor_spawned":[7,11,14],"killed_by":"Fading Forest","ascension_level":0}}