{"host":"qfrmffs8rw9cf08l","time":1610378143,"event":{"mods":["AchievementEnabler","Act Like it!","BaseMod","Better Match","Better Note","Better Sensory Stone","Better Skull","Better Third Choice","BetterRewards","Gensokyo","MarisaÅiñ∂âJÅ@ñÇóùçπÅj","Minty Spire (QoL Compilation)","Permanent Neow","Relic Filter","StSLib"],"gold_per_floor":[115,128,128,146,146,71,102,121,147,147,147,166,193,42,42,147,147,166,184,194,119,119,153,153,184,184,184,213,463,476,508,508,606,606,619,639,653,653,672,706,706,740,767,836,847,374,399,399,399,399,399,399,8,36,36],"floor_reached":56,"playtime":9489,"items_purged":["Strike_MRS","NonDirectionalLaser+1"],"score":2315,"play_id":"1b85809c-92be-4fdf-afff-cdb391fdd715","local_time":"20210111231543","is_ascension_mode":true,"campfire_choices":[{"data":"MagicChant","floor":11.0,"key":"SMITH"},{"data":"OneTimeOff","floor":15.0,"key":"SMITH"},{"data":"OneTimeOff","floor":24.0,"key":"SMITH"},{"data":"CollectingQuirk","floor":32.0,"key":"SMITH"},{"data":"EarthLightRay","floor":41.0,"key":"SMITH"},{"floor":49,"key":"RECALL"},{"data":"Gensokyo:SlitMouthedWoman","floor":52,"key":"SMITH"}],"circlet_count":0,"master_deck":["Defend_MRS","Defend_MRS","UpSweep","MagicChant+1","OneTimeOff+1","MilkyWay","ChargeUpSpray","OneTimeOff+1","OrrerysSun","EventHorizon","MillisecondPulsars+1","BlazingStar+1","BinaryStars+1","AsteroidBelt","EnergyFlow","GalacticHalo","AlicesGift+1","EarthLightRay+1","CollectingQuirk+1","Acceleration+1","EnergyRecoil","AsteroidBelt+1","EnergyFlow+1","ShootingEcho+1","UltimateShortwave+1","CollectingQuirk+1","Gensokyo:SlitMouthedWoman+1","MagicAbsorber+1","PulseMagic","OortCloud","SporeBomb","AsteroidBelt+1","DarkMatter+1","ChargingUp+1","OortCloud+1","Parasite","Parasite","ChargingUp"],"relics":["MiniHakkero","ClockworkSouvenir","Thread and Needle","Regal Pillow","Ice Cream","HandmadeGrimoire","HandDrill","Mango","Happy Flower","Prayer Wheel","Dream Catcher","Pantograph","Medical Kit","Sozu","Matryoshka","Tiny Chest","Bottled Tornado","Blue Candle","Mango","Kunai","SlaversCollar","Bag of Preparation","HornCleat","Mercury Hourglass","Ornamental Fan","White Beast Statue","Empty Cage","ShroomBag","MagicBroom","SimpleLauncher","Whetstone"],"acts_visited":["Exordium","Gensokyo:Gensokyo","Gensokyo:Gensokyoer","TheEnding"],"potions_floor_usage":[55],"damage_taken":[{"damage":1.0,"enemies":"Gensokyo:2_Kodama","floor":1.0,"turns":4.0},{"damage":2.0,"enemies":"Gensokyo:Gryphon","floor":2.0,"turns":4.0},{"damage":0.0,"enemies":"Gensokyo:Python","floor":4.0,"turns":4.0},{"damage":0.0,"enemies":"Gensokyo:Mamizou","floor":7.0,"turns":3.0},{"damage":0.0,"enemies":"Gensokyo:5_Fairies","floor":8.0,"turns":6.0},{"damage":0.0,"enemies":"Gensokyo:Kitsune","floor":12.0,"turns":3.0},{"damage":0.0,"enemies":"Gensokyo:Aya","floor":13.0,"turns":3.0},{"damage":0.0,"enemies":"Gensokyo:Kokoro","floor":16.0,"turns":5.0},{"damage":0.0,"enemies":"Gensokyo:CosmicMonolith","floor":18.0,"turns":3.0},{"damage":0.0,"enemies":"Gensokyo:Chomper","floor":19.0,"turns":3.0},{"damage":2.0,"enemies":"Gensokyo:Wraith","floor":20.0,"turns":4.0},{"damage":0.0,"enemies":"Gensokyo:Koishi","floor":23.0,"turns":5.0},{"damage":4.0,"enemies":"Gensokyo:Tenshi","floor":25.0,"turns":2.0},{"damage":0.0,"enemies":"Gensokyo:Reisen","floor":28.0,"turns":3.0},{"damage":15.0,"enemies":"Gensokyo:Slime_Group","floor":30.0,"turns":3.0},{"damage":0.0,"enemies":"Gensokyo:Koishi","floor":31.0,"turns":4.0},{"damage":0.0,"enemies":"Gensokyo:Eiki","floor":33.0,"turns":5.0},{"damage":0.0,"enemies":"Gensokyo:AncientGuardian","floor":35.0,"turns":2.0},{"damage":2.0,"enemies":"Gensokyo:3_Boulders","floor":36.0,"turns":3.0},{"damage":3.0,"enemies":"Gensokyo:Dusk_and_Dawn","floor":37.0,"turns":3.0},{"damage":0.0,"enemies":"Gensokyo:SeedOfUnknown","floor":39.0,"turns":2.0},{"damage":10.0,"enemies":"Gensokyo:Doremy","floor":40.0,"turns":3.0},{"damage":0.0,"enemies":"Gensokyo:Marisa","floor":42.0,"turns":3.0},{"damage":0.0,"enemies":"Gensokyo:Sharpion","floor":45.0,"turns":2.0},{"damage":2.0,"enemies":"Gensokyo:Doremy","floor":47.0,"turns":3.0},{"damage":2,"enemies":"Gensokyo:Scarlet_Devils","floor":50,"turns":3},{"damage":11,"enemies":"Shield and Spear","floor":54,"turns":2},{"damage":11,"enemies":"The Heart","floor":55,"turns":4}],"seed_played":"-4161445920762362211","potions_obtained":[{"floor":2.0,"key":"Strength Potion"},{"floor":7.0,"key":"Fire Potion"},{"floor":13.0,"key":"SteroidPotion"},{"floor":16.0,"key":"LiquidMemories"}],"is_trial":false,"path_per_floor":["M","M","?","M","?","?","E","M","T","COS","R","M","E","$","R","B",null,"M","M","M","?","?","E","R","E","T","?","E","?","M","E","R","B",null,"M","M","M","?","M","E","R","E","T","T","M","$","E","?","R","B",null,"R","$","E","B",null],"character_chosen":"MARISA","items_purchased":["ClockworkSouvenir","Thread and Needle","Regal Pillow","MagicChant","Ice Cream","HandmadeGrimoire","OneTimeOff","MilkyWay","ChargeUpSpray","HandDrill","Medical Kit","Empty Cage","ShroomBag","SimpleLauncher"],"campfire_rested":0,"item_purchase_floors":[0,0,0,0,0,0,0,0,0,0,14,46,46,53],"current_hp_per_floor":[74,72,65,65,65,65,65,65,65,65,65,65,65,65,65,89,89,89,89,87,87,81,81,81,77,77,77,91,90,75,75,75,90,90,90,88,85,52,56,52,52,58,58,58,64,64,72,72,72,89,90,90,90,81,81],"gold":36,"neow_bonus":"","is_daily":false,"chose_seed":false,"campfire_upgraded":6,"win_rate":0.0,"timestamp":1610378143,"path_taken":["M","M","?","M","?","?","E","M","T","COS","R","M","E","$","R","BOSS","M","M","M","?","?","E","R","E","T","?","E","?","M","E","R","BOSS","M","M","M","?","M","E","R","E","T","?","?","$","E","?","R","BOSS","R","$","E","BOSS"],"items_purchased_type":["Relic","Relic","Relic","Card","Relic","Relic","Card","Card","Card","Relic","Relic","Relic","Relic","Relic"],"build_version":"2020-12-22","purchased_purges":2,"victory":true,"max_hp_per_floor":[75,75,89,89,89,89,89,89,89,89,89,89,89,89,89,89,89,89,89,89,89,81,81,81,81,81,81,95,90,90,90,90,90,90,90,90,90,90,90,90,90,90,90,90,90,90,90,90,90,90,90,90,90,90,90],"card_choices":[{"not_picked":["Acceleration","IllusionStar"],"picked":"OrrerysSun","floor":1.0},{"not_picked":["6A","Orbital"],"picked":"EventHorizon","floor":2.0},{"not_picked":["LuminesStrike","SuperPerseids"],"picked":"NonDirectionalLaser","floor":4.0},{"not_picked":["ManaRampage+1","MaximisePower+1"],"picked":"MillisecondPulsars+1","floor":6.0},{"not_picked":["FinalSpark+1","StarDustReverie+1"],"picked":"BlazingStar+1","floor":6.0},{"not_picked":["MaximisePower+1","JA+1"],"picked":"BinaryStars+1","floor":6.0},{"not_picked":["DC","GrandCross"],"picked":"AsteroidBelt","floor":7.0},{"not_picked":["ShootingEcho","ChargingUp"],"picked":"EnergyFlow","floor":8.0},{"not_picked":["StarBarrage","6A"],"picked":"GalacticHalo","floor":8.0},{"not_picked":["6A","NonDirectionalLaser"],"picked":"AlicesGift","floor":12.0},{"not_picked":["StarlightTyphoon","6A","OpenUniverse"],"picked":"SKIP","floor":12.0},{"not_picked":["Robbery","Singularity"],"picked":"EarthLightRay","floor":13.0},{"not_picked":["BigCrunch","ManaRampage"],"picked":"CollectingQuirk","floor":16.0},{"not_picked":["MysteriousBeam+1","PowerUp"],"picked":"Acceleration+1","floor":18.0},{"not_picked":["Orbital","RefractionSpark"],"picked":"EnergyRecoil","floor":18.0},{"not_picked":["EnergyFlow","MysteriousBeam"],"picked":"AsteroidBelt+1","floor":19.0},{"not_picked":["ShootingEcho","PowerUp"],"picked":"EnergyFlow+1","floor":19.0},{"not_picked":["UnstableBomb","LuminesStrike"],"picked":"ShootingEcho","floor":20.0},{"not_picked":["GrandCross","AsteroidBelt","IllusionStar"],"picked":"SKIP","floor":20.0},{"not_picked":["GrandCross","AsteroidBelt","IllusionStar"],"picked":"SKIP","floor":20.0},{"not_picked":["CollectingQuirk+1","AbsoluteMagnitude+1"],"picked":"UltimateShortwave+1","floor":21.0},{"not_picked":["CasketOfStar+1","BigCrunch+1"],"picked":"CollectingQuirk+1","floor":21.0},{"not_picked":["Gensokyo:MenInBlack","Gensokyo:RedCapeBlueCape"],"picked":"Gensokyo:SlitMouthedWoman","floor":22.0},{"not_picked":["EventHorizon","StarDustReverie"],"picked":"MagicAbsorber+1","floor":23.0},{"not_picked":["MilkyWay","Orbital"],"picked":"PulseMagic","floor":25.0},{"not_picked":["StarDustReverie","SuperPerseids","ManaConvection"],"picked":"SKIP","floor":28.0},{"not_picked":["DC+1","PowerUp"],"picked":"SporeBomb","floor":30.0},{"not_picked":["GrandCross","MachineGunSpark+1","WitchLeyline"],"picked":"SKIP","floor":30.0},{"not_picked":["GrandCross","MysteriousBeam"],"picked":"AsteroidBelt+1","floor":31.0},{"not_picked":["GasGiant","EventHorizon+1"],"picked":"DarkMatter+1","floor":35.0},{"not_picked":["SporeBomb+1","ShootingEcho+1","UnstableBomb+1"],"picked":"SKIP","floor":35.0},{"not_picked":["OpenUniverse","DC+1","GrandCross+1"],"picked":"SKIP","floor":36.0},{"not_picked":["DC","SporeBomb+1","PowerUp"],"picked":"SKIP","floor":36.0},{"not_picked":["DarkSpark+1","BlazeAway","RefractionSpark"],"picked":"SKIP","floor":37.0},{"not_picked":["WitchOfGreed","SporeBomb+1","NonDirectionalLaser+1"],"picked":"SKIP","floor":37.0},{"not_picked":["6A+1","Acceleration"],"picked":"ChargingUp+1","floor":39.0},{"not_picked":["IllusionStar","WitchOfGreed+1","DC+1"],"picked":"SKIP","floor":39.0},{"not_picked":["GrandCross+1","MeteoricShower","Acceleration"],"picked":"SKIP","floor":40.0},{"not_picked":["MagicChant","GrandCross+1"],"picked":"OortCloud+1","floor":42.0},{"not_picked":["UnstableBomb","MeteoricShower+1","WitchLeyline"],"picked":"SKIP","floor":45.0},{"not_picked":["DarkSpark","NonDirectionalLaser+1","BigCrunch"],"picked":"SKIP","floor":45.0},{"not_picked":["DC+1","MillisecondPulsars"],"picked":"ChargingUp","floor":47.0},{"not_picked":["GrandCross+1","Occultation","WitchLeyline+1"],"picked":"SKIP","floor":54}],"player_experience":229414,"relics_obtained":[{"floor":7.0,"key":"Prayer Wheel"},{"floor":9.0,"key":"Dream Catcher"},{"floor":13.0,"key":"Pantograph"},{"floor":23.0,"key":"Matryoshka"},{"floor":25.0,"key":"Tiny Chest"},{"floor":26.0,"key":"Bottled Tornado"},{"floor":26.0,"key":"Blue Candle"},{"floor":28.0,"key":"Mango"},{"floor":31.0,"key":"Kunai"},{"floor":40.0,"key":"HornCleat"},{"floor":42.0,"key":"Mercury Hourglass"},{"floor":43.0,"key":"Ornamental Fan"},{"floor":44.0,"key":"White Beast Statue"},{"floor":47.0,"key":"MagicBroom"},{"floor":54,"key":"Whetstone"}],"event_choices":[{"damage_healed":0.0,"max_hp_gain":0.0,"max_hp_loss":0.0,"gold_gain":0.0,"event_name":"betterMatch:BetterMatch","player_choice":"3","floor":6.0,"gold_loss":0.0,"damage_taken":0.0,"cards_obtained":["betterMatch:RareCard"]},{"damage_healed":0.0,"max_hp_gain":0.0,"max_hp_loss":0.0,"gold_gain":0.0,"event_name":"betterMatch:BetterMatch","player_choice":"3","floor":21.0,"gold_loss":0.0,"damage_taken":0.0,"cards_obtained":["betterMatch:RareCard"]},{"damage_healed":0.0,"max_hp_gain":0.0,"max_hp_loss":0.0,"gold_gain":0.0,"event_name":"betterSkull:BetterSkull","player_choice":"UP RE ","floor":38.0,"gold_loss":0.0,"damage_taken":37.0,"cards_upgraded":["NonDirectionalLaser"],"relics_obtained":["Bag of Preparation"]}],"is_beta":false,"boss_relics":[{"not_picked":["Snecko Eye","Fusion Hammer"],"picked":"Sozu"},{"not_picked":["Busted Crown","Tiny House"],"picked":"SlaversCollar"}],"items_purged_floors":[46,53],"is_endless":false,"potions_floor_spawned":[2,7,13,16,20,28,30,33,39,40,45,47,54],"ascension_level":4}}