{"host":"cjhtzh7tp54jdfyv","time":1610379968,"event":{"mods":["AchievementEnabler","BaseMod","Colored Map","Colored Powertips","Curses Come First","DeckTracker","Filter the Spire","Minty Spire (QoL Compilation)","RNG Fix","Relic Sorter","Relic Stats","StSLib","UnlockEverythingMod","ojb\u0027s Better Paths Mod","ojb\u0027s Info Mod"],"gold_per_floor":[109,125,139,64,79,79,114,114,137,171,171,171,214,214,214,303,303,321,142,161,177,191,191,209,245,245,245,280,294,419,453,453,547,547,560,610,325,346,364,364,395,431,431,431,495,520,559,573,573,573,573,573,573,60,101,101],"floor_reached":57,"playtime":4904,"items_purged":["SpiritShield","Perseverance","EmptyFist+1","Eruption+1"],"score":3605,"play_id":"769fe414-8dff-4305-bbed-b5bf2e0ddce7","local_time":"20210111104608","is_ascension_mode":true,"campfire_choices":[{"data":"Eruption","floor":6.0,"key":"SMITH"},{"data":"ForeignInfluence","floor":8.0,"key":"SMITH"},{"data":"CutThroughFate","floor":11.0,"key":"SMITH"},{"data":"Judgement","floor":15.0,"key":"PURGE"},{"data":"DeceiveReality","floor":23.0,"key":"PURGE"},{"data":"Evaluate+1","floor":27.0,"key":"PURGE"},{"data":"ForeignInfluence+1","floor":32.0,"key":"PURGE"},{"data":"Vigilance+1","floor":40,"key":"PURGE"},{"data":"FlurryOfBlows+1","floor":44,"key":"PURGE"},{"floor":49,"key":"RECALL"},{"data":"LessonLearned+1","floor":53,"key":"PURGE"}],"circlet_count":0,"master_deck":["AscendersBane","FearNoEvil+1","CutThroughFate+1","Sanctity+1","InnerPeace+1","TalkToTheHand+1","MentalFortress+1","Adaptation+1","Tantrum+1","Scrawl+1"],"relics":["Pandora\u0027s Box","Calipers","Vajra","Ancient Tea Set","Golden Idol","Peace Pipe","VioletLotus","Bag of Marbles","InkBottle","Bag of Preparation","Prayer Wheel","StrikeDummy","Pear","Philosopher\u0027s Stone","Medical Kit","Bird Faced Urn","Toy Ornithopter","Ginger","MealTicket","HornCleat","Bottled Flame"],"acts_visited":["Exordium","TheCity","TheBeyond","TheEnding"],"potions_floor_usage":[],"damage_taken":[{"damage":0.0,"enemies":"Jaw Worm","floor":1.0,"turns":2.0},{"damage":0.0,"enemies":"Small Slimes","floor":2.0,"turns":2.0},{"damage":0.0,"enemies":"2 Louse","floor":3.0,"turns":2.0},{"damage":0.0,"enemies":"Blue Slaver","floor":5.0,"turns":1.0},{"damage":10.0,"enemies":"3 Sentries","floor":7.0,"turns":3.0},{"damage":6.0,"enemies":"Lagavulin","floor":10.0,"turns":3.0},{"damage":0.0,"enemies":"Gremlin Nob","floor":13.0,"turns":1.0},{"damage":8.0,"enemies":"The Guardian","floor":16.0,"turns":8.0},{"damage":0.0,"enemies":"Spheric Guardian","floor":18.0,"turns":1.0},{"damage":17.0,"enemies":"Shell Parasite","floor":20.0,"turns":3.0},{"damage":4.0,"enemies":"Centurion and Healer","floor":21.0,"turns":5.0},{"damage":0.0,"enemies":"Snake Plant","floor":22.0,"turns":3.0},{"damage":0.0,"enemies":"Chosen and Byrds","floor":24.0,"turns":4.0},{"damage":12.0,"enemies":"Book of Stabbing","floor":25.0,"turns":3.0},{"damage":0.0,"enemies":"Gremlin Leader","floor":28.0,"turns":2.0},{"damage":0.0,"enemies":"3 Cultists","floor":29.0,"turns":2.0},{"damage":1.0,"enemies":"Colosseum Slavers","floor":30.0,"turns":2.0},{"damage":0.0,"enemies":"Colosseum Nobs","floor":30.0,"turns":1.0},{"damage":0.0,"enemies":"Slavers","floor":31.0,"turns":4.0},{"damage":0.0,"enemies":"Collector","floor":33.0,"turns":3.0},{"damage":0.0,"enemies":"3 Shapes","floor":35.0,"turns":1.0},{"damage":0.0,"enemies":"Orb Walker","floor":38.0,"turns":1.0},{"damage":10.0,"enemies":"4 Shapes","floor":39.0,"turns":6.0},{"damage":0,"enemies":"Mind Bloom Boss Battle","floor":41,"turns":2},{"damage":0,"enemies":"Reptomancer","floor":42,"turns":2},{"damage":0,"enemies":"2 Orb Walkers","floor":45,"turns":1},{"damage":0,"enemies":"Writhing Mass","floor":46,"turns":1},{"damage":0,"enemies":"Giant Head","floor":47,"turns":1},{"damage":0,"enemies":"Maw","floor":48,"turns":1},{"damage":0,"enemies":"Time Eater","floor":50,"turns":3},{"damage":0,"enemies":"Donu and Deca","floor":51,"turns":1},{"damage":0,"enemies":"Shield and Spear","floor":55,"turns":1},{"damage":0,"enemies":"The Heart","floor":56,"turns":5}],"seed_played":"-6534350149184739965","potions_obtained":[{"floor":3.0,"key":"EssenceOfSteel"},{"floor":10.0,"key":"GamblersBrew"},{"floor":13.0,"key":"DuplicationPotion"},{"floor":22.0,"key":"StancePotion"},{"floor":24.0,"key":"DistilledChaos"}],"is_trial":false,"path_per_floor":["M","M","M","$","M","R","E","R","T","E","R","?","E","?","R","B",null,"M","$","M","M","M","R","M","E","T","R","E","M","?","E","R","B",null,"M","?","$","M","M","R","?","E","T","R","?","M","E","M","R","B","B",null,"R","$","E","B",null],"character_chosen":"WATCHER","items_purchased":["Sanctity","Medical Kit","HornCleat","GamblersBrew"],"campfire_rested":0,"item_purchase_floors":[19,37,54,54],"current_hp_per_floor":[61,61,61,61,61,61,51,51,51,45,45,45,45,50,50,42,61,61,61,44,40,40,40,40,28,28,28,28,28,27,37,37,37,67,67,67,67,67,57,57,57,61,61,61,63,67,71,75,75,77,77,77,77,77,77,77],"gold":101,"neow_bonus":"BOSS_RELIC","is_daily":false,"chose_seed":false,"campfire_upgraded":3,"win_rate":0.0,"timestamp":1610379968,"path_taken":["M","M","M","$","M","R","E","R","T","E","R","?","E","?","R","BOSS","M","$","M","M","M","R","M","E","T","R","E","M","?","E","R","BOSS","M","?","$","M","M","R","?","E","T","R","?","M","E","M","R","BOSS","BOSS","R","$","E","BOSS"],"items_purchased_type":["Card","Relic","Relic","Potion"],"build_version":"2020-12-22","purchased_purges":4,"victory":true,"max_hp_per_floor":[68,68,68,68,68,68,68,68,68,68,68,62,62,67,67,67,67,67,67,67,67,67,67,67,67,67,67,67,67,67,77,77,77,77,77,77,77,77,77,77,77,77,77,77,77,77,77,77,77,77,77,77,77,77,77,77],"relic_stats":{"counters":[33,81],"Golden Idol":233,"Bag of Preparation":[36],"Ginger":[2],"Medical Kit":[4],"Peace Pipe":7,"Bird Faced Urn":[20],"Pandora\u0027s Box":["DeceiveReality","Perseverance","ForeignInfluence","Judgement","SpiritShield","FlurryOfBlows","EmptyFist","Evaluate"],"Prayer Wheel":6,"MealTicket":0,"VioletLotus":[159],"obtain_stats":[{"Calipers":7,"Pear":31,"Golden Idol":12,"Vajra":9,"Bag of Preparation":28,"Ginger":45,"Ancient Tea Set":10,"Medical Kit":37,"Peace Pipe":13,"Bottled Flame":55,"HornCleat":54,"Bird Faced Urn":41,"Pandora\u0027s Box":0,"Prayer Wheel":30,"Philosopher\u0027s Stone":34,"MealTicket":47,"VioletLotus":17,"Bag of Marbles":25,"PureWater":0,"StrikeDummy":30,"InkBottle":26,"Toy Ornithopter":42},{"Calipers":5,"Pear":19,"Golden Idol":6,"Vajra":5,"Bag of Preparation":15,"Ginger":26,"Ancient Tea Set":6,"Medical Kit":21,"Peace Pipe":7,"Bottled Flame":32,"HornCleat":31,"Bird Faced Urn":24,"Pandora\u0027s Box":0,"Prayer Wheel":18,"Philosopher\u0027s Stone":20,"MealTicket":28,"VioletLotus":8,"Bag of Marbles":14,"PureWater":0,"StrikeDummy":18,"InkBottle":14,"Toy Ornithopter":25},{"Calipers":10,"Pear":52,"Golden Idol":13,"Vajra":10,"Bag of Preparation":43,"Ginger":68,"Ancient Tea Set":13,"Medical Kit":56,"Peace Pipe":14,"Bottled Flame":76,"HornCleat":75,"Bird Faced Urn":65,"Pandora\u0027s Box":0,"Prayer Wheel":48,"Philosopher\u0027s Stone":55,"MealTicket":70,"VioletLotus":22,"Bag of Marbles":41,"PureWater":0,"StrikeDummy":48,"InkBottle":41,"Toy Ornithopter":67}],"InkBottle":[38],"Toy Ornithopter":0},"card_choices":[{"not_picked":["Wireheading","EmptyFist"],"picked":"FearNoEvil","floor":1.0},{"not_picked":["SashWhip","CarveReality"],"picked":"CutThroughFate","floor":2.0},{"not_picked":["CarveReality","ClearTheMind","BowlingBash"],"picked":"SKIP","floor":3.0},{"not_picked":["BowlingBash","ClearTheMind","LikeWater"],"picked":"SKIP","floor":5.0},{"not_picked":["Protect","SpiritShield","WheelKick"],"picked":"SKIP","floor":7.0},{"not_picked":["Protect","SpiritShield","WheelKick"],"picked":"SKIP","floor":7.0},{"not_picked":["Collect","ThirdEye","WaveOfTheHand"],"picked":"SKIP","floor":10.0},{"not_picked":["Collect","ThirdEye","WaveOfTheHand"],"picked":"SKIP","floor":10.0},{"not_picked":["CrushJoints","JustLucky","Nirvana"],"picked":"SKIP","floor":13.0},{"not_picked":["SpiritShield","Blasphemy"],"picked":"LessonLearned","floor":16.0},{"not_picked":["Consecrate+1","EmptyFist","ClearTheMind"],"picked":"SKIP","floor":18.0},{"not_picked":["CutThroughFate","WaveOfTheHand+1"],"picked":"InnerPeace","floor":20.0},{"not_picked":["Prostrate","LikeWater+1","Wallop"],"picked":"SKIP","floor":21.0},{"not_picked":["CutThroughFate","CrushJoints","FollowUp"],"picked":"SKIP","floor":22.0},{"not_picked":["BowlingBash","SignatureMove","JustLucky"],"picked":"SKIP","floor":24.0},{"not_picked":["FearNoEvil","SandsOfTime"],"picked":"TalkToTheHand","floor":25.0},{"not_picked":["JustLucky","Devotion","CarveReality"],"picked":"SKIP","floor":28.0},{"not_picked":["EmptyBody","Perseverance","WheelKick"],"picked":"SKIP","floor":29.0},{"not_picked":["Vengeance","Halt"],"picked":"MentalFortress","floor":30.0},{"not_picked":["Establishment","Halt","JustLucky"],"picked":"SKIP","floor":31.0},{"not_picked":["Conclude+1","ThirdEye","Evaluate"],"picked":"SKIP","floor":35.0},{"not_picked":["Vengeance","Protect","ReachHeaven+1"],"picked":"SKIP","floor":35.0},{"not_picked":["ConjureBlade","SashWhip"],"picked":"Adaptation+1","floor":38.0},{"not_picked":["EmptyFist","WaveOfTheHand","BowlingBash"],"picked":"SKIP","floor":38.0},{"not_picked":["ClearTheMind","CrushJoints","SandsOfTime"],"picked":"SKIP","floor":39},{"not_picked":["BattleHymn","FollowUp","Consecrate+1"],"picked":"SKIP","floor":39},{"not_picked":["Evaluate+1","Perseverance"],"picked":"Tantrum","floor":41},{"not_picked":["SandsOfTime","Halt","EmptyBody"],"picked":"SKIP","floor":42},{"not_picked":["DeceiveReality","Halt+1","Evaluate+1"],"picked":"SKIP","floor":46},{"not_picked":["Protect+1","CutThroughFate","Prostrate"],"picked":"SKIP","floor":46},{"not_picked":["Conclude+1","Wireheading"],"picked":"Scrawl","floor":47},{"not_picked":["FollowUp","Crescendo","Consecrate"],"picked":"SKIP","floor":48},{"not_picked":["Collect","JustLucky","Crescendo"],"picked":"SKIP","floor":48},{"not_picked":["Worship+1","CutThroughFate","Consecrate"],"picked":"SKIP","floor":55}],"player_experience":4455219,"relics_obtained":[{"floor":7.0,"key":"Calipers"},{"floor":9.0,"key":"Vajra"},{"floor":10.0,"key":"Ancient Tea Set"},{"floor":13.0,"key":"Peace Pipe"},{"floor":25.0,"key":"Bag of Marbles"},{"floor":26.0,"key":"InkBottle"},{"floor":28.0,"key":"Bag of Preparation"},{"floor":30.0,"key":"Prayer Wheel"},{"floor":30.0,"key":"StrikeDummy"},{"floor":31.0,"key":"Pear"},{"floor":41,"key":"Bird Faced Urn"},{"floor":42,"key":"Toy Ornithopter"},{"floor":45,"key":"Ginger"},{"floor":47,"key":"MealTicket"},{"floor":55,"key":"Bottled Flame"}],"event_choices":[{"damage_healed":0.0,"max_hp_gain":0.0,"max_hp_loss":6.0,"gold_gain":0.0,"event_name":"Golden Idol","player_choice":"Lose Max HP","floor":12.0,"gold_loss":0.0,"damage_taken":0.0,"relics_obtained":["Golden Idol"]},{"damage_healed":0.0,"max_hp_gain":5.0,"max_hp_loss":0.0,"gold_gain":0.0,"event_name":"Big Fish","player_choice":"Donut","floor":14.0,"gold_loss":0.0,"damage_taken":0.0},{"damage_healed":0.0,"max_hp_gain":0.0,"max_hp_loss":0.0,"gold_gain":0.0,"event_name":"Colosseum","player_choice":"Fight","floor":30.0,"gold_loss":0.0,"damage_taken":0.0},{"damage_healed":0.0,"max_hp_gain":0.0,"max_hp_loss":0.0,"gold_gain":0.0,"event_name":"Colosseum","player_choice":"Fought Nobs","floor":30.0,"gold_loss":0.0,"damage_taken":0.0},{"damage_healed":0.0,"max_hp_gain":0.0,"max_hp_loss":0.0,"gold_gain":50.0,"event_name":"Golden Shrine","player_choice":"Pray","floor":36.0,"gold_loss":0.0,"damage_taken":0.0},{"damage_healed":0,"gold_gain":0,"player_choice":"Fight","damage_taken":0,"max_hp_gain":0,"max_hp_loss":0,"event_name":"MindBloom","floor":41,"gold_loss":0},{"damage_healed":0,"gold_gain":0,"player_choice":"Fight","damage_taken":0,"max_hp_gain":0,"max_hp_loss":0,"event_name":"Mysterious Sphere","floor":45,"gold_loss":0}],"is_beta":false,"boss_relics":[{"not_picked":["Busted Crown","Coffee Dripper"],"picked":"VioletLotus"},{"not_picked":["Sozu","Astrolabe"],"picked":"Philosopher\u0027s Stone"}],"items_purged_floors":[4,19,37,54],"is_endless":false,"potions_floor_spawned":[3,10,13,16,18,22,24,28,30,31,35,39,42,47,48],"ascension_level":20}}