{"host":"0ttaavwaei2fh9kw","time":1610387292,"event":{"mods":["Act Like it!","Aspiration","BaseMod","Chen","Colored Map","Decade(王小明)","Downfall","Gensokyo","Hallownest","Hubris","Infinite Spire","KinomotoSakuraMod(木之本樱)","Lobotomy","LobotomyExtend","Marisa（F雨　魔理沙）","Minty Spire (QoL Compilation)","Prisma Mod","Reimu（博丽灵梦）","Remilia（蕾米莉亚）","Replay The Spire","Spicy Shops","StSLib","The Jungle","The Servant 0.9.4","WarShipGirlsR/战舰少女R mod","Youmu（魂魄妖梦）"],"gold_per_floor":[116,116,130,143,143,170,170,170,193,203,203,223,8,18,18,318,318],"floor_reached":16,"playtime":970,"items_purged":[],"score":102,"play_id":"9c402fce-44b7-41c8-85db-df114e666ead","local_time":"20210112014812","is_ascension_mode":false,"campfire_choices":[{"data":"Replay:Fractal Strike","floor":7,"key":"SMITH"},{"data":"PrismaMod:MiyuOrbIncreasePerm","floor":11,"key":"SMITH"},{"floor":15,"key":"REST"}],"circlet_count":0,"master_deck":["PrismaMod:MiyuCommonDefend","PrismaMod:MiyuCommonDefend","PrismaMod:MiyuCommonDefend","PrismaMod:MiyuCommonDefend","PrismaMod:MiyuCommonAttack","PrismaMod:MiyuCommonAttack","PrismaMod:MiyuCommonAttack","PrismaMod:MiyuCommonAttack","PrismaMod:MiyuCheapChannelAttack","PrismaMod:MiyuCheapChannelDefend","ShyLook","PrismaMod:MiyuEvokeAllDefend","Clumsy","PrismaMod:MiyuUncommonPlate","Replay:Fractal Strike+1","PrismaMod:MiyuEvokeAllDefend","PrismaMod:MiyuOrbIncreasePerm+1","PrismaMod:MiyuUncommonDexBuff","Gensokyo:TarnishedGold","PrismaMod:MiyuAttackChannelAttack"],"relics":["Snack Pack","sneckomod:CleanMud","TheAbacus","Gensokyo:OccultBall","Guardian:DefensiveModeMoreBlock","Guardian:PocketSentry","infinitespire:Chaos","LetterFromLob"],"acts_visited":["Gensokyo:Gensokyo"],"potions_floor_usage":[12,12],"damage_taken":[{"damage":4,"enemies":"Gensokyo:2_Kodama","floor":1,"turns":3},{"damage":0,"enemies":"Gensokyo:Gryphon","floor":3,"turns":6},{"damage":3,"enemies":"Gensokyo:3_Fairies","floor":4,"turns":5},{"damage":14,"enemies":"Gensokyo:Mamizou","floor":6,"turns":10},{"damage":7,"enemies":"Gensokyo:2_Rabbits","floor":10,"turns":6},{"damage":0,"enemies":"Gensokyo:Kitsune","floor":12,"turns":6},{"damage":11,"enemies":"Gensokyo:Python_and_Kodama","floor":14,"turns":7},{"damage":31,"enemies":"Gensokyo:Yukari","floor":16,"turns":9}],"seed_played":"-2418471961963195056","potions_obtained":[{"floor":3,"key":"PowerPotion"},{"floor":4,"key":"LifebloodPotion"},{"floor":12,"key":"Guardian:BlockOnCardUsePotion"}],"is_trial":false,"path_per_floor":["M","?","M","M","?","E","R","?","T","M","R","M","COS","M","R_BF","B"],"character_chosen":"MIYU","items_purchased":[],"campfire_rested":1,"item_purchase_floors":[],"current_hp_per_floor":[71,71,71,68,50,36,36,21,21,14,14,14,14,5,27,0,0],"gold":318,"neow_bonus":"","is_daily":false,"chose_seed":false,"campfire_upgraded":2,"win_rate":0.0,"timestamp":1610387292,"path_taken":["M","?","M","M","?","E","R","?","T","?","R","M","COS","M","R_BF","BOSS"],"items_purchased_type":[],"build_version":"2020-12-22","purchased_purges":0,"victory":false,"max_hp_per_floor":[75,75,75,75,75,75,75,75,75,75,75,75,75,75,75,75,75],"card_choices":[{"not_picked":["Wellcheers","CrumblingArmor"],"picked":"ShyLook","floor":1},{"not_picked":["PrismaMod:MiyuCheapChannelVul","PrismaMod:MiyuCheapAttack1"],"picked":"PrismaMod:MiyuEvokeAllDefend","floor":1},{"not_picked":["PrismaMod:MiyuCheapDefend1","PrismaMod:MiyuCheapStrBuff","PrismaMod:MiyuCarnivalAttack"],"picked":"SKIP","floor":3},{"not_picked":["PrismaMod:MiyuCheapAttack2","PrismaMod:MiyuAttackChannelVul"],"picked":"PrismaMod:MiyuUncommonPlate","floor":4},{"not_picked":["infinitespire:Gouge","infinitespire:FinalStrike"],"picked":"Replay:Fractal Strike","floor":5},{"not_picked":["PrismaMod:MiyuUncommonDefend","PrismaMod:MiyuDefenseRemoval"],"picked":"PrismaMod:MiyuEvokeAllDefend","floor":6},{"not_picked":["PrismaMod:MiyuCheapStrBuff","PrismaMod:MiyuEvokeCheapAttack"],"picked":"PrismaMod:MiyuOrbIncreasePerm","floor":10},{"not_picked":["PrismaMod:MiyuEvokeBuffStr","PrismaMod:MiyuCheapAttack1"],"picked":"PrismaMod:MiyuUncommonDexBuff","floor":12},{"not_picked":["PrismaMod:MiyuEvokeCheapAttack","PrismaMod:MiyuUncommonDexBuff"],"picked":"PrismaMod:MiyuAttackChannelAttack","floor":14}],"player_experience":170592,"relics_obtained":[{"floor":1,"key":"LetterFromLob"},{"floor":6,"key":"aspiration:HummingbirdHeart"},{"floor":9,"key":"Dream Catcher"},{"floor":14,"key":"LetterFromLob"}],"event_choices":[],"is_beta":false,"boss_relics":[],"items_purged_floors":[],"is_endless":false,"potions_floor_spawned":[3,4,12],"killed_by":"Gensokyo:Yukari","ascension_level":0}}