{"host":"y4sghvfd0ewtcchd","time":1610382908,"event":{"mods":["Aspiration","BaseMod","Better Debug","Better Note","Better Third Choice","BetterRewards","Block Reminder","Colored Map","Colored Powertips","Downfall","Highlight Path","Hubris","Infinite Spire","Minty Spire (QoL Compilation)","Relic Sorter","Relic Stats","Replay The Spire","Shop Mod","StSLib","The Jungle","The Saiyan"],"gold_per_floor":[113,288,288,298,298,298,298],"floor_reached":6,"playtime":319,"items_purged":[],"score":46,"play_id":"e6fd1f5f-d741-4186-a31f-be6b3911e8c6","local_time":"20210111193508","is_ascension_mode":true,"campfire_choices":[],"circlet_count":0,"master_deck":["Strike_B","Strike_B","Strike_B+1","Strike_B","Defend_B","Defend_B","Defend_B","Zap","Dualcast","Loop","Thunder Strike","Self Repair","Fusion","Ball Lightning","Barrage","infinitespire:UltimateForm","Turbo"],"relics":["Cracked Core","Omamori","Happy Flower","Lantern"],"acts_visited":["Exordium"],"potions_floor_usage":[6],"damage_taken":[{"damage":0,"enemies":"2 Louse","floor":1,"turns":1},{"damage":7,"enemies":"Jaw Worm","floor":4,"turns":3},{"damage":20,"enemies":"3 Sentries","floor":6,"turns":2}],"seed_played":"-4329503504145966819","potions_obtained":[{"floor":4,"key":"GamblersBrew"}],"is_trial":false,"path_per_floor":["M","?","?","M","?","E"],"character_chosen":"DEFECT","items_purchased":["Loop","Omamori","Thunder Strike","Happy Flower","Lantern","Self Repair","Fusion"],"campfire_rested":0,"item_purchase_floors":[0,0,0,0,0,0,0],"current_hp_per_floor":[33,33,15,15,15,0,0],"gold":298,"neow_bonus":"","is_daily":false,"chose_seed":false,"campfire_upgraded":0,"win_rate":0.0,"timestamp":1610382908,"path_taken":["M","?","?","M","?","E"],"items_purchased_type":["Card","Relic","Card","Relic","Relic","Card","Card"],"build_version":"2020-12-22","purchased_purges":0,"victory":false,"max_hp_per_floor":[75,75,75,75,75,75,75],"relic_stats":{"Happy Flower":[2],"counters":[192,736],"obtain_stats":[{"infinitespire:BottledMercury":4,"hubris:BallOfYels":12,"Replay:Accelerometer":22,"infinitespire:Cubic Diamond":2,"Whetstone":7,"Ginger":8,"Blood Vial":34,"infinitespire:ShieldingShard":45,"hubris:HerbalPaste":0,"aspiration:EnhancedActuators":14,"Sundial":53,"Replay:Bronze Core":34,"hubris:DeckOfHolding":10,"HandDrill":55,"Kunai":36,"Replay:Wax Seal":0,"hubris:TinFlute":55,"MerchantsRug":47,"Pear":34,"Counterbalance":38,"hubris:SphereOfDissonance":43,"Pen Nib":40,"Bird Faced Urn":17,"Pandora\u0027s Box":29,"aspiration:MysteriousAuxiliaryCore":9,"infinitespire:PuzzleCube":0,"Abe\u0027s Treasure":17,"hubris:Reverence":43,"Regal Pillow":6,"hubris:Metronome":45,"Lantern":26,"Replay:Purple Gloves":22,"Blue Doll":22,"Bag of Preparation":9,"Cursed Key":34,"Pet Ghost":54,"Replay:Rubber Ducky":0,"hubris:Backtick":17,"Matryoshka":22,"infinitespire:Bottled Soul":26,"Toolbox":53,"Chemical X":0,"aspiration:ChemicalBlood":23,"Potion Belt":19,"Lee\u0027s Waffle":0,"Inserter":17,"NeowsBlessing":0,"Thread and Needle":7,"The Courier":31,"infinitespire:Joker Card":34,"Omamori":0,"hubris:Towel":39,"Busted Crown":22,"hubris:Spice":50,"Orrery":0,"Art of War":27,"ReplayTheSpireMod:Lightbulb":30,"Toy Ornithopter":43,"infinitespire:Midas Blood":30,"infinitespire:Freezer":0,"Ice Cream":37,"Tiny House":17,"m_IronCrown":22,"aspiration:Stellarator":17,"Runic Capacitor":47,"hubris:TerracottaHorce":21,"Centennial Puzzle":43,"HornCleat":55,"Replay:Frozen Program":0,"DollysMirror":20,"Strawberry":8,"Honey Jar":17,"aspiration:ArtOfWarUpgrade":32,"Prayer Wheel":16,"Philosopher\u0027s Stone":34,"Toxic Egg 2":28,"Happy Flower":0,"Astrolabe":34,"Oddly Smooth Stone":24,"hubris:FruitBowl":22,"infinitespire:Beetle Shell":54,"War Paint":53,"Replay:Baseball":47,"ReplayTheSpireMod:TigerMarble":0,"hubris:ToyBattleship":19,"Black Star":22,"Darkstone Periapt":13,"Replay:Mystery Machine":45,"ClockworkSouvenir":0,"Replay:Bandana":7,"Nunchaku":3,"Chameleon Ring":26,"hubris:Icosahedron":36,"Mummified Hand":0,"Gambling Chip":42,"Replay:Bottled Snecko":10,"Cracked Core":0,"infinitespire:Chaos":22,"ReplayTheSpireMod:Ninjato":9,"Replay:Towering Pillar of Hats":31,"aspiration:FetidBarrel":21,"Guide Book":48,"infinitespire:EmptyRelic":22,"infinitespire:FocusingShard":0,"Replay:WaspNest":41,"Calling Bell":34,"Anchor":0,"CaptainsWheel":0,"infinitespire:WardingShard":9,"infinitespire:Satchel":4,"Coffee Dripper":17,"Bag of Marbles":7,"Membership Card":19,"m_BurningSludge":2,"hubris:NiceRug":55},{"infinitespire:BottledMercury":41,"hubris:BallOfYels":96,"Replay:Accelerometer":185,"infinitespire:Cubic Diamond":19,"Whetstone":69,"Ginger":178,"Blood Vial":56,"infinitespire:ShieldingShard":83,"hubris:HerbalPaste":146,"aspiration:EnhancedActuators":98,"Sundial":144,"Replay:Bronze Core":135,"hubris:DeckOfHolding":21,"HandDrill":88,"Kunai":81,"Replay:Wax Seal":90,"hubris:TinFlute":87,"MerchantsRug":113,"Pear":56,"Counterbalance":138,"hubris:SphereOfDissonance":166,"Pen Nib":110,"Bird Faced Urn":73,"Pandora\u0027s Box":104,"aspiration:MysteriousAuxiliaryCore":95,"infinitespire:PuzzleCube":12,"Abe\u0027s Treasure":33,"hubris:Reverence":111,"Regal Pillow":3,"hubris:Metronome":60,"Lantern":103,"Replay:Purple Gloves":185,"Blue Doll":185,"Bag of Preparation":5,"Cursed Key":107,"Pet Ghost":64,"Replay:Rubber Ducky":146,"hubris:Backtick":73,"Matryoshka":185,"infinitespire:Bottled Soul":156,"Toolbox":144,"Chemical X":65,"aspiration:ChemicalBlood":186,"Potion Belt":74,"Lee\u0027s Waffle":90,"Inserter":47,"NeowsBlessing":0,"Thread and Needle":149,"The Courier":55,"infinitespire:Joker Card":56,"Omamori":117,"hubris:Towel":58,"Busted Crown":155,"hubris:Spice":86,"Orrery":65,"Art of War":53,"ReplayTheSpireMod:Lightbulb":133,"Toy Ornithopter":60,"infinitespire:Midas Blood":55,"infinitespire:Freezer":117,"Ice Cream":57,"Tiny House":10,"m_IronCrown":185,"aspiration:Stellarator":99,"Runic Capacitor":113,"hubris:TerracottaHorce":127,"Centennial Puzzle":140,"HornCleat":88,"Replay:Frozen Program":117,"DollysMirror":100,"Strawberry":43,"Honey Jar":183,"aspiration:ArtOfWarUpgrade":55,"Prayer Wheel":73,"Philosopher\u0027s Stone":80,"Toxic Egg 2":158,"Happy Flower":189,"Astrolabe":161,"Oddly Smooth Stone":156,"hubris:FruitBowl":185,"infinitespire:Beetle Shell":116,"War Paint":171,"Replay:Baseball":142,"ReplayTheSpireMod:TigerMarble":65,"hubris:ToyBattleship":154,"Black Star":185,"Darkstone Periapt":8,"Replay:Mystery Machine":141,"ClockworkSouvenir":39,"Replay:Bandana":29,"Nunchaku":147,"Chameleon Ring":52,"hubris:Icosahedron":57,"Mummified Hand":26,"Gambling Chip":111,"Replay:Bottled Snecko":70,"Cracked Core":0,"infinitespire:Chaos":185,"ReplayTheSpireMod:Ninjato":178,"Replay:Towering Pillar of Hats":106,"aspiration:FetidBarrel":127,"Guide Book":142,"infinitespire:EmptyRelic":185,"infinitespire:FocusingShard":39,"Replay:WaspNest":59,"Calling Bell":56,"Anchor":39,"CaptainsWheel":146,"infinitespire:WardingShard":14,"infinitespire:Satchel":2,"Coffee Dripper":24,"Bag of Marbles":122,"Membership Card":184,"m_BurningSludge":19,"hubris:NiceRug":88},{"infinitespire:BottledMercury":179,"hubris:BallOfYels":383,"Replay:Accelerometer":713,"infinitespire:Cubic Diamond":63,"Whetstone":288,"Ginger":684,"Blood Vial":236,"infinitespire:ShieldingShard":339,"hubris:HerbalPaste":579,"aspiration:EnhancedActuators":392,"Sundial":572,"Replay:Bronze Core":538,"hubris:DeckOfHolding":83,"HandDrill":357,"Kunai":334,"Replay:Wax Seal":363,"hubris:TinFlute":354,"MerchantsRug":460,"Pear":236,"Counterbalance":549,"hubris:SphereOfDissonance":646,"Pen Nib":451,"Bird Faced Urn":307,"Pandora\u0027s Box":427,"aspiration:MysteriousAuxiliaryCore":377,"infinitespire:PuzzleCube":39,"Abe\u0027s Treasure":146,"hubris:Reverence":453,"Regal Pillow":3,"hubris:Metronome":251,"Lantern":424,"Replay:Purple Gloves":713,"Blue Doll":713,"Bag of Preparation":11,"Cursed Key":440,"Pet Ghost":274,"Replay:Rubber Ducky":579,"hubris:Backtick":307,"Matryoshka":713,"infinitespire:Bottled Soul":610,"Toolbox":572,"Chemical X":280,"aspiration:ChemicalBlood":719,"Potion Belt":310,"Lee\u0027s Waffle":363,"Inserter":203,"NeowsBlessing":0,"Thread and Needle":586,"The Courier":230,"infinitespire:Joker Card":236,"Omamori":471,"hubris:Towel":242,"Busted Crown":605,"hubris:Spice":350,"Orrery":280,"Art of War":223,"ReplayTheSpireMod:Lightbulb":527,"Toy Ornithopter":251,"infinitespire:Midas Blood":230,"infinitespire:Freezer":471,"Ice Cream":239,"Tiny House":30,"m_IronCrown":713,"aspiration:Stellarator":403,"Runic Capacitor":460,"hubris:TerracottaHorce":506,"Centennial Puzzle":556,"HornCleat":357,"Replay:Frozen Program":471,"DollysMirror":406,"Strawberry":184,"Honey Jar":705,"aspiration:ArtOfWarUpgrade":230,"Prayer Wheel":307,"Philosopher\u0027s Stone":332,"Toxic Egg 2":616,"Happy Flower":730,"Astrolabe":627,"Oddly Smooth Stone":610,"hubris:FruitBowl":713,"infinitespire:Beetle Shell":468,"War Paint":664,"Replay:Baseball":564,"ReplayTheSpireMod:TigerMarble":280,"hubris:ToyBattleship":602,"Black Star":713,"Darkstone Periapt":22,"Replay:Mystery Machine":560,"ClockworkSouvenir":175,"Replay:Bandana":131,"Nunchaku":582,"Chameleon Ring":216,"hubris:Icosahedron":239,"Mummified Hand":119,"Gambling Chip":453,"Replay:Bottled Snecko":290,"Cracked Core":0,"infinitespire:Chaos":713,"ReplayTheSpireMod:Ninjato":684,"Replay:Towering Pillar of Hats":435,"aspiration:FetidBarrel":506,"Guide Book":564,"infinitespire:EmptyRelic":713,"infinitespire:FocusingShard":175,"Replay:WaspNest":248,"Calling Bell":236,"Anchor":175,"CaptainsWheel":579,"infinitespire:WardingShard":45,"infinitespire:Satchel":2,"Coffee Dripper":106,"Bag of Marbles":489,"Membership Card":710,"m_BurningSludge":63,"hubris:NiceRug":357}]},"card_choices":[{"not_picked":["Rebound","ReplayTheSpireMod:Reroute Power"],"picked":"Barrage","floor":1},{"not_picked":["infinitespire:Starlight","hubris:Fate"],"picked":"infinitespire:UltimateForm","floor":3},{"not_picked":["Leap","hubris:Prefetch"],"picked":"Turbo","floor":4}],"player_experience":537463,"relics_obtained":[],"event_choices":[{"damage_healed":0,"gold_gain":175,"player_choice":"AGREE","damage_taken":113,"max_hp_gain":0,"max_hp_loss":0,"event_name":"betterThird:BetterSerpent","floor":2,"gold_loss":0}],"is_beta":false,"boss_relics":[],"items_purged_floors":[],"is_endless":false,"potions_floor_spawned":[4],"killed_by":"3 Sentries","ascension_level":7}}