{"host":"w3q5ijqu8eoknil3","time":1610343643,"event":{"mods":["AchievementEnabler","BaseMod","Block Reminder","Colored Powertips","Curses Come First","Minty Spire (QoL Compilation)","Quick Restart","Relic Stats","StSLib","ojb\u0027s Better Paths Mod","ojb\u0027s Info Mod","slay the spire mod where everything is the same but ironclad has a cowboy hat"],"gold_per_floor":[117,117,117,130,145,145,180,199,223,240,262,262,288,305,305,305,305],"floor_reached":16,"playtime":445,"items_purged":[],"score":213,"play_id":"54b9988e-4bd1-44d7-8535-298c9e2f02a9","local_time":"20210111054043","is_ascension_mode":true,"campfire_choices":[{"data":"Noxious Fumes","floor":6,"key":"SMITH"},{"floor":12,"key":"REST"},{"floor":15,"key":"REST"}],"circlet_count":0,"master_deck":["AscendersBane","Strike_G","Strike_G","Strike_G","Strike_G","Strike_G","Defend_G","Defend_G","Defend_G","Defend_G","Defend_G+1","Survivor+1","Neutralize","Blade Dance","Noxious Fumes+1","Dagger Spray","Backflip","Poisoned Stab","Poisoned Stab","Deadly Poison","Footwork","Masterful Stab"],"relics":["Ring of the Snake","NeowsBlessing","War Paint","Oddly Smooth Stone","Odd Mushroom","PreservedInsect"],"acts_visited":["Exordium"],"potions_floor_usage":[13,16],"damage_taken":[{"damage":0,"enemies":"Cultist","floor":1,"turns":1},{"damage":0,"enemies":"Small Slimes","floor":4,"turns":1},{"damage":0,"enemies":"Jaw Worm","floor":5,"turns":1},{"damage":36,"enemies":"Lagavulin","floor":7,"turns":10},{"damage":2,"enemies":"Large Slime","floor":8,"turns":6},{"damage":13,"enemies":"Blue Slaver","floor":10,"turns":4},{"damage":4,"enemies":"The Mushroom Lair","floor":11,"turns":4},{"damage":8,"enemies":"Gremlin Nob","floor":13,"turns":3},{"damage":9,"enemies":"Exordium Thugs","floor":14,"turns":3},{"damage":37,"enemies":"The Guardian","floor":16,"turns":10}],"seed_played":"8269911221567857146","potions_obtained":[{"floor":8,"key":"Ancient Potion"},{"floor":10,"key":"LiquidMemories"},{"floor":14,"key":"Weak Potion"}],"is_trial":false,"path_per_floor":["M","$","?","M","M","R","E","M","T","M","?","R","E","M","R","B"],"character_chosen":"THE_SILENT","items_purchased":[],"campfire_rested":2,"item_purchase_floors":[],"current_hp_per_floor":[59,59,64,64,64,64,28,26,26,13,9,30,22,13,34,0,0],"gold":305,"neow_bonus":"THREE_ENEMY_KILL","is_daily":false,"chose_seed":false,"campfire_upgraded":1,"win_rate":0.0,"timestamp":1610343643,"path_taken":["M","?","?","M","M","R","E","M","T","M","?","R","E","M","R","BOSS"],"items_purchased_type":[],"build_version":"2020-12-22","purchased_purges":0,"victory":false,"max_hp_per_floor":[66,66,71,71,71,71,71,71,71,71,71,71,71,71,71,71,71],"relic_stats":{"counters":[10,43],"PreservedInsect":0,"War Paint":["Survivor","Defend_G"],"obtain_stats":[{"NeowsBlessing":0,"Oddly Smooth Stone":9,"PreservedInsect":13,"War Paint":7,"Odd Mushroom":11,"Ring of the Snake":0},{"NeowsBlessing":0,"Oddly Smooth Stone":5,"PreservedInsect":8,"War Paint":4,"Odd Mushroom":7,"Ring of the Snake":0},{"NeowsBlessing":0,"Oddly Smooth Stone":19,"PreservedInsect":30,"War Paint":13,"Odd Mushroom":27,"Ring of the Snake":0}],"Ring of the Snake":[20]},"card_choices":[{"not_picked":["Sucker Punch","Calculated Gamble"],"picked":"Blade Dance","floor":1},{"not_picked":["Backflip","Escape Plan"],"picked":"Noxious Fumes","floor":4},{"not_picked":["Dagger Throw","Slice"],"picked":"Dagger Spray","floor":5},{"not_picked":["Sucker Punch","Prepared"],"picked":"Backflip","floor":7},{"not_picked":["Dodge and Roll","Sucker Punch"],"picked":"Poisoned Stab","floor":8},{"not_picked":["Setup","Deadly Poison"],"picked":"Poisoned Stab","floor":10},{"not_picked":["Setup","Dagger Spray"],"picked":"Deadly Poison","floor":11},{"not_picked":["Heel Hook","Grand Finale"],"picked":"Footwork","floor":13},{"not_picked":["Deadly Poison","Blade Dance"],"picked":"Masterful Stab","floor":14}],"player_experience":956380,"relics_obtained":[{"floor":7,"key":"War Paint"},{"floor":9,"key":"Oddly Smooth Stone"},{"floor":11,"key":"Odd Mushroom"},{"floor":13,"key":"PreservedInsect"}],"event_choices":[{"damage_healed":0,"gold_gain":0,"player_choice":"Donut","damage_taken":0,"max_hp_gain":5,"max_hp_loss":0,"event_name":"Big Fish","floor":3,"gold_loss":0},{"damage_healed":0,"gold_gain":0,"player_choice":"Fought Mushrooms","damage_taken":0,"max_hp_gain":0,"max_hp_loss":0,"event_name":"Mushrooms","floor":11,"gold_loss":0}],"is_beta":false,"boss_relics":[],"items_purged_floors":[],"is_endless":false,"potions_floor_spawned":[8,10,11,14],"killed_by":"The Guardian","ascension_level":18}}