{"host":"87fdiiwflhrwsj8a","time":1610407226,"event":{"mods":["Aspiration","BaseMod","Better Match","Better Third Choice","BetterRewards","Colored Map","Conspire","GifTheSpireLib","Infinite Spire","Minty Spire (QoL Compilation)","Quick Restart","Relic Sorter","Replay The Spire","Robot Space Explorer","StSLib","Stuff the Spire","The Alterego","The Cursed","The Jungle"],"gold_per_floor":[113,113,0,13,13,40,40,57,57,86,104,104,139,139,139,235,235,258,258,258,277,277,312,312,356,356,356,379,379,379,379],"floor_reached":30,"playtime":1482,"items_purged":[],"score":918,"play_id":"d290542a-bf8c-43c6-a18b-d665fb936de4","local_time":"20210111182026","is_ascension_mode":true,"campfire_choices":[{"data":"Apotheosis","floor":7.0,"key":"SMITH"},{"floor":15.0,"key":"REST"},{"floor":24.0,"key":"REST"}],"circlet_count":0,"master_deck":["AscendersBane","Strike_P","Strike_P","Strike_P","Strike_P","Defend_P","Defend_P","Eruption","Vigilance","Apotheosis+1","Adaptation","Tantrum","Enlightenment","Indignation","Study","Consecrate","Vengeance","Consecrate","Devotion","FollowUp","infinitespire:FutureSight+1","EmptyMind","Nirvana+1","Ragnarok","StuffTheSpire:CuriosityCurse"],"relics":["PureWater","infinitespire:Lychee Nut","Calipers","Unceasing Top","Damaru","Melange","Replay:Towering Pillar of Hats","infinitespire:Satchel","Anchor","StuffTheSpire:CocoNut","conspire:DecoderRing","infinitespire:PuzzleCube","Golden Idol","conspire:SlowCooker","GoldenEye","StuffTheSpire:PointBlank","Iron Hammer","Pear","The Courier"],"acts_visited":["Exordium","TheCity"],"potions_floor_usage":[30],"damage_taken":[{"damage":0.0,"enemies":"conspire:RoseBush","floor":1.0,"turns":3.0},{"damage":0.0,"enemies":"2 Louse","floor":4.0,"turns":2.0},{"damage":20.0,"enemies":"3 Sentries","floor":6.0,"turns":3.0},{"damage":0.0,"enemies":"Cultist","floor":8.0,"turns":2.0},{"damage":0.0,"enemies":"Lagavulin","floor":10.0,"turns":4.0},{"damage":0.0,"enemies":"Red Slaver","floor":11.0,"turns":2.0},{"damage":2.0,"enemies":"Replay:BlueRogue","floor":13.0,"turns":4.0},{"damage":0.0,"enemies":"The Guardian","floor":16.0,"turns":5.0},{"damage":4.0,"enemies":"Chosen","floor":18.0,"turns":4.0},{"damage":12.0,"enemies":"2 Thieves","floor":21.0,"turns":3.0},{"damage":48.0,"enemies":"Slavers","floor":23.0,"turns":4.0},{"damage":17.0,"enemies":"Book of Stabbing","floor":25.0,"turns":3.0},{"damage":0.0,"enemies":"Snecko","floor":28.0,"turns":2.0},{"damage":36,"enemies":"Slavers","floor":30,"turns":2}],"seed_played":"-1965927946411485833","potions_obtained":[{"floor":1.0,"key":"SteroidPotion"},{"floor":6.0,"key":"SkillPotion"},{"floor":13.0,"key":"EssenceOfSteel"},{"floor":21.0,"key":"BottledMiracle"},{"floor":23.0,"key":"Reflective Coating"}],"is_trial":false,"path_per_floor":["M","$","?","M","?","E","R","M","T","E","M","$","E","?","R","B",null,"M","AVR","?","M","?","E","R","E","T","?","M","?","E"],"character_chosen":"WATCHER","items_purchased":["Apotheosis","Calipers","Damaru","Melange","infinitespire:Satchel","Adaptation"],"campfire_rested":2,"item_purchase_floors":[0,0,0,0,0,0],"current_hp_per_floor":[24,24,30,33,33,18,18,21,28,34,37,37,41,19,38,44,59,60,60,60,53,53,11,30,18,28,28,31,31,0,0],"gold":379,"neow_bonus":"","is_daily":false,"chose_seed":false,"campfire_upgraded":1,"win_rate":0.0,"timestamp":1610407226,"path_taken":["M","$","?","M","?","E","R","?","T","E","M","?","E","?","R","BOSS","M","AVR","?","?","?","E","R","E","T","?","M","?","E"],"items_purchased_type":["Card","Relic","Relic","Relic","Relic","Card"],"build_version":"2020-12-22","purchased_purges":0,"victory":false,"max_hp_per_floor":[51,51,57,57,57,57,57,57,64,64,64,64,64,64,64,64,64,64,64,64,64,64,64,64,64,74,74,74,74,74,74],"card_choices":[{"not_picked":["WaveOfTheHand","Vengeance"],"picked":"Tantrum","floor":1.0},{"not_picked":["BattleHymn","SashWhip"],"picked":"Indignation","floor":4.0},{"not_picked":["SashWhip","Crescendo"],"picked":"Consecrate","floor":6.0},{"not_picked":["JustLucky","CrushJoints","ForeignInfluence"],"picked":"SKIP","floor":8.0},{"not_picked":["Vengeance","CarveReality","Replay:ManipulateFuture"],"picked":"SKIP","floor":10.0},{"not_picked":["CarveReality","Replay:ManipulateFuture"],"picked":"Vengeance","floor":10.0},{"not_picked":["PathToVictory","Replay:ManipulateFuture"],"picked":"Consecrate","floor":11.0},{"not_picked":["Replay:DivineShield","Replay:AtTheReady","Vengeance"],"picked":"SKIP","floor":13.0},{"not_picked":["Vault","Judgement"],"picked":"Devotion","floor":16.0},{"not_picked":["Crescendo","Indignation+1"],"picked":"FollowUp","floor":18.0},{"not_picked":["EmptyBody","ThirdEye"],"picked":"EmptyMind","floor":21.0},{"not_picked":["Consecrate","FlyingSleeves+1"],"picked":"Nirvana+1","floor":23.0},{"not_picked":["Protect","Fasting2"],"picked":"Ragnarok","floor":25.0},{"not_picked":["WindmillStrike","SignatureMove","Fasting2"],"picked":"SKIP","floor":28.0}],"player_experience":2673308,"relics_obtained":[{"floor":6.0,"key":"Anchor"},{"floor":9.0,"key":"StuffTheSpire:CocoNut"},{"floor":10.0,"key":"conspire:DecoderRing"},{"floor":13.0,"key":"infinitespire:PuzzleCube"},{"floor":23.0,"key":"StuffTheSpire:PointBlank"},{"floor":25.0,"key":"Iron Hammer"},{"floor":26.0,"key":"Pear"}],"event_choices":[{"damage_healed":0.0,"max_hp_gain":0.0,"max_hp_loss":0.0,"gold_gain":0.0,"event_name":"betterThird:BetterSerpent","player_choice":"RENOUNCE","floor":3.0,"gold_loss":113.0,"damage_taken":113.0,"cards_obtained":["Enlightenment"]},{"damage_healed":0.0,"max_hp_gain":0.0,"max_hp_loss":0.0,"gold_gain":0.0,"cards_transformed":["Defend_P"],"event_name":"Transmorgrifier","player_choice":"Transformed","floor":5.0,"gold_loss":0.0,"damage_taken":0.0,"cards_obtained":["Study"]},{"damage_healed":0.0,"max_hp_gain":0.0,"max_hp_loss":0.0,"gold_gain":0.0,"event_name":"Golden Idol","player_choice":"Take Damage","floor":14.0,"gold_loss":0.0,"damage_taken":22.0,"relics_obtained":["Golden Idol"]},{"cards_removed":["Defend_P"],"damage_healed":0.0,"max_hp_gain":0.0,"max_hp_loss":0.0,"gold_gain":0.0,"event_name":"Wheel of Change","player_choice":"Card Removal","floor":20.0,"gold_loss":0.0,"damage_taken":0.0},{"damage_healed":0.0,"max_hp_gain":0.0,"max_hp_loss":0.0,"gold_gain":0.0,"event_name":"Upgrade Shrine","player_choice":"Upgraded","floor":29.0,"gold_loss":0.0,"damage_taken":0.0,"cards_upgraded":["infinitespire:FutureSight"]}],"is_beta":false,"boss_relics":[{"not_picked":["aspiration:FutureDiary","Snecko Eye"],"picked":"conspire:SlowCooker"}],"items_purged_floors":[],"is_endless":false,"potions_floor_spawned":[1,6,13,21,23],"killed_by":"Slavers","ascension_level":20}}