{"host":"ypphcgdomtfqpc2w","time":1610362202,"event":{"mods":["BaseMod","Minty Spire (QoL Compilation)","StSLib"],"gold_per_floor":[118,118,130,37,37,37,71,81,107,107,136,153,166,196,196,273,273,289,304,304,316,316,316,327,327,327,353,353,371,371,371],"floor_reached":30,"playtime":1729,"items_purged":[],"score":640,"play_id":"870eb267-4b6e-4672-b06e-421b15ade95a","local_time":"20210111195002","is_ascension_mode":true,"campfire_choices":[{"data":"Inflame","floor":6,"key":"SMITH"},{"data":"Barricade","floor":15,"key":"SMITH"},{"data":"Uppercut","floor":23,"key":"SMITH"},{"floor":25,"key":"REST"},{"data":"Feed","floor":28,"key":"SMITH"}],"circlet_count":0,"master_deck":["AscendersBane","Strike_R","Strike_R","Strike_R","Strike_R","Defend_R","Defend_R","Defend_R","Bash","Twin Strike","Brutality","Pummel","Inflame+1","Anger","Offering","Bludgeon","Spot Weakness","Uppercut+1","Flame Barrier","Barricade+1","Rage","Feed+1","Dropkick","Feel No Pain","Ghostly","Ghostly","Ghostly","Disarm","Ghostly Armor","Feel No Pain","Blood for Blood"],"relics":["Burning Blood","Art of War","Regal Pillow","Bag of Marbles","Oddly Smooth Stone","Torii","Sozu","Ginger"],"acts_visited":["Exordium","TheCity"],"potions_floor_usage":[7,11,16,30,30],"damage_taken":[{"damage":3,"enemies":"2 Louse","floor":1,"turns":4},{"damage":13,"enemies":"Jaw Worm","floor":3,"turns":4},{"damage":0,"enemies":"Lagavulin","floor":7,"turns":3},{"damage":1,"enemies":"Cultist","floor":8,"turns":3},{"damage":7,"enemies":"Gremlin Nob","floor":11,"turns":2},{"damage":8,"enemies":"Large Slime","floor":12,"turns":3},{"damage":19,"enemies":"Lots of Slimes","floor":13,"turns":4},{"damage":29,"enemies":"3 Sentries","floor":14,"turns":4},{"damage":27,"enemies":"The Guardian","floor":16,"turns":8},{"damage":27,"enemies":"Shell Parasite","floor":18,"turns":3},{"damage":9,"enemies":"3 Byrds","floor":19,"turns":4},{"damage":23,"enemies":"Centurion and Healer","floor":21,"turns":7},{"damage":13,"enemies":"Snake Plant","floor":24,"turns":4},{"damage":21,"enemies":"Book of Stabbing","floor":27,"turns":6},{"damage":17,"enemies":"Cultist and Chosen","floor":29,"turns":6},{"damage":54,"enemies":"Gremlin Leader","floor":30,"turns":8}],"seed_played":"-9104226996396518736","potions_obtained":[{"floor":1,"key":"Swift Potion"},{"floor":7,"key":"EssenceOfSteel"},{"floor":12,"key":"Weak Potion"},{"floor":16,"key":"Regen Potion"}],"is_trial":false,"path_per_floor":["M","?","M","$","?","R","E","M","T","?","E","M","M","E","R","B",null,"M","M","?","M","?","R","M","R","T","E","R","M","E"],"character_chosen":"IRONCLAD","items_purchased":["Inflame","SteroidPotion"],"campfire_rested":1,"item_purchase_floors":[4,4],"current_hp_per_floor":[71,71,64,64,64,64,70,75,75,75,74,72,59,36,36,15,60,42,42,40,26,20,20,16,44,44,29,29,22,0,0],"gold":371,"neow_bonus":"RANDOM_COMMON_RELIC","is_daily":false,"chose_seed":false,"campfire_upgraded":4,"win_rate":0.0,"timestamp":1610362202,"path_taken":["M","?","M","$","?","R","E","?","T","?","E","M","M","E","R","BOSS","M","?","?","M","?","R","M","R","T","E","R","M","E"],"items_purchased_type":["Card","Potion"],"build_version":"2020-12-22","purchased_purges":0,"victory":false,"max_hp_per_floor":[75,75,75,75,75,75,75,75,75,75,75,75,75,75,75,75,75,78,81,40,43,43,43,46,46,46,46,46,50,50,50],"card_choices":[{"not_picked":["True Grit","Sentinel"],"picked":"Twin Strike","floor":1},{"not_picked":["Body Slam","Sentinel"],"picked":"Pummel","floor":3},{"not_picked":["Flex","Heavy Blade"],"picked":"Bludgeon","floor":7},{"not_picked":["Warcry","Wild Strike"],"picked":"Spot Weakness","floor":8},{"not_picked":["Sword Boomerang","Dual Wield"],"picked":"Uppercut","floor":11},{"not_picked":["Seeing Red","Clothesline"],"picked":"Flame Barrier","floor":12},{"not_picked":["Thunderclap","Clash"],"picked":"Barricade","floor":13},{"not_picked":["Flame Barrier","Clash"],"picked":"Rage","floor":14},{"not_picked":["Fiend Fire","Demon Form"],"picked":"Feed","floor":16},{"not_picked":["Twin Strike","Sword Boomerang"],"picked":"Dropkick","floor":18},{"not_picked":["Combust","Pommel Strike"],"picked":"Feel No Pain","floor":19},{"not_picked":["Clash","Perfected Strike"],"picked":"Disarm","floor":21},{"not_picked":["Entrench","Rage"],"picked":"Ghostly Armor","floor":24},{"not_picked":["Wild Strike","Sword Boomerang"],"picked":"Feel No Pain","floor":27},{"not_picked":["Body Slam","Sentinel"],"picked":"Blood for Blood","floor":29}],"player_experience":2020132,"relics_obtained":[{"floor":7,"key":"Regal Pillow"},{"floor":9,"key":"Bag of Marbles"},{"floor":11,"key":"Oddly Smooth Stone"},{"floor":14,"key":"Torii"},{"floor":27,"key":"Ginger"}],"event_choices":[{"damage_healed":0,"gold_gain":0,"cards_transformed":["Defend_R"],"player_choice":"Change","damage_taken":0,"max_hp_gain":0,"max_hp_loss":0,"event_name":"Living Wall","floor":2,"gold_loss":0,"cards_obtained":["Brutality"]},{"damage_healed":0,"gold_gain":0,"player_choice":"2 cards matched","damage_taken":0,"max_hp_gain":0,"max_hp_loss":0,"event_name":"Match and Keep!","floor":5,"gold_loss":0,"cards_obtained":["Anger","Offering"]},{"cards_removed":["Strike_R"],"damage_healed":0,"gold_gain":0,"player_choice":"Purged","damage_taken":0,"max_hp_gain":0,"max_hp_loss":0,"event_name":"Purifier","floor":10,"gold_loss":0},{"damage_healed":0,"gold_gain":0,"player_choice":"Became a Ghost","damage_taken":0,"max_hp_gain":0,"max_hp_loss":41,"event_name":"Ghosts","floor":20,"gold_loss":0,"cards_obtained":["Ghostly","Ghostly","Ghostly"]},{"damage_healed":0,"gold_gain":0,"player_choice":"Damaged","damage_taken":6,"max_hp_gain":0,"max_hp_loss":0,"event_name":"Wheel of Change","floor":22,"gold_loss":0}],"is_beta":false,"boss_relics":[{"not_picked":["Tiny House","Runic Cube"],"picked":"Sozu"}],"items_purged_floors":[],"is_endless":false,"potions_floor_spawned":[1,7,12,16,18,21,24],"killed_by":"Gremlin Leader","ascension_level":20}}