{"host":"hnornbwyth360ztl","time":1610383468,"event":{"mods":["AchievementEnabler","Act Like it!","Bartender","BaseMod","Colored Powertips","Gensokyo","Hallownest","Hermit","MarisaÅiñ∂âJÅ@ñÇóùçπÅj","Minty Spire (QoL Compilation)","Spicy Shops","StSLib","The Alterego","The Servant 0.9.4","The Wild Card","Waifu the Spire"],"gold_per_floor":[114,114,128,128,140,140,160,185,185,185,185,203,203,213,213,311,311,330,344,355,355,371,371,39,69,69,69,400,169,19,19,19,116,116,116],"floor_reached":34,"playtime":2609,"items_purged":[],"score":490,"play_id":"dc82a440-0968-49ce-8256-315c260cb294","local_time":"20210111124428","daily_mods":["Draft","Vintage","Diverse","Colorless Cards","Heirloom"],"is_ascension_mode":false,"campfire_choices":[{"data":"Deflect","floor":6.0,"key":"SMITH"},{"data":"FlyingSleeves","floor":10.0,"key":"SMITH"},{"data":"Stack","floor":13.0,"key":"SMITH"},{"data":"Wireheading","floor":15.0,"key":"SMITH"},{"data":"Crescendo","floor":23.0,"key":"SMITH"},{"floor":32.0,"key":"REST"}],"circlet_count":0,"master_deck":["Escape Plan","Flying Knee","PathToVictory","CarveReality","Go for the Eyes","Headbutt","Cleave","FlyingSleeves+1","Conserve Battery","Pummel","Deflect+1","Stack+1","Slice","CarveReality","Iron Wave","Wireheading+1","Reaper","Crescendo+1","Panacea","Well Laid Plans+1","Collect+1","RitualDagger","Conserve Battery","Double Tap","Dash"],"relics":["HolyWater","CaptainsWheel","Letter Opener","WarpedTongs","Kunai","Shuriken","Meat on the Bone","Ornamental Fan","Eternal Feather","Juzu Bracelet","Pocketwatch","Black Star","Dream Catcher","Potion Belt","WingedGreaves","Torii","Question Card","Mummified Hand","Ancient Tea Set","Mango","Old Coin","Sundial","Bronze Scales","Orichalcum","Unceasing Top"],"acts_visited":["Exordium"],"potions_floor_usage":[],"damage_taken":[{"damage":0.0,"enemies":"Small Slimes","floor":1.0,"turns":2.0},{"damage":9.0,"enemies":"Cultist","floor":3.0,"turns":3.0},{"damage":1.0,"enemies":"Jaw Worm","floor":5.0,"turns":2.0},{"damage":2.0,"enemies":"Blue Slaver","floor":7.0,"turns":2.0},{"damage":8.0,"enemies":"Gremlin Nob","floor":8.0,"turns":3.0},{"damage":0.0,"enemies":"Exordium Thugs","floor":12.0,"turns":2.0},{"damage":0.0,"enemies":"Looter","floor":14.0,"turns":3.0},{"damage":0.0,"enemies":"Slime Boss","floor":16.0,"turns":6.0},{"damage":6.0,"enemies":"2 Thieves","floor":18.0,"turns":3.0},{"damage":4.0,"enemies":"3 Byrds","floor":19.0,"turns":3.0},{"damage":0.0,"enemies":"Snecko","floor":20.0,"turns":4.0},{"damage":7.0,"enemies":"Chosen and Byrds","floor":22.0,"turns":5.0},{"damage":16.0,"enemies":"Book of Stabbing","floor":25.0,"turns":5.0},{"damage":28.0,"enemies":"Slavers","floor":28.0,"turns":4.0},{"damage":10.0,"enemies":"Champ","floor":33.0,"turns":10.0}],"seed_played":"-2184316943412009323","potions_obtained":[{"floor":1.0,"key":"Weak Potion"},{"floor":8.0,"key":"Ancient Potion"},{"floor":16.0,"key":"LiquidBronze"},{"floor":19.0,"key":"SkillPotion"},{"floor":20.0,"key":"CultistPotion"},{"floor":28.0,"key":"Dexterity Potion"}],"is_trial":true,"path_per_floor":["M","?","M","?","M","R","M","E","T","R","$","M","R","M","R","B",null,"M","M","M","?","M","R","$","E","T","$","E","$","$","?","R","B",null],"character_chosen":"WATCHER","items_purchased":["Question Card","Panacea","Bronze Scales","DistilledChaos","Orichalcum"],"campfire_rested":1,"item_purchase_floors":[24,24,29,29,30],"current_hp_per_floor":[72,72,63,56,55,55,53,45,45,54,54,54,63,63,72,72,72,66,68,72,72,65,72,72,68,82,82,54,54,54,48,85,76,86,86],"gold":116,"neow_bonus":"","is_daily":false,"chose_seed":false,"campfire_upgraded":5,"win_rate":0.0,"timestamp":1610383468,"path_taken":["M","?","?","?","M","R","M","E","T","R","$","M","R","M","R","BOSS","M","M","M","?","M","R","$","E","T","?","E","$","$","?","R","BOSS"],"items_purchased_type":["Relic","Card","Relic","Potion","Relic"],"build_version":"2020-12-22","purchased_purges":0,"victory":false,"max_hp_per_floor":[72,72,72,72,72,72,72,72,72,72,72,72,72,72,72,72,72,72,72,72,72,72,72,72,72,86,86,86,86,86,86,86,86,86,86],"card_choices":[{"not_picked":["Uppercut","EmptyMind"],"picked":"Escape Plan","floor":0.0},{"not_picked":["Underhanded Strike","Quick Slash"],"picked":"Flying Knee","floor":0.0},{"not_picked":["Clothesline","JustLucky"],"picked":"PathToVictory","floor":0.0},{"not_picked":["Turbo","Slice"],"picked":"CarveReality","floor":0.0},{"not_picked":["Lockon","PiercingWail"],"picked":"Go for the Eyes","floor":0.0},{"not_picked":["Sweeping Beam","FlyingSleeves"],"picked":"Headbutt","floor":0.0},{"not_picked":["EmptyBody","Chill"],"picked":"Cleave","floor":0.0},{"not_picked":["Catalyst","FollowUp"],"picked":"FlyingSleeves","floor":0.0},{"not_picked":["Heatsinks","PathToVictory"],"picked":"Conserve Battery","floor":0.0},{"not_picked":["Crippling Poison","Havoc"],"picked":"Pummel","floor":0.0},{"not_picked":["CutThroughFate","Hologram"],"picked":"Deflect","floor":0.0},{"not_picked":["Meditate","Steam"],"picked":"Stack","floor":0.0},{"not_picked":["Turbo","Force Field"],"picked":"Slice","floor":0.0},{"not_picked":["Consume","Body Slam"],"picked":"CarveReality","floor":0.0},{"not_picked":["Jack Of All Trades","Headbutt"],"picked":"Iron Wave","floor":0.0},{"not_picked":["Trip","Lockon"],"picked":"Wireheading","floor":8.0},{"not_picked":["Biased Cognition","Ragnarok"],"picked":"Reaper","floor":16.0},{"not_picked":["Bandage Up+1","Sword Boomerang+1","BowlingBash"],"picked":"Well Laid Plans+1","floor":25.0},{"not_picked":["Perfected Strike","Beam Cell+1","Blood for Blood"],"picked":"Collect+1","floor":28.0},{"not_picked":["Pommel Strike+1","Clash","True Grit+1"],"picked":"Conserve Battery","floor":32.0},{"not_picked":["Glass Knife","Unload","ConjureBlade"],"picked":"Double Tap","floor":33.0},{"not_picked":["alterego_mod:Belts","hermit:Coalescence"],"picked":"Dash","floor":34}],"player_experience":54639,"relics_obtained":[{"floor":1.0,"key":"Letter Opener"},{"floor":3.0,"key":"Kunai"},{"floor":5.0,"key":"Shuriken"},{"floor":7.0,"key":"Meat on the Bone"},{"floor":8.0,"key":"Ornamental Fan"},{"floor":9.0,"key":"Eternal Feather"},{"floor":12.0,"key":"Juzu Bracelet"},{"floor":14.0,"key":"Pocketwatch"},{"floor":18.0,"key":"Dream Catcher"},{"floor":19.0,"key":"Potion Belt"},{"floor":20.0,"key":"WingedGreaves"},{"floor":22.0,"key":"Torii"},{"floor":25.0,"key":"Mummified Hand"},{"floor":25.0,"key":"Ancient Tea Set"},{"floor":26.0,"key":"Mango"},{"floor":28.0,"key":"Old Coin"},{"floor":28.0,"key":"Sundial"}],"event_choices":[{"damage_healed":0.0,"max_hp_gain":0.0,"max_hp_loss":0.0,"gold_gain":0.0,"event_name":"Accursed Blacksmith","player_choice":"Rummage","floor":2.0,"gold_loss":0.0,"damage_taken":0.0,"relics_obtained":["WarpedTongs"],"cards_obtained":["Pain"]},{"cards_removed":["Pain"],"damage_healed":0.0,"max_hp_gain":0.0,"max_hp_loss":0.0,"gold_gain":0.0,"event_name":"Golden Wing","player_choice":"Card Removal","floor":4.0,"gold_loss":0.0,"damage_taken":7.0},{"damage_healed":0.0,"max_hp_gain":0.0,"max_hp_loss":0.0,"gold_gain":0.0,"event_name":"The Library","player_choice":"Read","floor":21.0,"gold_loss":0.0,"damage_taken":0.0,"cards_obtained":["Crescendo"]},{"damage_healed":0.0,"max_hp_gain":0.0,"max_hp_loss":0.0,"gold_gain":0.0,"event_name":"Nest","player_choice":"Joined the Cult","floor":31.0,"gold_loss":0.0,"damage_taken":6.0,"cards_obtained":["RitualDagger"]}],"is_beta":false,"boss_relics":[{"not_picked":["Coffee Dripper","Philosopher\u0027s Stone"],"picked":"Black Star"},{"not_picked":["Snecko Eye","VioletLotus"],"picked":"HolyWater"}],"items_purged_floors":[],"is_endless":false,"potions_floor_spawned":[1,8,16,19,20,28],"ascension_level":0}}