{"host":"f6w7z8zvb0mi4wy9","time":1610402533,"event":{"mods":["BaseMod","Colored Map","Minty Spire (QoL Compilation)","READ ME - Guardian Mod","StSLib","SuperFastMode","The Jungle"],"gold_per_floor":[111,129,143,143,162,162,197,214,241,16,48,59,59,73,73,173,173,191,191,207,223,322,322,356,356,382,413,423,457,457,468,468,563,563,578,100,100,116,129,129,143,177,177,177,205,205,215,264,264,264,264,264,42,69,69],"floor_reached":56,"playtime":2047,"items_purged":[],"score":1457,"play_id":"ec8d2b4a-8162-450f-bcff-d74ee402ce31","local_time":"20210112070213","is_ascension_mode":true,"campfire_choices":[{"data":"Dualcast","floor":6,"key":"SMITH"},{"data":"Defragment","floor":13,"key":"SMITH"},{"data":"Defragment","floor":15,"key":"SMITH"},{"data":"Fission","floor":23,"key":"SMITH"},{"data":"Creative AI","floor":25,"key":"SMITH"},{"floor":32,"key":"REST"},{"floor":40,"key":"DIG"},{"floor":44,"key":"DIG"},{"floor":46,"key":"DIG"},{"floor":49,"key":"RECALL"},{"floor":52,"key":"DIG"}],"circlet_count":0,"master_deck":["Strike_B","Strike_B","Strike_B","Strike_B","Defend_B","Defend_B","Defend_B","Defend_B","Zap+1","Dualcast+1","Dramatic Entrance","Compile Driver","All For One","Defragment+1","Go for the Eyes","Defragment+1","Steam","Steam","Coolheaded","Fission+1","Redo+1","Beam Cell","Creative AI+1","Chill","Chill","Self Repair","Buffer","Storm+1","Panache","Electrodynamics","Madness","Finesse","Madness","Defragment+1","Storm","Defragment","Go for the Eyes+1"],"relics":["Cracked Core","DataDisk","Oddly Smooth Stone","Lee\u0027s Waffle","Blood Vial","Inserter","Juzu Bracelet","Omamori","Shovel","Torii","SlaversCollar","ClockworkSouvenir","Lantern","Peace Pipe","Shuriken","Lizard Tail","Question Card","Du-Vu Doll","Eternal Feather","Pen Nib","Orichalcum"],"acts_visited":["Exordium","TheCity","TheBeyond","TheEnding"],"potions_floor_usage":[7,16,16,18,24,33,38,47,48,50,55],"damage_taken":[{"damage":0,"enemies":"Cultist","floor":1,"turns":3},{"damage":0,"enemies":"2 Louse","floor":2,"turns":2},{"damage":0,"enemies":"Small Slimes","floor":3,"turns":3},{"damage":7,"enemies":"Blue Slaver","floor":5,"turns":2},{"damage":16,"enemies":"Lagavulin","floor":7,"turns":5},{"damage":6,"enemies":"Large Slime","floor":8,"turns":4},{"damage":22,"enemies":"Gremlin Nob","floor":11,"turns":4},{"damage":0,"enemies":"Gremlin Gang","floor":12,"turns":2},{"damage":0,"enemies":"Looter","floor":14,"turns":2},{"damage":0,"enemies":"Slime Boss","floor":16,"turns":4},{"damage":14,"enemies":"2 Thieves","floor":18,"turns":5},{"damage":3,"enemies":"Spheric Guardian","floor":20,"turns":3},{"damage":15,"enemies":"3 Cultists","floor":21,"turns":6},{"damage":23,"enemies":"Gremlin Leader","floor":24,"turns":8},{"damage":12,"enemies":"Book of Stabbing","floor":27,"turns":6},{"damage":14,"enemies":"Snake Plant","floor":28,"turns":4},{"damage":0,"enemies":"Gremlin Leader","floor":29,"turns":6},{"damage":1,"enemies":"Snecko","floor":31,"turns":7},{"damage":13,"enemies":"Champ","floor":33,"turns":15},{"damage":1,"enemies":"3 Shapes","floor":35,"turns":4},{"damage":30,"enemies":"3 Darklings","floor":38,"turns":6},{"damage":10,"enemies":"Maw","floor":39,"turns":7},{"damage":19,"enemies":"Spire Growth","floor":41,"turns":4},{"damage":0,"enemies":"Nemesis","floor":42,"turns":7},{"damage":8,"enemies":"Giant Head","floor":45,"turns":6},{"damage":7,"enemies":"Sphere and 2 Shapes","floor":47,"turns":2},{"damage":54,"enemies":"2 Orb Walkers","floor":48,"turns":4},{"damage":50,"enemies":"Time Eater","floor":50,"turns":8},{"damage":32,"enemies":"Shield and Spear","floor":54,"turns":6},{"damage":46,"enemies":"The Heart","floor":55,"turns":7}],"seed_played":"8155722257945276056","potions_obtained":[{"floor":1,"key":"DuplicationPotion"},{"floor":5,"key":"FocusPotion"},{"floor":7,"key":"LiquidMemories"},{"floor":8,"key":"Weak Potion"},{"floor":16,"key":"Swift Potion"},{"floor":28,"key":"FairyPotion"},{"floor":29,"key":"FocusPotion"},{"floor":31,"key":"FearPotion"},{"floor":33,"key":"Energy Potion"},{"floor":39,"key":"LiquidMemories"},{"floor":41,"key":"PotionOfCapacity"},{"floor":45,"key":"ColorlessPotion"},{"floor":48,"key":"Ancient Potion"},{"floor":54,"key":"AttackPotion"}],"is_trial":false,"path_per_floor":["M","M","M","?","M","R","E","M","T","$","E","M","R","M","R","B",null,"M","?","M","M","?","R","E","R","T","E","M","E","?","M","R","B",null,"M","$","?","M","M","R","M","E","T","R","E","R","M","?","R","B",null,"R","$","E","B",null],"character_chosen":"DEFECT","items_purchased":["Lee\u0027s Waffle","Defragment","Panache","ClockworkSouvenir","Electrodynamics","Defragment","Pen Nib"],"campfire_rested":1,"item_purchase_floors":[10,10,36,36,36,53,53],"current_hp_per_floor":[75,75,75,75,68,68,52,46,46,82,60,62,62,64,64,66,82,68,68,67,54,54,54,33,33,33,23,11,13,13,14,38,34,82,81,81,71,50,49,49,39,48,48,48,49,49,51,24,24,17,82,82,82,50,13],"gold":69,"neow_bonus":"RANDOM_COLORLESS","is_daily":false,"chose_seed":false,"campfire_upgraded":5,"win_rate":0.0,"timestamp":1610402533,"path_taken":["M","?","M","?","M","R","E","M","T","$","E","M","R","M","R","BOSS","M","?","M","M","?","R","E","R","T","E","M","E","?","M","R","BOSS","M","$","?","M","M","R","M","E","T","R","E","R","M","?","R","BOSS","R","$","E","BOSS"],"items_purchased_type":["Relic","Card","Card","Relic","Card","Card","Relic"],"build_version":"2020-12-22","purchased_purges":0,"victory":true,"max_hp_per_floor":[75,75,75,75,75,75,75,75,75,82,82,82,82,82,82,82,82,82,82,82,82,82,82,82,82,82,82,82,82,82,82,82,82,82,82,82,82,82,82,82,82,82,82,82,82,82,82,82,82,82,82,82,82,82,82],"card_choices":[{"not_picked":["Panacea","Enlightenment"],"picked":"Dramatic Entrance","floor":0},{"not_picked":["Hologram","Barrage"],"picked":"Compile Driver","floor":1},{"not_picked":["Steam","Self Repair"],"picked":"All For One","floor":2},{"not_picked":["Self Repair","Aggregate","Static Discharge"],"picked":"SKIP","floor":3},{"not_picked":["Barrage","Coolheaded","Sweeping Beam"],"picked":"SKIP","floor":5},{"not_picked":["Stack","White Noise"],"picked":"Defragment","floor":7},{"not_picked":["Coolheaded","Rebound"],"picked":"Go for the Eyes","floor":8},{"not_picked":["Conserve Battery","Coolheaded"],"picked":"Steam","floor":11},{"not_picked":["Darkness","Biased Cognition"],"picked":"Steam","floor":12},{"not_picked":["Ball Lightning","Genetic Algorithm"],"picked":"Coolheaded","floor":14},{"not_picked":["Machine Learning","Multi-Cast"],"picked":"Fission","floor":16},{"not_picked":["Compile Driver","Beam Cell+1"],"picked":"Redo+1","floor":18},{"not_picked":["Compile Driver","Self Repair+1"],"picked":"Beam Cell","floor":20},{"not_picked":["Coolheaded","Leap","Conserve Battery+1"],"picked":"SKIP","floor":21},{"not_picked":["Blizzard","Steam"],"picked":"Creative AI","floor":24},{"not_picked":["Barrage+1","Turbo"],"picked":"Chill","floor":27},{"not_picked":["Leap","Blizzard+1","Rebound"],"picked":"SKIP","floor":28},{"not_picked":["Conserve Battery+1","Echo Form"],"picked":"Chill","floor":29},{"not_picked":["Static Discharge","Coolheaded"],"picked":"Self Repair","floor":31},{"not_picked":["Biased Cognition","Multi-Cast"],"picked":"Buffer","floor":33},{"not_picked":["Undo+1","Gash"],"picked":"Storm+1","floor":35},{"not_picked":["Magnetism","Dramatic Entrance"],"picked":"Madness","floor":37},{"not_picked":["Trip","Swift Strike"],"picked":"Finesse","floor":37},{"not_picked":["Forethought","Jack Of All Trades"],"picked":"Madness","floor":37},{"not_picked":["Coolheaded","Redo","Rip and Tear+1"],"picked":"SKIP","floor":38},{"not_picked":["Go for the Eyes","Turbo","Sweeping Beam"],"picked":"SKIP","floor":39},{"not_picked":["Blizzard+1","Sweeping Beam+1","Compile Driver+1"],"picked":"SKIP","floor":41},{"not_picked":["Consume","Coolheaded+1"],"picked":"Defragment+1","floor":42},{"not_picked":["Conserve Battery","Compile Driver","Gash"],"picked":"SKIP","floor":45},{"not_picked":["Machine Learning","Stack+1","Lockon+1"],"picked":"Storm","floor":47},{"not_picked":["Skim","Multi-Cast","Ball Lightning"],"picked":"Go for the Eyes+1","floor":54}],"player_experience":851543,"relics_obtained":[{"floor":7,"key":"DataDisk"},{"floor":9,"key":"Oddly Smooth Stone"},{"floor":11,"key":"Blood Vial"},{"floor":24,"key":"Juzu Bracelet"},{"floor":26,"key":"Omamori"},{"floor":27,"key":"Shovel"},{"floor":29,"key":"Torii"},{"floor":40,"key":"Lantern"},{"floor":42,"key":"Peace Pipe"},{"floor":44,"key":"Shuriken"},{"floor":45,"key":"Lizard Tail"},{"floor":46,"key":"Question Card"},{"floor":48,"key":"Du-Vu Doll"},{"floor":52,"key":"Eternal Feather"},{"floor":54,"key":"Orichalcum"}],"event_choices":[{"damage_healed":0,"gold_gain":0,"player_choice":"Grow","damage_taken":0,"max_hp_gain":0,"max_hp_loss":0,"event_name":"Living Wall","floor":4,"gold_loss":0,"cards_upgraded":["Zap"]},{"damage_healed":0,"gold_gain":0,"player_choice":"Ignored","damage_taken":0,"max_hp_gain":0,"max_hp_loss":0,"event_name":"Ghosts","floor":19,"gold_loss":0},{"damage_healed":0,"gold_gain":99,"player_choice":"Stole From Cult","damage_taken":0,"max_hp_gain":0,"max_hp_loss":0,"event_name":"Nest","floor":22,"gold_loss":0},{"damage_healed":0,"gold_gain":0,"player_choice":"Ignored","damage_taken":0,"max_hp_gain":0,"max_hp_loss":0,"event_name":"N\u0027loth","floor":30,"gold_loss":0},{"damage_healed":0,"gold_gain":0,"player_choice":"Memory 3","damage_taken":10,"max_hp_gain":0,"max_hp_loss":0,"event_name":"SensoryStone","floor":37,"gold_loss":0},{"damage_healed":0,"gold_gain":0,"player_choice":"Fight","damage_taken":0,"max_hp_gain":0,"max_hp_loss":0,"event_name":"Mysterious Sphere","floor":48,"gold_loss":0}],"is_beta":false,"boss_relics":[{"not_picked":["Calling Bell","FrozenCore"],"picked":"Inserter"},{"not_picked":["Coffee Dripper","Pandora\u0027s Box"],"picked":"SlaversCollar"}],"items_purged_floors":[],"is_endless":false,"potions_floor_spawned":[1,5,7,8,14,16,28,29,31,33,39,41,42,45,48,54],"ascension_level":1}}