{"host":"dlqyscxstsnu98l1","time":1610348952,"event":{"mods":["AchievementEnabler","BaseMod","Bestiary","Colored Map","Colored Powertips","Conspire","Downfall","GifTheSpireLib","Hermit","Highlight Path","Minty Spire (QoL Compilation)","Random Character Button","Replay The Spire","SacredBarkPlus","StSLib","everything is the same but u backflip on backflip"],"gold_per_floor":[117,117,292,92,108,166,166,276,276,296,75,136,136],"floor_reached":12,"playtime":614,"items_purged":["hermit:Strike_Hermit"],"score":126,"play_id":"1239c919-402b-4f0b-89c1-007890a689ae","local_time":"20210111010912","is_ascension_mode":false,"campfire_choices":[{"data":"hermit:Snapshot","floor":7,"key":"SMITH"}],"circlet_count":0,"master_deck":["hermit:Strike_Hermit","hermit:Strike_Hermit","hermit:Strike_Hermit","hermit:Defend_Hermit","hermit:Defend_Hermit","hermit:Defend_Hermit","hermit:Defend_Hermit","hermit:Snapshot+1","hermit:Covet","hermit:Snipe","CommonCold","Doubt","conspire:SpireCoStock","conspire:SpireCoStock","conspire:SpireCoStock","conspire:SpireCoStock","hermit:BodyArmor","hermit:Enervate","hermit:CursedWeapon"],"relics":["hermit:Momento","NeowsBlessing","PrismaticShard","conspire:BottledYoYo","Replay:Towering Pillar of Hats","conspire:DecoderRing"],"acts_visited":["Exordium"],"potions_floor_usage":[6,10,12],"damage_taken":[{"damage":0,"enemies":"2 Louse","floor":1,"turns":1},{"damage":0,"enemies":"Jaw Worm","floor":5,"turns":1},{"damage":0,"enemies":"3 Sentries","floor":6,"turns":2},{"damage":44,"enemies":"Lagavulin Event","floor":8,"turns":6},{"damage":0,"enemies":"Small Slimes","floor":10,"turns":3},{"damage":34,"enemies":"Gremlin Nob","floor":12,"turns":4}],"seed_played":"-5188092501410000176","potions_obtained":[{"floor":5,"key":"LiquidMemories"},{"floor":8,"key":"AttackPotion"},{"floor":10,"key":"LifebloodPotion"}],"is_trial":false,"path_per_floor":["M","?","?","?","M","E","R","?","T","M","$","E"],"character_chosen":"HERMIT","items_purchased":["hermit:Enervate","hermit:CursedWeapon"],"campfire_rested":0,"item_purchase_floors":[11,11],"current_hp_per_floor":[75,75,75,75,75,75,75,31,31,31,31,0,0],"gold":136,"neow_bonus":"THREE_ENEMY_KILL","is_daily":false,"chose_seed":false,"campfire_upgraded":1,"win_rate":0.0,"timestamp":1610348952,"path_taken":["M","?","?","?","M","E","R","?","T","M","$","E"],"items_purchased_type":["Card","Card"],"build_version":"2020-12-22","purchased_purges":1,"victory":false,"max_hp_per_floor":[75,75,75,75,75,75,75,75,75,75,75,75,75],"card_choices":[{"not_picked":["hermit:WideOpen","hermit:ItchyTrigger"],"picked":"hermit:Snipe","floor":1},{"not_picked":["sneckomod:QuickBite","expansioncontent:AwakenDeath","hexamod:NightmareStrike"],"picked":"SKIP","floor":5},{"not_picked":["Panic Button","Hidden Blade","expansioncontent:AwakenDeath"],"picked":"SKIP","floor":6},{"not_picked":["Go for the Eyes","hermit:Virtue"],"picked":"hermit:BodyArmor","floor":10}],"player_experience":32912,"relics_obtained":[{"floor":6,"key":"conspire:BottledYoYo"},{"floor":8,"key":"Replay:Towering Pillar of Hats"},{"floor":9,"key":"conspire:DecoderRing"}],"event_choices":[{"damage_healed":0,"gold_gain":175,"player_choice":"AGREE","damage_taken":0,"max_hp_gain":0,"max_hp_loss":0,"event_name":"Liars Game","floor":3,"gold_loss":0,"cards_obtained":["Doubt"]},{"damage_healed":0,"gold_gain":0,"player_choice":"Invest 4","damage_taken":0,"max_hp_gain":0,"max_hp_loss":0,"event_name":"conspire:Investor","floor":4,"gold_loss":0},{"damage_healed":0,"gold_gain":30,"player_choice":"Searched \u00273\u0027 times","damage_taken":0,"max_hp_gain":0,"max_hp_loss":0,"event_name":"Dead Adventurer","floor":8,"gold_loss":0}],"is_beta":false,"boss_relics":[],"items_purged_floors":[11],"is_endless":false,"potions_floor_spawned":[5,8,10],"killed_by":"Gremlin Nob","ascension_level":0}}