{"host":"gg","time":1610403091,"event":{"mods":["BaseMod","Colored Map","Googly Eyes","Minty Spire (QoL Compilation)","Permanent Neow","Relic Stats","The IronCluck"],"gold_per_floor":[359,339,21,38,50,50,83,83,163,163,163,179,220,235,235,235,235],"floor_reached":16,"playtime":1888,"items_purged":["Doubt"],"score":220,"play_id":"109e40cd-d961-4858-b212-1c7a99e36113","local_time":"20210111141131","is_ascension_mode":true,"campfire_choices":[{"data":"Genetic Algorithm","floor":6.0,"key":"SMITH"},{"data":"Rip and Tear","floor":8.0,"key":"SMITH"},{"data":"Electrodynamics","floor":15,"key":"SMITH"}],"circlet_count":0,"master_deck":["AscendersBane","Strike_B","Strike_B","Strike_B","Strike_B","Defend_B","Defend_B","Defend_B","Defend_B","Zap","Dualcast","Ball Lightning","Genetic Algorithm+1","Rip and Tear+1","Coolheaded","Conserve Battery","Electrodynamics+1","Cold Snap"],"relics":["Cracked Core","Runic Capacitor","Oddly Smooth Stone","Singing Bowl","Golden Idol","Blue Candle"],"acts_visited":["Exordium"],"potions_floor_usage":[16],"damage_taken":[{"damage":7.0,"enemies":"Small Slimes","floor":1.0,"turns":4.0},{"damage":6.0,"enemies":"Cultist","floor":4.0,"turns":4.0},{"damage":3.0,"enemies":"2 Louse","floor":5.0,"turns":3.0},{"damage":26.0,"enemies":"Lagavulin","floor":7.0,"turns":7.0},{"damage":7,"enemies":"2 Fungi Beasts","floor":12,"turns":3},{"damage":32,"enemies":"Gremlin Nob","floor":13,"turns":4},{"damage":5,"enemies":"Looter","floor":14,"turns":3},{"damage":23,"enemies":"Hexaghost","floor":16,"turns":9}],"seed_played":"126663501976986482","potions_obtained":[{"floor":1.0,"key":"SkillPotion"},{"floor":2.0,"key":"FairyPotion"},{"floor":13,"key":"Fruit Juice"}],"is_trial":false,"path_per_floor":["M","?","$","M","M","R","E","R","T","?","?","M","E","M","R","B"],"character_chosen":"DEFECT","items_purchased":["Runic Capacitor","Genetic Algorithm"],"campfire_rested":0,"item_purchase_floors":[3,3],"current_hp_per_floor":[57,57,57,51,48,48,22,22,22,22,22,17,19,14,14,0,0],"gold":235,"neow_bonus":"TWO_FIFTY_GOLD","is_daily":false,"chose_seed":false,"campfire_upgraded":3,"win_rate":0.0,"timestamp":1610403091,"path_taken":["M","?","$","M","?","R","E","R","T","?","?","M","E","M","R","BOSS"],"items_purchased_type":["Relic","Card"],"build_version":"2020-12-18","purchased_purges":1,"victory":false,"max_hp_per_floor":[71,71,71,71,71,71,71,71,71,64,64,66,66,66,66,71,71],"relic_stats":{"Singing Bowl":2,"counters":[8,37],"Golden Idol":14,"Blue Candle":[0],"obtain_stats":[{"Singing Bowl":9,"Golden Idol":10,"Blue Candle":13,"Oddly Smooth Stone":7,"Runic Capacitor":3,"Cracked Core":0},{"Singing Bowl":4,"Golden Idol":4,"Blue Candle":6,"Oddly Smooth Stone":4,"Runic Capacitor":1,"Cracked Core":0},{"Singing Bowl":18,"Golden Idol":18,"Blue Candle":25,"Oddly Smooth Stone":18,"Runic Capacitor":4,"Cracked Core":0}]},"card_choices":[{"not_picked":["Turbo","Defragment"],"picked":"Ball Lightning","floor":1.0},{"not_picked":["Conserve Battery","Go for the Eyes"],"picked":"Rip and Tear","floor":4.0},{"not_picked":["Compile Driver","Streamline"],"picked":"Coolheaded","floor":5.0},{"not_picked":["Blizzard","Stack"],"picked":"Conserve Battery","floor":7.0},{"not_picked":["Tempest","Beam Cell","Turbo"],"picked":"Singing Bowl","floor":12},{"not_picked":["Rebound","Conserve Battery"],"picked":"Electrodynamics","floor":13},{"not_picked":["Gash","Hello World"],"picked":"Cold Snap","floor":14}],"player_experience":1166979,"relics_obtained":[{"floor":7.0,"key":"Oddly Smooth Stone"},{"floor":9.0,"key":"Singing Bowl"},{"floor":13,"key":"Blue Candle"}],"event_choices":[{"damage_healed":0.0,"max_hp_gain":0.0,"max_hp_loss":0.0,"gold_gain":0.0,"event_name":"The Woman in Blue","player_choice":"Bought 1 Potion","floor":2.0,"gold_loss":0.0,"damage_taken":0.0},{"damage_healed":0.0,"max_hp_gain":0.0,"max_hp_loss":7.0,"gold_gain":0.0,"event_name":"Golden Idol","player_choice":"Lose Max HP","floor":10.0,"gold_loss":0.0,"damage_taken":0.0,"relics_obtained":["Golden Idol"]},{"damage_healed":0,"gold_gain":0,"player_choice":"Searched \u00270\u0027 times","damage_taken":0,"max_hp_gain":0,"max_hp_loss":0,"event_name":"Dead Adventurer","floor":11,"gold_loss":0}],"is_beta":true,"boss_relics":[],"items_purged_floors":[3],"is_endless":false,"potions_floor_spawned":[1,4,13],"killed_by":"Hexaghost","ascension_level":20}}