{"host":"qwv9nni2x0umspiu","time":1610402503,"event":{"mods":["BaseMod","Downfall","Minty Spire (QoL Compilation)","Replay The Spire","StSLib","The Hierophant","Wandering Minibosses"],"gold_per_floor":[116,116,57,75,150,150,175,175,198,198,211,234,244,258,258,274,274,232,252,269,269,269,269,199,199],"floor_reached":24,"playtime":1227,"items_purged":[],"score":462,"play_id":"d90ccbc1-b162-47c6-ba4c-144591bf6f9a","local_time":"20210111140143","is_ascension_mode":true,"campfire_choices":[{"data":"hierophant:Punish","floor":6,"key":"SMITH"},{"data":"hierophant:Alms","floor":8,"key":"SMITH"},{"data":"hierophant:HammerAndAnvil","floor":10,"key":"SMITH"},{"data":"hierophant:Community","floor":15,"key":"SMITH"},{"data":"hierophant:Encroach","floor":23,"key":"SMITH"}],"circlet_count":0,"master_deck":["AscendersBane","hierophant:Strike_Hierophant","hierophant:Strike_Hierophant","hierophant:Strike_Hierophant","hierophant:Punish+1","hierophant:Defend_Hierophant","hierophant:Defend_Hierophant","hierophant:Defend_Hierophant","hierophant:ChurchCoffers+1","hierophant:Community+1","hierophant:Zeal","hierophant:HammerAndAnvil+1","hierophant:Alms+1","hierophant:Shelter","hierophant:Encroach+1","hierophant:FlamingChariot","hierophant:MintersHammer"],"relics":["hierophant:PropheticMaskRelic","NeowsBlessing","InkBottle","Replay:Rubber Ducky","Cursed Key"],"acts_visited":["Exordium","TheCity"],"potions_floor_usage":[12,16,18,24],"damage_taken":[{"damage":0,"enemies":"2 Louse","floor":1,"turns":1},{"damage":0,"enemies":"Small Slimes","floor":4,"turns":1},{"damage":0,"enemies":"3 Sentries","floor":7,"turns":1},{"damage":2,"enemies":"Jaw Worm","floor":11,"turns":3},{"damage":20,"enemies":"Lagavulin","floor":12,"turns":5},{"damage":0,"enemies":"3 Louse","floor":13,"turns":2},{"damage":0,"enemies":"Gremlin Gang","floor":14,"turns":1},{"damage":24,"enemies":"Fading Forest","floor":16,"turns":13},{"damage":16,"enemies":"2 Thieves","floor":18,"turns":3},{"damage":0,"enemies":"Shell Parasite","floor":19,"turns":4},{"damage":0,"enemies":"Shelled Parasite and Fungi","floor":20,"turns":3},{"damage":41,"enemies":"Book of Stabbing","floor":24,"turns":7}],"seed_played":"1599964829760480374","potions_obtained":[{"floor":4,"key":"SkillPotion"},{"floor":12,"key":"Strength Potion"},{"floor":13,"key":"BlessingOfTheForge"},{"floor":20,"key":"Dexterity Potion"}],"is_trial":false,"path_per_floor":["M","?","$","M","?","R","E","R","T","R","M","E","M","M","R","B",null,"M","M","M","?","?","R","E"],"character_chosen":"HIEROPHANT","items_purchased":["hierophant:Zeal"],"campfire_rested":0,"item_purchase_floors":[3],"current_hp_per_floor":[68,68,68,68,57,57,57,57,57,57,55,35,35,35,35,19,61,45,45,45,45,45,45,4,4],"gold":199,"neow_bonus":"THREE_ENEMY_KILL","is_daily":false,"chose_seed":false,"campfire_upgraded":5,"win_rate":0.0,"timestamp":1610402503,"path_taken":["M","?","$","M","?","R","E","R","T","R","M","E","M","M","R","BOSS","M","M","M","?","?","R","E"],"items_purchased_type":["Card"],"build_version":"2020-12-22","purchased_purges":0,"victory":false,"max_hp_per_floor":[75,75,75,75,75,75,75,75,75,75,75,75,75,75,75,75,75,75,75,75,75,75,75,75,75],"card_choices":[{"not_picked":["hierophant:Zeal","hierophant:Bribe"],"picked":"hierophant:Community","floor":1},{"not_picked":["hierophant:Encroach","hierophant:Bribe"],"picked":"hierophant:HammerAndAnvil","floor":4},{"not_picked":["hierophant:MorningPrayer","hierophant:AuricBeam"],"picked":"hierophant:Alms","floor":7},{"not_picked":["hierophant:Rebuild","hierophant:PassingBell","hierophant:TollTheBells"],"picked":"SKIP","floor":11},{"not_picked":["hierophant:Mercenaries","hierophant:ThreeLashes","hierophant:Rebuild"],"picked":"SKIP","floor":12},{"not_picked":["hierophant:MorningPrayer","hierophant:Determination","hierophant:MirrorShield"],"picked":"SKIP","floor":13},{"not_picked":["hierophant:Embezzle","hierophant:ArchangelShield"],"picked":"hierophant:Shelter","floor":14},{"not_picked":["hierophant:ThreeLashes","hierophant:Doubloon","hierophant:Shelter"],"picked":"SKIP","floor":18},{"not_picked":["hierophant:DisplayOfPower","hierophant:CursedGold","hierophant:Doubloon"],"picked":"SKIP","floor":19},{"not_picked":["hierophant:Patience","hierophant:FieryStrike"],"picked":"hierophant:Encroach","floor":20}],"player_experience":1342194,"relics_obtained":[{"floor":7,"key":"InkBottle"},{"floor":12,"key":"Replay:Rubber Ducky"}],"event_choices":[{"damage_healed":0,"gold_gain":0,"player_choice":"Grow","damage_taken":0,"max_hp_gain":0,"max_hp_loss":0,"event_name":"Living Wall","floor":2,"gold_loss":0,"cards_upgraded":["hierophant:ChurchCoffers"]},{"damage_healed":0,"gold_gain":75,"player_choice":"Gather Gold","damage_taken":11,"max_hp_gain":0,"max_hp_loss":0,"event_name":"World of Goop","floor":5,"gold_loss":0},{"damage_healed":0,"gold_gain":0,"player_choice":"Ignored","damage_taken":0,"max_hp_gain":0,"max_hp_loss":0,"event_name":"Ghosts","floor":21,"gold_loss":0},{"damage_healed":0,"gold_gain":0,"cards_transformed":["hierophant:Defend_Hierophant","hierophant:Strike_Hierophant"],"player_choice":"Became Test Subject","damage_taken":0,"max_hp_gain":0,"max_hp_loss":0,"event_name":"Drug Dealer","floor":22,"gold_loss":0,"cards_obtained":["hierophant:FlamingChariot","hierophant:MintersHammer"]}],"is_beta":false,"boss_relics":[{"not_picked":["Replay:Ancient Bell","Honey Jar"],"picked":"Cursed Key"}],"items_purged_floors":[],"is_endless":false,"potions_floor_spawned":[4,12,13,14,20],"killed_by":"Book of Stabbing","ascension_level":20}}