{"host":"nomlpa5ttaaqphus","time":1610380938,"event":{"mods":["100% Spire Juice","BaseMod","Colored Powertips","Minty Spire (QoL Compilation)","StSLib"],"gold_per_floor":[119,136,150,163,163,163,177,177,177,177,195,212,229,9,9,111,111,92,112,112,112],"floor_reached":20,"playtime":1114,"items_purged":[],"score":222,"play_id":"2cd1f08e-8c02-4e20-bed0-aa882c0fb787","local_time":"20210111120218","is_ascension_mode":false,"campfire_choices":[{"data":"Moonworks:Ambush","floor":6.0,"key":"SMITH"},{"data":"Moonworks:SweetBattle","floor":8.0,"key":"SMITH"},{"floor":10.0,"key":"REST"},{"data":"Moonworks:AnotherUltimateWeapon","floor":15.0,"key":"SMITH"}],"circlet_count":0,"master_deck":["Moonworks:Strike","Moonworks:Strike","Moonworks:Strike","Moonworks:Strike","Moonworks:Defend","Moonworks:Defend","Moonworks:Defend","Moonworks:Defend","Moonworks:Ambush+1","Moonworks:LongDistanceShot","Moonworks:SweetBattle+1","Moonworks:SweetBattle","Moonworks:ReflectiveShell+1","Moonworks:SakisCookie","Moonworks:SakisCookie","Moonworks:AnotherUltimateWeapon+1","Moonworks:SubspaceTunnel","Moonworks:SakisCookie","Moonworks:Poppoformation"],"relics":["Moonworks:BrokenBomb","Moonworks:Homemark","Bag of Marbles","Question Card","SlaversCollar"],"acts_visited":["Exordium","TheCity"],"potions_floor_usage":[],"damage_taken":[{"damage":4.0,"enemies":"2 Louse","floor":1.0,"turns":2.0},{"damage":10.0,"enemies":"Cultist","floor":2.0,"turns":4.0},{"damage":6.0,"enemies":"Jaw Worm","floor":3.0,"turns":3.0},{"damage":12.0,"enemies":"Looter","floor":4.0,"turns":5.0},{"damage":8.0,"enemies":"Red Slaver","floor":7.0,"turns":5.0},{"damage":0.0,"enemies":"Exordium Thugs","floor":11.0,"turns":4.0},{"damage":0.0,"enemies":"Large Slime","floor":12.0,"turns":2.0},{"damage":12.0,"enemies":"Blue Slaver","floor":13.0,"turns":2.0},{"damage":33.0,"enemies":"Exordium Wildlife","floor":14.0,"turns":6.0},{"damage":0.0,"enemies":"Slime Boss","floor":16.0,"turns":7.0},{"damage":28.0,"enemies":"2 Thieves","floor":18.0,"turns":5.0},{"damage":20.0,"enemies":"Spheric Guardian","floor":19.0,"turns":5.0},{"damage":36,"enemies":"3 Cultists","floor":20,"turns":5}],"seed_played":"-3142267013501016360","potions_obtained":[{"floor":4.0,"key":"BlessingOfTheForge"},{"floor":13.0,"key":"Strength Potion"},{"floor":14.0,"key":"SteroidPotion"},{"floor":18.0,"key":"FairyPotion"}],"is_trial":false,"path_per_floor":["M","M","M","M","?","R","M","R","T","R","M","M","M","M","R","B",null,"M","M","M"],"character_chosen":"THE_STARBREAKER","items_purchased":[],"campfire_rested":1,"item_purchase_floors":[],"current_hp_per_floor":[56,53,59,52,52,52,48,48,48,60,60,60,48,25,25,39,60,44,40,8,8],"gold":112,"neow_bonus":"RANDOM_COMMON_RELIC","is_daily":false,"chose_seed":false,"campfire_upgraded":3,"win_rate":0.0,"timestamp":1610380938,"path_taken":["M","M","M","M","?","R","?","R","T","R","M","M","M","M","R","BOSS","M","M","M"],"items_purchased_type":[],"build_version":"2020-12-22","purchased_purges":0,"victory":false,"max_hp_per_floor":[60,60,60,60,60,60,60,60,60,60,60,60,60,60,60,60,60,60,60,60,60],"card_choices":[{"not_picked":["Moonworks:NicePresent","Moonworks:Assault"],"picked":"Moonworks:SweetBattle","floor":1.0},{"not_picked":["Moonworks:CloudOfSeagulls","Moonworks:FinalSurgery","Moonworks:IndiscriminateFireSupport"],"picked":"SKIP","floor":2.0},{"not_picked":["Moonworks:BigMagnum","Moonworks:CloudOfSeagulls","Moonworks:DeployBits"],"picked":"SKIP","floor":3.0},{"not_picked":["Moonworks:SealedMemories","Moonworks:TacticalRetreat"],"picked":"Moonworks:ReflectiveShell","floor":4.0},{"not_picked":["Moonworks:EvilSpyWorkPreparation","Moonworks:Assault","Moonworks:TacticalRetreat"],"picked":"SKIP","floor":7.0},{"not_picked":["Moonworks:DevilHand","Moonworks:NicePresent","Moonworks:BackdoorTrade"],"picked":"Moonworks:SakisCookie","floor":11.0},{"not_picked":["Moonworks:LulusLuckyEgg","Moonworks:UnluckyCharm","Moonworks:EvilSpyWorkPreparation"],"picked":"Moonworks:SakisCookie","floor":12.0},{"not_picked":["Moonworks:LulusLuckyEgg","Moonworks:Bloodlust","Moonworks:BeyondHell","Moonworks:Assault"],"picked":"SKIP","floor":13.0},{"not_picked":["Moonworks:EvilSpyWorkPreparation","Moonworks:Flamethrower","Moonworks:TreasureThief"],"picked":"Moonworks:AnotherUltimateWeapon","floor":14.0},{"not_picked":["Moonworks:Gamble","Moonworks:MetallicMonocoque","Moonworks:SinkOrSwim"],"picked":"Moonworks:SubspaceTunnel","floor":16.0},{"not_picked":["Moonworks:Poppoformation","Moonworks:BindingChains+1","Moonworks:ForcedRevival"],"picked":"Moonworks:SakisCookie","floor":18.0},{"not_picked":["Moonworks:Assault+1","Moonworks:JonathanRush","Moonworks:AngelHand"],"picked":"Moonworks:Poppoformation","floor":19.0}],"player_experience":69545,"relics_obtained":[{"floor":9.0,"key":"Question Card"}],"event_choices":[{"damage_healed":0.0,"max_hp_gain":0.0,"max_hp_loss":0.0,"gold_gain":0.0,"event_name":"Upgrade Shrine","player_choice":"Upgraded","floor":5.0,"gold_loss":0.0,"damage_taken":0.0,"cards_upgraded":["Moonworks:ReflectiveShell"]}],"is_beta":false,"boss_relics":[{"not_picked":["Sozu","Cursed Key"],"picked":"SlaversCollar"}],"items_purged_floors":[],"is_endless":false,"potions_floor_spawned":[4,13,14,18],"killed_by":"3 Cultists","ascension_level":0}}