{"host":"hve1dyh1ly81yl9f","time":1610380068,"event":{"mods":["BaseMod","Colored Map","DeckTracker","Highlight Path","Keyboard Shortcuts","Minty Spire (QoL Compilation)","Permanent Neow","Quick Restart","StSLib","SuperFastMode"],"gold_per_floor":[16,16,16,191,37,37,70,70,121,136,155,189,201,225,237,352,364,390,312,338,300,312,356,368,413,448,480,510,522,559,585,597,708,720,744,756,785,813,825,837,837],"floor_reached":40,"playtime":1026,"items_purged":["Doubt"],"score":640,"play_id":"35910f82-2369-4b05-8507-b9278c1761ca","local_time":"20210112004748","is_ascension_mode":true,"campfire_choices":[{"data":"Clash","floor":6,"key":"SMITH"},{"data":"Sever Soul","floor":8,"key":"SMITH"},{"data":"Perfected Strike","floor":15,"key":"SMITH"},{"data":"Double Tap","floor":24,"key":"SMITH"},{"floor":29,"key":"REST"},{"floor":32,"key":"REST"}],"circlet_count":0,"master_deck":["Strike_R","Strike_R","Strike_R","Strike_R","Strike_R+1","Defend_R","Defend_R","Bash","Clash+1","Sever Soul+1","Clash","Perfected Strike+1","Double Tap+1","Twin Strike","Clash+1","Wild Strike+1","Clash","Pommel Strike","Wild Strike+1","Offering","Headbutt+1","Mayhem"],"relics":["Black Blood","Turnip","MealTicket","Orichalcum","MawBank","Ancient Tea Set","Oddly Smooth Stone","Dream Catcher","Peace Pipe","Philosopher\u0027s Stone"],"acts_visited":["Exordium","TheCity","TheBeyond"],"potions_floor_usage":[16,25,30,33,40],"damage_taken":[{"damage":6,"enemies":"Cultist","floor":1,"turns":3},{"damage":18,"enemies":"Gremlin Nob","floor":7,"turns":3},{"damage":1,"enemies":"2 Louse","floor":10,"turns":2},{"damage":2,"enemies":"Jaw Worm","floor":11,"turns":2},{"damage":12,"enemies":"3 Sentries","floor":12,"turns":7},{"damage":6,"enemies":"Exordium Wildlife","floor":14,"turns":2},{"damage":42,"enemies":"Hexaghost","floor":16,"turns":7},{"damage":5,"enemies":"Spheric Guardian","floor":18,"turns":3},{"damage":7,"enemies":"Chosen","floor":20,"turns":3},{"damage":44,"enemies":"Slavers","floor":23,"turns":5},{"damage":24,"enemies":"Book of Stabbing","floor":25,"turns":3},{"damage":23,"enemies":"Centurion and Healer","floor":27,"turns":3},{"damage":5,"enemies":"Sentry and Sphere","floor":28,"turns":3},{"damage":15,"enemies":"Gremlin Leader","floor":30,"turns":5},{"damage":12,"enemies":"Chosen and Byrds","floor":31,"turns":4},{"damage":94,"enemies":"Champ","floor":33,"turns":7},{"damage":0,"enemies":"Orb Walker","floor":35,"turns":1},{"damage":37,"enemies":"3 Darklings","floor":37,"turns":3},{"damage":26,"enemies":"4 Shapes","floor":38,"turns":4},{"damage":69,"enemies":"Reptomancer","floor":40,"turns":2}],"seed_played":"4858721879444354167","potions_obtained":[{"floor":7,"key":"LiquidBronze"},{"floor":10,"key":"FairyPotion"},{"floor":11,"key":"SkillPotion"},{"floor":20,"key":"BlessingOfTheForge"},{"floor":25,"key":"Regen Potion"},{"floor":30,"key":"DistilledChaos"},{"floor":33,"key":"BlessingOfTheForge"},{"floor":35,"key":"Ancient Potion"},{"floor":38,"key":"BloodPotion"}],"is_trial":false,"path_per_floor":["M","$","T","?","$","R","E","R","T","M","M","E","$","M","R","B",null,"M","?","M","?","$","E","R","E","T","M","M","R","E","M","R","B",null,"M","?","M","M","?","E"],"character_chosen":"IRONCLAD","items_purchased":["Second Wind"],"campfire_rested":2,"item_purchase_floors":[5],"current_hp_per_floor":[72,72,72,72,72,72,60,60,60,65,69,63,78,78,78,42,71,78,78,80,80,80,48,48,36,36,25,32,56,58,58,80,36,69,80,80,55,41,41,0,0],"gold":837,"neow_bonus":"REMOVE_TWO","is_daily":false,"chose_seed":false,"campfire_upgraded":4,"win_rate":0.0,"timestamp":1610380068,"path_taken":["M","?","?","?","$","R","E","R","T","M","M","E","$","?","R","BOSS","M","?","?","?","?","E","R","E","T","M","M","R","E","M","R","BOSS","M","?","M","?","?","E"],"items_purchased_type":["Card"],"build_version":"2020-12-22","purchased_purges":1,"victory":false,"max_hp_per_floor":[80,80,80,80,80,80,80,80,80,80,80,80,80,80,80,80,80,80,80,80,80,80,80,80,80,80,80,80,80,80,80,80,80,80,80,80,80,80,80,80,80],"card_choices":[{"not_picked":["Headbutt","Thunderclap"],"picked":"Clash","floor":1},{"not_picked":["Sentinel","Reaper"],"picked":"Sever Soul","floor":7},{"not_picked":["Shrug It Off","Cleave"],"picked":"Clash","floor":10},{"not_picked":["Sword Boomerang","Fire Breathing","Clothesline"],"picked":"SKIP","floor":11},{"not_picked":["Cleave","Havoc"],"picked":"Perfected Strike","floor":12},{"not_picked":["Warcry","Body Slam","Flex"],"picked":"SKIP","floor":14},{"not_picked":["Juggernaut","Feed"],"picked":"Double Tap","floor":16},{"not_picked":["Clash","Anger"],"picked":"Twin Strike","floor":18},{"not_picked":["Warcry","Cleave","Iron Wave"],"picked":"SKIP","floor":20},{"not_picked":["Fire Breathing","Dual Wield"],"picked":"Clash+1","floor":23},{"not_picked":["Battle Trance+1","Seeing Red+1"],"picked":"Wild Strike+1","floor":25},{"not_picked":["Thunderclap","Pummel","Cleave"],"picked":"SKIP","floor":27},{"not_picked":["Flame Barrier","Thunderclap","Havoc"],"picked":"SKIP","floor":28},{"not_picked":["Iron Wave","Bludgeon"],"picked":"Clash","floor":29},{"not_picked":["Cleave","Carnage+1"],"picked":"Pommel Strike","floor":30},{"not_picked":["Armaments","Sever Soul"],"picked":"Wild Strike+1","floor":31},{"not_picked":["Exhume","Brutality"],"picked":"Offering","floor":33},{"not_picked":["Anger+1","Heavy Blade+1"],"picked":"Headbutt+1","floor":35},{"not_picked":["Carnage+1","Thunderclap+1","Flame Barrier+1"],"picked":"SKIP","floor":37},{"not_picked":["Cleave+1","Uppercut","Sword Boomerang"],"picked":"SKIP","floor":38},{"not_picked":["Dark Shackles","Sadistic Nature"],"picked":"Mayhem","floor":39}],"player_experience":301731,"relics_obtained":[{"floor":3,"key":"Turnip"},{"floor":7,"key":"MealTicket"},{"floor":9,"key":"Orichalcum"},{"floor":12,"key":"MawBank"},{"floor":23,"key":"Ancient Tea Set"},{"floor":25,"key":"Oddly Smooth Stone"},{"floor":26,"key":"Dream Catcher"},{"floor":30,"key":"Peace Pipe"}],"event_choices":[{"damage_healed":0,"gold_gain":175,"player_choice":"AGREE","damage_taken":0,"max_hp_gain":0,"max_hp_loss":0,"event_name":"Liars Game","floor":4,"gold_loss":0,"cards_obtained":["Doubt"]},{"cards_removed":["Second Wind"],"damage_healed":0,"gold_gain":0,"player_choice":"Upgrade and Remove","damage_taken":0,"max_hp_gain":0,"max_hp_loss":0,"event_name":"Designer","floor":19,"gold_loss":90,"cards_upgraded":["Strike_R"]},{"damage_healed":0,"gold_gain":0,"player_choice":"Bet on Murderer","damage_taken":0,"max_hp_gain":0,"max_hp_loss":0,"event_name":"The Joust","floor":21,"gold_loss":50},{"damage_healed":0,"gold_gain":0,"player_choice":"Bought 0 Potions","damage_taken":0,"max_hp_gain":0,"max_hp_loss":0,"event_name":"The Woman in Blue","floor":36,"gold_loss":0},{"damage_healed":0,"gold_gain":0,"player_choice":"Memory 1","damage_taken":0,"max_hp_gain":0,"max_hp_loss":0,"event_name":"SensoryStone","floor":39,"gold_loss":0}],"is_beta":false,"boss_relics":[{"not_picked":["Calling Bell","Ectoplasm"],"picked":"Black Blood"},{"not_picked":["Runic Dome","Astrolabe"],"picked":"Philosopher\u0027s Stone"}],"items_purged_floors":[5],"is_endless":false,"potions_floor_spawned":[7,10,11,20,25,28,30,33,35,38],"killed_by":"Reptomancer","ascension_level":6}}