{"host":"3kdwm9n4ehf6yd4s","time":1610325374,"event":{"mods":["BaseMod","GifTheSpireLib","Minty Spire (QoL Compilation)","Quick Restart","Replay The Spire","StSLib"],"gold_per_floor":[109,109,109,109,19,51,51,77,77,77,111,211,228,245,245,348,348,363,363,363,382,0,32,32,43,43,71,84,84,102,116,116,216,216,234,234,10,218,218,245,255,285,285,297,94,128,140,152,152,152],"floor_reached":51,"playtime":2263,"items_purged":[],"score":904,"play_id":"81ac7b84-58b4-434c-b583-646ac46c0568","local_time":"20210110173614","is_ascension_mode":true,"campfire_choices":[{"data":"Blizzard","floor":10,"key":"SMITH"},{"data":"FIFO Queue","floor":15,"key":"SMITH"},{"floor":29,"key":"REST"},{"floor":49,"key":"REST"}],"circlet_count":0,"master_deck":["Strike_B","Strike_B","Strike_B","Strike_B","Defend_B","Defend_B","Defend_B","Defend_B","Zap","Dualcast","Leap+1","Blizzard+1","Gash","Gash","Glacier+1","Conserve Battery","Cold Snap","FIFO Queue+1","Creative AI","Leap","Blizzard","Defragment","Ball Lightning","Cold Snap","Tempest","Defragment","Loop","Defragment","Echo Form+1","Streamline+1","ReplayTheSpireMod:Calculation Training","Cold Snap","Barrage","Heatsinks+1","Blizzard","Parasite","Static Discharge","Cold Snap","Creative AI","Gash","Chaos","Stack+1"],"relics":["FrozenCore","NeowsBlessing","ReplayTheSpireMod:Ring of Collecting","Ring of Shattering","Quantum Egg","Pet Ghost","Ring of Hypnosis","Replay:Bottled Steam","Snack Pack","Vajra","Replay:Wax Seal","Replay:Antivirus Software","OrangePellets","Darkstone Periapt","Ring of Fury","Bottled Tornado","Juzu Bracelet","Nuclear Battery","Happy Flower","CaptainsWheel","Iron Hammer","ReplayTheSpireMod:Ring of Exchange","Replay:Baseball","Dream Catcher","Anchor"],"acts_visited":["Exordium","TheCity","TheBeyond"],"potions_floor_usage":[18,18,23,23,23,27,41,41,50,50,50],"damage_taken":[{"damage":0,"enemies":"2 Louse","floor":1,"turns":1},{"damage":0,"enemies":"3 Sentries","floor":6,"turns":1},{"damage":0,"enemies":"Lagavulin","floor":8,"turns":1},{"damage":20,"enemies":"Gremlin Nob","floor":11,"turns":5},{"damage":0,"enemies":"Small Slimes","floor":13,"turns":2},{"damage":2,"enemies":"Jaw Worm","floor":14,"turns":3},{"damage":10,"enemies":"The Guardian","floor":16,"turns":11},{"damage":0,"enemies":"Shell Parasite","floor":18,"turns":7},{"damage":2,"enemies":"Spheric Guardian","floor":21,"turns":6},{"damage":11,"enemies":"Gremlin Leader","floor":23,"turns":8},{"damage":8,"enemies":"3 Cultists","floor":25,"turns":5},{"damage":3,"enemies":"Replay:Snechameleon","floor":27,"turns":11},{"damage":6,"enemies":"Cultist and Chosen","floor":28,"turns":6},{"damage":6,"enemies":"Snake Plant","floor":30,"turns":4},{"damage":0,"enemies":"3 Cultists","floor":31,"turns":6},{"damage":0,"enemies":"Champ","floor":33,"turns":12},{"damage":11,"enemies":"Orb Walker","floor":35,"turns":5},{"damage":0,"enemies":"Giant Head","floor":40,"turns":10},{"damage":6,"enemies":"3 Darklings","floor":41,"turns":6},{"damage":6,"enemies":"R_Hoarder","floor":42,"turns":9},{"damage":1,"enemies":"Writhing Mass","floor":44,"turns":7},{"damage":29,"enemies":"Nemesis","floor":46,"turns":9},{"damage":0,"enemies":"Spire Growth","floor":47,"turns":4},{"damage":0,"enemies":"Sphere and 2 Shapes","floor":48,"turns":5},{"damage":4,"enemies":"Replay:Hell Engine","floor":50,"turns":9}],"seed_played":"4005695115953761935","potions_obtained":[{"floor":8,"key":"Adrenaline Potion"},{"floor":11,"key":"ColorlessPotion"},{"floor":14,"key":"GamblersBrew"},{"floor":18,"key":"Ancient Potion"},{"floor":21,"key":"EssenceOfSteel"},{"floor":25,"key":"Elixir"},{"floor":30,"key":"Fire Potion"},{"floor":40,"key":"Adrenaline Potion"},{"floor":46,"key":"Doom Potion"},{"floor":47,"key":"Explosive Potion"},{"floor":48,"key":"Energy Potion"}],"is_trial":false,"path_per_floor":["M","?","?","?","$","E","$","E","T","R","E","?","M","M","R","B",null,"M","?","?","M","$","E","$","M","T","E","M","R","M","M","R","B",null,"M","?","$","?","?","E","M","E","T","M","$","E","M","M","R","B",null],"character_chosen":"DEFECT","items_purchased":["Blizzard","Gash","Replay:Wax Seal","Replay:Antivirus Software","Defragment","OrangePellets","Happy Flower","ReplayTheSpireMod:Calculation Training","Cold Snap","Dream Catcher"],"campfire_rested":2,"item_purchase_floors":[5,5,22,22,22,22,37,37,45,45],"current_hp_per_floor":[75,75,75,75,75,75,75,75,75,75,55,55,55,53,53,49,75,75,75,61,59,59,50,50,42,42,39,35,59,53,55,79,80,80,71,71,71,39,70,70,66,65,65,74,74,49,53,55,76,76],"gold":152,"neow_bonus":"THREE_ENEMY_KILL","is_daily":false,"chose_seed":false,"campfire_upgraded":2,"win_rate":0.0,"timestamp":1610325374,"path_taken":["M","?","?","?","$","E","?","E","T","R","E","?","?","M","R","BOSS","M","?","?","M","$","E","?","M","T","E","M","R","M","M","R","BOSS","M","?","?","?","?","E","M","E","T","M","$","E","M","M","R","BOSS"],"items_purchased_type":["Card","Card","Relic","Relic","Card","Relic","Relic","Card","Card","Relic"],"build_version":"2020-12-22","purchased_purges":0,"victory":true,"max_hp_per_floor":[75,75,75,75,75,75,75,75,75,75,75,75,75,75,75,75,75,75,75,80,80,80,80,80,80,80,80,80,80,80,80,80,80,80,80,80,80,80,70,70,70,70,70,76,76,76,76,76,76,76],"card_choices":[{"not_picked":["Turbo","Hologram"],"picked":"Leap","floor":1},{"not_picked":["Fusion","Heatsinks"],"picked":"Gash","floor":6},{"not_picked":["Steam","Amplify"],"picked":"Glacier","floor":8},{"not_picked":["Rebound","Tempest"],"picked":"Conserve Battery","floor":11},{"not_picked":["Doom and Gloom","Leap"],"picked":"Cold Snap","floor":13},{"not_picked":["Chill","Barrage"],"picked":"FIFO Queue","floor":14},{"not_picked":["Seek","ReplayTheSpireMod:Omega Cannon"],"picked":"Creative AI","floor":16},{"not_picked":["Coolheaded+1","Time Bomb+1"],"picked":"Leap","floor":18},{"not_picked":["Beam Cell","Fusion"],"picked":"Blizzard","floor":21},{"not_picked":["Beam Cell","Biased Cognition"],"picked":"Ball Lightning","floor":23},{"not_picked":["Stack","Go for the Eyes"],"picked":"Cold Snap","floor":25},{"not_picked":["ReplayTheSpireMod:System Scan","Rebound+1"],"picked":"Tempest","floor":27},{"not_picked":["Gash","Go for the Eyes"],"picked":"Defragment","floor":28},{"not_picked":["Barrage","Sunder"],"picked":"Loop","floor":30},{"not_picked":["Leap","Turbo+1"],"picked":"Defragment","floor":31},{"not_picked":["Rainbow","Hyperbeam"],"picked":"Echo Form","floor":33},{"not_picked":["Recycle","Scrape+1"],"picked":"Streamline+1","floor":35},{"not_picked":["Hologram+1","Streamline"],"picked":"Cold Snap","floor":38},{"not_picked":["Aggregate+1","Chaos"],"picked":"Barrage","floor":40},{"not_picked":["Steam+1","Sweeping Beam"],"picked":"Heatsinks+1","floor":41},{"not_picked":["Meteor Strike","Streamline"],"picked":"Blizzard","floor":42},{"not_picked":["Turbo","Coolheaded+1"],"picked":"Static Discharge","floor":44},{"not_picked":["Beam Cell","Stack"],"picked":"Creative AI","floor":46},{"not_picked":["Reprogram+1","Hologram+1"],"picked":"Gash","floor":47},{"not_picked":["Stack+1","Beam Cell"],"picked":"Chaos","floor":48},{"not_picked":["Redo","Tempest"],"picked":"Stack+1","floor":49}],"player_experience":145528,"relics_obtained":[{"floor":3,"key":"ReplayTheSpireMod:Ring of Collecting"},{"floor":3,"key":"Ring of Shattering"},{"floor":6,"key":"Quantum Egg"},{"floor":8,"key":"Pet Ghost"},{"floor":9,"key":"Ring of Hypnosis"},{"floor":9,"key":"Replay:Bottled Steam"},{"floor":11,"key":"Snack Pack"},{"floor":23,"key":"Darkstone Periapt"},{"floor":26,"key":"Ring of Fury"},{"floor":26,"key":"Bottled Tornado"},{"floor":27,"key":"Juzu Bracelet"},{"floor":40,"key":"CaptainsWheel"},{"floor":42,"key":"Iron Hammer"},{"floor":43,"key":"ReplayTheSpireMod:Ring of Exchange"},{"floor":43,"key":"Replay:Baseball"},{"floor":46,"key":"Anchor"}],"event_choices":[{"damage_healed":0,"gold_gain":0,"player_choice":"Leave","damage_taken":0,"max_hp_gain":0,"max_hp_loss":0,"event_name":"The Cleric","floor":2,"gold_loss":0},{"damage_healed":0,"gold_gain":0,"player_choice":"Grow","damage_taken":0,"max_hp_gain":0,"max_hp_loss":0,"event_name":"Living Wall","floor":4,"gold_loss":0,"cards_upgraded":["Leap"]},{"damage_healed":0,"gold_gain":100,"player_choice":"Pray","damage_taken":0,"max_hp_gain":0,"max_hp_loss":0,"event_name":"Golden Shrine","floor":12,"gold_loss":0},{"damage_healed":0,"gold_gain":0,"player_choice":"Shed Blood","damage_taken":19,"max_hp_gain":5,"max_hp_loss":0,"event_name":"Forgotten Altar","floor":20,"gold_loss":0},{"damage_healed":0,"gold_gain":0,"player_choice":"Forge","damage_taken":0,"max_hp_gain":0,"max_hp_loss":0,"event_name":"Accursed Blacksmith","floor":36,"gold_loss":0,"cards_upgraded":["Echo Form"]},{"damage_healed":70,"gold_gain":0,"player_choice":"Heal","damage_taken":0,"max_hp_gain":0,"max_hp_loss":10,"event_name":"The Moai Head","floor":39,"gold_loss":0}],"is_beta":false,"boss_relics":[{"not_picked":["ReplayTheSpireMod:DimensionalGlitch","Velvet Choker"],"picked":"FrozenCore"},{"not_picked":["Ring of Chaos","Philosopher\u0027s Stone"],"picked":"Nuclear Battery"}],"items_purged_floors":[],"is_endless":false,"potions_floor_spawned":[8,11,14,18,21,25,30,40,46,47,48],"ascension_level":1}}