{"host":"fuszjwm6fqgjjp4d","time":1610354673,"event":{"mods":["BaseMod","Bestiary","Colored Map","DeckTracker","Minty Spire (QoL Compilation)","Permanent Neow","Relic Sorter","Relic Stats","StSLib"],"gold_per_floor":[116,134,134,134,153,153,165,165,165,178,226,226,258,274,274,348,348,368,393,393,411,33,33,33,33,33,33,44,44,144,10,10,88,88,105,118,1,1,223,253,253,282,332,353,353,243,258,73,73,73,73],"floor_reached":52,"playtime":2293,"items_purged":["Dualcast","Strike_B","Strike_B","Strike_B+1"],"score":2062,"play_id":"5a0989e7-2b3c-4b86-85d5-af1ea9d16578","local_time":"20210111024433","is_ascension_mode":true,"campfire_choices":[{"data":"Reprogram","floor":6.0,"key":"SMITH"},{"data":"FTL","floor":8.0,"key":"SMITH"},{"data":"Genetic Algorithm","floor":12.0,"key":"SMITH"},{"floor":15.0,"key":"REST"},{"floor":23.0,"key":"REST"},{"data":"Beam Cell","floor":25.0,"key":"SMITH"},{"floor":27.0,"key":"REST"},{"floor":29.0,"key":"REST"},{"data":"Echo Form","floor":32.0,"key":"SMITH"},{"data":"Seek","floor":41,"key":"SMITH"},{"data":"Sweeping Beam","floor":45,"key":"SMITH"},{"data":"Finesse","floor":49,"key":"SMITH"}],"circlet_count":0,"master_deck":["AscendersBane","Defend_B","Defend_B","Defend_B+1","Defend_B","Reprogram+1","Rip and Tear","Genetic Algorithm+1","FTL+1","Steam","Echo Form+1","Beam Cell+1","Core Surge","Sweeping Beam+1","All For One+1","Reprogram+1","Reprogram+1","Hologram+1","Seek+1","Core Surge","Rip and Tear","FTL+1","Reinforced Body","Finesse+1"],"relics":["Cracked Core","Happy Flower","HornCleat","Orichalcum","Centennial Puzzle","SlaversCollar","Red Mask","Membership Card","Lantern","Vajra","FossilizedHelix","StrikeDummy","Nuclear Battery","Regal Pillow","Sundial","CeramicFish"],"acts_visited":["Exordium","TheCity","TheBeyond"],"potions_floor_usage":[44,47,50,51],"damage_taken":[{"damage":2.0,"enemies":"Jaw Worm","floor":1.0,"turns":3.0},{"damage":9.0,"enemies":"Small Slimes","floor":2.0,"turns":5.0},{"damage":0.0,"enemies":"Cultist","floor":5.0,"turns":3.0},{"damage":0.0,"enemies":"2 Fungi Beasts","floor":7.0,"turns":2.0},{"damage":6.0,"enemies":"Exordium Thugs","floor":10.0,"turns":6.0},{"damage":13.0,"enemies":"Lagavulin","floor":13.0,"turns":5.0},{"damage":4.0,"enemies":"Gremlin Gang","floor":14.0,"turns":4.0},{"damage":19.0,"enemies":"The Guardian","floor":16.0,"turns":10.0},{"damage":6.0,"enemies":"3 Byrds","floor":18.0,"turns":4.0},{"damage":35.0,"enemies":"Masked Bandits","floor":19.0,"turns":6.0},{"damage":10.0,"enemies":"2 Thieves","floor":21.0,"turns":3.0},{"damage":17.0,"enemies":"Snecko","floor":28.0,"turns":4.0},{"damage":0.0,"enemies":"Colosseum Slavers","floor":30.0,"turns":3.0},{"damage":2.0,"enemies":"Colosseum Nobs","floor":30.0,"turns":3.0},{"damage":10.0,"enemies":"Collector","floor":33.0,"turns":10.0},{"damage":0.0,"enemies":"3 Darklings","floor":35.0,"turns":5.0},{"damage":0,"enemies":"Orb Walker","floor":36,"turns":3},{"damage":0,"enemies":"Giant Head","floor":40,"turns":6},{"damage":0,"enemies":"Nemesis","floor":42,"turns":5},{"damage":0,"enemies":"Writhing Mass","floor":44,"turns":5},{"damage":0,"enemies":"4 Shapes","floor":47,"turns":5},{"damage":0,"enemies":"Awakened One","floor":50,"turns":7},{"damage":0,"enemies":"Time Eater","floor":51,"turns":8}],"seed_played":"-8292033968421553791","potions_obtained":[{"floor":1.0,"key":"Swift Potion"},{"floor":7.0,"key":"Strength Potion"},{"floor":10.0,"key":"Fire Potion"},{"floor":14.0,"key":"Explosive Potion"},{"floor":19.0,"key":"Energy Potion"},{"floor":28.0,"key":"CultistPotion"},{"floor":33.0,"key":"PotionOfCapacity"},{"floor":36,"key":"EssenceOfSteel"},{"floor":44,"key":"DistilledChaos"}],"is_trial":false,"path_per_floor":["M","M","?","?","M","R","M","R","T","M","T","R","E","M","R","B",null,"M","?","?","M","$","R","?","R","T","R","M","R","?","$","R","B",null,"M","M","$","?","?","E","R","E","T","M","R","?","M","$","R","B","B",null],"character_chosen":"DEFECT","items_purchased":["Membership Card","Lantern","All For One","Seek","SkillPotion","AttackPotion","Reinforced Body","Finesse","Swift Potion"],"campfire_rested":4,"item_purchase_floors":[22,22,22,31,37,37,48,48,48],"current_hp_per_floor":[62,53,46,25,25,25,25,25,25,19,19,19,6,2,23,4,54,48,13,13,3,3,24,24,24,24,45,28,49,47,47,47,37,63,63,63,63,63,63,63,63,63,63,63,63,63,63,63,63,63,63],"gold":73,"neow_bonus":"RANDOM_COMMON_RELIC","is_daily":false,"chose_seed":false,"campfire_upgraded":8,"win_rate":0.0,"timestamp":1610354673,"path_taken":["M","M","?","?","M","R","M","R","T","M","?","R","E","M","R","BOSS","M","?","?","?","$","R","?","R","T","R","?","R","?","?","R","BOSS","M","?","$","?","?","E","R","E","T","M","R","?","M","$","R","BOSS","BOSS"],"items_purchased_type":["Relic","Relic","Card","Card","Potion","Potion","Card","Card","Potion"],"build_version":"2020-12-22","purchased_purges":4,"victory":true,"max_hp_per_floor":[71,71,71,71,71,71,71,71,71,71,71,71,71,71,71,71,71,71,71,71,71,71,71,71,71,71,71,71,71,71,71,71,71,71,71,71,71,67,67,67,67,67,67,67,67,67,67,67,67,67,67],"relic_stats":{"Centennial Puzzle":[24],"Regal Pillow":0,"Happy Flower":[38],"counters":[23,115],"Sundial":[4],"CeramicFish":27,"Orichalcum":[102],"obtain_stats":[{"Lantern":22,"Regal Pillow":40,"Happy Flower":0,"CeramicFish":43,"Vajra":26,"Orichalcum":11,"Nuclear Battery":34,"SlaversCollar":17,"Centennial Puzzle":13,"HornCleat":9,"Sundial":42,"Red Mask":19,"Membership Card":22,"Cracked Core":0,"StrikeDummy":30,"FossilizedHelix":30},{"Lantern":11,"Regal Pillow":18,"Happy Flower":0,"CeramicFish":19,"Vajra":11,"Orichalcum":5,"Nuclear Battery":15,"SlaversCollar":8,"Centennial Puzzle":6,"HornCleat":4,"Sundial":19,"Red Mask":10,"Membership Card":11,"Cracked Core":0,"StrikeDummy":14,"FossilizedHelix":14},{"Lantern":51,"Regal Pillow":85,"Happy Flower":0,"CeramicFish":90,"Vajra":51,"Orichalcum":19,"Nuclear Battery":71,"SlaversCollar":38,"Centennial Puzzle":24,"HornCleat":13,"Sundial":90,"Red Mask":48,"Membership Card":51,"Cracked Core":0,"StrikeDummy":61,"FossilizedHelix":61}]},"card_choices":[{"not_picked":["Undo","Rebound"],"picked":"Reprogram","floor":1.0},{"not_picked":["Streamline","Storm"],"picked":"Rip and Tear","floor":2.0},{"not_picked":["Force Field","Ball Lightning"],"picked":"Genetic Algorithm","floor":5.0},{"not_picked":["Auto Shields","Stack"],"picked":"FTL","floor":7.0},{"not_picked":["Gash","Recycle"],"picked":"Steam","floor":10.0},{"not_picked":["Force Field","Rebound"],"picked":"Echo Form","floor":13.0},{"not_picked":["Compile Driver","Beam Cell","Gash"],"picked":"SKIP","floor":14.0},{"not_picked":["Compile Driver","Gash"],"picked":"Beam Cell","floor":14.0},{"not_picked":["Thunder Strike","Creative AI"],"picked":"Core Surge","floor":16.0},{"not_picked":["Beam Cell","Consume","Compile Driver"],"picked":"SKIP","floor":18.0},{"not_picked":["Chill","Compile Driver+1"],"picked":"Sweeping Beam","floor":21.0},{"not_picked":["Turbo","Consume"],"picked":"Reprogram+1","floor":28.0},{"not_picked":["Barrage","Darkness"],"picked":"Hologram+1","floor":30.0},{"not_picked":["Hyperbeam","Fission"],"picked":"Core Surge","floor":33.0},{"not_picked":["Redo+1","Compile Driver"],"picked":"Rip and Tear","floor":35.0},{"not_picked":["Consume","Stack","Heatsinks+1"],"picked":"SKIP","floor":36},{"not_picked":["Leap","Storm","Barrage"],"picked":"SKIP","floor":40},{"not_picked":["Redo","Beam Cell","Gash"],"picked":"SKIP","floor":42},{"not_picked":["Rebound","BootSequence"],"picked":"FTL+1","floor":44},{"not_picked":["Darkness+1","BootSequence","Conserve Battery"],"picked":"SKIP","floor":47}],"player_experience":1246470,"relics_obtained":[{"floor":9.0,"key":"HornCleat"},{"floor":11.0,"key":"Orichalcum"},{"floor":13.0,"key":"Centennial Puzzle"},{"floor":19.0,"key":"Red Mask"},{"floor":26.0,"key":"Vajra"},{"floor":30.0,"key":"FossilizedHelix"},{"floor":30.0,"key":"StrikeDummy"},{"floor":40,"key":"Regal Pillow"},{"floor":42,"key":"Sundial"},{"floor":43,"key":"CeramicFish"}],"event_choices":[{"cards_removed":["Zap"],"damage_healed":0.0,"max_hp_gain":0.0,"max_hp_loss":0.0,"gold_gain":0.0,"event_name":"Golden Wing","player_choice":"Card Removal","floor":3.0,"gold_loss":0.0,"damage_taken":7.0},{"damage_healed":0.0,"max_hp_gain":0.0,"max_hp_loss":0.0,"gold_gain":0.0,"event_name":"Shining Light","player_choice":"Entered Light","floor":4.0,"gold_loss":0.0,"damage_taken":21.0,"cards_upgraded":["Strike_B","Defend_B"]},{"damage_healed":0.0,"max_hp_gain":0.0,"max_hp_loss":0.0,"gold_gain":0.0,"event_name":"Masked Bandits","player_choice":"Fought Bandits","floor":19.0,"gold_loss":0.0,"damage_taken":0.0},{"damage_healed":0.0,"max_hp_gain":0.0,"max_hp_loss":0.0,"gold_gain":0.0,"event_name":"Cursed Tome","player_choice":"Ignored","floor":20.0,"gold_loss":0.0,"damage_taken":0.0},{"damage_healed":0.0,"max_hp_gain":0.0,"max_hp_loss":0.0,"gold_gain":0.0,"event_name":"Duplicator","player_choice":"Copied","floor":24.0,"gold_loss":0.0,"damage_taken":0.0,"cards_obtained":["Reprogram"]},{"damage_healed":0.0,"max_hp_gain":0.0,"max_hp_loss":0.0,"gold_gain":0.0,"event_name":"Colosseum","player_choice":"Fight","floor":30.0,"gold_loss":0.0,"damage_taken":0.0},{"damage_healed":0.0,"max_hp_gain":0.0,"max_hp_loss":0.0,"gold_gain":0.0,"event_name":"Colosseum","player_choice":"Fought Nobs","floor":30.0,"gold_loss":0.0,"damage_taken":0.0},{"damage_healed":0,"gold_gain":0,"player_choice":"Max HP","damage_taken":0,"max_hp_gain":0,"max_hp_loss":4,"event_name":"Winding Halls","floor":38,"gold_loss":0},{"damage_healed":0,"gold_gain":222,"player_choice":"Wore Mask","damage_taken":0,"max_hp_gain":0,"max_hp_loss":0,"event_name":"Tomb of Lord Red Mask","floor":39,"gold_loss":0},{"cards_removed":["Strike_B"],"damage_healed":0,"gold_gain":0,"player_choice":"Upgrade and Remove","damage_taken":0,"max_hp_gain":0,"max_hp_loss":0,"event_name":"Designer","floor":46,"gold_loss":110,"cards_upgraded":["All For One"]}],"is_beta":false,"boss_relics":[{"not_picked":["Cursed Key","Ectoplasm"],"picked":"SlaversCollar"},{"not_picked":["FrozenCore","Velvet Choker"],"picked":"Nuclear Battery"}],"items_purged_floors":[22,31,37,48],"is_endless":false,"potions_floor_spawned":[1,7,10,14,19,28,30,33,36,40,44],"ascension_level":20}}