{"host":"Sean","time":1610387841,"event":{"mods":["BaseMod","Block Reminder","Colored Map","Colored Powertips","Highlight Path","Minty Spire (QoL Compilation)","Permanent Neow","Relic Stats"],"gold_per_floor":[114,64,78,94,114,143,143,154,154,154,165,165,165,340,340,443,443,461,52,65,65,65,100,119,147,147,147,1,36,36,55,55,150,150,167,214,214,224,70,70,70],"floor_reached":40,"playtime":7153,"items_purged":["Doubt"],"score":563,"play_id":"520260f2-3615-4765-b9b1-f15eaaf8b5d6","local_time":"20210111175721","is_ascension_mode":true,"campfire_choices":[{"data":"Vault","floor":7.0,"key":"SMITH"},{"data":"Eruption","floor":10.0,"key":"SMITH"},{"data":"Crescendo","floor":12.0,"key":"SMITH"},{"data":"SashWhip","floor":15.0,"key":"SMITH"},{"data":"ForeignInfluence","floor":27.0,"key":"SMITH"},{"data":"Vault","floor":30.0,"key":"SMITH"},{"data":"Adaptation","floor":32.0,"key":"SMITH"}],"circlet_count":0,"master_deck":["Strike_P+1","Strike_P+1","Defend_P+1","Defend_P+1","Defend_P+1","Eruption+1","Vigilance","SpiritShield+1","JustLucky","SashWhip+1","FlyingSleeves","EmptyBody+1","Vault+1","Crescendo+1","FlurryOfBlows","Vault+1","WreathOfFlame","EmptyFist","Adaptation+1","Conclude","ThirdEye+1","Protect+1","ForeignInfluence+1","Perseverance+1","Crescendo","Ragnarok","Wallop"],"relics":["HolyWater","War Paint","TeardropLocket","Frozen Eye","Strawberry","Eternal Feather","GoldenEye","Melange","Dream Catcher","Snecko Eye","Girya","Akabeko"],"acts_visited":["Exordium","TheCity","TheBeyond"],"potions_floor_usage":[],"damage_taken":[{"damage":1.0,"enemies":"Jaw Worm","floor":1.0,"turns":6.0},{"damage":0.0,"enemies":"2 Louse","floor":3.0,"turns":2.0},{"damage":0.0,"enemies":"Small Slimes","floor":4.0,"turns":2.0},{"damage":9.0,"enemies":"Exordium Thugs","floor":5.0,"turns":6.0},{"damage":18.0,"enemies":"3 Sentries","floor":6.0,"turns":11.0},{"damage":0.0,"enemies":"Blue Slaver","floor":8.0,"turns":5.0},{"damage":0.0,"enemies":"3 Louse","floor":11.0,"turns":1.0},{"damage":18.0,"enemies":"The Guardian","floor":16.0,"turns":16.0},{"damage":15.0,"enemies":"Shell Parasite","floor":18.0,"turns":9.0},{"damage":0.0,"enemies":"Chosen","floor":20.0,"turns":4.0},{"damage":9.0,"enemies":"Slavers","floor":23.0,"turns":7.0},{"damage":4.0,"enemies":"Centurion and Healer","floor":24.0,"turns":5.0},{"damage":8.0,"enemies":"Book of Stabbing","floor":25.0,"turns":8.0},{"damage":0.0,"enemies":"Slavers","floor":29.0,"turns":5.0},{"damage":0.0,"enemies":"Snake Plant","floor":31.0,"turns":4.0},{"damage":43.0,"enemies":"Collector","floor":33.0,"turns":12.0},{"damage":9.0,"enemies":"3 Shapes","floor":35.0,"turns":6.0},{"damage":30.0,"enemies":"2 Orb Walkers","floor":36.0,"turns":8.0},{"damage":4.0,"enemies":"3 Darklings","floor":38.0,"turns":11.0},{"damage":57,"enemies":"Reptomancer","floor":40,"turns":5}],"seed_played":"-1279045024272692576","potions_obtained":[{"floor":1.0,"key":"LiquidBronze"},{"floor":4.0,"key":"Strength Potion"},{"floor":6.0,"key":"Block Potion"},{"floor":16.0,"key":"GamblersBrew"},{"floor":23.0,"key":"Fruit Juice"},{"floor":25.0,"key":"AttackPotion"},{"floor":31.0,"key":"Ambrosia"},{"floor":35.0,"key":"LiquidBronze"},{"floor":38.0,"key":"Dexterity Potion"}],"is_trial":false,"path_per_floor":["M","?","M","M","M","E","R","M","T","R","M","R","?","?","R","B",null,"M","$","M","?","?","E","M","E","T","R","$","E","R","M","R","B",null,"M","?","?","M","$","E"],"character_chosen":"WATCHER","items_purchased":["Frozen Eye","EmptyFist","Adaptation","Conclude","Melange","Akabeko"],"campfire_rested":0,"item_purchase_floors":[19,19,19,19,28,39],"current_hp_per_floor":[71,71,71,71,62,44,44,44,44,44,44,44,30,30,30,12,72,57,57,57,57,57,55,51,43,43,55,55,55,67,67,79,36,79,70,40,40,41,41,0,0],"gold":70,"neow_bonus":"TRANSFORM_CARD","is_daily":false,"chose_seed":false,"campfire_upgraded":7,"win_rate":0.0,"timestamp":1610387841,"path_taken":["M","?","M","M","M","E","R","M","T","R","M","R","?","?","R","BOSS","M","$","M","?","?","E","?","E","T","R","$","E","R","M","R","BOSS","M","?","?","?","$","E"],"items_purchased_type":["Relic","Card","Card","Card","Relic","Relic"],"build_version":"2020-12-18","purchased_purges":1,"victory":false,"max_hp_per_floor":[72,72,72,72,72,72,72,72,72,72,72,72,72,72,72,72,72,72,72,72,72,72,79,79,79,79,79,79,79,79,79,79,79,79,79,79,79,84,84,84,84],"relic_stats":{"Dream Catcher":0,"counters":[20,133],"Melange":[33],"Snecko Eye":[45,38,55,49],"Eternal Feather":36,"War Paint":["SpiritShield","Defend_P"],"GoldenEye":[40],"obtain_stats":[{"Girya":36,"Melange":28,"Eternal Feather":25,"TeardropLocket":9,"War Paint":6,"GoldenEye":26,"Akabeko":39,"Frozen Eye":19,"Dream Catcher":29,"Strawberry":23,"HolyWater":17,"Snecko Eye":34,"PureWater":0},{"Girya":18,"Melange":13,"Eternal Feather":13,"TeardropLocket":6,"War Paint":5,"GoldenEye":13,"Akabeko":19,"Frozen Eye":9,"Dream Catcher":14,"Strawberry":11,"HolyWater":8,"Snecko Eye":16,"PureWater":0},{"Girya":117,"Melange":82,"Eternal Feather":82,"TeardropLocket":32,"War Paint":27,"GoldenEye":82,"Akabeko":128,"Frozen Eye":58,"Dream Catcher":87,"Strawberry":69,"HolyWater":49,"Snecko Eye":103,"PureWater":0}]},"card_choices":[{"not_picked":["Fasting2","EmptyBody"],"picked":"JustLucky","floor":1.0},{"not_picked":["EmptyFist","Evaluate"],"picked":"SashWhip","floor":3.0},{"not_picked":["Perseverance","Worship"],"picked":"FlyingSleeves","floor":4.0},{"not_picked":["Prostrate","BowlingBash"],"picked":"EmptyBody","floor":5.0},{"not_picked":["Perseverance","Wireheading"],"picked":"Vault","floor":6.0},{"not_picked":["CrushJoints","WheelKick"],"picked":"Crescendo","floor":8.0},{"not_picked":["EmptyFist","Tantrum"],"picked":"FlurryOfBlows","floor":11.0},{"not_picked":["SpiritShield","ConjureBlade"],"picked":"Vault","floor":16.0},{"not_picked":["CrushJoints","Vengeance"],"picked":"WreathOfFlame","floor":18.0},{"not_picked":["Protect","JustLucky+1"],"picked":"ThirdEye+1","floor":20.0},{"not_picked":["FlyingSleeves","BowlingBash"],"picked":"Protect+1","floor":23.0},{"not_picked":["Conclude+1","Protect"],"picked":"ForeignInfluence","floor":24.0},{"not_picked":["CutThroughFate","Conclude","FlyingSleeves"],"picked":"SKIP","floor":25.0},{"not_picked":["WreathOfFlame+1","CrushJoints"],"picked":"Perseverance+1","floor":29.0},{"not_picked":["CrushJoints","FollowUp+1"],"picked":"Crescendo","floor":31.0},{"not_picked":["Brilliance","MasterReality"],"picked":"Ragnarok","floor":33.0},{"not_picked":["Wireheading","BowlingBash+1"],"picked":"Wallop","floor":35.0},{"not_picked":["EmptyBody","BowlingBash+1","ClearTheMind"],"picked":"SKIP","floor":38.0}],"player_experience":423858,"relics_obtained":[{"floor":6.0,"key":"War Paint"},{"floor":9.0,"key":"TeardropLocket"},{"floor":23.0,"key":"Strawberry"},{"floor":25.0,"key":"Eternal Feather"},{"floor":26.0,"key":"GoldenEye"},{"floor":29.0,"key":"Dream Catcher"},{"floor":36.0,"key":"Girya"}],"event_choices":[{"cards_removed":["Strike_P"],"damage_healed":0.0,"max_hp_gain":0.0,"max_hp_loss":0.0,"gold_gain":0.0,"event_name":"The Cleric","player_choice":"Card Removal","floor":2.0,"gold_loss":50.0,"damage_taken":0.0},{"damage_healed":0.0,"max_hp_gain":0.0,"max_hp_loss":0.0,"gold_gain":0.0,"event_name":"Shining Light","player_choice":"Entered Light","floor":13.0,"gold_loss":0.0,"damage_taken":14.0,"cards_upgraded":["Defend_P","EmptyBody"]},{"damage_healed":0.0,"max_hp_gain":0.0,"max_hp_loss":0.0,"gold_gain":175.0,"event_name":"Liars Game","player_choice":"AGREE","floor":14.0,"gold_loss":0.0,"damage_taken":0.0,"cards_obtained":["Doubt"]},{"damage_healed":0.0,"max_hp_gain":0.0,"max_hp_loss":0.0,"gold_gain":0.0,"event_name":"Back to Basics","player_choice":"Simplicity","floor":21.0,"gold_loss":0.0,"damage_taken":0.0,"cards_upgraded":["Strike_P","Strike_P","Strike_P","Defend_P"]},{"cards_removed":["Strike_P"],"damage_healed":0.0,"max_hp_gain":0.0,"max_hp_loss":0.0,"gold_gain":0.0,"event_name":"Bonfire Elementals","player_choice":"Offered Basic","floor":22.0,"gold_loss":0.0,"damage_taken":0.0},{"damage_healed":0.0,"max_hp_gain":0.0,"max_hp_loss":0.0,"gold_gain":0.0,"event_name":"Mysterious Sphere","player_choice":"Fight","floor":36.0,"gold_loss":0.0,"damage_taken":0.0},{"damage_healed":0.0,"max_hp_gain":0.0,"max_hp_loss":0.0,"gold_gain":0.0,"event_name":"SecretPortal","player_choice":"Ignored","floor":37.0,"gold_loss":0.0,"damage_taken":0.0}],"is_beta":true,"boss_relics":[{"not_picked":["Black Star","Velvet Choker"],"picked":"HolyWater"},{"not_picked":["Philosopher\u0027s Stone","Cursed Key"],"picked":"Snecko Eye"}],"items_purged_floors":[19],"is_endless":false,"potions_floor_spawned":[1,4,6,16,20,23,25,31,35,38],"killed_by":"Reptomancer","ascension_level":4}}