{"host":"lnnm69al9x392px5","time":1610346043,"event":{"mods":["BaseMod","Downfall","Hermit","Minty Spire (QoL Compilation)","Replay The Spire","Robot Space Explorer","StSLib","The Cursed","The Dragon Tamer","The Marked"],"gold_per_floor":[0,16,32,48,33,72,95,125,125,125,137,156,156,175,191,296,296,296,311,30,44,44,58,58,72,89,19,19,51,51,67,79,181,181,181,191,209,223,223,242,242,275,288,306,406,421,436,436,450,450],"floor_reached":51,"playtime":3679,"items_purged":[],"score":736,"play_id":"0dd8a30b-b9fb-419f-99b5-5b032de25562","local_time":"20210110222043","is_ascension_mode":false,"campfire_choices":[{"data":"hexamod:VolcanoVisage","floor":1,"key":"SMITH"},{"floor":10,"key":"REST"},{"floor":13,"key":"REST"},{"data":"hexamod:SearingWound","floor":18,"key":"SMITH"},{"floor":35,"key":"RECALL"}],"circlet_count":0,"master_deck":["hexamod:Strike","hexamod:Strike+1","hexamod:Defend","hexamod:Defend+1","hexamod:Defend+1","hexamod:Defend+1","hexamod:Sear+1","hexamod:Float+1","hexamod:VolcanoVisage+1","hexamod:ThermalTransfer+1","hexamod:EtherealExpedition+1","hexamod:ChargedBarrage+1","hexamod:GhostShield+1","hexamod:SixthSeal","hexamod:RainOfEmbers","hexamod:GhostLash+1","hexamod:RadiantFlame+1","hexamod:SpectersWail","hexamod:EmpoweredFlame+1","hexamod:HeatCrush","hexamod:SearingWound+1","hexamod:TimeOfNeed+1","expansioncontent:QuickStudy","expansioncontent:PrepareCrush+1","hexamod:FastForward","hexamod:SpectersWail","hexamod:GhostflameBarrier","hexamod:GhostflameBarrier+1","hexamod:ThirdSeal","hexamod:ThirdSeal","hexamod:FirstSeal","hexamod:GiftsFromTheDead","hexamod:RadiantFlame","hexamod:StepThrough+1","hexamod:Hexaguard+1","hexamod:GiftsFromTheDead","hexamod:VolcanoVisage+1","hexamod:ParanormalForm+1","hexamod:FastForward+1","hexamod:InspiringFlames+1","hexamod:DynamicBlow+1","hexamod:HeatShield+1","hexamod:Sear+1","hexamod:UnleashSpirits","hexamod:GhostLash+1","hexamod:HeatCrush","hexamod:FastForward+1","hexamod:AdvancingGuard+1","hexamod:SearingWound"],"relics":["hexamod:SpiritBrand","Counterbalance","Pet Ghost","Replay:Mystery Machine","Snecko Heart","Orichalcum","Garlic","War Paint"],"acts_visited":["Exordium","TheCity","TheBeyond"],"potions_floor_usage":[16,33,33,33,33,40,42,42,46],"damage_taken":[{"damage":0,"enemies":"Cultist","floor":2,"turns":5},{"damage":0,"enemies":"Jaw Worm","floor":3,"turns":4},{"damage":4,"enemies":"Small Slimes","floor":4,"turns":5},{"damage":0,"enemies":"downfall:FleeingMerchant","floor":5,"turns":4},{"damage":39,"enemies":"Lagavulin","floor":8,"turns":9},{"damage":5,"enemies":"3 Louse","floor":11,"turns":5},{"damage":2,"enemies":"Gremlin Gang","floor":12,"turns":5},{"damage":5,"enemies":"Lots of Slimes","floor":14,"turns":4},{"damage":7,"enemies":"Red Slaver","floor":15,"turns":3},{"damage":17,"enemies":"downfall:Defect","floor":16,"turns":6},{"damage":6,"enemies":"3 Byrds","floor":19,"turns":4},{"damage":10,"enemies":"downfall:FleeingMerchant","floor":20,"turns":4},{"damage":0,"enemies":"Chosen","floor":21,"turns":3},{"damage":17,"enemies":"Centurion and Healer","floor":23,"turns":4},{"damage":0,"enemies":"Chosen and Byrds","floor":25,"turns":5},{"damage":0,"enemies":"Snecko","floor":26,"turns":3},{"damage":0,"enemies":"downfall:FleeingMerchant","floor":27,"turns":4},{"damage":0,"enemies":"Replay:Snechameleon","floor":29,"turns":6},{"damage":0,"enemies":"Cultist and Chosen","floor":31,"turns":6},{"damage":10,"enemies":"Chosen and Byrds","floor":32,"turns":5},{"damage":11,"enemies":"downfall:Silent","floor":33,"turns":6},{"damage":3,"enemies":"3 Shapes","floor":36,"turns":4},{"damage":10,"enemies":"3 Darklings","floor":37,"turns":4},{"damage":0,"enemies":"Jaw Worm Horde","floor":38,"turns":5},{"damage":0,"enemies":"Transient","floor":40,"turns":5},{"damage":39,"enemies":"Nemesis","floor":42,"turns":7},{"damage":8,"enemies":"Spire Growth","floor":43,"turns":4},{"damage":7,"enemies":"Sphere and 2 Shapes","floor":44,"turns":6},{"damage":0,"enemies":"Jaw Worm Horde","floor":46,"turns":4},{"damage":17,"enemies":"4 Shapes","floor":47,"turns":4},{"damage":1,"enemies":"Sphere and 2 Shapes","floor":49,"turns":5},{"damage":5,"enemies":"downfall:Ironclad","floor":50,"turns":8}],"seed_played":"-8803884008603750424","potions_obtained":[{"floor":4,"key":"Dexterity Potion"},{"floor":8,"key":"SneckoOil"},{"floor":11,"key":"CultistPotion"},{"floor":21,"key":"EntropicBrew"},{"floor":32,"key":"hexamod:DoubleChargePotion"},{"floor":33,"key":"ColorlessPotion"},{"floor":40,"key":"DuplicationPotion"},{"floor":43,"key":"Block Potion"},{"floor":48,"key":"FairyPotion"},{"floor":48,"key":"Block Potion"}],"is_trial":false,"path_per_floor":["R","M","M","M","$","?","T","E","?","R","M","M","R","M","M","B",null,"R","M","$","M","?","M","T","M","M","$","?","E","?","M","M","B",null,"R","M","M","M","?","M","T","E","M","M","?","M","M","?","M","B",null],"character_chosen":"THE_SPIRIT","items_purchased":["expansioncontent:QuickStudy","expansioncontent:PrepareCrush","hexamod:ThirdSeal"],"campfire_rested":2,"item_purchase_floors":[20,20,27],"current_hp_per_floor":[70,70,70,66,66,49,49,10,10,31,26,24,45,40,33,16,70,70,64,54,54,54,37,37,37,45,45,68,68,68,70,60,56,70,70,67,57,57,57,57,57,25,17,17,17,24,7,7,13,15],"gold":450,"neow_bonus":"THREE_RARE_CARDS","is_daily":false,"chose_seed":false,"campfire_upgraded":2,"win_rate":0.0,"timestamp":1610346043,"path_taken":["R","M","?","M","?","?","T","E","?","R","M","?","R","M","M","BOSS","R","M","$","M","?","M","T","?","M","?","?","E","?","M","M","BOSS","R","M","?","M","?","M","T","E","?","M","?","M","?","?","M","BOSS"],"items_purchased_type":["Card","Card","Card"],"build_version":"2020-12-22","purchased_purges":0,"victory":true,"max_hp_per_floor":[70,70,70,70,70,70,70,70,70,70,70,70,70,70,70,70,70,70,70,70,70,70,70,70,70,70,70,70,70,70,70,70,70,70,70,70,70,70,70,70,70,70,70,70,70,70,70,70,70,70],"card_choices":[{"not_picked":["hexamod:FifthSeal","hexamod:HexaLevel"],"picked":"hexamod:VolcanoVisage","floor":0},{"not_picked":["hexamod:PhantomFireball","hexamod:HeatMetal"],"picked":"hexamod:ThermalTransfer","floor":2},{"not_picked":["hexamod:AdvancingGuard","hexamod:FastForward"],"picked":"hexamod:EtherealExpedition","floor":3},{"not_picked":["hexamod:SwordOfDarkness","hexamod:Firestarter"],"picked":"hexamod:ChargedBarrage","floor":4},{"not_picked":["hexamod:NightmareGuise","hexamod:BacktrackSmack"],"picked":"hexamod:GhostShield","floor":5},{"not_picked":["hexamod:NightmareStrike","hexamod:Hexaguard"],"picked":"hexamod:SixthSeal","floor":6},{"not_picked":["hexamod:RecurringNightmare","hexamod:Haunt"],"picked":"hexamod:RainOfEmbers","floor":8},{"not_picked":["hexamod:Hexaguard","hexamod:Firestarter"],"picked":"hexamod:RadiantFlame","floor":11},{"not_picked":["hexamod:FourthSeal","hexamod:NecessarySacrifice"],"picked":"hexamod:SpectersWail","floor":12},{"not_picked":["hexamod:PowerFromBeyond","hexamod:AdvancingGuard"],"picked":"hexamod:EmpoweredFlame","floor":14},{"not_picked":["hexamod:GhostOfSpireFuture","hexamod:SpectersWail"],"picked":"hexamod:HeatCrush","floor":15},{"not_picked":["hexamod:GhostflameInferno","hexamod:VolcanoVisage"],"picked":"hexamod:SearingWound","floor":16},{"not_picked":["hexamod:Firestarter","hexamod:BurningTouch","hexamod:SwordOfDarkness"],"picked":"SKIP","floor":19},{"not_picked":["hexamod:PhantomCloak","hexamod:FirstSeal"],"picked":"hexamod:TimeOfNeed","floor":20},{"not_picked":["hexamod:BacktrackSmack","hexamod:NightmareGuise","hexamod:Firestarter"],"picked":"SKIP","floor":21},{"not_picked":["hexamod:InspiringFlames","hexamod:TurnItUp"],"picked":"hexamod:FastForward","floor":23},{"not_picked":["hexamod:GhostOfSpirePast","hexamod:SwordOfDarkness"],"picked":"hexamod:SpectersWail","floor":25},{"not_picked":["hexamod:NightmareStrike","hexamod:InspiringFlames"],"picked":"hexamod:GhostflameBarrier","floor":26},{"not_picked":["hexamod:BurningTouch","hexamod:InspiringFlames"],"picked":"hexamod:GhostflameBarrier","floor":27},{"not_picked":["hexamod:FourthSeal","hexamod:PhantomCloak+1"],"picked":"hexamod:FirstSeal","floor":29},{"not_picked":["hexamod:ThirdSeal","hexamod:ThermalTransfer"],"picked":"hexamod:GiftsFromTheDead","floor":29},{"not_picked":["hexamod:EmpoweredFlame","hexamod:PhantomCloak","hexamod:AdvancingGuard+1"],"picked":"SKIP","floor":29},{"not_picked":["hexamod:NightmareGuise+1","hexamod:BacktrackSmack+1"],"picked":"hexamod:RadiantFlame","floor":31},{"not_picked":["hexamod:GhostLash","hexamod:FastForward+1"],"picked":"hexamod:StepThrough+1","floor":31},{"not_picked":["hexamod:GhostflameBarrier","hexamod:ThermalTransfer","hexamod:RainOfEmbers"],"picked":"SKIP","floor":31},{"not_picked":["hexamod:ThermalTransfer+1","hexamod:InspiringFlames"],"picked":"hexamod:Hexaguard","floor":32},{"not_picked":["hexamod:ChargedBarrage+1","hexamod:GhostLash+1","hexamod:RainOfEmbers+1"],"picked":"SKIP","floor":32},{"not_picked":["hexamod:SwordOfDarkness","hexamod:Rewind","hexamod:BurningTouch"],"picked":"SKIP","floor":32},{"not_picked":["hexamod:TimeWarp","hexamod:TimeOfNeed"],"picked":"hexamod:GiftsFromTheDead","floor":33},{"not_picked":["hexamod:TimeWarp","hexamod:GiftsFromTheDead"],"picked":"hexamod:VolcanoVisage","floor":33},{"not_picked":["hexamod:EmpoweringStance","hexamod:SearingWound"],"picked":"hexamod:ParanormalForm","floor":33},{"not_picked":["hexamod:HauntingEcho","hexamod:GhostLash+1"],"picked":"hexamod:FastForward+1","floor":36},{"not_picked":["hexamod:GhostflameBarrier","hexamod:Again+1"],"picked":"hexamod:InspiringFlames+1","floor":36},{"not_picked":["hexamod:RainOfEmbers+1","hexamod:Hexaguard+1"],"picked":"hexamod:DynamicBlow+1","floor":37},{"not_picked":["hexamod:Hexaguard","hexamod:BurningTouch","hexamod:BacktrackSmack"],"picked":"SKIP","floor":37},{"not_picked":["hexamod:BacktrackSmack+1","hexamod:NightmareGuise"],"picked":"hexamod:HeatShield+1","floor":38},{"not_picked":["hexamod:Hexaguard","hexamod:GhostShield","hexamod:InspiringFlames"],"picked":"SKIP","floor":38},{"not_picked":["hexamod:InspiringFlames+1","hexamod:EmpoweredFlame+1"],"picked":"hexamod:UnleashSpirits","floor":40},{"not_picked":["hexamod:ThirdSeal","hexamod:AdvancingGuard"],"picked":"hexamod:GhostLash+1","floor":40},{"not_picked":["hexamod:SwordOfDarkness","hexamod:RetreatToShadows+1"],"picked":"hexamod:HeatCrush","floor":40},{"not_picked":["hexamod:ShieldOfDarkness","hexamod:SwordOfDarkness","hexamod:BacktrackSmack+1"],"picked":"SKIP","floor":42},{"not_picked":["hexamod:TurnItUp","hexamod:HauntingEcho","hexamod:SpectersWail+1"],"picked":"SKIP","floor":42},{"not_picked":["hexamod:NightmareGuise+1","hexamod:HauntingEcho+1"],"picked":"hexamod:FastForward+1","floor":43},{"not_picked":["hexamod:SpectralAdrenaline","hexamod:NightmareGuise","hexamod:SwordOfDarkness"],"picked":"SKIP","floor":43},{"not_picked":["hexamod:ThirdSeal","hexamod:StepThrough"],"picked":"hexamod:AdvancingGuard","floor":44},{"not_picked":["hexamod:GhostOfSpirePresent+1","hexamod:NightmareStrike+1"],"picked":"hexamod:SearingWound","floor":46},{"not_picked":["hexamod:BacktrackSmack+1","hexamod:NightmareGuise","hexamod:InspiringFlames"],"picked":"SKIP","floor":46},{"not_picked":["hexamod:AdvancingGuard+1","hexamod:FourthSeal","hexamod:ThermalTransfer+1"],"picked":"SKIP","floor":47},{"not_picked":["hexamod:ShieldOfDarkness","hexamod:Hexaguard","hexamod:GhostLash"],"picked":"SKIP","floor":47},{"not_picked":["hexamod:SwordOfDarkness+1","hexamod:StepThrough","hexamod:Firestarter+1"],"picked":"SKIP","floor":49}],"player_experience":297497,"relics_obtained":[{"floor":6,"key":"Counterbalance"},{"floor":7,"key":"Pet Ghost"},{"floor":8,"key":"Replay:Mystery Machine"},{"floor":29,"key":"Orichalcum"},{"floor":41,"key":"Garlic"},{"floor":42,"key":"War Paint"}],"event_choices":[{"damage_healed":0,"gold_gain":0,"cards_transformed":["hexamod:Strike"],"player_choice":"Transformed","damage_taken":0,"max_hp_gain":0,"max_hp_loss":0,"event_name":"Transmorgrifier","floor":9,"gold_loss":0,"cards_obtained":["hexamod:GhostLash"]},{"cards_removed":["hexamod:Strike"],"damage_healed":0,"gold_gain":0,"player_choice":"Offered Basic","damage_taken":0,"max_hp_gain":0,"max_hp_loss":0,"event_name":"Bonfire Elementals","floor":22,"gold_loss":0},{"damage_healed":23,"gold_gain":0,"player_choice":"Heal","damage_taken":0,"max_hp_gain":0,"max_hp_loss":0,"event_name":"The Library","floor":28,"gold_loss":0},{"damage_healed":0,"gold_gain":0,"player_choice":"Got Potions","damage_taken":0,"max_hp_gain":0,"max_hp_loss":0,"event_name":"Lab","floor":48,"gold_loss":0}],"is_beta":false,"boss_relics":[{"not_picked":["Replay:Grab Bag","ChewingGum"],"picked":"Snecko Heart"},{"not_picked":["Velvet Choker","Replay:Ancient Bell","Kintsugi"]}],"items_purged_floors":[],"is_endless":false,"potions_floor_spawned":[4,8,11,15,21,23,29,32,33,38,40,43,49],"ascension_level":0}}