{"host":"a5lz0e76zb3fcwkm","time":1610378214,"event":{"mods":["AchievementEnabler","BaseMod","Colored Map","Colored Powertips","Minty Spire (QoL Compilation)","StSLib","SuperFastMode"],"gold_per_floor":[119,135,135,60,75,75,108,108,155,165,194,194,194,212,212,212,212],"floor_reached":16,"playtime":250,"items_purged":["Strike_R"],"score":220,"play_id":"11d83a8d-c33c-4111-96a3-ba5730cb4105","local_time":"20210112001654","is_ascension_mode":true,"campfire_choices":[{"data":"Body Slam","floor":6,"key":"SMITH"},{"data":"Carnage","floor":8,"key":"SMITH"},{"data":"Blood for Blood","floor":12,"key":"SMITH"},{"floor":15,"key":"RECALL"}],"circlet_count":0,"master_deck":["AscendersBane","Strike_R","Strike_R","Strike_R","Strike_R","Defend_R","Defend_R","Defend_R","Defend_R","Bash","Body Slam+1","Carnage+1","Blood for Blood+1"],"relics":["Burning Blood","Bag of Marbles","Bag of Preparation","Ginger"],"acts_visited":["Exordium"],"potions_floor_usage":[16,16],"damage_taken":[{"damage":9,"enemies":"Jaw Worm","floor":1,"turns":4},{"damage":7,"enemies":"Cultist","floor":2,"turns":4},{"damage":10,"enemies":"Small Slimes","floor":5,"turns":3},{"damage":52,"enemies":"Lagavulin","floor":7,"turns":7},{"damage":0,"enemies":"2 Fungi Beasts","floor":10,"turns":2},{"damage":8,"enemies":"Gremlin Nob","floor":11,"turns":3},{"damage":14,"enemies":"Exordium Wildlife","floor":14,"turns":3},{"damage":42,"enemies":"Hexaghost","floor":16,"turns":9}],"seed_played":"-6149864094033540623","potions_obtained":[{"floor":5,"key":"ElixirPotion"},{"floor":10,"key":"PowerPotion"},{"floor":11,"key":"EssenceOfSteel"},{"floor":14,"key":"Block Potion"}],"is_trial":false,"path_per_floor":["M","M","?","$","M","R","E","R","T","M","E","R","?","M","R","B"],"character_chosen":"IRONCLAD","items_purchased":[],"campfire_rested":0,"item_purchase_floors":[],"current_hp_per_floor":[61,60,89,89,85,85,39,39,39,45,43,43,48,40,40,0,0],"gold":212,"neow_bonus":"TWENTY_PERCENT_HP_BONUS","is_daily":false,"chose_seed":false,"campfire_upgraded":3,"win_rate":0.0,"timestamp":1610378214,"path_taken":["M","M","?","?","M","R","E","R","T","M","E","R","?","M","R","BOSS"],"items_purchased_type":[],"build_version":"2020-12-22","purchased_purges":1,"victory":false,"max_hp_per_floor":[89,89,89,89,89,89,89,89,89,89,89,89,94,94,94,94,94],"card_choices":[{"not_picked":["True Grit","Clothesline"],"picked":"Body Slam","floor":1},{"not_picked":["Clothesline","True Grit"],"picked":"Carnage","floor":2},{"not_picked":["Armaments","Anger"],"picked":"Carnage","floor":5},{"not_picked":["Rampage","Metallicize"],"picked":"Blood for Blood","floor":7},{"not_picked":["True Grit","Twin Strike","Heavy Blade"],"picked":"SKIP","floor":10},{"not_picked":["Heavy Blade","Seeing Red","Carnage"],"picked":"SKIP","floor":11},{"not_picked":["Perfected Strike","Cleave","Headbutt"],"picked":"SKIP","floor":14}],"player_experience":1719661,"relics_obtained":[{"floor":7,"key":"Bag of Marbles"},{"floor":9,"key":"Bag of Preparation"},{"floor":11,"key":"Ginger"}],"event_choices":[{"cards_removed":["Carnage"],"damage_healed":29,"gold_gain":0,"player_choice":"Offered Uncommon","damage_taken":0,"max_hp_gain":0,"max_hp_loss":0,"event_name":"Bonfire Elementals","floor":3,"gold_loss":0},{"damage_healed":0,"gold_gain":0,"player_choice":"Donut","damage_taken":0,"max_hp_gain":5,"max_hp_loss":0,"event_name":"Big Fish","floor":13,"gold_loss":0}],"is_beta":false,"boss_relics":[],"items_purged_floors":[4],"is_endless":false,"potions_floor_spawned":[5,10,11,14],"killed_by":"Hexaghost","ascension_level":20}}