{"host":"d9m9v0h6vo0edadb","time":1610347080,"event":{"mods":["BaseMod","Hermit","Keyboard Shortcuts","Minty Spire (QoL Compilation)","StSLib","SuperFastMode","The Cursed"],"gold_per_floor":[118,130,130,143,143,176,25,25,93,108,123,123,148,187,187,282,282,306,34,52,52,67,67,107,107,155,168,168,168],"floor_reached":28,"playtime":488,"items_purged":["Pain","Strike_B"],"score":550,"play_id":"013131c3-d5de-40eb-828a-48670c34bacd","local_time":"20210111153800","is_ascension_mode":true,"campfire_choices":[{"data":"Defragment","floor":8.0,"key":"SMITH"},{"data":"Coolheaded","floor":12.0,"key":"SMITH"},{"data":"Go for the Eyes","floor":15.0,"key":"SMITH"},{"data":"Hyperbeam","floor":23,"key":"SMITH"}],"circlet_count":0,"master_deck":["AscendersBane","Strike_B","Strike_B","Defend_B+1","Defend_B","Defend_B","Defend_B","Zap","Dualcast+1","Go for the Eyes+1","Self Repair","Sweeping Beam","Gash","Defragment+1","Coolheaded+1","Reboot","Seek","Chill+1","Hyperbeam+1","Gash"],"relics":["Cracked Core","NeowsBlessing","WarpedTongs","Golden Idol","War Paint","Singing Bowl","Happy Flower","Nuclear Battery","OrangePellets","Ice Cream","Tiny Chest"],"acts_visited":["Exordium","TheCity"],"potions_floor_usage":[],"damage_taken":[{"damage":0.0,"enemies":"Jaw Worm","floor":1.0,"turns":1.0},{"damage":0.0,"enemies":"Cultist","floor":2.0,"turns":1.0},{"damage":0.0,"enemies":"2 Louse","floor":4.0,"turns":1.0},{"damage":40.0,"enemies":"Gremlin Nob","floor":6.0,"turns":4.0},{"damage":6.0,"enemies":"Exordium Thugs","floor":10.0,"turns":4.0},{"damage":14.0,"enemies":"Lots of Slimes","floor":11.0,"turns":4.0},{"damage":4.0,"enemies":"2 Fungi Beasts","floor":13.0,"turns":3.0},{"damage":0.0,"enemies":"Lagavulin","floor":14.0,"turns":6.0},{"damage":8.0,"enemies":"Slime Boss","floor":16.0,"turns":6.0},{"damage":8.0,"enemies":"3 Byrds","floor":18.0,"turns":5.0},{"damage":0.0,"enemies":"Chosen","floor":20.0,"turns":5.0},{"damage":18,"enemies":"Centurion and Healer","floor":22,"turns":3},{"damage":45,"enemies":"Gremlin Leader","floor":24,"turns":7},{"damage":7,"enemies":"Snecko","floor":27,"turns":5},{"damage":18,"enemies":"Snake Plant","floor":28,"turns":5}],"seed_played":"-3169928655426393629","potions_obtained":[{"floor":6.0,"key":"EssenceOfDarkness"},{"floor":10.0,"key":"FocusPotion"},{"floor":11.0,"key":"FearPotion"},{"floor":20.0,"key":"Fire Potion"},{"floor":24,"key":"LiquidBronze"}],"is_trial":false,"path_per_floor":["M","M","?","M","?","E","$","R","T","M","M","R","M","E","R","B",null,"M","$","M","?","M","R","E","$","T","M","M"],"character_chosen":"DEFECT","items_purchased":["Defragment","OrangePellets"],"campfire_rested":0,"item_purchase_floors":[7,19],"current_hp_per_floor":[64,64,64,71,64,31,31,31,31,34,27,27,30,42,42,34,60,61,61,68,68,59,59,24,24,24,29,11,11],"gold":168,"neow_bonus":"THREE_ENEMY_KILL","is_daily":false,"chose_seed":false,"campfire_upgraded":4,"win_rate":0.0,"timestamp":1610347080,"path_taken":["M","M","?","?","?","E","?","R","T","M","M","R","M","E","R","BOSS","M","?","M","?","M","R","E","$","T","M","M"],"items_purchased_type":["Card","Relic"],"build_version":"2020-12-22","purchased_purges":2,"victory":false,"max_hp_per_floor":[71,71,71,71,64,64,64,64,64,66,66,66,66,68,68,68,68,70,70,70,70,72,72,72,72,72,74,74,74],"card_choices":[{"not_picked":["Hologram","Conserve Battery"],"picked":"Go for the Eyes","floor":1.0},{"not_picked":["Conserve Battery","Compile Driver"],"picked":"Self Repair","floor":2.0},{"not_picked":["Ball Lightning","Stack"],"picked":"Sweeping Beam","floor":4.0},{"not_picked":["Glacier","Steam Power"],"picked":"Gash","floor":6.0},{"not_picked":["Hologram","Barrage","Stack"],"picked":"Singing Bowl","floor":10.0},{"not_picked":["Compile Driver","Conserve Battery"],"picked":"Coolheaded","floor":11.0},{"not_picked":["Redo","Leap"],"picked":"Reboot","floor":13.0},{"not_picked":["Scrape","Go for the Eyes","Barrage"],"picked":"Singing Bowl","floor":14.0},{"not_picked":["Fission","Meteor Strike"],"picked":"Seek","floor":16.0},{"not_picked":["Go for the Eyes","Sunder","Auto Shields"],"picked":"Singing Bowl","floor":18.0},{"not_picked":["Compile Driver","Storm"],"picked":"Chill+1","floor":20.0},{"not_picked":["Lockon","Redo","Stack"],"picked":"Singing Bowl","floor":22},{"not_picked":["Leap","Redo"],"picked":"Gash","floor":24},{"not_picked":["Rebound","Hologram","Skim"],"picked":"Singing Bowl","floor":27}],"player_experience":961097,"relics_obtained":[{"floor":6.0,"key":"War Paint"},{"floor":9.0,"key":"Singing Bowl"},{"floor":14.0,"key":"Happy Flower"},{"floor":24,"key":"Ice Cream"},{"floor":26,"key":"Tiny Chest"}],"event_choices":[{"damage_healed":0.0,"max_hp_gain":0.0,"max_hp_loss":0.0,"gold_gain":0.0,"event_name":"Accursed Blacksmith","player_choice":"Rummage","floor":3.0,"gold_loss":0.0,"damage_taken":0.0,"relics_obtained":["WarpedTongs"],"cards_obtained":["Pain"]},{"damage_healed":0.0,"max_hp_gain":0.0,"max_hp_loss":7.0,"gold_gain":0.0,"event_name":"Golden Idol","player_choice":"Lose Max HP","floor":5.0,"gold_loss":0.0,"damage_taken":0.0,"relics_obtained":["Golden Idol"]},{"damage_healed":0.0,"max_hp_gain":0.0,"max_hp_loss":0.0,"gold_gain":0.0,"cards_transformed":["Strike_B"],"event_name":"Transmorgrifier","player_choice":"Transformed","floor":21.0,"gold_loss":0.0,"damage_taken":0.0,"cards_obtained":["Hyperbeam"]}],"is_beta":false,"boss_relics":[{"not_picked":["SacredBark","Busted Crown"],"picked":"Nuclear Battery"}],"items_purged_floors":[7,19],"is_endless":false,"potions_floor_spawned":[6,10,11,20,24],"killed_by":"Snake Plant","ascension_level":20}}