{"host":"61xbmbtf5zrn7rzc","time":1610342008,"event":{"mods":["BaseMod","Challenge The Spire","Hubris","Minty Spire (QoL Compilation)","Replay The Spire","StSLib","SuperFastMode","The Bug Knight"],"gold_per_floor":[116,126,226,245,262,293,293,325,352,69,135,8989,2440,2440,2440,2551,2551,2551,2551,2458,2458,2458,2458,2458,2458,2458,2458,2458,2458,2458,2458,2458,2458,2458,2458,2458,2458,2458,2458,2458,2458,2458,2458,2458,2458,2458,2458,2458,2183,2183,2183],"floor_reached":56,"playtime":3099,"items_purged":["HollowMod:NailStrikeStart","HollowMod:NailStrikeStart","Bandage Up+1"],"score":1772,"play_id":"f62cc9a6-0905-413f-a857-581fcc31c725","local_time":"20210111001328","is_ascension_mode":true,"campfire_choices":[{"data":"HollowMod:CornifersMapStart","floor":7,"key":"SMITH"},{"data":"HollowMod:HuntersJournal","floor":12,"key":"SMITH"},{"data":"1","floor":15,"key":"LIFT"},{"data":"Pot Of Greed","floor":23,"key":"SMITH"},{"data":"hubris:DuctTapeCard","floor":23,"key":"SMITH"},{"floor":25,"key":"RECALL"},{"data":"HollowMod:CloakDash","floor":29,"key":"SMITH"},{"data":"HollowMod:SoulVessel","floor":29,"key":"SMITH"},{"data":"2","floor":32,"key":"LIFT"},{"data":"3","floor":40,"key":"LIFT"},{"data":"HollowMod:SoulStrike","floor":49,"key":"SMITH"},{"data":"HollowMod:SoulSplash","floor":49,"key":"SMITH"},{"data":"HollowMod:BaldurShell","floor":52,"key":"SMITH"},{"data":"HollowMod:Grubsong","floor":52,"key":"SMITH"}],"circlet_count":5,"master_deck":["HollowMod:NailStrikeStart","HollowMod:NailStrikeStart","HollowMod:QuickDashStart","HollowMod:QuickDashStart","HollowMod:QuickDashStart","HollowMod:FocusHealStart","HollowMod:CloakDash+1","HollowMod:CornifersMapStart+1","HollowMod:SoulVessel+1","HollowMod:DungDefenderAura","HollowMod:BaldurShell+1","HollowMod:Grubsong+1","HollowMod:HuntersJournal+1","Pot Of Greed+1","Pot Of Greed+1","hubris:DuctTapeCard+3","HollowMod:SoulSplash+1","HollowMod:AwokenDreamNail+1","HollowMod:SoulStrike+1","Cold Snap","HollowMod:ShapeofUnn+1","Panache+1","Pot Of Greed+1","Secret Technique+1","HollowMod:SharpenedShadows+1","HollowMod:ShapeofUnn+1","HollowMod:SoulMaster+1","HollowMod:NewGlowingWomb+1","HollowMod:SoulVessel+1","HollowMod:SharpenedShadows+1","HollowMod:MothsMistake+1","HollowMod:NewGlowingWomb+1","HollowMod:BaldurShell+1","HollowMod:NewGlowingWomb+1","Pot Of Greed+1","HollowMod:SlysStrikes+1","HollowMod:CycloneSlash+1","HollowMod:PerfectDash+1","HollowMod:SoulVessel+1","HollowMod:BaldurShell+1","HollowMod:HuntersJournal+1","Electrodynamics+1","Madness+1","Madness+1"],"relics":["HollowMod:VesselMask","NeowsBlessing","The Courier","HollowMod:MillibellesNoteRelic","Replay:Rubber Ducky","hubris:Metronome","WingedGreaves","Onion Ring","Eternal Feather","PreservedInsect","Ice Cream","Blood Vial","Vajra","hubris:TenFootPole","Kunai","Calipers","Replay:Bottled Flurry","Ancient Tea Set","Grinning Jar","Gambling Chip","Boot","Ornamental Fan","Replay:Mystery Machine","hubris:TinFlute","Toy Ornithopter","ReplayTheSpireMod:TigerMarble","hubris:Reverence","Pet Ghost","Counterbalance","Dream Catcher","hubris:SphereOfDissonance","hubris:ToyBattleship","HollowMod:LifeEnderRelic","Replay:PocketPolymizer","Juzu Bracelet","Darkstone Periapt","hubris:BottledRain","Omamori","Bronze Scales","ReplayFunnel","Strawberry","Letter Opener","HollowMod:PaleOreRelic","Pen Nib","Lantern","Torii","Iron Hammer","Unceasing Top","Replay:Kaleidoscope","Replay:Wax Seal","hubris:DisguiseKit","hubris:SlimyHat","Tiny Chest","Blue Doll","Replay:Bandana","CaptainsWheel","Incense Burner","ReplayTheSpireMod:Shallot","hubris:Teleporter","hubris:OldNail","White Beast Statue","hubris:MedicalManual","Replay:Baseball","Oddly Smooth Stone","hubris:DuctTape","Bottled Tornado","Potion Belt","MealTicket","Golden Egg","Happy Flower","Bag of Preparation","Replay:Bottled Snecko","FossilizedHelix","Orichalcum","Nunchaku","Simple Rune","Gremlin Food","Centennial Puzzle","Question Card","Quantum Egg","Whetstone","hubris:PeanutButter","War Paint","Toolbox","Anchor","Mummified Hand","Garlic","Art of War","Mirror","HollowMod:KingsBrand","Turnip","Regal Pillow","HollowMod:MantisClawRelic","HornCleat","Chameleon Ring","Bag of Marbles","Molten Egg 2","Meat on the Bone","ReplayTheSpireMod:Lightbulb","InkBottle","Replay:Multitool","Girya","Sundial","Replay:Ringing Soul","Pocketwatch","HollowMod:StagPassRelic","Replay:Bottled Steam","HollowMod:LumaflyLanternRelic","hubris:Zylophone","ReplayTheSpireMod:Ninjato","Mercury Hourglass","Replay:Bottled Eggs","Bottled Lightning","hubris:MysteriousPyramids","Singing Bowl","Gremlin Horn","Snack Pack","Matryoshka","Replay:WaspNest","hubris:CuriousFeather","Pear","Shuriken","Replay:Accelerometer","Pantograph","hubris:CrystalStatue","Toxic Egg 2","Frozen Egg 2","Durian","hubris:GlazedTorus","Pondfish Scales","Blue Candle","Du-Vu Doll","Thread and Needle","Bird Faced Urn","hubris:FunFungus","Mango","Peace Pipe","hubris:Potato","Replay:Arrowhead","Replay:Towering Pillar of Hats","hubris:64BitClover","Prayer Wheel","StoneCalendar","TungstenRod","Ginger","Lizard Tail","Circlet","hubris:Towel","Ectoplasm","Ring of Misfortune","Ring of Panic","Cursed Key","BranchBurnRelic","HandDrill"],"acts_visited":["Exordium","TheCity","TheBeyond","TheEnding"],"potions_floor_usage":[6,8,55,55,55,55],"damage_taken":[{"damage":0,"enemies":"Jaw Worm","floor":1,"turns":1},{"damage":0,"enemies":"Cultist","floor":2,"turns":1},{"damage":0,"enemies":"Small Slimes","floor":4,"turns":1},{"damage":2,"enemies":"2 Fungi Beasts","floor":5,"turns":7},{"damage":26,"enemies":"Lagavulin","floor":6,"turns":9},{"damage":30,"enemies":"3 Sentries","floor":8,"turns":13},{"damage":0,"enemies":"HollowMod:FalseKnight","floor":16,"turns":1},{"damage":0,"enemies":"2 Thieves","floor":18,"turns":1},{"damage":0,"enemies":"Shell Parasite","floor":22,"turns":1},{"damage":0,"enemies":"HollowMod:Nosk","floor":24,"turns":1},{"damage":0,"enemies":"Book of Stabbing","floor":27,"turns":1},{"damage":0,"enemies":"Shelled Parasite and Fungi","floor":28,"turns":1},{"damage":0,"enemies":"Slavers","floor":31,"turns":1},{"damage":0,"enemies":"Automaton","floor":33,"turns":2},{"damage":0,"enemies":"3 Darklings","floor":35,"turns":1},{"damage":0,"enemies":"3 Shapes","floor":39,"turns":1},{"damage":0,"enemies":"R_Hoarder","floor":41,"turns":2},{"damage":0,"enemies":"Awakened One","floor":50,"turns":3},{"damage":0,"enemies":"Shield and Spear","floor":54,"turns":1},{"damage":0,"enemies":"The Heart","floor":55,"turns":4}],"seed_played":"1291740049110337163","potions_obtained":[{"floor":1,"key":"Elixir"},{"floor":4,"key":"Strength Potion"},{"floor":11,"key":"DuplicationPotion"},{"floor":16,"key":"Energy Potion"},{"floor":18,"key":"SteroidPotion"},{"floor":22,"key":"LiquidMemories"},{"floor":24,"key":"Adrenaline Potion"},{"floor":28,"key":"Energy Potion"},{"floor":31,"key":"BlessingOfTheForge"},{"floor":33,"key":"PowerPotion"},{"floor":35,"key":"Block Potion"}],"is_trial":false,"path_per_floor":["M","M","?","M","M","E","R","E","T","$","?","R","$","?","R","B",null,"M","?","$","T","M","R","E","R","T","E","M","R","?","E","R","B",null,"M","?","?","T","M","R","E","T","T","?","R","B",null,"R","$","E","B",null],"character_chosen":"THE_BUGKNIGHT","items_purchased":["Elixir","HollowMod:HuntersJournal","hubris:Metronome","WingedGreaves","Onion Ring","Eternal Feather","PreservedInsect","Ice Cream","Blood Vial","Vajra","hubris:TenFootPole","Kunai","Calipers","Replay:Bottled Flurry","Ancient Tea Set","Grinning Jar","Gambling Chip","Boot","Ornamental Fan","Replay:Mystery Machine","hubris:TinFlute","Toy Ornithopter","ReplayTheSpireMod:TigerMarble","hubris:Reverence","Pet Ghost","Counterbalance","Dream Catcher","hubris:SphereOfDissonance","hubris:ToyBattleship","HollowMod:LifeEnderRelic","Replay:PocketPolymizer","Juzu Bracelet","Darkstone Periapt","hubris:BottledRain","Omamori","Bronze Scales","ReplayFunnel","Strawberry","Letter Opener","HollowMod:PaleOreRelic","Pen Nib","Lantern","Torii","Iron Hammer","Unceasing Top","Replay:Kaleidoscope","Replay:Wax Seal","hubris:DisguiseKit","hubris:SlimyHat","Tiny Chest","Blue Doll","Replay:Bandana","CaptainsWheel","Incense Burner","ReplayTheSpireMod:Shallot","hubris:Teleporter","hubris:OldNail","White Beast Statue","hubris:MedicalManual","Replay:Baseball","Oddly Smooth Stone","hubris:DuctTape","HollowMod:SoulSplash","HollowMod:AwokenDreamNail","Bottled Tornado","Potion Belt","MealTicket","Golden Egg","Happy Flower","Bag of Preparation","Replay:Bottled Snecko","FossilizedHelix","Orichalcum","Nunchaku","Simple Rune","Gremlin Food","Centennial Puzzle","Question Card","Quantum Egg","hubris:PeanutButter","War Paint","Toolbox","Anchor","Mummified Hand","HollowMod:ShapeofUnn","Panache+1","Secret Technique","Bandage Up","Garlic","Art of War","Mirror","HollowMod:KingsBrand","Turnip","Regal Pillow","HollowMod:MantisClawRelic","HornCleat","Chameleon Ring","Bag of Marbles","Molten Egg 2","Meat on the Bone","ReplayTheSpireMod:Lightbulb","InkBottle","Replay:Multitool","Girya","Sundial","Replay:Ringing Soul","Pocketwatch","HollowMod:StagPassRelic","Replay:Bottled Steam","HollowMod:LumaflyLanternRelic","hubris:Zylophone","ReplayTheSpireMod:Ninjato","Mercury Hourglass","Replay:Bottled Eggs","Dead Branch","Bottled Lightning","hubris:MysteriousPyramids","Singing Bowl","Gremlin Horn","Snack Pack","Matryoshka","Replay:WaspNest","hubris:CuriousFeather","Pear","Shuriken","Replay:Accelerometer","Pantograph","hubris:CrystalStatue","Toxic Egg 2","Frozen Egg 2","Durian","hubris:GlazedTorus","Pondfish Scales","Blue Candle","Du-Vu Doll","Thread and Needle","Bird Faced Urn","hubris:FunFungus","Mango","Peace Pipe","hubris:Potato","Replay:Arrowhead","Replay:Towering Pillar of Hats","hubris:64BitClover","Prayer Wheel","StoneCalendar","TungstenRod","Ginger","Lizard Tail","Circlet","Circlet","HollowMod:SharpenedShadows+1","HollowMod:ShapeofUnn+1","HollowMod:SoulMaster+1","HollowMod:NewGlowingWomb+1","HollowMod:SoulVessel+1","HollowMod:SharpenedShadows+1","HollowMod:MothsMistake+1","HollowMod:NewGlowingWomb+1","HollowMod:BaldurShell+1","HollowMod:NewGlowingWomb+1","HollowMod:SlysStrikes+1","HollowMod:SoulVessel+1","HollowMod:BaldurShell+1","HandDrill","EssenceOfSteel"],"campfire_rested":0,"item_purchase_floors":[10,10,10,10,10,10,10,10,10,10,10,10,10,10,10,10,10,10,10,10,10,10,10,10,10,10,10,10,10,10,10,10,10,10,10,10,10,10,10,10,10,10,10,10,10,10,10,10,10,10,10,10,10,10,10,10,10,10,10,10,10,10,10,10,10,10,10,10,10,10,10,10,10,10,10,10,10,10,10,13,13,13,13,13,13,13,13,13,13,13,13,13,13,13,13,13,13,13,13,13,13,13,13,13,13,13,13,13,13,13,13,13,13,13,13,13,13,13,13,13,13,13,13,13,13,13,13,13,13,13,13,13,13,13,13,13,13,13,13,13,13,13,13,13,13,13,13,13,13,13,13,13,13,13,13,13,13,13,13,13,13,13,20,20,53,53],"current_hp_per_floor":[75,75,75,75,75,55,55,35,35,42,45,57,104,107,114,116,116,119,119,122,122,127,127,129,129,129,131,135,135,135,137,137,140,140,144,144,139,142,151,151,153,153,162,162,162,162,162,162,162,164,164],"gold":2183,"neow_bonus":"THREE_ENEMY_KILL","is_daily":false,"chose_seed":false,"campfire_upgraded":10,"win_rate":0.0,"timestamp":1610342008,"path_taken":["M","M","?","M","?","E","R","E","T","$","?","R","$","?","R","BOSS","M","?","$","?","M","R","E","R","T","E","M","R","?","E","R","BOSS","M","?","?","?","M","R","E","T","?","?","R","BOSS","R","$","E","BOSS"],"items_purchased_type":["Potion","Card","Relic","Relic","Relic","Relic","Relic","Relic","Relic","Relic","Relic","Relic","Relic","Relic","Relic","Relic","Relic","Relic","Relic","Relic","Relic","Relic","Relic","Relic","Relic","Relic","Relic","Relic","Relic","Relic","Relic","Relic","Relic","Relic","Relic","Relic","Relic","Relic","Relic","Relic","Relic","Relic","Relic","Relic","Relic","Relic","Relic","Relic","Relic","Relic","Relic","Relic","Relic","Relic","Relic","Relic","Relic","Relic","Relic","Relic","Relic","Relic","Card","Card","Relic","Relic","Relic","Relic","Relic","Relic","Relic","Relic","Relic","Relic","Relic","Relic","Relic","Relic","Relic","Relic","Relic","Relic","Relic","Relic","Card","Card","Card","Card","Relic","Relic","Relic","Relic","Relic","Relic","Relic","Relic","Relic","Relic","Relic","Relic","Relic","Relic","Relic","Relic","Relic","Relic","Relic","Relic","Relic","Relic","Relic","Relic","Relic","Relic","Relic","Relic","Relic","Relic","Relic","Relic","Relic","Relic","Relic","Relic","Relic","Relic","Relic","Relic","Relic","Relic","Relic","Relic","Relic","Relic","Relic","Relic","Relic","Relic","Relic","Relic","Relic","Relic","Relic","Relic","Relic","Relic","Relic","Relic","Relic","Undefined","Undefined","Card","Card","Card","Card","Card","Card","Card","Card","Card","Card","Card","Card","Card","Relic","Potion"],"build_version":"2020-12-22","purchased_purges":3,"victory":true,"max_hp_per_floor":[75,75,75,75,75,75,75,75,75,82,82,82,114,114,114,116,116,119,119,122,122,127,127,129,129,129,131,135,135,135,137,137,140,140,144,144,147,147,151,151,153,153,162,162,162,162,162,162,162,164,164],"card_choices":[{"not_picked":["HollowMod:ShadowDash","HollowMod:LifebloodCocoon"],"picked":"HollowMod:CloakDash","floor":1},{"not_picked":["HollowMod:SharpenedNail","HollowMod:NewLittleFool"],"picked":"HollowMod:CornifersMapStart","floor":2},{"not_picked":["HollowMod:InfectedCysts","HollowMod:LifebloodCocoon"],"picked":"HollowMod:SoulVessel","floor":4},{"not_picked":["HollowMod:SiblingsSouls","HollowMod:RecoilStrike"],"picked":"HollowMod:DungDefenderAura","floor":5},{"not_picked":["HollowMod:GoodIntentions","HollowMod:CoiledNail"],"picked":"HollowMod:BaldurShell","floor":6},{"not_picked":["HollowMod:CornifersMapStart","HollowMod:HeavyBlow"],"picked":"HollowMod:Grubsong","floor":8},{"not_picked":["HollowMod:SharpenedNail","HollowMod:DescendingDark","HollowMod:QuirrelsAssistance","Double Energy"],"picked":"HollowMod:SoulStrike","floor":11},{"not_picked":["HollowMod:BrokenVessel","HollowMod:RecoilStrike","HollowMod:TaintedHusks","HollowMod:SharpenedShadows"],"picked":"Cold Snap","floor":11},{"not_picked":["HollowMod:ZotesMagnificence+1","HollowMod:MidwifesHunger+1","HollowMod:HornetsHelp+1","HollowMod:Hiveblood+1","Core Surge"],"picked":"Singing Bowl","floor":16},{"not_picked":["HollowMod:NewLittleFool+1","HollowMod:SoulStrike+1","HollowMod:MawleksShell+1","ReplayTheSpireMod:Calculation Training"],"picked":"HollowMod:CycloneSlash+1","floor":18},{"not_picked":["HollowMod:MonarchWings+1","HollowMod:BaldurShell+1","HollowMod:NewLittleFool+1","Streamline"],"picked":"HollowMod:PerfectDash+1","floor":18},{"not_picked":["HollowMod:CycloneSlash+1","HollowMod:CoiledNail+1","HollowMod:MantisMark+1","HollowMod:DesolateDive+1","Scrape"],"picked":"Singing Bowl","floor":22},{"not_picked":["HollowMod:CloakDash+1","HollowMod:PureNailStrike+1","HollowMod:VengefulSpirit+1","Undo"],"picked":"HollowMod:HuntersJournal+1","floor":22},{"not_picked":["HollowMod:InfectedAttack+1","HollowMod:WraithStrike+1","HollowMod:VoidDash+1","HollowMod:SharpenedNail+1","Steam Power"],"picked":"Singing Bowl","floor":24},{"not_picked":["HollowMod:NewJinnsSoul+1","HollowMod:MantisMark+1","HollowMod:InfectedCysts+1","HollowMod:ShadowDash+1","Static Discharge"],"picked":"Singing Bowl","floor":27},{"not_picked":["HollowMod:DashSlash+1","HollowMod:SiblingsSouls+1","HollowMod:CloakDash+1","HollowMod:CoiledNail+1","Glacier"],"picked":"Singing Bowl","floor":28},{"not_picked":["HollowMod:SlysStrikes+1","HollowMod:SharpenedNail+1","HollowMod:SoulStrike+1","HollowMod:SiblingsSouls+1","BootSequence"],"picked":"Singing Bowl","floor":28},{"not_picked":["HollowMod:ShapeofUnn+1","HollowMod:BrokenVessel+1","HollowMod:CycloneSlash+1","HollowMod:SiblingsShadow+1","Rebound"],"picked":"Singing Bowl","floor":31},{"not_picked":["HollowMod:theNailsmith+1","HollowMod:PureVessel+1","HollowMod:Weaversong+1","HollowMod:LifebloodCore+1"],"picked":"Electrodynamics","floor":33},{"not_picked":["HollowMod:ChannelNail+1","HollowMod:CrystalDash+1","HollowMod:CycloneSlash+1","HollowMod:InfectedCysts+1","Blizzard"],"picked":"Singing Bowl","floor":35},{"not_picked":["HollowMod:HeavyBlow+1","HollowMod:NewLittleFool+1","HollowMod:FallenFury+1","HollowMod:SiblingsShadow+1","Blizzard"],"picked":"Singing Bowl","floor":35},{"not_picked":["HollowMod:BlackTendrils+1","HollowMod:BrokenVessel+1","HollowMod:CloakDash+1","HollowMod:Weaversong+1","Scrape"],"picked":"Singing Bowl","floor":39},{"not_picked":["HollowMod:PerfectDash+1","HollowMod:CornifersMapStart+1","HollowMod:SharpenedNail+1","HollowMod:CycloneSlash+1","Machine Learning"],"picked":"Singing Bowl","floor":39},{"not_picked":["HollowMod:SoulSplash+1","HollowMod:ShadowDash+1","HollowMod:FastStrike+1","HollowMod:SoulMaster+1","ReplayTheSpireMod:Reroute Power"],"picked":"Singing Bowl","floor":41},{"not_picked":["HollowMod:NewLittleFool+1","HollowMod:PerfectDash+1","HollowMod:NewJinnsSoul+1","HollowMod:NewInfectedGuardian+1","Tempest"],"picked":"Singing Bowl","floor":54}],"player_experience":95208,"relics_obtained":[{"floor":6,"key":"The Courier"},{"floor":8,"key":"HollowMod:MillibellesNoteRelic"},{"floor":9,"key":"Replay:Rubber Ducky"},{"floor":11,"key":"Whetstone"},{"floor":24,"key":"Circlet"},{"floor":26,"key":"Circlet"},{"floor":26,"key":"Circlet"},{"floor":30,"key":"Ring of Misfortune"},{"floor":30,"key":"Ring of Panic"}],"event_choices":[{"damage_healed":0,"gold_gain":100,"player_choice":"Gold","damage_taken":0,"max_hp_gain":0,"max_hp_loss":0,"event_name":"Wheel of Change","floor":3,"gold_loss":0},{"damage_healed":0,"gold_gain":0,"player_choice":"Ignored","damage_taken":0,"max_hp_gain":0,"max_hp_loss":0,"event_name":"Vampires","floor":19,"gold_loss":0},{"damage_healed":0,"gold_gain":0,"player_choice":"Upgraded","damage_taken":0,"max_hp_gain":0,"max_hp_loss":0,"event_name":"Upgrade Shrine","floor":36,"gold_loss":0,"cards_upgraded":["hubris:DuctTapeCard"]},{"damage_healed":0,"gold_gain":0,"player_choice":"Embrace Madness","damage_taken":18,"max_hp_gain":0,"max_hp_loss":0,"event_name":"Winding Halls","floor":37,"gold_loss":0,"cards_obtained":["Madness","Madness"]},{"cards_removed":["Looming Evil"],"damage_healed":0,"gold_gain":0,"player_choice":"Purged","damage_taken":0,"max_hp_gain":0,"max_hp_loss":0,"event_name":"Purifier","floor":47,"gold_loss":0}],"is_beta":false,"boss_relics":[{"not_picked":["hubris:RunicObelisk","Snecko Eye"],"picked":"Ectoplasm"},{"not_picked":["Philosopher\u0027s Stone","ReplayTheSpireMod:DimensionalGlitch"],"picked":"Cursed Key"}],"items_purged_floors":[10,13,53],"is_endless":false,"potions_floor_spawned":[1,4,16,18,22,24,27,28,31,33,35,39,41,54],"ascension_level":1}}