{"host":"wonp23fsqqcu31ie","time":1610327351,"event":{"mods":["2.2 Compatiblity","AchievementEnabler","Aspiration","BaseMod","Bestiary","Better Altar","Better Match","Better Sensory Stone","Better Skull","Better Third Choice","BetterRewards","Block Reminder","Colored Map","Colored Powertips","Conspire","Curses Come First","DeckTracker","Displayed Cursed Tome","Downfall","Evolution","Hermit","Highlight Path","Hubris","Marisa????????","Minty Spire (QoL Compilation)","Permanent Neow","Prisma Mod","Quick Restart","Rare Cards Sparkle","Relic Stats","Replay The Spire","Robot Space Explorer","Shade Mod","Shop Mod","StSLib","SuperFastMode","The Animator","The Bug Knight","The Construct","The Cursed","The Dragon Tamer","The Gatherer","The Marked","The Necromancer","The Runesmith","The Servant 0.9.4"],"gold_per_floor":[131,131,131,131,144,186,186,200,200,200,211,240,240,268,268,384,384,415,415,415,415],"floor_reached":20,"playtime":387,"items_purged":[],"score":344,"play_id":"cd1af6cd-41f2-4669-9a7e-c5d8313256aa","local_time":"20210111120911","is_ascension_mode":true,"campfire_choices":[{"data":"animator:YunYun","floor":7,"key":"SMITH"},{"data":"animator:Lancer","floor":10,"key":"SMITH"},{"floor":15,"key":"REST"}],"circlet_count":0,"master_deck":["animator:Benimaru","conspire:GhostlyDefend","conspire:GhostlyStrike","conspire:GhostlyStrike","conspire:GhostlyStrike","conspire:GhostlyDefend","conspire:GhostlyDefend","conspire:GhostlyDefend","animator:Alexander+1","animator:Rider","animator:ShinjiMatou+1","Spreading Infection","animator:YunYun+1","animator:Raven","animator:Lancer+1","animator:RoyMustang","animator:Lu","animator:Mitsurugi","animator:Eve","animator:Berserker"],"relics":["animator:LivingPicture","animator:TheMissingPiece","EVO:Axolotl","Onion Ring","Vajra","Ring of Hypnosis","Ring of Searing","Toy Ornithopter","hubris:Spice","MealTicket","hubris:BottledHeart"],"acts_visited":["Exordium","TheCity"],"potions_floor_usage":[16,18],"damage_taken":[{"damage":2,"enemies":"2 Louse","floor":1,"turns":2},{"damage":9,"enemies":"Jaw Worm","floor":5,"turns":2},{"damage":11,"enemies":"3 Sentries","floor":6,"turns":4},{"damage":0,"enemies":"Cultist","floor":8,"turns":2},{"damage":1,"enemies":"2 Fungi Beasts","floor":11,"turns":2},{"damage":9,"enemies":"Gremlin Nob","floor":12,"turns":3},{"damage":13,"enemies":"Lagavulin","floor":14,"turns":3},{"damage":6,"enemies":"Fading Forest","floor":16,"turns":9},{"damage":13,"enemies":"2 Thieves","floor":18,"turns":2}],"seed_played":"-4994083564756382050","potions_obtained":[{"floor":5,"key":"EssenceOfSteel"},{"floor":12,"key":"GamblersBrew"},{"floor":16,"key":"Elixir"},{"floor":18,"key":"SteroidPotion"}],"is_trial":false,"path_per_floor":["M","?","?","?","M","E","R","M","T","R","M","E","?","E","R","B",null,"M","?","?"],"character_chosen":"THE_ANIMATOR","items_purchased":["Onion Ring"],"campfire_rested":1,"item_purchase_floors":[0],"current_hp_per_floor":[55,55,55,55,46,35,35,36,36,36,35,35,35,22,44,53,84,71,1,0,0],"gold":415,"neow_bonus":"","is_daily":false,"chose_seed":false,"campfire_upgraded":2,"win_rate":0.0,"timestamp":1610327351,"path_taken":["M","?","?","?","M","E","R","?","T","R","M","E","?","E","R","BOSS","M","?","?"],"items_purchased_type":["Relic"],"build_version":"2020-12-22","purchased_purges":0,"victory":false,"max_hp_per_floor":[66,66,66,66,66,66,66,67,67,67,67,76,76,76,76,76,84,84,1,1,1],"relic_stats":{"counters":[85,431],"MealTicket":0,"obtain_stats":[{"Golden Egg":3,"Tiny House":17,"Gremlin Horn":25,"Vajra":43,"aspiration:PoetsPen_weak":34,"EVO:Axolotl":12,"Ginger":23,"Bottled Tornado":21,"Sling":0,"Ring of Searing":3,"Replay:Ringing Soul":9,"Strawberry":8,"conspire:DecoderRing":26,"MealTicket":23,"Iron Hammer":27,"Replay:Wax Seal":9,"MerchantsRug":20,"Girya":0,"Pear":54,"Ring of Hypnosis":3,"ReplayTheSpireMod:CursedCoin":13,"aspiration:Nostalgia":46,"aspiration:HiddenCompartment":42,"Replay:Baseball":42,"hubris:BottledHeart":20,"Bronze Scales":47,"aspiration:ServantSkillbook":17,"Simple Rune":6,"Onion Ring":0,"Mark of Pain":17,"Black Star":17,"CatCart":41,"Mirror":40,"aspiration:HatOfInfinitePower":0,"hubris:Reverence":54,"ReplayFunnel":4,"Lantern":39,"Singing Bowl":9,"animator:TheMissingPiece":0,"Mango":0,"Blue Doll":28,"hubris:SlimyHat":13,"PrismaticShard":10,"Replay:Rubber Ducky":7,"hubris:Icosahedron":19,"Mummified Hand":9,"Ring of Peace":10,"Tiny Chest":12,"Chemical X":20,"animator:VividPicture":34,"hubris:GlazedTorus":28,"Potion Belt":27,"Lee\u0027s Waffle":39,"PreservedInsect":21,"hubris:MedicalManual":46,"Omamori":0,"hubris:Towel":38,"White Beast Statue":40,"animator:SoulGem":12,"hubris:Spice":12,"Bloody Idol":29,"Ring of Misfortune":10,"animator:LivingPicture":0,"Bag of Marbles":10,"Garlic":14,"Champion Belt":0,"Toy Ornithopter":42,"m_RuneBlood":46},{"Golden Egg":17,"Tiny House":73,"Gremlin Horn":53,"Vajra":36,"aspiration:PoetsPen_weak":56,"EVO:Axolotl":45,"Ginger":51,"Bottled Tornado":75,"Sling":41,"Ring of Searing":77,"Replay:Ringing Soul":4,"Strawberry":45,"conspire:DecoderRing":53,"MealTicket":51,"Iron Hammer":53,"Replay:Wax Seal":45,"MerchantsRug":11,"Girya":65,"Pear":64,"Ring of Hypnosis":77,"ReplayTheSpireMod:CursedCoin":45,"aspiration:Nostalgia":61,"aspiration:HiddenCompartment":36,"Replay:Baseball":60,"hubris:BottledHeart":75,"Bronze Scales":61,"aspiration:ServantSkillbook":25,"Simple Rune":44,"Onion Ring":76,"Mark of Pain":9,"Black Star":47,"CatCart":35,"Mirror":59,"aspiration:HatOfInfinitePower":65,"hubris:Reverence":64,"ReplayFunnel":17,"Lantern":34,"Singing Bowl":71,"animator:TheMissingPiece":0,"Mango":41,"Blue Doll":53,"hubris:SlimyHat":23,"PrismaticShard":71,"Replay:Rubber Ducky":4,"hubris:Icosahedron":26,"Mummified Hand":20,"Ring of Peace":45,"Tiny Chest":45,"Chemical X":26,"animator:VividPicture":31,"hubris:GlazedTorus":53,"Potion Belt":28,"Lee\u0027s Waffle":34,"PreservedInsect":11,"hubris:MedicalManual":61,"Omamori":15,"hubris:Towel":58,"White Beast Statue":59,"animator:SoulGem":71,"hubris:Spice":82,"Bloody Idol":13,"Ring of Misfortune":45,"animator:LivingPicture":0,"Bag of Marbles":5,"Garlic":46,"Champion Belt":41,"Toy Ornithopter":60,"m_RuneBlood":61},{"Golden Egg":85,"Tiny House":388,"Gremlin Horn":278,"Vajra":176,"aspiration:PoetsPen_weak":296,"EVO:Axolotl":226,"Ginger":269,"Bottled Tornado":397,"Sling":200,"Ring of Searing":404,"Replay:Ringing Soul":20,"Strawberry":226,"conspire:DecoderRing":278,"MealTicket":269,"Iron Hammer":278,"Replay:Wax Seal":226,"MerchantsRug":53,"Girya":350,"Pear":342,"Ring of Hypnosis":404,"ReplayTheSpireMod:CursedCoin":226,"aspiration:Nostalgia":323,"aspiration:HiddenCompartment":176,"Replay:Baseball":318,"hubris:BottledHeart":397,"Bronze Scales":323,"aspiration:ServantSkillbook":123,"Simple Rune":221,"Onion Ring":402,"Mark of Pain":45,"Black Star":240,"CatCart":168,"Mirror":310,"aspiration:HatOfInfinitePower":350,"hubris:Reverence":342,"ReplayFunnel":85,"Lantern":159,"Singing Bowl":374,"animator:TheMissingPiece":0,"Mango":200,"Blue Doll":278,"hubris:SlimyHat":111,"PrismaticShard":374,"Replay:Rubber Ducky":20,"hubris:Icosahedron":127,"Mummified Hand":96,"Ring of Peace":226,"Tiny Chest":226,"Chemical X":127,"animator:VividPicture":145,"hubris:GlazedTorus":278,"Potion Belt":134,"Lee\u0027s Waffle":159,"PreservedInsect":53,"hubris:MedicalManual":323,"Omamori":73,"hubris:Towel":304,"White Beast Statue":310,"animator:SoulGem":374,"hubris:Spice":417,"Bloody Idol":61,"Ring of Misfortune":226,"animator:LivingPicture":0,"Bag of Marbles":25,"Garlic":232,"Champion Belt":200,"Toy Ornithopter":318,"m_RuneBlood":323}],"Toy Ornithopter":5},"card_choices":[{"not_picked":["animator:MaesHughes","animator:MumenRider"],"picked":"animator:ShinjiMatou","floor":1},{"not_picked":["animator:Sloth","animator:Scar"],"picked":"animator:YunYun","floor":5},{"not_picked":["animator:ChaikaBohdan","animator:Melzalgald"],"picked":"animator:Raven","floor":6},{"not_picked":["animator:ShinjiMatou","animator:Illya"],"picked":"animator:Lancer","floor":8},{"not_picked":["animator:Ain","animator:Sloth"],"picked":"animator:RoyMustang","floor":11},{"not_picked":["animator:ChaikaBohdan","animator:Chung"],"picked":"animator:Lu","floor":12},{"not_picked":["animator:Wiz","animator:Sloth"],"picked":"animator:Mitsurugi","floor":14},{"not_picked":["animator:Elesis","animator:Wiz"],"picked":"animator:Eve","floor":16},{"not_picked":["animator:Illya","animator:SakuraMatou"],"picked":"animator:Berserker","floor":18}],"player_experience":494259,"relics_obtained":[{"floor":3,"key":"Ring of Hypnosis"},{"floor":3,"key":"Ring of Searing"},{"floor":6,"key":"Toy Ornithopter"},{"floor":12,"key":"hubris:Spice"},{"floor":14,"key":"MealTicket"}],"event_choices":[{"damage_healed":0,"gold_gain":0,"player_choice":"Forge","damage_taken":0,"max_hp_gain":0,"max_hp_loss":0,"event_name":"Accursed Blacksmith","floor":4,"gold_loss":0,"cards_upgraded":["animator:Alexander"]},{"damage_healed":0,"gold_gain":0,"player_choice":"Agree","damage_taken":0,"max_hp_gain":0,"max_hp_loss":0,"event_name":"conspire:LoneGhost","floor":13,"gold_loss":0}],"is_beta":false,"boss_relics":[{"not_picked":["hubris:Spice","hubris:Spice"],"picked":"hubris:Spice"}],"items_purged_floors":[],"is_endless":false,"potions_floor_spawned":[5,12,16,18],"ascension_level":2}}