{"host":"i1h39d0gfh5c6uxl","time":1610353892,"event":{"mods":["AchievementEnabler","BaseMod","Colored Map","Colored Powertips","Highlight Path","Minty Spire (QoL Compilation)"],"gold_per_floor":[119,134,148,148,159,189,204,204,204,79,79,114,132,146,146,251,251,263,263,279,141,141,174,174,189,212,212,212,232,331,347,347,347,347],"floor_reached":33,"playtime":1618,"items_purged":["Strike_R","Strike_R"],"score":279,"play_id":"8b8c950b-1def-495d-a134-5a9df7f664ef","local_time":"20210111163132","is_ascension_mode":false,"campfire_choices":[{"data":"Armaments","floor":8,"key":"SMITH"},{"data":"True Grit","floor":15,"key":"SMITH"},{"data":"Shockwave","floor":24,"key":"SMITH"},{"data":"Fiend Fire","floor":27,"key":"SMITH"},{"data":"Flame Barrier","floor":32,"key":"SMITH"}],"circlet_count":0,"master_deck":["Strike_R","Strike_R","Defend_R","Defend_R","Defend_R","Defend_R","Bash","Armaments+1","Pummel","True Grit+1","Limit Break","Cleave","Twin Strike","Rampage","Bludgeon","Pommel Strike","Fiend Fire+1","Flame Barrier+1","Shockwave+1","Impervious"],"relics":["Coffee Dripper"],"acts_visited":["Exordium","TheCity"],"potions_floor_usage":[11,12,12,16,16,23,25],"damage_taken":[{"damage":2.0,"enemies":"2 Louse","floor":1.0,"turns":2.0},{"damage":0.0,"enemies":"Cultist","floor":2.0,"turns":3.0},{"damage":2.0,"enemies":"Small Slimes","floor":3.0,"turns":4.0},{"damage":8.0,"enemies":"Exordium Thugs","floor":5.0,"turns":6.0},{"damage":6.0,"enemies":"3 Sentries","floor":6.0,"turns":11.0},{"damage":5,"enemies":"3 Louse","floor":7,"turns":3},{"damage":24,"enemies":"Gremlin Nob","floor":12,"turns":4},{"damage":9,"enemies":"2 Fungi Beasts","floor":13,"turns":3},{"damage":0,"enemies":"Lots of Slimes","floor":14,"turns":2},{"damage":18,"enemies":"Hexaghost","floor":16,"turns":9},{"damage":20,"enemies":"2 Thieves","floor":18,"turns":4},{"damage":5,"enemies":"Chosen","floor":20,"turns":4},{"damage":41,"enemies":"Book of Stabbing","floor":23,"turns":7},{"damage":3,"enemies":"3 Cultists","floor":25,"turns":5},{"damage":1,"enemies":"Cultist and Chosen","floor":29,"turns":4},{"damage":12,"enemies":"Snake Plant","floor":31,"turns":4},{"damage":59,"enemies":"Collector","floor":33,"turns":7}],"seed_played":"-2191292564782841672","potions_obtained":[{"floor":1.0,"key":"LiquidMemories"},{"floor":5.0,"key":"SkillPotion"},{"floor":7,"key":"SkillPotion"},{"floor":11,"key":"Fruit Juice"},{"floor":11,"key":"Regen Potion"},{"floor":11,"key":"Weak Potion"},{"floor":14,"key":"SpeedPotion"},{"floor":20,"key":"LiquidMemories"},{"floor":23,"key":"Swift Potion"},{"floor":25,"key":"FairyPotion"}],"is_trial":false,"path_per_floor":["M","M","M","?","M","E","M","R","T","$","?","E","M","M","R","B",null,"M","?","M","$","?","E","R","M","T","R","T","M","?","M","R","B"],"character_chosen":"IRONCLAD","items_purchased":["Twin Strike","Flame Barrier"],"campfire_rested":0,"item_purchase_floors":[10,21],"current_hp_per_floor":[78,78,76,76,68,62,57,57,57,57,62,50,41,41,41,23,85,65,85,80,80,80,39,39,36,36,36,36,35,35,23,23,0,0],"gold":347,"neow_bonus":"BOSS_RELIC","is_daily":false,"chose_seed":false,"campfire_upgraded":5,"win_rate":0.0,"timestamp":1610353892,"path_taken":["M","M","M","?","M","E","M","R","T","$","?","E","?","M","R","BOSS","M","?","M","$","?","E","R","?","T","R","?","M","?","M","R","BOSS"],"items_purchased_type":["Card","Card"],"build_version":"2020-12-22","purchased_purges":2,"victory":false,"max_hp_per_floor":[80,80,80,80,80,80,80,80,80,80,85,85,85,85,85,85,85,85,85,85,85,85,85,85,85,85,85,85,85,85,85,85,85,85],"card_choices":[{"not_picked":["Inflame","Flex"],"picked":"Armaments","floor":1.0},{"not_picked":["Twin Strike","Reckless Charge"],"picked":"Pummel","floor":2.0},{"not_picked":["Anger","Warcry"],"picked":"True Grit","floor":3.0},{"not_picked":["True Grit","Headbutt"],"picked":"Limit Break","floor":5.0},{"not_picked":["Entrench","Rage"],"picked":"Cleave","floor":6},{"not_picked":["Iron Wave","True Grit","Warcry"],"picked":"SKIP","floor":7},{"not_picked":["Seeing Red","Shrug It Off"],"picked":"Rampage","floor":12},{"not_picked":["Heavy Blade","Sword Boomerang"],"picked":"Bludgeon","floor":13},{"not_picked":["Ghostly Armor","Carnage"],"picked":"Pommel Strike","floor":14},{"not_picked":["Juggernaut","Exhume"],"picked":"Fiend Fire","floor":16},{"not_picked":["Heavy Blade","Seeing Red","Wild Strike"],"picked":"SKIP","floor":18},{"not_picked":["Feel No Pain","Burning Pact","Rampage+1"],"picked":"SKIP","floor":20},{"not_picked":["Anger","Thunderclap"],"picked":"Shockwave","floor":23},{"not_picked":["Warcry","Perfected Strike"],"picked":"Impervious","floor":25},{"not_picked":["Cleave+1","Searing Blow","True Grit"],"picked":"SKIP","floor":29},{"not_picked":["Twin Strike+1","Whirlwind+1","Sever Soul"],"picked":"SKIP","floor":31}],"player_experience":1345530,"relics_obtained":[],"event_choices":[{"damage_healed":0.0,"max_hp_gain":0.0,"max_hp_loss":0.0,"gold_gain":0.0,"event_name":"Golden Idol","player_choice":"Ignored","floor":4.0,"gold_loss":0.0,"damage_taken":0.0},{"damage_healed":0,"gold_gain":0,"player_choice":"Got Potions","damage_taken":0,"max_hp_gain":0,"max_hp_loss":0,"event_name":"Lab","floor":11,"gold_loss":0},{"damage_healed":28,"gold_gain":0,"player_choice":"Heal","damage_taken":0,"max_hp_gain":0,"max_hp_loss":0,"event_name":"The Library","floor":19,"gold_loss":0},{"cards_removed":["Strike_R"],"damage_healed":0,"gold_gain":0,"player_choice":"Purged","damage_taken":0,"max_hp_gain":0,"max_hp_loss":0,"event_name":"Purifier","floor":22,"gold_loss":0},{"damage_healed":0,"gold_gain":99,"player_choice":"Stole From Cult","damage_taken":0,"max_hp_gain":0,"max_hp_loss":0,"event_name":"Nest","floor":30,"gold_loss":0}],"is_beta":false,"boss_relics":[{"not_picked":["Runic Cube","Sozu","Busted Crown"]}],"items_purged_floors":[10,21],"is_endless":false,"potions_floor_spawned":[1,5,7,14,20,23,25],"killed_by":"Collector","ascension_level":0}}