{"host":"op7lvjy5lsqtpdgx","time":1610396003,"event":{"mods":["BaseMod","Minty Spire (QoL Compilation)","StSLib"],"gold_per_floor":[112,125,143,143,160,186,461,43,91,266,286,286,315,315,315,435,435,375,375,375,391,391,426,426,426,426,426,426],"floor_reached":27,"playtime":1263,"items_purged":[],"score":273,"play_id":"3ad04305-2b8c-4e50-a196-98801f4d1734","local_time":"20210112091323","is_ascension_mode":true,"campfire_choices":[{"floor":12,"key":"REST"},{"data":"Defragment","floor":15,"key":"SMITH"},{"data":"Double Energy","floor":24,"key":"SMITH"}],"circlet_count":0,"master_deck":["Strike_B+1","Strike_B+1","Strike_B","Defend_B","Defend_B","Defend_B","Zap","Dualcast","Buffer","Rebound","Conserve Battery","Go for the Eyes","Redo","Amplify","Ball Lightning","Regret","Defragment+1","Doubt","Lockon","Core Surge","Injury","Rainbow","Coolheaded","Leap+1","Double Energy+1","Defragment+1"],"relics":["Cracked Core","Blue Candle","Meat on the Bone","Whetstone","Juzu Bracelet","PreservedInsect","Golden Idol","Inserter","Potion Belt","Eternal Feather"],"acts_visited":["Exordium","TheCity"],"potions_floor_usage":[2,13,13,16],"damage_taken":[{"damage":0,"enemies":"Cultist","floor":1,"turns":4},{"damage":2,"enemies":"Small Slimes","floor":2,"turns":3},{"damage":0,"enemies":"Jaw Worm","floor":3,"turns":3},{"damage":23,"enemies":"3 Louse","floor":5,"turns":3},{"damage":38,"enemies":"3 Sentries","floor":6,"turns":8},{"damage":3,"enemies":"Looter","floor":11,"turns":2},{"damage":40,"enemies":"Gremlin Nob","floor":13,"turns":5},{"damage":12,"enemies":"Hexaghost","floor":16,"turns":9},{"damage":28,"enemies":"2 Thieves","floor":18,"turns":4},{"damage":22,"enemies":"Spheric Guardian","floor":21,"turns":4},{"damage":31,"enemies":"Gremlin Leader","floor":23,"turns":6},{"damage":23,"enemies":"Slavers","floor":27,"turns":1}],"seed_played":"-2184709875637135597","potions_obtained":[{"floor":2,"key":"Fruit Juice"},{"floor":5,"key":"DuplicationPotion"},{"floor":6,"key":"FearPotion"},{"floor":11,"key":"ColorlessPotion"}],"is_trial":false,"path_per_floor":["M","M","M","?","M","E","?","$","T","?","M","R","E","?","R","B",null,"M","?","?","M","?","E","R","?","T","E"],"character_chosen":"DEFECT","items_purchased":["Meat on the Bone","Defragment","Whetstone"],"campfire_rested":1,"item_purchase_floors":[8,8,8],"current_hp_per_floor":[75,78,78,78,55,17,17,17,17,17,26,50,22,22,22,22,80,52,52,52,42,42,23,23,23,23,0,0],"gold":426,"neow_bonus":"TRANSFORM_CARD","is_daily":false,"chose_seed":false,"campfire_upgraded":2,"win_rate":0.0,"timestamp":1610396003,"path_taken":["M","M","M","?","?","E","?","$","T","?","M","R","E","?","R","BOSS","M","?","?","M","?","E","R","?","T","E"],"items_purchased_type":["Relic","Card","Relic"],"build_version":"2020-12-22","purchased_purges":0,"victory":false,"max_hp_per_floor":[75,80,80,80,80,80,80,80,80,80,80,80,80,80,80,80,80,80,80,80,80,80,80,80,80,80,80,80],"card_choices":[{"not_picked":["Hologram","Steam"],"picked":"Rebound","floor":1},{"not_picked":["Coolheaded","Chill"],"picked":"Conserve Battery","floor":2},{"not_picked":["Steam Power","White Noise"],"picked":"Go for the Eyes","floor":3},{"not_picked":["Steam Power","Redo"],"picked":"Amplify","floor":5},{"not_picked":["Blizzard","Sweeping Beam"],"picked":"Ball Lightning","floor":6},{"not_picked":["Consume","Turbo"],"picked":"Lockon","floor":11},{"not_picked":["Loop","Stack"],"picked":"Core Surge","floor":13},{"not_picked":["Reboot","Machine Learning"],"picked":"Rainbow","floor":16},{"not_picked":["Recycle","Lockon","Compile Driver"],"picked":"SKIP","floor":18},{"not_picked":["Redo","Go for the Eyes+1"],"picked":"Leap+1","floor":21},{"not_picked":["Rip and Tear+1","Ball Lightning"],"picked":"Double Energy","floor":23}],"player_experience":160300,"relics_obtained":[{"floor":6,"key":"Blue Candle"},{"floor":9,"key":"Juzu Bracelet"},{"floor":13,"key":"PreservedInsect"},{"floor":23,"key":"Potion Belt"},{"floor":26,"key":"Eternal Feather"}],"event_choices":[{"damage_healed":0,"gold_gain":0,"cards_transformed":["Defend_B"],"player_choice":"Transformed","damage_taken":0,"max_hp_gain":0,"max_hp_loss":0,"event_name":"Transmorgrifier","floor":4,"gold_loss":0,"cards_obtained":["Redo"]},{"damage_healed":0,"gold_gain":275,"player_choice":"Desecrate","damage_taken":0,"max_hp_gain":0,"max_hp_loss":0,"event_name":"Golden Shrine","floor":7,"gold_loss":0,"cards_obtained":["Regret"]},{"damage_healed":0,"gold_gain":175,"player_choice":"AGREE","damage_taken":0,"max_hp_gain":0,"max_hp_loss":0,"event_name":"Liars Game","floor":10,"gold_loss":0,"cards_obtained":["Doubt"]},{"damage_healed":0,"gold_gain":0,"player_choice":"Take Wound","damage_taken":0,"relics_obtained":["Golden Idol"],"max_hp_gain":0,"max_hp_loss":0,"event_name":"Golden Idol","floor":14,"gold_loss":0,"cards_obtained":["Injury"]},{"damage_healed":0,"gold_gain":0,"player_choice":"Read","damage_taken":0,"max_hp_gain":0,"max_hp_loss":0,"event_name":"The Library","floor":19,"gold_loss":0,"cards_obtained":["Coolheaded"]},{"damage_healed":0,"gold_gain":0,"player_choice":"Ignored","damage_taken":0,"max_hp_gain":0,"max_hp_loss":0,"event_name":"Vampires","floor":20,"gold_loss":0},{"damage_healed":0,"gold_gain":0,"player_choice":"Ignored","damage_taken":0,"max_hp_gain":0,"max_hp_loss":0,"event_name":"Ghosts","floor":22,"gold_loss":0},{"damage_healed":0,"gold_gain":0,"player_choice":"Copied","damage_taken":0,"max_hp_gain":0,"max_hp_loss":0,"event_name":"Duplicator","floor":25,"gold_loss":0,"cards_obtained":["Defragment"]}],"is_beta":false,"boss_relics":[{"not_picked":["Runic Pyramid","Philosopher\u0027s Stone"],"picked":"Inserter"}],"items_purged_floors":[],"is_endless":false,"potions_floor_spawned":[2,5,6,11],"killed_by":"Slavers","ascension_level":3}}