{"host":"9l4mw5jqza9qz9hr","time":1610356925,"event":{"mods":["AchievementEnabler","Always Whale","BaseMod","Colored Map","Minty Spire (QoL Compilation)","StSLib","SuperFastMode"],"gold_per_floor":[110,110,121,121,196,222,1,1,1,1,21,50,33,68,68,163,163,103,29,47,47,47,47],"floor_reached":22,"playtime":449,"items_purged":["Strike_B"],"score":317,"play_id":"92e4430a-fa0d-4afd-94cc-8f16411a797f","local_time":"20210111182205","is_ascension_mode":true,"campfire_choices":[{"data":"Loop","floor":8,"key":"SMITH"},{"data":"Dualcast","floor":10,"key":"SMITH"},{"floor":15,"key":"REST"}],"circlet_count":0,"master_deck":["AscendersBane","Strike_B","Defend_B","Defend_B","Defend_B","Defend_B","Zap+1","Dualcast+1","Coolheaded","Coolheaded","Loop+1","Go for the Eyes","Ball Lightning","Leap","Defragment","Steam Power","Echo Form","Capacitor","Genetic Algorithm"],"relics":["Cracked Core","NeowsBlessing","Smiling Mask","Membership Card","InkBottle","StrikeDummy","Torii","Empty Cage","ClockworkSouvenir"],"acts_visited":["Exordium","TheCity"],"potions_floor_usage":[12,14,16],"damage_taken":[{"damage":0,"enemies":"Small Slimes","floor":1,"turns":1},{"damage":0,"enemies":"Cultist","floor":3,"turns":1},{"damage":10,"enemies":"3 Sentries","floor":6,"turns":2},{"damage":1,"enemies":"2 Louse","floor":11,"turns":2},{"damage":23,"enemies":"Gremlin Nob","floor":12,"turns":4},{"damage":25,"enemies":"3 Sentries","floor":14,"turns":6},{"damage":8,"enemies":"Hexaghost","floor":16,"turns":10},{"damage":13,"enemies":"2 Thieves","floor":18,"turns":4},{"damage":34,"enemies":"3 Byrds","floor":20,"turns":6},{"damage":13,"enemies":"Snake Plant","floor":22,"turns":3}],"seed_played":"2781430976076092290","potions_obtained":[{"floor":3,"key":"Swift Potion"},{"floor":6,"key":"LiquidBronze"},{"floor":12,"key":"SteroidPotion"}],"is_trial":false,"path_per_floor":["M","?","M","?","?","E","$","R","T","R","M","E","$","E","R","B",null,"M","$","M","?","M"],"character_chosen":"DEFECT","items_purchased":["Membership Card","Go for the Eyes","Defragment","ClockworkSouvenir"],"campfire_rested":1,"item_purchase_floors":[7,7,13,19],"current_hp_per_floor":[68,68,68,73,62,52,52,52,52,52,51,28,28,3,27,19,65,52,52,18,18,5,5],"gold":47,"neow_bonus":"THREE_ENEMY_KILL","is_daily":false,"chose_seed":false,"campfire_upgraded":2,"win_rate":0.0,"timestamp":1610356925,"path_taken":["M","?","?","?","?","E","$","R","T","R","M","E","?","E","R","BOSS","M","$","M","?","M"],"items_purchased_type":["Relic","Card","Card","Relic"],"build_version":"2020-12-22","purchased_purges":1,"victory":false,"max_hp_per_floor":[75,75,75,80,80,80,80,80,80,80,80,80,80,80,80,80,80,80,80,80,80,80,80],"card_choices":[{"not_picked":["Hologram","Steam"],"picked":"Coolheaded","floor":1},{"not_picked":["Hologram","Go for the Eyes"],"picked":"Coolheaded","floor":3},{"not_picked":["All For One","Auto Shields"],"picked":"Loop","floor":6},{"not_picked":["Go for the Eyes","Beam Cell"],"picked":"Ball Lightning","floor":11},{"not_picked":["Gash","Amplify"],"picked":"Leap","floor":12},{"not_picked":["Leap","Gash"],"picked":"Steam Power","floor":14},{"not_picked":["Machine Learning","Buffer"],"picked":"Echo Form","floor":16},{"not_picked":["Melter","Coolheaded"],"picked":"Capacitor","floor":18},{"not_picked":["Auto Shields","Scrape+1"],"picked":"Genetic Algorithm","floor":20}],"player_experience":213152,"relics_obtained":[{"floor":6,"key":"Smiling Mask"},{"floor":9,"key":"InkBottle"},{"floor":12,"key":"StrikeDummy"},{"floor":14,"key":"Torii"}],"event_choices":[{"damage_healed":0,"gold_gain":0,"player_choice":"Upgraded","damage_taken":0,"max_hp_gain":0,"max_hp_loss":0,"event_name":"Upgrade Shrine","floor":2,"gold_loss":0,"cards_upgraded":["Zap"]},{"damage_healed":0,"gold_gain":0,"player_choice":"Donut","damage_taken":0,"max_hp_gain":5,"max_hp_loss":0,"event_name":"Big Fish","floor":4,"gold_loss":0},{"damage_healed":0,"gold_gain":75,"player_choice":"Gather Gold","damage_taken":11,"max_hp_gain":0,"max_hp_loss":0,"event_name":"World of Goop","floor":5,"gold_loss":0},{"damage_healed":0,"gold_gain":0,"player_choice":"Ignored","damage_taken":0,"max_hp_gain":0,"max_hp_loss":0,"event_name":"Vampires","floor":21,"gold_loss":0}],"is_beta":false,"boss_relics":[{"not_picked":["Philosopher\u0027s Stone","Snecko Eye"],"picked":"Empty Cage"}],"items_purged_floors":[7],"is_endless":false,"potions_floor_spawned":[3,6,12],"killed_by":"Snake Plant","ascension_level":12}}