{"host":"cwd5s03r1oaxs6mx","time":1610375922,"event":{"mods":["Act Like it!","BaseMod","Better Third Choice","BetterRewards","CapriCore","Card Filter","Colored Map","Custom Start","DeckTracker","Friendly Minions","Hubris","Infinite Spire","Marisa£¨Ùöéë¡¡Øª×âÞÞ£©","Minty Spire (QoL Compilation)","Quick Restart","Relic Stats","Shop Mod","Spicy Shops","StSLib","SuperFastMode"],"gold_per_floor":[116,116,128,141,141,168,179,179,179,197,197,197,232,250,250,352,352,365,382,115,131,230,257,257,257,257,257,257,271,271,281,281,383,383,400,413,431,431,306,306],"floor_reached":39,"playtime":1115,"items_purged":["Strike_MRS","Strike_MRS","Defend_MRS","Defend_MRS"],"score":708,"play_id":"6b20936e-951f-475c-8e64-edddee036059","local_time":"20210111233842","is_ascension_mode":true,"campfire_choices":[{"data":"Apotheosis","floor":8.0,"key":"SMITH"},{"data":"MasterSpark","floor":11.0,"key":"SMITH"},{"data":"MilkyWay","floor":15.0,"key":"SMITH"},{"data":"EscapeVelocity","floor":24.0,"key":"SMITH"},{"floor":30.0,"key":"REST"},{"data":"OneTimeOff","floor":32.0,"key":"SMITH"}],"circlet_count":0,"master_deck":["Defend_MRS","Defend_MRS","MasterSpark+1","UpSweep","Apotheosis+1","FairyDestructionRay","MilkyWay+1","Singularity","SporeBomb","PowerUp","WitchLeyline+1","CollectingQuirk+1","EscapeVelocity+1","ChargingUp","CollectingQuirk+1","PropBag","MilkyWay","CollectingQuirk+1","OneTimeOff+1","TreasureHunter+1","ManaConvection+1","Robbery+1"],"relics":["MiniHakkero","infinitespire:Satchel","Pen Nib","Molten Egg 2","Orichalcum","BreadOfAWashokuLover","hubris:Towel","hubris:SlimyHat","Sozu","PreservedInsect","Enchiridion","hubris:TerracottaHorce"],"acts_visited":["Exordium","TheCity","TheBeyond"],"potions_floor_usage":[],"damage_taken":[{"damage":5.0,"enemies":"Small Slimes","floor":1.0,"turns":3.0},{"damage":0.0,"enemies":"2 Louse","floor":3.0,"turns":1.0},{"damage":0.0,"enemies":"Cultist","floor":4.0,"turns":3.0},{"damage":5.0,"enemies":"Lagavulin","floor":6.0,"turns":4.0},{"damage":0.0,"enemies":"Large Slime","floor":7.0,"turns":3.0},{"damage":0.0,"enemies":"3 Louse","floor":10.0,"turns":1.0},{"damage":14.0,"enemies":"Gremlin Nob","floor":13.0,"turns":3.0},{"damage":8.0,"enemies":"2 Fungi Beasts","floor":14.0,"turns":3.0},{"damage":0.0,"enemies":"Slime Boss","floor":16.0,"turns":3.0},{"damage":7.0,"enemies":"2 Thieves","floor":18.0,"turns":2.0},{"damage":4.0,"enemies":"Shell Parasite","floor":19.0,"turns":2.0},{"damage":19.0,"enemies":"Snake Plant","floor":21.0,"turns":3.0},{"damage":7.0,"enemies":"Gremlin Leader","floor":23.0,"turns":4.0},{"damage":7.0,"enemies":"Centurion and Healer","floor":29.0,"turns":3.0},{"damage":0.0,"enemies":"Snecko","floor":31.0,"turns":2.0},{"damage":21.0,"enemies":"Champ","floor":33.0,"turns":4.0},{"damage":10.0,"enemies":"3 Darklings","floor":35.0,"turns":2.0},{"damage":23.0,"enemies":"3 Shapes","floor":36.0,"turns":2.0},{"damage":0.0,"enemies":"Transient","floor":37.0,"turns":5.0}],"seed_played":"-4407682014591031208","potions_obtained":[{"floor":3.0,"key":"Block Potion"},{"floor":4.0,"key":"PowerPotion"},{"floor":6.0,"key":"SteroidPotion"},{"floor":14.0,"key":"GamblersBrew"}],"is_trial":false,"path_per_floor":["M","?","M","M","?","E","M","R","T","M","R","?","E","M","R","B",null,"M","M","$","M","?","E","R","?","T","?","AVR","M","R","M","R","B",null,"M","M","M","?","$"],"character_chosen":"MARISA","items_purchased":["Apotheosis","infinitespire:Satchel","FairyDestructionRay","MilkyWay","Pen Nib","CollectingQuirk+1","PropBag"],"campfire_rested":1,"item_purchase_floors":[0,0,0,0,0,20,20],"current_hp_per_floor":[63,63,63,63,63,58,58,58,58,58,58,58,44,36,36,36,65,58,54,54,35,35,28,28,28,28,12,12,5,27,27,27,6,58,48,26,26,26,26,26],"gold":306,"neow_bonus":"","is_daily":false,"chose_seed":false,"campfire_upgraded":5,"win_rate":0.0,"timestamp":1610375922,"path_taken":["M","?","M","M","?","E","?","R","T","M","R","?","E","M","R","BOSS","M","M","$","M","?","E","R","?","T","?","AVR","?","R","M","R","BOSS","M","M","M","?","$"],"items_purchased_type":["Card","Relic","Card","Card","Relic","Card","Card"],"build_version":"2020-12-22","purchased_purges":4,"victory":false,"max_hp_per_floor":[75,75,75,75,75,75,75,75,75,75,75,75,75,75,75,75,75,75,75,75,75,75,75,75,75,75,75,75,75,75,75,75,75,75,75,75,75,75,75,75],"relic_stats":{"Sozu":5,"counters":[19,53],"Pen Nib":[8],"PreservedInsect":0,"Orichalcum":[42],"obtain_stats":[{"AmplifyWand":29,"Enchiridion":27,"BreadOfAWashokuLover":9,"Pen Nib":0,"PreservedInsect":23,"hubris:SlimyHat":13,"Orichalcum":6,"hubris:Towel":12,"hubris:TerracottaHorce":34,"Sozu":17,"Mummified Hand":35,"Ornamental Fan":37,"infinitespire:Satchel":0,"Molten Egg 2":5,"MiniHakkero":0,"Kunai":23},{"AmplifyWand":14,"Enchiridion":13,"BreadOfAWashokuLover":5,"Pen Nib":0,"PreservedInsect":13,"hubris:SlimyHat":7,"Orichalcum":4,"hubris:Towel":6,"hubris:TerracottaHorce":16,"Sozu":9,"Mummified Hand":17,"Ornamental Fan":19,"infinitespire:Satchel":0,"Molten Egg 2":3,"MiniHakkero":0,"Kunai":13},{"AmplifyWand":38,"Enchiridion":35,"BreadOfAWashokuLover":14,"Pen Nib":0,"PreservedInsect":35,"hubris:SlimyHat":18,"Orichalcum":11,"hubris:Towel":15,"hubris:TerracottaHorce":44,"Sozu":24,"Mummified Hand":46,"Ornamental Fan":49,"infinitespire:Satchel":0,"Molten Egg 2":7,"MiniHakkero":0,"Kunai":34}]},"card_choices":[{"not_picked":["ShootingEcho","LuminesStrike"],"picked":"Singularity","floor":1.0},{"not_picked":["SporeBomb","IllusionStar","LuminesStrike"],"picked":"SKIP","floor":3.0},{"not_picked":["IllusionStar","LuminesStrike"],"picked":"SporeBomb","floor":3.0},{"not_picked":["WitchOfGreed","Acceleration","MysteriousBeam"],"picked":"SKIP","floor":4.0},{"not_picked":["SporeBomb","OortCloud","MysteriousBeam+1"],"picked":"SKIP","floor":6.0},{"not_picked":["WitchOfGreed","GalacticHalo"],"picked":"PowerUp","floor":7.0},{"not_picked":["EventHorizon","PowerUp"],"picked":"WitchLeyline+1","floor":10.0},{"not_picked":["StarDustReverie","SatelliteIllusion"],"picked":"CollectingQuirk+1","floor":13.0},{"not_picked":["FairyDestructionRay+1","NonDirectionalLaser+1","GalacticHalo"],"picked":"SKIP","floor":14.0},{"not_picked":["CasketOfStar","BinaryStars"],"picked":"EscapeVelocity","floor":16.0},{"not_picked":["MysteriousBeam+1","6A+1","MilkyWay"],"picked":"SKIP","floor":18.0},{"not_picked":["GalacticHalo+1","DC+1"],"picked":"ChargingUp","floor":19.0},{"not_picked":["MagicChant","BlazeAway+1"],"picked":"MilkyWay","floor":21.0},{"not_picked":["GravityBeat+1","6A+1","ShootTheMoon+1"],"picked":"SKIP","floor":23.0},{"not_picked":["GravityBeat+1","GrandCross+1","DC+1"],"picked":"SKIP","floor":29.0},{"not_picked":["ShootingEcho+1","MysteriousBeam+1","PowerUp"],"picked":"SKIP","floor":31.0},{"not_picked":["EscapeVelocity","BinaryStars"],"picked":"TreasureHunter+1","floor":33.0},{"not_picked":["NonDirectionalLaser+1","DoubleSpark+1"],"picked":"ManaConvection+1","floor":35.0},{"not_picked":["Acceleration+1","IllusionStar","AsteroidBelt+1"],"picked":"SKIP","floor":36.0},{"not_picked":["SporeBomb","GravityBeat+1"],"picked":"Robbery+1","floor":37.0}],"player_experience":1030100,"relics_obtained":[{"floor":6.0,"key":"Orichalcum"},{"floor":9.0,"key":"BreadOfAWashokuLover"},{"floor":13.0,"key":"hubris:SlimyHat"},{"floor":23.0,"key":"PreservedInsect"},{"floor":27.0,"key":"Enchiridion"}],"event_choices":[{"damage_healed":0.0,"max_hp_gain":0.0,"max_hp_loss":0.0,"gold_gain":0.0,"event_name":"betterThird:BetterSerpent","player_choice":"Ignored","floor":2.0,"gold_loss":0.0,"damage_taken":116.0},{"damage_healed":0.0,"max_hp_gain":0.0,"max_hp_loss":0.0,"gold_gain":0.0,"event_name":"WeMeetAgain","player_choice":"Gave Potion","floor":5.0,"gold_loss":0.0,"damage_taken":0.0,"relics_obtained":["Molten Egg 2"]},{"damage_healed":0.0,"max_hp_gain":0.0,"max_hp_loss":0.0,"gold_gain":99.0,"event_name":"betterThird:BetterNest","player_choice":"Steal","floor":22.0,"gold_loss":0.0,"damage_taken":0.0},{"damage_healed":0.0,"max_hp_gain":0.0,"max_hp_loss":0.0,"gold_gain":0.0,"cards_transformed":["Strike_MRS","Strike_MRS"],"event_name":"Drug Dealer","player_choice":"Became Test Subject","floor":25.0,"gold_loss":0.0,"damage_taken":0.0,"cards_obtained":["CollectingQuirk","OneTimeOff"]},{"damage_healed":0.0,"max_hp_gain":0.0,"max_hp_loss":0.0,"gold_gain":0.0,"event_name":"Cursed Tome","player_choice":"Obtained Book","floor":27.0,"gold_loss":0.0,"damage_taken":16.0}],"is_beta":false,"boss_relics":[{"not_picked":["Busted Crown","SacredBark"],"picked":"Sozu"},{"not_picked":["infinitespire:Cupcake","hubris:RunicObelisk"],"picked":"hubris:TerracottaHorce"}],"items_purged_floors":[0,0,28,39],"is_endless":false,"potions_floor_spawned":[3,4,6,14,21,23,29,33,35],"ascension_level":9}}