{"host":"qvl114e0jmbc6yhm","time":1610325256,"event":{"mods":["Act Like it!","BaseMod","Hermit","Highlight Path","Hubris","Jedi Mod","Marisa????????","Marked Mod","Minty Spire (QoL Compilation)","Permanent Neow","Random Character Button","Relic Sorter","Relic Stats","Replay The Spire","Shop Mod","Spicy Shops","StSLib","The Jungle","The Runesmith"],"gold_per_floor":[119,69,69,96,96,127,143,0,47,62,62,93,93,108,108,204,204,227,227,221,241,241,241,241],"floor_reached":23,"playtime":1408,"items_purged":[],"score":491,"play_id":"0536e126-2d3b-4ab1-b0e4-55dd6b91db6c","local_time":"20210110193416","is_ascension_mode":true,"campfire_choices":[{"data":"Pot Of Greed","floor":15,"key":"SMITH"}],"circlet_count":0,"master_deck":["AscendersBane","Defend_P","Defend_P","Defend_P","Defend_P","Eruption","Vigilance","TalkToTheHand+1","Pot Of Greed+1","Wallop+1","Pot Of Greed","Adaptation+1","Bite","Bite","Bite","Bite","Bite"],"relics":["PureWater","NeowsBlessing","Oddly Smooth Stone","hubris:Towel","hubris:PeanutButter","Grinning Jar","Juzu Bracelet","Golden Idol","Lantern","Sozu"],"acts_visited":["Exordium","TheCity"],"potions_floor_usage":[12,18,23],"damage_taken":[{"damage":0,"enemies":"2 Louse","floor":1,"turns":1},{"damage":0,"enemies":"Lagavulin","floor":6,"turns":1},{"damage":0,"enemies":"Small Slimes","floor":7,"turns":1},{"damage":0,"enemies":"Jaw Worm","floor":10,"turns":4},{"damage":10,"enemies":"Gremlin Nob","floor":12,"turns":3},{"damage":0,"enemies":"3 Louse","floor":14,"turns":5},{"damage":0,"enemies":"The Guardian","floor":16,"turns":13},{"damage":0,"enemies":"3 Byrds","floor":18,"turns":6},{"damage":3,"enemies":"2 Thieves","floor":20,"turns":4},{"damage":0,"enemies":"Centurion and Healer","floor":21,"turns":5},{"damage":58,"enemies":"Gremlin Leader","floor":23,"turns":6}],"seed_played":"5780207831798771726","potions_obtained":[{"floor":1,"key":"SpeedPotion"},{"floor":10,"key":"jedi:StrikingPotion"},{"floor":14,"key":"AttackPotion"}],"is_trial":false,"path_per_floor":["M","?","?","T","?","E","M","$","T","M","?","E","?","M","R","B",null,"M","$","M","M","?","E"],"character_chosen":"WATCHER","items_purchased":["Grinning Jar"],"campfire_rested":0,"item_purchase_floors":[8],"current_hp_per_floor":[61,61,61,61,61,61,61,61,61,61,61,51,51,51,51,51,60,60,60,57,57,44,0,0],"gold":241,"neow_bonus":"THREE_ENEMY_KILL","is_daily":false,"chose_seed":false,"campfire_upgraded":1,"win_rate":0.0,"timestamp":1610325256,"path_taken":["M","?","?","?","?","E","M","$","T","M","?","E","?","M","R","BOSS","M","$","M","M","?","E"],"items_purchased_type":["Relic"],"build_version":"2020-12-22","purchased_purges":0,"victory":false,"max_hp_per_floor":[68,68,68,68,68,68,68,68,68,68,63,63,63,63,63,63,63,63,63,63,63,44,44,44],"relic_stats":{"Sozu":2,"counters":[11,49],"Golden Idol":42,"Juzu Bracelet":1,"obtain_stats":[{"Sozu":17,"Lantern":12,"NeowsBlessing":0,"Golden Idol":11,"Oddly Smooth Stone":4,"hubris:PeanutButter":6,"Juzu Bracelet":9,"PureWater":0,"hubris:Towel":5,"Grinning Jar":8},{"Sozu":7,"Lantern":5,"NeowsBlessing":0,"Golden Idol":4,"Oddly Smooth Stone":1,"hubris:PeanutButter":2,"Juzu Bracelet":3,"PureWater":0,"hubris:Towel":1,"Grinning Jar":3},{"Sozu":28,"Lantern":10,"NeowsBlessing":0,"Golden Idol":7,"Oddly Smooth Stone":1,"hubris:PeanutButter":2,"Juzu Bracelet":3,"PureWater":0,"hubris:Towel":1,"Grinning Jar":3}]},"card_choices":[{"not_picked":["EmptyMind","ThirdEye"],"picked":"TalkToTheHand","floor":1},{"not_picked":["Evaluate","Study","Replay:AtTheReady"],"picked":"SKIP","floor":6},{"not_picked":["Replay:Hum","Replay:Anticipation","InnerPeace"],"picked":"SKIP","floor":7},{"not_picked":["Replay:BluntJabs","JustLucky"],"picked":"Wallop","floor":10},{"not_picked":["PathToVictory","EmptyBody","WreathOfFlame"],"picked":"SKIP","floor":12},{"not_picked":["MarkedMod:Acupuncture","FlyingSleeves","DeusExMachina"],"picked":"SKIP","floor":14},{"not_picked":["FollowUp","MarkedMod:GentlePulse"],"picked":"Adaptation+1","floor":18},{"not_picked":["SashWhip","Crescendo","MarkedMod:GentlePulse"],"picked":"SKIP","floor":20},{"not_picked":["Replay:AtTheReady","Replay:Vibes","ThirdEye"],"picked":"SKIP","floor":21}],"player_experience":2435803,"relics_obtained":[{"floor":4,"key":"Oddly Smooth Stone"},{"floor":6,"key":"hubris:PeanutButter"},{"floor":9,"key":"Juzu Bracelet"},{"floor":12,"key":"Lantern"}],"event_choices":[{"cards_removed":["Strike_P"],"damage_healed":0,"gold_gain":0,"player_choice":"Card Removal","damage_taken":0,"max_hp_gain":0,"max_hp_loss":0,"event_name":"The Cleric","floor":2,"gold_loss":50},{"damage_healed":0,"gold_gain":0,"player_choice":"Grow","damage_taken":0,"max_hp_gain":0,"max_hp_loss":0,"event_name":"Living Wall","floor":3,"gold_loss":0,"cards_upgraded":["TalkToTheHand"]},{"damage_healed":0,"gold_gain":0,"player_choice":"Lose Max HP","damage_taken":0,"relics_obtained":["Golden Idol"],"max_hp_gain":0,"max_hp_loss":5,"event_name":"Golden Idol","floor":11,"gold_loss":0},{"damage_healed":0,"gold_gain":0,"player_choice":"Became a vampire","damage_taken":0,"max_hp_gain":0,"max_hp_loss":19,"event_name":"Vampires","floor":22,"gold_loss":0,"cards_obtained":["Bite","Bite","Bite","Bite","Bite"]}],"is_beta":false,"boss_relics":[{"not_picked":["jedi:battlestandard","hubris:HollowSoul"],"picked":"Sozu"}],"items_purged_floors":[],"is_endless":false,"potions_floor_spawned":[1,10,14,20,21],"killed_by":"Gremlin Leader","ascension_level":14}}