{"host":"sav7uxregyirlf69","time":1610362651,"event":{"mods":["AchievementEnabler","BaseMod","Colored Map","DeckTracker","Keyboard Shortcuts","Minty Spire (QoL Compilation)","READ ME - Guardian Mod","StSLib","SuperFastMode"],"gold_per_floor":[115,40,53,71,85,110,110,141,165,165,165,200,224,238,238,311,311,326,326,376,391,44,78,78,93,117,135,27,27,53,81,93,176,188,219,241,264,326,338,338],"floor_reached":39,"playtime":657,"items_purged":["Strike_R"],"score":932,"play_id":"26819925-9b61-41ec-a07d-0fddc238882b","local_time":"20210111195731","is_ascension_mode":true,"campfire_choices":[{"data":"Blood for Blood","floor":7,"key":"SMITH"},{"data":"Inflame","floor":10,"key":"SMITH"},{"data":"Limit Break","floor":15,"key":"SMITH"},{"floor":24,"key":"REST"},{"floor":29,"key":"REST"},{"floor":32,"key":"REST"}],"circlet_count":0,"master_deck":["AscendersBane","Strike_R","Strike_R","Strike_R","Defend_R","Defend_R","Defend_R","Defend_R","Bash","Wild Strike","Sword Boomerang","Uppercut+1","Blood for Blood+1","Fiend Fire","Inflame+1","Limit Break+1","Offering","Flex","Offering","Second Wind","Cleave+1","Spot Weakness","Reaper","Feel No Pain","Immolate","Pummel"],"relics":["Burning Blood","Red Skull","Dream Catcher","Ancient Tea Set","Strawberry","Juzu Bracelet","Odd Mushroom","Fusion Hammer","SsserpentHead","Sundial","Ornamental Fan","Blood Vial","MawBank","Cursed Key"],"acts_visited":["Exordium","TheCity","TheBeyond"],"potions_floor_usage":[6,8,16,21,23,33,39],"damage_taken":[{"damage":11,"enemies":"Jaw Worm","floor":1,"turns":4},{"damage":1,"enemies":"2 Louse","floor":3,"turns":4},{"damage":6,"enemies":"Cultist","floor":4,"turns":3},{"damage":15,"enemies":"Large Slime","floor":5,"turns":8},{"damage":30,"enemies":"Lagavulin","floor":6,"turns":5},{"damage":0,"enemies":"Gremlin Nob","floor":8,"turns":2},{"damage":20,"enemies":"3 Sentries","floor":12,"turns":4},{"damage":8,"enemies":"The Mushroom Lair","floor":13,"turns":3},{"damage":16,"enemies":"Lots of Slimes","floor":14,"turns":4},{"damage":15,"enemies":"Hexaghost","floor":16,"turns":5},{"damage":27,"enemies":"Chosen","floor":18,"turns":4},{"damage":17,"enemies":"2 Thieves","floor":21,"turns":2},{"damage":41,"enemies":"Gremlin Leader","floor":23,"turns":3},{"damage":8,"enemies":"Chosen and Byrds","floor":25,"turns":4},{"damage":6,"enemies":"Snecko","floor":27,"turns":2},{"damage":43,"enemies":"Slavers","floor":30,"turns":4},{"damage":9,"enemies":"Cultist and Chosen","floor":31,"turns":4},{"damage":56,"enemies":"Collector","floor":33,"turns":7},{"damage":12,"enemies":"Orb Walker","floor":35,"turns":2},{"damage":37,"enemies":"3 Shapes","floor":36,"turns":5},{"damage":45,"enemies":"3 Darklings","floor":37,"turns":3},{"damage":51,"enemies":"Transient","floor":39,"turns":6}],"seed_played":"-6908073052191127219","potions_obtained":[{"floor":4,"key":"FearPotion"},{"floor":5,"key":"Dexterity Potion"},{"floor":6,"key":"Energy Potion"},{"floor":8,"key":"Strength Potion"},{"floor":13,"key":"BloodPotion"},{"floor":16,"key":"CultistPotion"},{"floor":21,"key":"AttackPotion"},{"floor":25,"key":"GamblersBrew"},{"floor":33,"key":"AttackPotion"},{"floor":35,"key":"Regen Potion"},{"floor":36,"key":"CultistPotion"}],"is_trial":false,"path_per_floor":["M","?","M","M","M","E","R","E","T","R","?","E","?","M","R","B",null,"M","?","?","M","$","E","R","M","T","M","$","R","E","M","R","B",null,"M","M","M","?","M"],"character_chosen":"IRONCLAD","items_purchased":["Sundial","Reaper"],"campfire_rested":3,"item_purchase_floors":[22,28],"current_hp_per_floor":[63,63,68,68,59,35,35,41,48,48,48,34,32,22,22,13,65,44,44,44,49,49,14,38,36,36,38,38,62,45,44,68,44,73,69,48,11,11,0,0],"gold":338,"neow_bonus":"RANDOM_COMMON_RELIC","is_daily":false,"chose_seed":false,"campfire_upgraded":3,"win_rate":0.0,"timestamp":1610362651,"path_taken":["M","?","M","M","M","E","R","E","T","R","?","E","?","M","R","BOSS","M","?","?","M","$","E","R","M","T","M","?","R","E","M","R","BOSS","M","M","M","?","M"],"items_purchased_type":["Relic","Card"],"build_version":"2020-12-22","purchased_purges":1,"victory":false,"max_hp_per_floor":[75,75,75,75,75,75,75,75,82,82,82,82,82,82,82,82,82,82,82,82,82,82,82,82,82,82,82,82,82,82,82,82,82,82,82,82,82,82,82,82],"card_choices":[{"not_picked":["Havoc","Flame Barrier"],"picked":"Wild Strike","floor":1},{"not_picked":["Infernal Blade","Searing Blow"],"picked":"Sword Boomerang","floor":3},{"not_picked":["Rampage","Headbutt"],"picked":"Uppercut","floor":4},{"not_picked":["Burning Pact","Pummel"],"picked":"Blood for Blood","floor":5},{"not_picked":["Body Slam","Clothesline"],"picked":"Fiend Fire","floor":6},{"not_picked":["Intimidate","Heavy Blade"],"picked":"Inflame","floor":8},{"not_picked":["True Grit","Havoc","Uppercut"],"picked":"SKIP","floor":12},{"not_picked":["Reckless Charge","Flex"],"picked":"Limit Break","floor":14},{"not_picked":["Fiend Fire","Immolate"],"picked":"Offering","floor":16},{"not_picked":["Sword Boomerang","Wild Strike"],"picked":"Flex","floor":18},{"not_picked":["Hemokinesis","Perfected Strike"],"picked":"Second Wind","floor":21},{"not_picked":["Perfected Strike","Iron Wave","Body Slam"],"picked":"SKIP","floor":23},{"not_picked":["Reckless Charge","Rage"],"picked":"Cleave+1","floor":25},{"not_picked":["Clash","True Grit+1"],"picked":"Spot Weakness","floor":27},{"not_picked":["Havoc","Anger"],"picked":"Feel No Pain","floor":29},{"not_picked":["Disarm","Uppercut","Iron Wave"],"picked":"SKIP","floor":30},{"not_picked":["Twin Strike","Shockwave+1","Sword Boomerang"],"picked":"SKIP","floor":31},{"not_picked":["Feed","Barricade"],"picked":"Immolate","floor":33},{"not_picked":["Cleave+1","Spot Weakness","Twin Strike"],"picked":"SKIP","floor":35},{"not_picked":["Sentinel","Pommel Strike"],"picked":"Pummel","floor":36},{"not_picked":["Havoc","Body Slam","Twin Strike+1"],"picked":"SKIP","floor":37}],"player_experience":1245375,"relics_obtained":[{"floor":6,"key":"Dream Catcher"},{"floor":8,"key":"Ancient Tea Set"},{"floor":9,"key":"Strawberry"},{"floor":12,"key":"Juzu Bracelet"},{"floor":13,"key":"Odd Mushroom"},{"floor":23,"key":"Ornamental Fan"},{"floor":26,"key":"Blood Vial"},{"floor":30,"key":"MawBank"}],"event_choices":[{"cards_removed":["Strike_R"],"damage_healed":0,"gold_gain":0,"player_choice":"Card Removal","damage_taken":0,"max_hp_gain":0,"max_hp_loss":0,"event_name":"The Cleric","floor":2,"gold_loss":75},{"damage_healed":0,"gold_gain":0,"player_choice":"Forge","damage_taken":0,"max_hp_gain":0,"max_hp_loss":0,"event_name":"Accursed Blacksmith","floor":11,"gold_loss":0,"cards_upgraded":["Uppercut"]},{"damage_healed":0,"gold_gain":0,"player_choice":"Fought Mushrooms","damage_taken":0,"max_hp_gain":0,"max_hp_loss":0,"event_name":"Mushrooms","floor":13,"gold_loss":0},{"damage_healed":0,"gold_gain":0,"player_choice":"Trade","damage_taken":0,"relics_obtained":["SsserpentHead"],"max_hp_gain":0,"max_hp_loss":0,"event_name":"FaceTrader","floor":19,"gold_loss":0},{"damage_healed":0,"gold_gain":0,"player_choice":"Copied","damage_taken":0,"max_hp_gain":0,"max_hp_loss":0,"event_name":"Duplicator","floor":20,"gold_loss":0,"cards_obtained":["Offering"]},{"damage_healed":0,"gold_gain":0,"player_choice":"Ignored","damage_taken":0,"max_hp_gain":0,"max_hp_loss":0,"event_name":"Mysterious Sphere","floor":38,"gold_loss":0}],"is_beta":false,"boss_relics":[{"not_picked":["Snecko Eye","Astrolabe"],"picked":"Fusion Hammer"},{"not_picked":["Empty Cage","Philosopher\u0027s Stone"],"picked":"Cursed Key"}],"items_purged_floors":[22],"is_endless":false,"potions_floor_spawned":[4,5,6,8,13,16,21,25,27,30,33,35,36],"killed_by":"Transient","ascension_level":20}}