{"host":"cv77zuuuekizn3ic","time":1610328319,"event":{"mods":["AchievementEnabler","BaseMod","Marisa£®ÏF”Í°°ƒß¿Ì…≥£©","Minty Spire (QoL Compilation)","StSLib","Waifu the Spire","everything is the same but u backflip on backflip","slay the spire mod where everything is the same but ironclad has a cowboy hat"],"gold_per_floor":[119,194,210,210,210,244,244,277,277,277,202,127,27,63,63,159,159,182,201,219,233,258,301,301,301,301,9,9,59,92,107,107,196,196,219,219,239,239,264,264,307,307,307,307,307],"floor_reached":44,"playtime":2068,"items_purged":["Strike_R","Strike_R"],"score":1084,"play_id":"ab1ea68e-3de4-434f-9c40-15fd202346c7","local_time":"20210111092519","is_ascension_mode":true,"campfire_choices":[{"data":"Pommel Strike","floor":7.0,"key":"SMITH"},{"data":"Evolve","floor":10.0,"key":"SMITH"},{"data":"Bash","floor":15.0,"key":"SMITH"},{"data":"Dark Embrace","floor":28.0,"key":"SMITH"},{"data":"Demon Form","floor":32.0,"key":"SMITH"},{"data":"Barricade","floor":40.0,"key":"SMITH"},{"floor":42.0,"key":"RECALL"}],"circlet_count":0,"master_deck":["AscendersBane","Strike_R","Defend_R","Defend_R","Defend_R","Defend_R","Bash+1","Evolve+1","Twin Strike","Pommel Strike+1","Wild Strike","Ghostly Armor+1","Impervious+1","Rampage+1","Disarm+1","Pommel Strike+1","Flame Barrier+1","True Grit+1","Shrug It Off+1","Power Through+1","Dark Embrace+1","Battle Trance+1","Demon Form+1","Barricade+1","Wraith","Madness+1","Madness+1"],"relics":["Burning Blood","NeowsBlessing","Golden Idol","Meat on the Bone","Art of War","Mercury Hourglass","Toxic Egg 2","Molten Egg 2","Runic Dome","Blue Candle","Mummified Hand","TheAbacus","Tiny Chest","Mark of Pain","Centennial Puzzle"],"acts_visited":["Exordium","TheCity","TheBeyond"],"potions_floor_usage":[44,44],"damage_taken":[{"damage":0.0,"enemies":"2 Louse","floor":1.0,"turns":1.0},{"damage":0.0,"enemies":"Small Slimes","floor":3.0,"turns":1.0},{"damage":0.0,"enemies":"Gremlin Nob","floor":6.0,"turns":1.0},{"damage":15.0,"enemies":"Lagavulin","floor":8.0,"turns":5.0},{"damage":8.0,"enemies":"Gremlin Nob","floor":14.0,"turns":3.0},{"damage":51.0,"enemies":"The Guardian","floor":16.0,"turns":10.0},{"damage":7.0,"enemies":"3 Byrds","floor":18.0,"turns":5.0},{"damage":31.0,"enemies":"Chosen","floor":19.0,"turns":5.0},{"damage":37.0,"enemies":"Shelled Parasite and Fungi","floor":20.0,"turns":5.0},{"damage":12.0,"enemies":"Snake Plant","floor":21.0,"turns":5.0},{"damage":7.0,"enemies":"Snecko","floor":22.0,"turns":5.0},{"damage":27.0,"enemies":"Slavers","floor":23.0,"turns":7.0},{"damage":0.0,"enemies":"Book of Stabbing","floor":30.0,"turns":5.0},{"damage":9.0,"enemies":"3 Cultists","floor":31.0,"turns":6.0},{"damage":2.0,"enemies":"Champ","floor":33.0,"turns":13.0},{"damage":13.0,"enemies":"3 Shapes","floor":35.0,"turns":6.0},{"damage":3.0,"enemies":"3 Darklings","floor":37.0,"turns":7.0},{"damage":17.0,"enemies":"Transient","floor":39.0,"turns":6.0},{"damage":22.0,"enemies":"Nemesis","floor":41.0,"turns":9.0},{"damage":76,"enemies":"Reptomancer","floor":44,"turns":3}],"seed_played":"-7990218627773647627","potions_obtained":[{"floor":1.0,"key":"SneckoOil"},{"floor":6.0,"key":"LiquidMemories"},{"floor":8.0,"key":"Block Potion"},{"floor":14.0,"key":"CultistPotion"},{"floor":16.0,"key":"EssenceOfSteel"},{"floor":19.0,"key":"ColorlessPotion"},{"floor":23.0,"key":"DistilledChaos"},{"floor":30.0,"key":"DuplicationPotion"},{"floor":39.0,"key":"EssenceOfSteel"}],"is_trial":false,"path_per_floor":["M","?","M","?","?","E","R","E","T","R","?","$","$","E","R","B",null,"M","M","M","M","M","E","?","T","T","$","R","?","E","M","R","B",null,"M","?","M","?","M","R","E","R","T","E"],"character_chosen":"IRONCLAD","items_purchased":["Power Through+1","Dark Embrace","TheAbacus"],"campfire_rested":0,"item_purchase_floors":[27,27,27],"current_hp_per_floor":[74,63,69,68,57,63,63,54,54,54,54,54,54,52,52,19,56,55,42,23,29,40,31,31,31,31,31,31,25,43,52,52,56,65,58,58,61,49,50,50,46,46,46,0,0],"gold":307,"neow_bonus":"THREE_ENEMY_KILL","is_daily":false,"chose_seed":false,"campfire_upgraded":6,"win_rate":0.0,"timestamp":1610328319,"path_taken":["M","?","M","?","?","E","R","E","T","R","?","?","$","E","R","BOSS","M","?","M","M","M","E","?","?","T","$","R","?","E","M","R","BOSS","M","?","M","?","M","R","E","R","T","E"],"items_purchased_type":["Card","Card","Relic"],"build_version":"2020-12-22","purchased_purges":2,"victory":false,"max_hp_per_floor":[75,75,75,68,68,68,68,68,68,68,68,68,68,68,68,68,68,68,68,68,68,68,68,68,68,68,68,68,68,68,68,68,68,68,68,68,68,68,68,68,68,68,68,68,68],"card_choices":[{"not_picked":["Twin Strike","Havoc"],"picked":"Evolve","floor":1.0},{"not_picked":["Blood for Blood","Thunderclap"],"picked":"Twin Strike","floor":3.0},{"not_picked":["Blood for Blood","Evolve"],"picked":"Pommel Strike","floor":6.0},{"not_picked":["Warcry","Intimidate"],"picked":"Wild Strike","floor":8.0},{"not_picked":["Cleave+1","Heavy Blade+1"],"picked":"Ghostly Armor+1","floor":14.0},{"not_picked":["Fiend Fire+1","Brutality"],"picked":"Impervious+1","floor":16.0},{"not_picked":["True Grit+1","Flex+1"],"picked":"Rampage+1","floor":18.0},{"not_picked":["Pommel Strike+1","Wild Strike+1"],"picked":"Disarm+1","floor":19.0},{"not_picked":["Sword Boomerang+1","Iron Wave+1"],"picked":"Pommel Strike+1","floor":20.0},{"not_picked":["Metallicize","Sever Soul+1"],"picked":"Flame Barrier+1","floor":21.0},{"not_picked":["Clothesline+1","Fiend Fire+1"],"picked":"True Grit+1","floor":22.0},{"not_picked":["Spot Weakness+1","Warcry+1"],"picked":"Shrug It Off+1","floor":23.0},{"not_picked":["Heavy Blade+1","Anger+1"],"picked":"Battle Trance+1","floor":30.0},{"not_picked":["True Grit+1","Shrug It Off+1"],"picked":"Demon Form","floor":31.0},{"not_picked":["Feed+1","Berserk"],"picked":"Barricade","floor":33.0},{"not_picked":["Shockwave+1","Wild Strike+1","Armaments+1"],"picked":"SKIP","floor":35.0},{"not_picked":["Wild Strike+1","Flex+1","Brutality"],"picked":"SKIP","floor":37.0},{"not_picked":["Shockwave+1","Anger+1","Sword Boomerang+1"],"picked":"SKIP","floor":39.0},{"not_picked":["Pommel Strike+1","Hemokinesis+1","Blood for Blood+1"],"picked":"SKIP","floor":41.0}],"player_experience":840970,"relics_obtained":[{"floor":6.0,"key":"Art of War"},{"floor":8.0,"key":"Mercury Hourglass"},{"floor":9.0,"key":"Toxic Egg 2"},{"floor":14.0,"key":"Molten Egg 2"},{"floor":25.0,"key":"Blue Candle"},{"floor":26.0,"key":"Mummified Hand"},{"floor":30.0,"key":"Tiny Chest"},{"floor":41.0,"key":"Centennial Puzzle"}],"event_choices":[{"damage_healed":0.0,"max_hp_gain":0.0,"max_hp_loss":0.0,"gold_gain":75.0,"event_name":"World of Goop","player_choice":"Gather Gold","floor":2.0,"gold_loss":0.0,"damage_taken":11.0},{"damage_healed":0.0,"max_hp_gain":0.0,"max_hp_loss":7.0,"gold_gain":0.0,"event_name":"Golden Idol","player_choice":"Lose Max HP","floor":4.0,"gold_loss":0.0,"damage_taken":0.0,"relics_obtained":["Golden Idol"]},{"damage_healed":0.0,"max_hp_gain":0.0,"max_hp_loss":0.0,"gold_gain":0.0,"event_name":"Scrap Ooze","player_choice":"Success","floor":5.0,"gold_loss":0.0,"damage_taken":11.0,"relics_obtained":["Meat on the Bone"]},{"cards_removed":["Strike_R"],"damage_healed":0.0,"max_hp_gain":0.0,"max_hp_loss":0.0,"gold_gain":0.0,"event_name":"The Cleric","player_choice":"Card Removal","floor":11.0,"gold_loss":75.0,"damage_taken":0.0},{"cards_removed":["Strike_R"],"damage_healed":0.0,"max_hp_gain":0.0,"max_hp_loss":0.0,"gold_gain":0.0,"event_name":"Back to Basics","player_choice":"Elegance","floor":24.0,"gold_loss":0.0,"damage_taken":0.0},{"damage_healed":0.0,"max_hp_gain":0.0,"max_hp_loss":0.0,"gold_gain":50.0,"event_name":"FaceTrader","player_choice":"Touch","floor":29.0,"gold_loss":0.0,"damage_taken":6.0},{"damage_healed":0.0,"max_hp_gain":0.0,"max_hp_loss":0.0,"gold_gain":0.0,"event_name":"OrinTheCat","player_choice":"Ignored","floor":36.0,"gold_loss":0.0,"damage_taken":0.0},{"damage_healed":0.0,"max_hp_gain":0.0,"max_hp_loss":0.0,"gold_gain":0.0,"event_name":"Winding Halls","player_choice":"Embrace Madness","floor":38.0,"gold_loss":0.0,"damage_taken":12.0,"cards_obtained":["Madness","Madness"]}],"is_beta":false,"boss_relics":[{"not_picked":["Runic Cube","Sozu"],"picked":"Runic Dome"},{"not_picked":["Cursed Key","Tiny House"],"picked":"Mark of Pain"}],"items_purged_floors":[12,13],"is_endless":false,"potions_floor_spawned":[1,6,8,14,16,19,20,22,23,30,39,41],"killed_by":"Reptomancer","ascension_level":20}}