{"host":"yecadp3kwkksam5a","time":1610376377,"event":{"mods":["BaseMod","Minty Spire (QoL Compilation)","StSLib","The Cursed","The Jungle","The Poker Player","WarShipGirlsR/??á´Ò³R mod"],"gold_per_floor":[111,124,141,161,161,195,195,213,213,63,95,109,109,122,122,218,218,232,157,18,18,18],"floor_reached":21,"playtime":796,"items_purged":["rmod:strick","rmod:strick"],"score":216,"play_id":"4d3a5f67-c5a5-4455-ae9b-b1f265b79ad9","local_time":"20210111234617","is_ascension_mode":false,"campfire_choices":[{"data":"rmod:ammunitionsupply","floor":7.0,"key":"SMITH"},{"data":"rmod:expedition","floor":15,"key":"SMITH"}],"circlet_count":0,"master_deck":["rmod:strick","rmod:defend","rmod:defend","rmod:defend","rmod:defend","rmod:basicallowance","rmod:maingunfire","rmod:fletcherpendant","rmod:wolves","rmod:ammunitionsupply+1","rmod:supportescort","rmod:aviationdawn","rmod:expedition+1","rmod:fuelsupply","rmod:fletcherpendant","rmod:saltedfish","rmod:heivgo","rmod:chargemoney"],"relics":["rmod:firstchargereward","Incense Burner","Potion Belt","Meat on the Bone","rmod:monthlycard"],"acts_visited":["Exordium","TheCity"],"potions_floor_usage":[],"damage_taken":[{"damage":4.0,"enemies":"Jaw Worm","floor":1.0,"turns":3.0},{"damage":1.0,"enemies":"Small Slimes","floor":2.0,"turns":3.0},{"damage":0.0,"enemies":"2 Louse","floor":3.0,"turns":3.0},{"damage":6.0,"enemies":"2 Fungi Beasts","floor":4.0,"turns":2.0},{"damage":11.0,"enemies":"Gremlin Nob","floor":6.0,"turns":3.0},{"damage":10.0,"enemies":"3 Louse","floor":8.0,"turns":2.0},{"damage":17.0,"enemies":"Lagavulin","floor":11.0,"turns":7.0},{"damage":8.0,"enemies":"Blue Slaver","floor":12.0,"turns":3.0},{"damage":0,"enemies":"Large Slime","floor":14,"turns":4},{"damage":26,"enemies":"Hexaghost","floor":16,"turns":8},{"damage":20,"enemies":"2 Thieves","floor":18,"turns":3},{"damage":10,"enemies":"Chosen","floor":21,"turns":2}],"seed_played":"-5970099057221937114","potions_obtained":[{"floor":1.0,"key":"PowerPotion"},{"floor":4.0,"key":"AttackPotion"},{"floor":6.0,"key":"Block Potion"}],"is_trial":false,"path_per_floor":["M","M","M","M","?","E","R","M","T","$","E","M","?","M","R","B",null,"M","?","$","M"],"character_chosen":"PRAEFECT","items_purchased":["rmod:expedition","rmod:chargemoney"],"campfire_rested":0,"item_purchase_floors":[10,20],"current_hp_per_floor":[78,77,77,71,68,57,57,47,47,47,30,34,34,46,46,32,82,62,62,62,52,52],"gold":18,"neow_bonus":"TEN_PERCENT_HP_BONUS","is_daily":false,"chose_seed":false,"campfire_upgraded":2,"win_rate":0.0,"timestamp":1610376377,"path_taken":["M","M","M","M","?","E","R","M","T","$","E","M","?","M","R","BOSS","M","?","$","M"],"items_purchased_type":["Card","Card"],"build_version":"2020-12-22","purchased_purges":2,"victory":false,"max_hp_per_floor":[82,82,82,82,82,82,82,82,82,82,82,82,82,82,82,82,82,82,82,82,82,82],"card_choices":[{"not_picked":["rmod:lonelyqueen","rmod:fuelsupply"],"picked":"rmod:fletcherpendant","floor":1.0},{"not_picked":["rmod:spoils","rmod:openingtorpedo"],"picked":"rmod:wolves","floor":2.0},{"not_picked":["rmod:smokecover","rmod:diamondstrike"],"picked":"rmod:ammunitionsupply","floor":3.0},{"not_picked":["rmod:fletcherpendant","rmod:unsinkable"],"picked":"rmod:supportescort","floor":4.0},{"not_picked":["rmod:goodfighter","rmod:wife"],"picked":"rmod:aviationdawn","floor":6.0},{"not_picked":["rmod:u235","rmod:aviationdawn","rmod:punchline"],"picked":"SKIP","floor":8.0},{"not_picked":["rmod:ammunitionsupply","rmod:fletcherpendant"],"picked":"rmod:fuelsupply","floor":11.0},{"not_picked":["rmod:diamondstrike","rmod:supportescort"],"picked":"rmod:fletcherpendant","floor":12.0},{"not_picked":["rmod:firesupport","rmod:smokecover","rmod:fletcherpendant"],"picked":"SKIP","floor":14},{"not_picked":["rmod:u235","rmod:supriseattacks"],"picked":"rmod:saltedfish","floor":16},{"not_picked":["rmod:diamondstrike","rmod:steelsupply"],"picked":"rmod:heivgo","floor":18}],"player_experience":497658,"relics_obtained":[{"floor":6.0,"key":"Potion Belt"},{"floor":11.0,"key":"Meat on the Bone"}],"event_choices":[{"damage_healed":0.0,"max_hp_gain":0.0,"max_hp_loss":0.0,"gold_gain":0.0,"event_name":"Scrap Ooze","player_choice":"Success","floor":5.0,"gold_loss":0.0,"damage_taken":3.0,"relics_obtained":["Incense Burner"]},{"cards_removed":["rmod:strick"],"damage_healed":0,"gold_gain":0,"player_choice":"Gave Gold","damage_taken":0,"max_hp_gain":0,"max_hp_loss":0,"event_name":"Beggar","floor":19,"gold_loss":75}],"is_beta":false,"boss_relics":[{"not_picked":["Fusion Hammer","SlaversCollar"],"picked":"rmod:monthlycard"}],"items_purged_floors":[10,20],"is_endless":false,"potions_floor_spawned":[1,4,6],"killed_by":"Chosen","ascension_level":0}}