{"host":"hnornbwyth360ztl","time":1610388869,"event":{"mods":["AchievementEnabler","Act Like it!","Bartender","BaseMod","Colored Powertips","Gensokyo","Hallownest","Hermit","MarisaÅiñ∂âJÅ@ñÇóùçπÅj","Minty Spire (QoL Compilation)","Spicy Shops","StSLib","The Alterego","The Servant 0.9.4","The Wild Card","Waifu the Spire"],"gold_per_floor":[113,59,75,75,75,75,109,109,109,138,138,38,50,67,67,164,164,174,5,5,5,15,15,25,25,98,149,149,249,249,263,263,360,360,360,360],"floor_reached":35,"playtime":5202,"items_purged":[],"score":386,"play_id":"3b905623-7ba4-4462-8824-dc026d0854f2","local_time":"20210111141429","is_ascension_mode":false,"campfire_choices":[{"floor":6,"key":"REST"},{"floor":8,"key":"REST"},{"floor":11,"key":"REST"},{"data":"alterego_mod:GachaTicket","floor":15,"key":"SMITH"},{"floor":23,"key":"REST"},{"floor":28,"key":"REST"},{"floor":30,"key":"REST"},{"floor":32,"key":"REST"}],"circlet_count":0,"master_deck":["alterego_mod:Strike","alterego_mod:Strike","alterego_mod:Strike","alterego_mod:Defend","alterego_mod:Defend","alterego_mod:Defend","alterego_mod:Defend","alterego_mod:Impale","alterego_mod:BigMeatyClaws","alterego_mod:BrynhildrsRune","alterego_mod:Undulate","alterego_mod:GoddessCore","alterego_mod:Mirror","alterego_mod:GachaTicket+1","alterego_mod:Clones","alterego_mod:Palingenesis","alterego_mod:RocketPunch","alterego_mod:Pet","alterego_mod:RocketPunch","alterego_mod:Rake","alterego_mod:Valkyrie","alterego_mod:BrynhildrRomantia","alterego_mod:IndependentAction","alterego_mod:TrickOrTreatment","alterego_mod:Birthday","alterego_mod:ClassAdvantage"],"relics":["alterego_mod:MasochisticConstitution","Gensokyo:CelestialsFlawlessClothing","Gensokyo:NagashiBinaDoll","PreservedInsect","Prayer Wheel","Pear","Nunchaku","Empty Cage","InkBottle","HornCleat","Cleaning_Rag","Meat on the Bone","Ginger","Torii","Pocketwatch","Runic Pyramid"],"acts_visited":["Gensokyo:Gensokyo","Gensokyo:Gensokyoer","Gensokyo:Gensokyoest"],"potions_floor_usage":[10,16,29,33,33,35],"damage_taken":[{"damage":2,"enemies":"Gensokyo:Gryphon","floor":1,"turns":6},{"damage":13,"enemies":"Gensokyo:2_Kodama","floor":3,"turns":4},{"damage":55,"enemies":"Gensokyo:Cirno","floor":7,"turns":10},{"damage":1,"enemies":"Gensokyo:Aya","floor":10,"turns":5},{"damage":7,"enemies":"Gensokyo:3_Fairies","floor":13,"turns":5},{"damage":18,"enemies":"Gensokyo:Kitsune","floor":14,"turns":6},{"damage":48,"enemies":"Gensokyo:Yukari","floor":16,"turns":17},{"damage":33,"enemies":"Gensokyo:AngelMirror","floor":18,"turns":6},{"damage":41,"enemies":"Gensokyo:CosmicMonolith","floor":22,"turns":21},{"damage":28,"enemies":"Gensokyo:Wraith","floor":24,"turns":10},{"damage":59,"enemies":"Gensokyo:Wraith","floor":29,"turns":12},{"damage":18,"enemies":"Gensokyo:Swordslinger","floor":31,"turns":5},{"damage":83,"enemies":"Gensokyo:Eiki","floor":33,"turns":16},{"damage":76,"enemies":"Gensokyo:AncientGuardian","floor":35,"turns":20}],"seed_played":"7777908412510561503","potions_obtained":[{"floor":7,"key":"ColorlessPotion"},{"floor":13,"key":"BlessingOfTheForge"},{"floor":16,"key":"LiquidBronze"},{"floor":18,"key":"DistilledChaos"},{"floor":31,"key":"LiquidMemories"},{"floor":33,"key":"DuplicationPotion"}],"is_trial":false,"path_per_floor":["M","$","M","?","?","R","E","R","T","E","R","COS","M","M","R","B",null,"M","COS","?","?","M","R","M","?","T","T","R","?","R","M","R","B",null,"M"],"character_chosen":"The_Alterego","items_purchased":["alterego_mod:GoddessCore"],"campfire_rested":7,"item_purchase_floors":[2],"current_hp_per_floor":[76,76,70,51,51,74,20,44,44,61,88,88,82,72,72,25,94,69,69,69,69,39,66,46,46,46,46,73,27,55,60,89,45,99,23,23],"gold":360,"neow_bonus":"TEN_PERCENT_HP_BONUS","is_daily":false,"chose_seed":false,"campfire_upgraded":1,"win_rate":0.0,"timestamp":1610388869,"path_taken":["M","$","M","?","?","R","E","R","T","E","R","COS","M","M","R","BOSS","M","COS","?","?","?","R","M","?","T","?","R","?","R","M","R","BOSS","M"],"items_purchased_type":["Card"],"build_version":"2020-12-22","purchased_purges":0,"victory":false,"max_hp_per_floor":[78,78,79,79,79,79,80,80,80,91,91,91,92,93,93,94,94,95,95,95,88,92,92,93,93,93,93,93,94,94,98,98,99,99,99,99],"card_choices":[{"not_picked":["alterego_mod:DiscoLights","alterego_mod:Skirt"],"picked":"alterego_mod:Undulate","floor":1},{"not_picked":["alterego_mod:Undulate","alterego_mod:Cooking"],"picked":"alterego_mod:Mirror","floor":3},{"not_picked":["alterego_mod:Stockings","alterego_mod:Maid"],"picked":"alterego_mod:GachaTicket","floor":7},{"not_picked":["alterego_mod:Undulate","alterego_mod:Cooking"],"picked":"alterego_mod:Clones","floor":10},{"not_picked":["alterego_mod:PerceptionDisorder","alterego_mod:BustOut"],"picked":"alterego_mod:Palingenesis","floor":13},{"not_picked":["alterego_mod:Jiggle","alterego_mod:GoddessCore"],"picked":"alterego_mod:RocketPunch","floor":13},{"not_picked":["alterego_mod:HighServant","alterego_mod:Skirt"],"picked":"alterego_mod:Pet","floor":14},{"not_picked":["alterego_mod:Exercise","alterego_mod:Lift"],"picked":"alterego_mod:RocketPunch","floor":14},{"not_picked":["alterego_mod:BrynhildrRomantia","alterego_mod:GIGAMILK"],"picked":"alterego_mod:Rake","floor":16},{"not_picked":["alterego_mod:InsideBaseball","alterego_mod:Palingenesis"],"picked":"alterego_mod:Valkyrie","floor":16},{"not_picked":["alterego_mod:SakuraLabyrinth+1","alterego_mod:Skirt"],"picked":"alterego_mod:BrynhildrRomantia","floor":18},{"not_picked":["alterego_mod:Rip","alterego_mod:MagicResistance","alterego_mod:HighServant"],"picked":"SKIP","floor":18},{"not_picked":["alterego_mod:RidiculouslyBig","alterego_mod:Crossover"],"picked":"alterego_mod:IndependentAction","floor":22},{"not_picked":["alterego_mod:Cooking+1","alterego_mod:Complex","alterego_mod:1TonWallop"],"picked":"SKIP","floor":22},{"not_picked":["alterego_mod:BrynhildrRomantia","alterego_mod:Weigh"],"picked":"alterego_mod:TrickOrTreatment","floor":24},{"not_picked":["alterego_mod:Undulate+1","alterego_mod:MaintainEyeContact","alterego_mod:DiscoLights"],"picked":"SKIP","floor":24},{"not_picked":["alterego_mod:Lingerie","alterego_mod:Clap","alterego_mod:Pet"],"picked":"SKIP","floor":24},{"not_picked":["alterego_mod:STier","alterego_mod:Collar"],"picked":"alterego_mod:Birthday","floor":31},{"not_picked":["alterego_mod:Jiggle","alterego_mod:Undulate","alterego_mod:Stockings"],"picked":"SKIP","floor":31},{"not_picked":["alterego_mod:RingBreak","alterego_mod:GIGAMILK"],"picked":"alterego_mod:ClassAdvantage","floor":33}],"player_experience":57248,"relics_obtained":[{"floor":7,"key":"PreservedInsect"},{"floor":9,"key":"Prayer Wheel"},{"floor":10,"key":"Pear"},{"floor":26,"key":"HornCleat"},{"floor":27,"key":"Cleaning_Rag"},{"floor":29,"key":"Ginger"},{"floor":29,"key":"Torii"}],"event_choices":[],"is_beta":false,"boss_relics":[{"not_picked":["Fusion Hammer","Astrolabe"],"picked":"Empty Cage"},{"not_picked":["Sozu","SacredBark"],"picked":"Runic Pyramid"}],"items_purged_floors":[],"is_endless":false,"potions_floor_spawned":[7,13,16,18,31,33],"killed_by":"Gensokyo:AncientGuardian","ascension_level":0}}