{"host":"w3q5ijqu8eoknil3","time":1610343192,"event":{"mods":["AchievementEnabler","BaseMod","Block Reminder","Colored Powertips","Curses Come First","Minty Spire (QoL Compilation)","Quick Restart","Relic Stats","StSLib","ojb\u0027s Better Paths Mod","ojb\u0027s Info Mod","slay the spire mod where everything is the same but ironclad has a cowboy hat"],"gold_per_floor":[109,119,133,147,162,162,162],"floor_reached":6,"playtime":734,"items_purged":[],"score":76,"play_id":"e95361bd-f06c-4d85-ba98-cd493bc40d0d","local_time":"20210111053312","is_ascension_mode":true,"campfire_choices":[],"circlet_count":0,"master_deck":["AscendersBane","Strike_G","Strike_G","Strike_G","Strike_G","Strike_G","Defend_G","Defend_G","Defend_G","Defend_G","Defend_G","Survivor","Neutralize","Crippling Poison","Backstab","Finisher","Dash","Flying Knee"],"relics":["WristBlade"],"acts_visited":["Exordium"],"potions_floor_usage":[4,4],"damage_taken":[{"damage":2,"enemies":"Jaw Worm","floor":1,"turns":5},{"damage":4,"enemies":"Cultist","floor":2,"turns":4},{"damage":0,"enemies":"2 Louse","floor":3,"turns":2},{"damage":11,"enemies":"Gremlin Gang","floor":4,"turns":5},{"damage":16,"enemies":"Lots of Slimes","floor":5,"turns":4},{"damage":38,"enemies":"Lagavulin","floor":6,"turns":6}],"seed_played":"-2250539112996195984","potions_obtained":[{"floor":1,"key":"EssenceOfSteel"},{"floor":3,"key":"Explosive Potion"}],"is_trial":false,"path_per_floor":["M","M","M","M","M","E"],"character_chosen":"THE_SILENT","items_purchased":[],"campfire_rested":0,"item_purchase_floors":[],"current_hp_per_floor":[57,53,53,42,26,0,0],"gold":162,"neow_bonus":"BOSS_RELIC","is_daily":false,"chose_seed":false,"campfire_upgraded":0,"win_rate":0.0,"timestamp":1610343192,"path_taken":["M","M","M","M","M","E"],"items_purchased_type":[],"build_version":"2020-12-22","purchased_purges":0,"victory":false,"max_hp_per_floor":[66,66,66,66,66,66,66],"relic_stats":{"counters":[6,26],"obtain_stats":[{"WristBlade":0,"Ring of the Snake":0},{"WristBlade":0,"Ring of the Snake":0},{"WristBlade":0,"Ring of the Snake":0}]},"card_choices":[{"not_picked":["Deflect","Accuracy"],"picked":"Crippling Poison","floor":1},{"not_picked":["Calculated Gamble","Prepared"],"picked":"Backstab","floor":2},{"not_picked":["Prepared","Dagger Spray"],"picked":"Finisher","floor":3},{"not_picked":["Riddle With Holes","Crippling Poison"],"picked":"Dash","floor":4},{"not_picked":["Sucker Punch","Blur"],"picked":"Flying Knee","floor":5}],"player_experience":956380,"relics_obtained":[],"event_choices":[],"is_beta":false,"boss_relics":[],"items_purged_floors":[],"is_endless":false,"potions_floor_spawned":[1,3],"killed_by":"Lagavulin","ascension_level":18}}