{"host":"9n6i2vl93jt4o42q","time":1610362387,"event":{"mods":["BaseMod","Minty Spire (QoL Compilation)","Relic Stats"],"gold_per_floor":[363,363,388,37,55,90,90,101,101,135,135,169,187,112,112,185,185,204,215,215,215,6,41,60,79,104,104,120,130,130,155,155,234,234,254,265,265,289,305,334,92,92,92,92,127,127,147,161,161,161,161],"floor_reached":50,"playtime":3772,"items_purged":["Injury","PathToVictory+1"],"score":1395,"play_id":"025641a7-b5be-4968-94ec-190e219adf13","local_time":"20210111115307","is_ascension_mode":true,"campfire_choices":[{"floor":7.0,"key":"REST"},{"data":"Eruption","floor":11.0,"key":"SMITH"},{"data":"BattleHymn","floor":15,"key":"SMITH"},{"data":"ForeignInfluence","floor":27,"key":"SMITH"},{"data":"Vigilance","floor":30,"key":"SMITH"},{"floor":32,"key":"REST"},{"floor":42,"key":"RECALL"},{"floor":44,"key":"REST"},{"floor":49,"key":"REST"}],"circlet_count":0,"master_deck":["AscendersBane","Strike_P+1","Defend_P+1","Defend_P+1","Defend_P+1","Eruption+1","Vigilance+1","ForeignInfluence+1","CrushJoints+1","DeceiveReality+1","BattleHymn+1","WaveOfTheHand+1","Consecrate+1","EmptyBody+1","LessonLearned+1","ClearTheMind+1","TalkToTheHand+1","WheelKick+1","Crescendo+1","Prostrate+1","EmptyFist+1","Protect+1","MasterReality+1","Pray+1","Wish+1","Halt+1","JustLucky+1","Evaluate+1","Evaluate+1","CutThroughFate+1","Wallop+1","Deep Breath+1","Collect+1","FlurryOfBlows+1","Protect+1"],"relics":["HolyWater","Potion Belt","Molten Egg 2","Bag of Marbles","Toxic Egg 2","Bag of Preparation","Mango","Membership Card","Matryoshka","Ancient Tea Set","Ornamental Fan","Astrolabe","Centennial Puzzle","Dream Catcher","Eternal Feather","ClockworkSouvenir","Bronze Scales","Happy Flower","PreservedInsect"],"acts_visited":["Exordium","TheCity","TheBeyond"],"potions_floor_usage":[18,23,25,31,33,45,45],"damage_taken":[{"damage":2.0,"enemies":"Small Slimes","floor":1.0,"turns":3.0},{"damage":14.0,"enemies":"Jaw Worm","floor":5.0,"turns":5.0},{"damage":34.0,"enemies":"Lagavulin","floor":6.0,"turns":7.0},{"damage":0.0,"enemies":"2 Louse","floor":8.0,"turns":1.0},{"damage":0.0,"enemies":"Gremlin Nob","floor":10.0,"turns":2.0},{"damage":3,"enemies":"Lagavulin","floor":12,"turns":6},{"damage":0,"enemies":"Blue Slaver","floor":13,"turns":2},{"damage":0,"enemies":"Slime Boss","floor":16,"turns":5},{"damage":14,"enemies":"2 Thieves","floor":18,"turns":5},{"damage":4,"enemies":"Spheric Guardian","floor":19,"turns":4},{"damage":7,"enemies":"Gremlin Leader","floor":23,"turns":5},{"damage":1,"enemies":"Snecko","floor":24,"turns":5},{"damage":0,"enemies":"Cultist and Chosen","floor":25,"turns":5},{"damage":1,"enemies":"3 Cultists","floor":28,"turns":5},{"damage":14,"enemies":"Shelled Parasite and Fungi","floor":29,"turns":3},{"damage":0,"enemies":"Slavers","floor":31,"turns":2},{"damage":17,"enemies":"Champ","floor":33,"turns":8},{"damage":13,"enemies":"3 Darklings","floor":35,"turns":5},{"damage":5,"enemies":"3 Shapes","floor":36,"turns":4},{"damage":13,"enemies":"Maw","floor":39,"turns":5},{"damage":8,"enemies":"Nemesis","floor":40,"turns":9},{"damage":21,"enemies":"Reptomancer","floor":45,"turns":9},{"damage":3,"enemies":"Sphere and 2 Shapes","floor":47,"turns":5},{"damage":1,"enemies":"Writhing Mass","floor":48,"turns":3},{"damage":104,"enemies":"Time Eater","floor":50,"turns":11}],"seed_played":"5291566549669654186","potions_obtained":[{"floor":6.0,"key":"Swift Potion"},{"floor":8.0,"key":"Dexterity Potion"},{"floor":12,"key":"Block Potion"},{"floor":13,"key":"Fruit Juice"},{"floor":18,"key":"Dexterity Potion"},{"floor":19,"key":"LiquidMemories"},{"floor":24,"key":"StancePotion"},{"floor":25,"key":"AttackPotion"},{"floor":36,"key":"Block Potion"},{"floor":40,"key":"SneckoOil"},{"floor":47,"key":"BottledMiracle"}],"is_trial":false,"path_per_floor":["M","?","T","$","M","E","R","M","T","E","R","E","M","?","R","B",null,"M","M","?","?","$","E","M","M","T","R","M","M","R","E","R","B",null,"M","M","?","T","M","E","$","R","T","R","E","?","M","M","R","B"],"character_chosen":"WATCHER","items_purchased":["Molten Egg 2","Membership Card","WheelKick+1","ClockworkSouvenir","Bronze Scales","Evaluate+1"],"campfire_rested":4,"item_purchase_floors":[4,22,22,41,41,41],"current_hp_per_floor":[59,59,59,59,45,11,31,31,31,31,31,42,42,42,42,42,72,63,59,59,59,59,52,51,51,51,51,50,36,36,36,62,45,77,64,59,59,59,46,38,38,53,53,87,66,66,63,62,87,0,0],"gold":161,"neow_bonus":"TWO_FIFTY_GOLD","is_daily":false,"chose_seed":false,"campfire_upgraded":4,"win_rate":0.0,"timestamp":1610362387,"path_taken":["M","?","?","$","M","E","R","M","T","E","R","E","M","?","R","BOSS","M","M","?","?","$","E","M","M","T","R","M","M","R","E","R","BOSS","M","?","?","?","M","E","$","R","T","R","E","?","M","M","R","BOSS"],"items_purchased_type":["Relic","Relic","Card","Relic","Relic","Card"],"build_version":"2020-12-22","purchased_purges":2,"victory":false,"max_hp_per_floor":[68,68,68,68,68,68,68,68,68,68,68,82,82,82,82,82,82,87,87,87,87,87,87,87,87,87,87,87,87,87,87,87,87,87,87,87,87,87,87,87,87,87,87,87,87,87,87,87,87,87,87],"relic_stats":{"Centennial Puzzle":[18],"Dream Catcher":2,"Happy Flower":[9],"counters":[25,124],"Ornamental Fan":[124],"Astrolabe":["Pray","PathToVictory","Wish"],"Bronze Scales":[91],"Eternal Feather":48,"PreservedInsect":0,"Bag of Preparation":[40],"obtain_stats":[{"Potion Belt":3,"Happy Flower":43,"Astrolabe":34,"Mango":12,"Eternal Feather":40,"PreservedInsect":45,"Bag of Preparation":10,"Ancient Tea Set":26,"ClockworkSouvenir":41,"Centennial Puzzle":38,"Dream Catcher":38,"Matryoshka":23,"Ornamental Fan":31,"Bronze Scales":41,"HolyWater":17,"Molten Egg 2":4,"Bag of Marbles":6,"Membership Card":22,"PureWater":0,"Toxic Egg 2":9},{"Potion Belt":1,"Happy Flower":21,"Astrolabe":17,"Mango":6,"Eternal Feather":21,"PreservedInsect":22,"Bag of Preparation":5,"Ancient Tea Set":13,"ClockworkSouvenir":21,"Centennial Puzzle":19,"Dream Catcher":19,"Matryoshka":11,"Ornamental Fan":16,"Bronze Scales":21,"HolyWater":8,"Molten Egg 2":1,"Bag of Marbles":3,"Membership Card":10,"PureWater":0,"Toxic Egg 2":4},{"Potion Belt":3,"Happy Flower":96,"Astrolabe":73,"Mango":24,"Eternal Feather":96,"PreservedInsect":105,"Bag of Preparation":18,"Ancient Tea Set":55,"ClockworkSouvenir":96,"Centennial Puzzle":82,"Dream Catcher":82,"Matryoshka":45,"Ornamental Fan":65,"Bronze Scales":96,"HolyWater":31,"Molten Egg 2":3,"Bag of Marbles":15,"Membership Card":40,"PureWater":0,"Toxic Egg 2":16}]},"card_choices":[{"not_picked":["Sanctity","Halt"],"picked":"ForeignInfluence","floor":1.0},{"not_picked":["Meditate","Evaluate"],"picked":"CrushJoints+1","floor":5.0},{"not_picked":["CrushJoints+1","EmptyBody"],"picked":"DeceiveReality","floor":6.0},{"not_picked":["Crescendo","Sanctity"],"picked":"BattleHymn","floor":8.0},{"not_picked":["JustLucky+1","BowlingBash+1"],"picked":"WaveOfTheHand+1","floor":10.0},{"not_picked":["LikeWater","Fasting2"],"picked":"Consecrate+1","floor":12},{"not_picked":["PathToVictory+1","FlyingSleeves+1"],"picked":"EmptyBody+1","floor":13},{"not_picked":["Brilliance+1","Wish+1"],"picked":"LessonLearned+1","floor":16},{"not_picked":["FollowUp+1","FlyingSleeves+1"],"picked":"ClearTheMind+1","floor":18},{"not_picked":["Meditate+1","FollowUp+1"],"picked":"TalkToTheHand+1","floor":19},{"not_picked":["SashWhip+1","FollowUp+1"],"picked":"Crescendo+1","floor":23},{"not_picked":["PathToVictory+1","Indignation+1"],"picked":"Prostrate+1","floor":24},{"not_picked":["Protect+1","PathToVictory+1"],"picked":"EmptyFist+1","floor":25},{"not_picked":["EmptyBody+1","FlyingSleeves+1","SandsOfTime+1"],"picked":"SKIP","floor":28},{"not_picked":["Halt+1","Pray+1"],"picked":"Protect+1","floor":29},{"not_picked":["SashWhip+1","Fasting2"],"picked":"Prostrate+1","floor":31},{"not_picked":["Wish+1","LessonLearned+1"],"picked":"MasterReality","floor":33},{"not_picked":["Crescendo+1","FlyingSleeves+1","PathToVictory+1"],"picked":"SKIP","floor":35},{"not_picked":["Prostrate+1","SandsOfTime+1"],"picked":"Halt+1","floor":36},{"not_picked":["DeusExMachina+1","Crescendo+1"],"picked":"JustLucky+1","floor":39},{"not_picked":["Wireheading","Scrawl+1"],"picked":"Evaluate+1","floor":40},{"not_picked":["ThirdEye+1","Worship+1"],"picked":"CutThroughFate+1","floor":44},{"not_picked":["BattleHymn","ClearTheMind+1"],"picked":"Wallop+1","floor":45},{"not_picked":["Enlightenment+1","Bandage Up+1"],"picked":"Deep Breath+1","floor":46},{"not_picked":["Worship+1","FollowUp+1"],"picked":"Collect+1","floor":47},{"not_picked":["Collect+1","JustLucky+1"],"picked":"FlurryOfBlows+1","floor":48},{"not_picked":["BowlingBash+1","SashWhip+1"],"picked":"Protect+1","floor":49}],"player_experience":2045054,"relics_obtained":[{"floor":3.0,"key":"Potion Belt"},{"floor":6.0,"key":"Bag of Marbles"},{"floor":9.0,"key":"Toxic Egg 2"},{"floor":10.0,"key":"Bag of Preparation"},{"floor":12,"key":"Mango"},{"floor":23,"key":"Matryoshka"},{"floor":26,"key":"Ancient Tea Set"},{"floor":31,"key":"Ornamental Fan"},{"floor":38,"key":"Centennial Puzzle"},{"floor":38,"key":"Dream Catcher"},{"floor":40,"key":"Eternal Feather"},{"floor":43,"key":"Happy Flower"},{"floor":45,"key":"PreservedInsect"}],"event_choices":[{"damage_healed":0.0,"max_hp_gain":0.0,"max_hp_loss":0.0,"gold_gain":0.0,"event_name":"Liars Game","player_choice":"Ignored","floor":2.0,"gold_loss":0.0,"damage_taken":0.0},{"cards_removed":["Defend_P"],"damage_healed":0,"gold_gain":0,"player_choice":"Card Removal","damage_taken":0,"max_hp_gain":0,"max_hp_loss":0,"event_name":"The Cleric","floor":14,"gold_loss":75},{"damage_healed":0,"gold_gain":0,"player_choice":"Ignored","damage_taken":0,"max_hp_gain":0,"max_hp_loss":0,"event_name":"Ghosts","floor":20,"gold_loss":0},{"damage_healed":0,"gold_gain":0,"player_choice":"Ignored","damage_taken":0,"max_hp_gain":0,"max_hp_loss":0,"event_name":"N\u0027loth","floor":21,"gold_loss":0},{"cards_removed":["Prostrate"],"damage_healed":0,"gold_gain":0,"player_choice":"Removed Skill","damage_taken":0,"max_hp_gain":0,"max_hp_loss":0,"event_name":"Falling","floor":37,"gold_loss":0},{"damage_healed":0,"gold_gain":0,"player_choice":"Memory 1","damage_taken":0,"max_hp_gain":0,"max_hp_loss":0,"event_name":"SensoryStone","floor":46,"gold_loss":0}],"is_beta":false,"boss_relics":[{"not_picked":["Ectoplasm","Coffee Dripper"],"picked":"HolyWater"},{"not_picked":["SlaversCollar","Busted Crown"],"picked":"Astrolabe"}],"items_purged_floors":[4,41],"is_endless":false,"potions_floor_spawned":[6,8,12,13,18,19,24,25,29,36,40,47],"killed_by":"Time Eater","ascension_level":20}}