{"host":"4cz9gr89nglr7k8k","time":1610395016,"event":{"mods":["BaseMod","Minty Spire (QoL Compilation)","Relic Stats","Slay-I"],"gold_per_floor":[115,27,27,47,67,67,94,94,94,125,144,161,172,172,172,172,172],"floor_reached":16,"playtime":580,"items_purged":[],"score":224,"play_id":"39ed19b6-587a-47d3-9907-074572e520a0","local_time":"20210111205656","is_ascension_mode":true,"campfire_choices":[{"data":"Inflame","floor":6,"key":"SMITH"},{"floor":8,"key":"REST"},{"floor":15,"key":"REST"}],"circlet_count":0,"master_deck":["AscendersBane","Strike_R","Strike_R","Strike_R","Strike_R","Strike_R","Defend_R","Defend_R","Defend_R","Defend_R","Bash","Power Through","Inflame+1","Armaments","Spot Weakness","Rampage","Sever Soul","Impervious","Clash"],"relics":["Burning Blood","NeowsBlessing","Pen Nib","PreservedInsect","Matryoshka","Red Skull"],"acts_visited":["Exordium"],"potions_floor_usage":[7,10,11,16],"damage_taken":[{"damage":0,"enemies":"Cultist","floor":1,"turns":1},{"damage":0,"enemies":"2 Louse","floor":4,"turns":2},{"damage":0,"enemies":"Small Slimes","floor":5,"turns":1},{"damage":50,"enemies":"3 Sentries","floor":7,"turns":13},{"damage":41,"enemies":"Gremlin Nob","floor":10,"turns":5},{"damage":7,"enemies":"Gremlin Gang","floor":11,"turns":4},{"damage":0,"enemies":"Large Slime","floor":12,"turns":4},{"damage":14,"enemies":"Exordium Thugs","floor":13,"turns":3},{"damage":39,"enemies":"The Guardian","floor":16,"turns":9}],"seed_played":"6291455885688533648","potions_obtained":[{"floor":1,"key":"Explosive Potion"},{"floor":5,"key":"SkillPotion"},{"floor":10,"key":"LiquidMemories"},{"floor":12,"key":"ColorlessPotion"}],"is_trial":false,"path_per_floor":["M","$","?","M","M","R","E","R","T","E","M","M","M","?","R","B"],"character_chosen":"IRONCLAD","items_purchased":["Power Through"],"campfire_rested":2,"item_purchase_floors":[2],"current_hp_per_floor":[74,74,74,75,75,75,31,53,53,18,17,23,15,15,37,0,0],"gold":172,"neow_bonus":"THREE_ENEMY_KILL","is_daily":false,"chose_seed":false,"campfire_upgraded":1,"win_rate":0.0,"timestamp":1610395016,"path_taken":["M","$","?","M","?","R","E","R","T","E","M","M","M","?","R","BOSS"],"items_purchased_type":["Card"],"build_version":"2020-12-22","purchased_purges":0,"victory":false,"max_hp_per_floor":[75,75,75,75,75,75,75,75,75,75,75,75,75,75,75,75,75],"relic_stats":{"counters":[9,42],"Pen Nib":[5],"PreservedInsect":23,"obtain_stats":[{"Matryoshka":9,"NeowsBlessing":0,"Pen Nib":3,"PreservedInsect":7,"Burning Blood":0,"Red Skull":10},{"Matryoshka":4,"NeowsBlessing":0,"Pen Nib":1,"PreservedInsect":4,"Burning Blood":0,"Red Skull":5},{"Matryoshka":17,"NeowsBlessing":0,"Pen Nib":1,"PreservedInsect":17,"Burning Blood":0,"Red Skull":22}],"Burning Blood":37},"card_choices":[{"not_picked":["Dropkick","Shrug It Off"],"picked":"Iron Wave","floor":1},{"not_picked":["Headbutt","Pommel Strike"],"picked":"Inflame","floor":4},{"not_picked":["True Grit","Headbutt"],"picked":"Armaments","floor":5},{"not_picked":["Feel No Pain","Corruption"],"picked":"Spot Weakness","floor":7},{"not_picked":["Pommel Strike","Shrug It Off"],"picked":"Rampage","floor":10},{"not_picked":["Shrug It Off","Pommel Strike"],"picked":"Sever Soul","floor":11},{"not_picked":["Reckless Charge","Wild Strike"],"picked":"Impervious","floor":12},{"not_picked":["Burning Pact","Headbutt"],"picked":"Clash","floor":13}],"player_experience":1487916,"relics_obtained":[{"floor":7,"key":"PreservedInsect"},{"floor":9,"key":"Matryoshka"},{"floor":10,"key":"Red Skull"}],"event_choices":[{"cards_removed":["Iron Wave"],"damage_healed":0,"gold_gain":0,"player_choice":"Gave Card","damage_taken":0,"relics_obtained":["Pen Nib"],"max_hp_gain":0,"max_hp_loss":0,"event_name":"WeMeetAgain","floor":3,"gold_loss":0},{"damage_healed":0,"gold_gain":0,"player_choice":"Fled","damage_taken":0,"max_hp_gain":0,"max_hp_loss":0,"event_name":"Scrap Ooze","floor":14,"gold_loss":0}],"is_beta":false,"boss_relics":[],"items_purged_floors":[],"is_endless":false,"potions_floor_spawned":[1,5,10,12],"killed_by":"The Guardian","ascension_level":20}}