{"host":"n605f8gctjc87d7h","time":1610341199,"event":{"mods":["Aspiration","Bard","BaseMod","Better Match","Better Note","Better Skull","Better Third Choice","Conspire","Downfall","Halation","Infinite Spire","Minty Spire (QoL Compilation)","Replay The Spire","Retaliation","Shade Mod","Spicy Shops","StSLib","The IronCluck"],"gold_per_floor":[19,31,31,31,31,31,64,64,64,64,82,82,116,135,135,238,238,257,274,25,124,124,124,137,163,209,169,169,169,181,96,96,96,96],"floor_reached":33,"playtime":2472,"items_purged":[],"score":434,"play_id":"30124047-4ed3-407c-b777-435be72da920","local_time":"20210110205959","is_ascension_mode":true,"campfire_choices":[{"data":"Defend_R","floor":6,"key":"SMITH"},{"floor":8,"key":"REST"},{"floor":10,"key":"REST"},{"floor":15,"key":"REST"},{"floor":23,"key":"REST"},{"data":"Juggernaut","floor":29,"key":"SMITH"},{"data":"Infernal Blade","floor":32,"key":"SMITH"}],"circlet_count":0,"master_deck":["AscendersBane","Strike_R+1","Defend_R+1","Defend_R","Defend_R","conspire:Purge+1","Shrug It Off+1","Battle Trance","Disarm","Infernal Blade+1","Juggernaut+1","Twin Strike","Run Through+1","Intimidate+1","ReplayTheSpireMod:Strike From Hell","Replay:Undeath\u0027s Touch"],"relics":["Burning Blood","StoneCalendar","CaptainsWheel","infinitespire:Beetle Shell","Runic Cube","Replay:Ringing Soul","GremlinMask","Happy Flower","Lantern","Replay:Wax Seal","infinitespire:Golems Mask"],"acts_visited":["Exordium","TheCity"],"potions_floor_usage":[25,33],"damage_taken":[{"damage":12,"enemies":"Small Slimes","floor":1,"turns":5},{"damage":14,"enemies":"2 Louse","floor":2,"turns":4},{"damage":55,"enemies":"3 Sentries","floor":7,"turns":17},{"damage":7,"enemies":"Jaw Worm","floor":11,"turns":7},{"damage":29,"enemies":"Lagavulin","floor":13,"turns":10},{"damage":0,"enemies":"Blue Slaver","floor":14,"turns":6},{"damage":10,"enemies":"Hexaghost","floor":16,"turns":11},{"damage":16,"enemies":"Shell Parasite","floor":18,"turns":7},{"damage":27,"enemies":"3 Byrds","floor":19,"turns":7},{"damage":14,"enemies":"Shelled Parasite and Fungi","floor":24,"turns":7},{"damage":8,"enemies":"Book of Stabbing","floor":25,"turns":8},{"damage":12,"enemies":"Snake Plant","floor":30,"turns":5},{"damage":79,"enemies":"Champ","floor":33,"turns":12}],"seed_played":"3923633460926869804","potions_obtained":[{"floor":2,"key":"AttackPotion"},{"floor":16,"key":"SneckoOil"},{"floor":19,"key":"Dexterity Potion"},{"floor":25,"key":"Elixir"},{"floor":30,"key":"Weak Potion"}],"is_trial":false,"path_per_floor":["M","M","$","?","?","R","E","R","T","R","M","$","E","M","R","B",null,"M","M","$","?","?","R","M","E","T","?","AVR","R","M","?","R","B"],"character_chosen":"IRONCLAD","items_purchased":["Replay:Ringing Soul"],"campfire_rested":4,"item_purchase_floors":[20],"current_hp_per_floor":[66,58,58,58,58,58,9,33,33,57,56,56,33,39,63,59,75,65,44,44,44,44,68,63,64,64,64,64,64,61,61,61,0,0],"gold":96,"neow_bonus":"THREE_RARE_CARDS","is_daily":false,"chose_seed":false,"campfire_upgraded":3,"win_rate":0.0,"timestamp":1610341199,"path_taken":["M","M","$","?","?","R","E","R","T","R","M","?","E","M","R","BOSS","M","M","$","?","?","R","?","E","T","?","AVR","R","?","?","R","BOSS"],"items_purchased_type":["Relic"],"build_version":"2020-12-22","purchased_purges":0,"victory":false,"max_hp_per_floor":[80,80,80,80,80,80,80,80,80,80,80,80,80,80,80,80,80,80,80,80,80,80,80,83,86,86,86,86,86,89,89,89,89,89],"card_choices":[{"not_picked":["Brutality","Corruption"],"picked":"conspire:Purge","floor":0},{"not_picked":["DDmod:EasePowerCard","Dark Embrace"],"picked":"Shrug It Off","floor":1},{"not_picked":["DDmod:EasePowerCard","Run Through"],"picked":"Battle Trance","floor":2},{"not_picked":["Clash","Body Slam"],"picked":"Disarm","floor":7},{"not_picked":["Clash","Body Slam","Wild Strike"],"picked":"SKIP","floor":11},{"not_picked":["Thunderclap","Clothesline"],"picked":"Infernal Blade","floor":13},{"not_picked":["Headbutt","Battle Trance","DDmod:PokeAttack"],"picked":"SKIP","floor":14},{"not_picked":["Double Tap","Limit Break"],"picked":"Juggernaut","floor":16},{"not_picked":["DDmod:ScaleUpSkill","Power Through+1"],"picked":"Twin Strike","floor":18},{"not_picked":["Sever Soul","Searing Blow"],"picked":"Run Through+1","floor":19},{"not_picked":["Warcry","Perfected Strike"],"picked":"Intimidate+1","floor":24},{"not_picked":["DDmod:CallousedSkill","Armaments"],"picked":"ReplayTheSpireMod:Strike From Hell","floor":25},{"not_picked":["ReplayTheSpireMod:Limb From Limb","Pummel"],"picked":"Replay:Undeath\u0027s Touch","floor":30}],"player_experience":649081,"relics_obtained":[{"floor":7,"key":"StoneCalendar"},{"floor":9,"key":"CaptainsWheel"},{"floor":13,"key":"infinitespire:Beetle Shell"},{"floor":25,"key":"Happy Flower"},{"floor":26,"key":"Lantern"}],"event_choices":[{"damage_healed":0,"gold_gain":99,"player_choice":"Steal","damage_taken":0,"max_hp_gain":0,"max_hp_loss":0,"event_name":"betterThird:BetterNest","floor":21,"gold_loss":0},{"damage_healed":0,"gold_gain":0,"player_choice":"Trade","damage_taken":0,"relics_obtained":["GremlinMask"],"max_hp_gain":0,"max_hp_loss":0,"event_name":"FaceTrader","floor":22,"gold_loss":0},{"damage_healed":0,"gold_gain":0,"player_choice":"Upgraded Two","damage_taken":0,"max_hp_gain":0,"max_hp_loss":0,"event_name":"Designer","floor":27,"gold_loss":40,"cards_upgraded":["Strike_R","conspire:Purge"]},{"damage_healed":0,"gold_gain":0,"player_choice":"Obtained Relic","damage_taken":0,"relics_obtained":["infinitespire:Golems Mask"],"max_hp_gain":0,"max_hp_loss":0,"event_name":"Addict","floor":31,"gold_loss":85}],"is_beta":false,"boss_relics":[{"not_picked":["conspire:RoyalGoblet","Snecko Eye"],"picked":"Runic Cube"}],"items_purged_floors":[],"is_endless":false,"potions_floor_spawned":[2,16,19,25,30],"killed_by":"Champ","ascension_level":12}}