{"host":"h4lp0eeso8a0ssq0","time":1610338455,"event":{"mods":["2.2 Compatiblity","AchievementEnabler","BaseMod","CapriCore","Colored Map","Minty Spire (QoL Compilation)","StSLib","SuperFastMode"],"gold_per_floor":[114,189,189,208,208,246,246,246,296,334,15,34,53,72,72,197,197,216,235,285,304,79,98,117,136,136,136,136,174,174,193,193,318,318,337,356,34,53,53,91,91,110,110,110,6,6,25,0,0,0],"floor_reached":51,"playtime":2317,"items_purged":["Strike_R","Strike_R","Strike_R"],"score":834,"play_id":"98ce1dd1-2a60-43aa-85f5-6abfdfc5f35b","local_time":"20210111131415","daily_mods":["Allstar","ControlledChaos","Lethality"],"is_ascension_mode":false,"campfire_choices":[{"data":"Apotheosis","floor":7.0,"key":"SMITH"},{"data":"Mayhem","floor":15.0,"key":"SMITH"},{"floor":27.0,"key":"REST"},{"floor":30.0,"key":"REST"},{"floor":32.0,"key":"REST"},{"floor":41,"key":"REST"},{"floor":49,"key":"REST"}],"circlet_count":0,"master_deck":["Strike_R","Strike_R","Defend_R","Defend_R","Defend_R","Defend_R","Bash","Mayhem+1","Panacea","Apotheosis+1","Good Instincts","Metamorphosis","Warcry","Warcry","Inflame+1","Shrug It Off","Feel No Pain+1","Feed","Dark Embrace+1","Immolate","Havoc","Ghostly","Ghostly","Ghostly","Ghostly","Ghostly","Uppercut","Ghostly Armor","Double Tap","Carnage+1","Infernal Blade","Heavy Blade","Whirlwind","Warcry+1","Secret Weapon","Ghostly Armor+1","Pummel+1","Madness","Rupture+1","Warcry","Havoc+1"],"relics":["Burning Blood","Frozen Eye","Golden Idol","Magic Flower","Sundial","Potion Belt","Frozen Egg 2","Blood Vial","Fusion Hammer","Akabeko","Lee\u0027s Waffle","StrikeDummy","Pen Nib","Sozu","Membership Card","PreservedInsect","Juzu Bracelet","Pear","Red Mask"],"acts_visited":["Exordium","TheCity","TheBeyond"],"potions_floor_usage":[50],"damage_taken":[{"damage":3.0,"enemies":"Jaw Worm","floor":1.0,"turns":3.0},{"damage":17.0,"enemies":"2 Louse","floor":4.0,"turns":3.0},{"damage":9.0,"enemies":"Gremlin Nob","floor":6.0,"turns":3.0},{"damage":0.0,"enemies":"Lagavulin","floor":10.0,"turns":4.0},{"damage":7.0,"enemies":"Small Slimes","floor":12.0,"turns":3.0},{"damage":12.0,"enemies":"Red Slaver","floor":13.0,"turns":3.0},{"damage":7.0,"enemies":"Looter","floor":14.0,"turns":3.0},{"damage":48.0,"enemies":"Hexaghost","floor":16.0,"turns":4.0},{"damage":16.0,"enemies":"Chosen","floor":18.0,"turns":4.0},{"damage":40.0,"enemies":"3 Byrds","floor":19.0,"turns":5.0},{"damage":37.0,"enemies":"Snake Plant","floor":21.0,"turns":4.0},{"damage":39.0,"enemies":"Chosen and Byrds","floor":23.0,"turns":5.0},{"damage":32.0,"enemies":"Shelled Parasite and Fungi","floor":24.0,"turns":5.0},{"damage":8.0,"enemies":"Sentry and Sphere","floor":25.0,"turns":4.0},{"damage":8.0,"enemies":"Book of Stabbing","floor":29.0,"turns":5.0},{"damage":8.0,"enemies":"Snecko","floor":31.0,"turns":5.0},{"damage":30.0,"enemies":"Automaton","floor":33.0,"turns":6.0},{"damage":17.0,"enemies":"3 Shapes","floor":35.0,"turns":4.0},{"damage":7.0,"enemies":"3 Darklings","floor":36.0,"turns":5.0},{"damage":14.0,"enemies":"Jaw Worm Horde","floor":38.0,"turns":4.0},{"damage":0,"enemies":"Reptomancer","floor":40,"turns":5},{"damage":0,"enemies":"Sphere and 2 Shapes","floor":42,"turns":3},{"damage":10,"enemies":"4 Shapes","floor":47,"turns":2},{"damage":75,"enemies":"Time Eater","floor":50,"turns":12}],"seed_played":"2608465768335268498","potions_obtained":[{"floor":4.0,"key":"GamblersBrew"},{"floor":6.0,"key":"DuplicationPotion"},{"floor":8.0,"key":"DistilledChaos"},{"floor":13.0,"key":"LiquidBronze"},{"floor":14.0,"key":"DistilledChaos"},{"floor":18.0,"key":"AttackPotion"},{"floor":21.0,"key":"SmokeBomb"},{"floor":25.0,"key":"Ancient Potion"},{"floor":31.0,"key":"FairyPotion"}],"is_trial":false,"path_per_floor":["M","?","?","M","?","E","R","?","T","E","$","M","M","M","R","B",null,"M","M","T","M","$","M","M","M","T","R","?","E","R","M","R","B",null,"M","M","$","M","?","E","R","M","T","?","$","?","M","?","R","B",null],"character_chosen":"IRONCLAD","items_purchased":["FairyPotion","Blood Vial","Inflame+1","Lee\u0027s Waffle","Membership Card","Heavy Blade","PreservedInsect","Whirlwind","Rupture+1","Warcry"],"campfire_rested":5,"item_purchase_floors":[11,11,11,22,37,37,37,37,45,45],"current_hp_per_floor":[80,69,49,38,35,35,35,35,35,44,44,49,49,54,54,18,80,73,45,45,20,87,63,49,58,58,87,49,49,49,49,49,28,49,41,46,46,44,44,49,49,49,59,52,52,52,54,54,59,19],"gold":0,"neow_bonus":"","is_daily":true,"chose_seed":false,"campfire_upgraded":2,"win_rate":0.0,"timestamp":1610338455,"path_taken":["M","?","?","M","?","E","R","?","T","E","$","M","M","M","R","BOSS","M","M","?","M","$","M","M","M","T","R","?","E","R","M","R","BOSS","M","M","$","M","?","E","R","M","T","?","?","?","M","?","R","BOSS"],"items_purchased_type":["Potion","Relic","Card","Relic","Relic","Card","Relic","Card","Card","Card"],"build_version":"2020-12-22","purchased_purges":3,"victory":true,"max_hp_per_floor":[80,80,80,80,80,80,80,80,80,80,80,80,80,80,80,80,80,80,80,80,80,87,91,95,98,98,98,49,49,49,49,49,49,49,49,49,49,49,49,49,49,49,59,59,59,59,59,59,59,59],"card_choices":[{"not_picked":["Anger","Sword Boomerang"],"picked":"Warcry","floor":1.0},{"not_picked":["Metallicize","Headbutt"],"picked":"Warcry","floor":4.0},{"not_picked":["Cleave","Intimidate","Flex"],"picked":"SKIP","floor":6.0},{"not_picked":["Armaments","Seeing Red","Twin Strike"],"picked":"SKIP","floor":10.0},{"not_picked":["Body Slam","Iron Wave","Power Through"],"picked":"SKIP","floor":12.0},{"not_picked":["True Grit","Warcry"],"picked":"Shrug It Off","floor":13.0},{"not_picked":["Clash","Blood for Blood"],"picked":"Feel No Pain+1","floor":14.0},{"not_picked":["Barricade+1","Offering"],"picked":"Feed","floor":16.0},{"not_picked":["Intimidate+1","Thunderclap","Clash"],"picked":"SKIP","floor":18.0},{"not_picked":["Intimidate+1","Thunderclap","Clash"],"picked":"SKIP","floor":18.0},{"not_picked":["Body Slam","Flex","Twin Strike"],"picked":"SKIP","floor":19.0},{"not_picked":["Body Slam","Twin Strike","Headbutt"],"picked":"SKIP","floor":21.0},{"not_picked":["Headbutt+1","Heavy Blade"],"picked":"Dark Embrace+1","floor":23.0},{"not_picked":["Pommel Strike","Body Slam"],"picked":"Immolate","floor":24.0},{"not_picked":["Armaments","True Grit"],"picked":"Havoc","floor":25.0},{"not_picked":["Power Through","Cleave"],"picked":"Uppercut","floor":29.0},{"not_picked":["Twin Strike","Armaments"],"picked":"Ghostly Armor","floor":31.0},{"not_picked":["Impervious","Fiend Fire"],"picked":"Double Tap","floor":33.0},{"not_picked":["Twin Strike+1","Evolve+1"],"picked":"Carnage+1","floor":35.0},{"not_picked":["Feel No Pain+1","Thunderclap+1"],"picked":"Infernal Blade","floor":36.0},{"not_picked":["Ghostly Armor+1","Body Slam+1"],"picked":"Warcry+1","floor":38.0},{"not_picked":["Good Instincts","Swift Strike"],"picked":"Secret Weapon","floor":39},{"not_picked":["Clash+1","Armaments"],"picked":"Ghostly Armor+1","floor":40},{"not_picked":["Power Through+1","Perfected Strike"],"picked":"Pummel+1","floor":42},{"not_picked":["Wild Strike+1","Twin Strike+1"],"picked":"Havoc+1","floor":47}],"player_experience":123922,"relics_obtained":[{"floor":6.0,"key":"Sundial"},{"floor":9.0,"key":"Potion Belt"},{"floor":10.0,"key":"Frozen Egg 2"},{"floor":20.0,"key":"Akabeko"},{"floor":26.0,"key":"StrikeDummy"},{"floor":29.0,"key":"Pen Nib"},{"floor":40,"key":"Juzu Bracelet"},{"floor":43,"key":"Pear"}],"event_choices":[{"damage_healed":0.0,"max_hp_gain":0.0,"max_hp_loss":0.0,"gold_gain":75.0,"event_name":"World of Goop","player_choice":"Gather Gold","floor":2.0,"gold_loss":0.0,"damage_taken":11.0},{"damage_healed":0.0,"max_hp_gain":0.0,"max_hp_loss":0.0,"gold_gain":0.0,"event_name":"Golden Idol","player_choice":"Take Damage","floor":3.0,"gold_loss":0.0,"damage_taken":20.0,"relics_obtained":["Golden Idol"]},{"damage_healed":0.0,"max_hp_gain":0.0,"max_hp_loss":0.0,"gold_gain":0.0,"event_name":"Scrap Ooze","player_choice":"Success","floor":5.0,"gold_loss":0.0,"damage_taken":3.0,"relics_obtained":["Magic Flower"]},{"damage_healed":0.0,"max_hp_gain":0.0,"max_hp_loss":0.0,"gold_gain":0.0,"event_name":"Lab","player_choice":"Got Potions","floor":8.0,"gold_loss":0.0,"damage_taken":0.0},{"damage_healed":0.0,"max_hp_gain":0.0,"max_hp_loss":49.0,"gold_gain":0.0,"event_name":"Ghosts","player_choice":"Became a Ghost","floor":28.0,"gold_loss":0.0,"damage_taken":0.0,"cards_obtained":["Ghostly","Ghostly","Ghostly","Ghostly","Ghostly"]},{"damage_healed":0,"gold_gain":0,"player_choice":"Memory 1","damage_taken":0,"max_hp_gain":0,"max_hp_loss":0,"event_name":"SensoryStone","floor":39,"gold_loss":0},{"damage_healed":0,"gold_gain":0,"player_choice":"Embrace Madness","damage_taken":7,"max_hp_gain":0,"max_hp_loss":0,"event_name":"Winding Halls","floor":44,"gold_loss":0,"cards_obtained":["Madness","Madness"]},{"cards_removed":["Madness"],"damage_healed":0,"gold_gain":0,"player_choice":"Removed Skill","damage_taken":0,"max_hp_gain":0,"max_hp_loss":0,"event_name":"Falling","floor":46,"gold_loss":0},{"damage_healed":0,"gold_gain":0,"player_choice":"Paid","damage_taken":0,"relics_obtained":["Red Mask"],"max_hp_gain":0,"max_hp_loss":0,"event_name":"Tomb of Lord Red Mask","floor":48,"gold_loss":25}],"is_beta":false,"boss_relics":[{"not_picked":["Runic Dome","Calling Bell"],"picked":"Fusion Hammer"},{"not_picked":["Black Blood","Velvet Choker"],"picked":"Sozu"}],"items_purged_floors":[22,37,45],"is_endless":false,"potions_floor_spawned":[4,6,13,14,18,21,25,31,38,42],"ascension_level":0}}