{"host":"v4pe0ixo3k7iwzp0","time":1610347764,"event":{"mods":["Ascension Reborn","BaseMod","Bestiary","Highlight Path","Minty Spire (QoL Compilation)","StSLib","The Marked"],"gold_per_floor":[113,129,146,161,94,94,129,145,145,164,176,76,54,66,66,166,166,186,201,201,220,143,143,0,19,19,19,32,51,64,10,10,110,110,110,110],"floor_reached":35,"playtime":3982,"items_purged":[],"score":365,"play_id":"77611184-b587-4d18-adb7-450c1986d361","local_time":"20210110224924","is_ascension_mode":true,"campfire_choices":[{"data":"theMarked:BanishingWave","floor":6.0,"key":"SMITH"},{"floor":15.0,"key":"REST"},{"floor":23,"key":"REST"},{"floor":27,"key":"REST"},{"floor":32,"key":"REST"}],"circlet_count":0,"master_deck":["theMarked:Strike+1","theMarked:Strike+1","theMarked:Strike+1","theMarked:Strike+1","theMarked:Strike+1","theMarked:Defend+1","theMarked:Defend+1","theMarked:Defend+1","theMarked:Defend+1","theMarked:SoldierOfQuellstein+1","theMarked:BanishingStrike","theMarked:HeightenedSenses","theMarked:SwordAndMagic","theMarked:EmpowerWeapon","theMarked:BanishingWave+1","theMarked:HeritageOfTheMarked","theMarked:SwordAndMagic","theMarked:TwofoldDefense+1","theMarked:EmpowerWeapon+1","Decay","theMarked:AttractMetal+1","theMarked:Overcharge+1","theMarked:WardOff+1","theMarked:Frustration","theMarked:Abjuration"],"relics":["theMarked:ArtifactOfAir","Torii","Toxic Egg 2","Philosopher\u0027s Stone","FossilizedHelix","theMarked:SpiritSword"],"acts_visited":["Exordium","TheCity","TheBeyond"],"potions_floor_usage":[16,16,29,30,33],"damage_taken":[{"damage":0.0,"enemies":"Cultist","floor":1.0,"turns":2.0},{"damage":4.0,"enemies":"2 Louse","floor":2.0,"turns":2.0},{"damage":0.0,"enemies":"Small Slimes","floor":3.0,"turns":2.0},{"damage":0.0,"enemies":"Looter","floor":4.0,"turns":3.0},{"damage":19.0,"enemies":"Gremlin Nob","floor":7.0,"turns":4.0},{"damage":2.0,"enemies":"Lots of Slimes","floor":8.0,"turns":3.0},{"damage":0.0,"enemies":"Large Slime","floor":10.0,"turns":3.0},{"damage":1.0,"enemies":"Exordium Wildlife","floor":11.0,"turns":2.0},{"damage":0.0,"enemies":"2 Fungi Beasts","floor":14.0,"turns":2.0},{"damage":27,"enemies":"Hexaghost","floor":16,"turns":7},{"damage":12,"enemies":"Spheric Guardian","floor":18,"turns":4},{"damage":7,"enemies":"Shell Parasite","floor":19,"turns":5},{"damage":28,"enemies":"Snake Plant","floor":21,"turns":4},{"damage":18,"enemies":"Shelled Parasite and Fungi","floor":25,"turns":4},{"damage":0,"enemies":"Centurion and Healer","floor":28,"turns":4},{"damage":1,"enemies":"3 Cultists","floor":29,"turns":5},{"damage":24,"enemies":"Snake Plant","floor":30,"turns":3},{"damage":77,"enemies":"Collector","floor":33,"turns":8},{"damage":0,"enemies":"3 Shapes","floor":35,"turns":1}],"seed_played":"-4857992129691443131","potions_obtained":[{"floor":1.0,"key":"Dexterity Potion"},{"floor":3.0,"key":"Fruit Juice"},{"floor":14.0,"key":"PowerPotion"},{"floor":16,"key":"Dexterity Potion"},{"floor":18,"key":"Ancient Potion"},{"floor":25,"key":"FairyPotion"},{"floor":30,"key":"Explosive Potion"}],"is_trial":true,"path_per_floor":["M","M","M","M","$","R","E","M","T","M","M","$","?","M","R","B",null,"M","M","?","M","$","R","?","M","T","R","M","M","M","$","R","B",null,"M"],"character_chosen":"THE_DEFAULT","items_purchased":["theMarked:BanishingWave","theMarked:TwofoldDefense+1","Strength Potion","DuplicationPotion","theMarked:Frustration"],"campfire_rested":4,"item_purchase_floors":[5,12,12,22,31],"current_hp_per_floor":[70,66,71,71,71,71,52,50,50,50,49,49,49,49,71,44,75,63,56,56,28,28,50,50,32,32,54,54,53,29,29,51,22,75,75,75],"gold":110,"neow_bonus":"","is_daily":false,"chose_seed":false,"campfire_upgraded":1,"win_rate":0.0,"timestamp":1610347764,"path_taken":["M","M","M","M","$","R","E","M","T","M","?","$","?","M","R","BOSS","M","M","?","M","$","R","?","M","T","R","M","M","M","$","R","BOSS","M"],"items_purchased_type":["Card","Card","Potion","Potion","Card"],"build_version":"2020-12-22","purchased_purges":0,"victory":false,"max_hp_per_floor":[70,70,75,75,75,75,75,75,75,75,75,75,75,75,75,75,75,75,75,75,75,75,75,75,75,75,75,75,75,75,75,75,75,75,75,75],"card_choices":[{"not_picked":["theMarked:GodGivenPower","theMarked:Frustration"],"picked":"theMarked:BanishingStrike","floor":1.0},{"not_picked":["theMarked:BanishingStrike","theMarked:WastefulDefense"],"picked":"theMarked:HeightenedSenses","floor":2.0},{"not_picked":["theMarked:TwofoldDefense","theMarked:HeightenedSenses"],"picked":"theMarked:SwordAndMagic","floor":3.0},{"not_picked":["theMarked:TwofoldDefense","theMarked:Improvise"],"picked":"theMarked:EmpowerWeapon","floor":4.0},{"not_picked":["theMarked:Polarize","theMarked:PowerFlow","theMarked:Parkour"],"picked":"SKIP","floor":7.0},{"not_picked":["theMarked:PowerFlow","theMarked:StartUp","theMarked:EnhanceMovement"],"picked":"SKIP","floor":8.0},{"not_picked":["theMarked:Static+1","theMarked:Aftermath+1"],"picked":"theMarked:HeritageOfTheMarked","floor":10.0},{"not_picked":["theMarked:LightningStrikesTwice","theMarked:DispelDoubt"],"picked":"theMarked:SwordAndMagic","floor":11.0},{"not_picked":["theMarked:Frustration","theMarked:GodGivenPower"],"picked":"theMarked:EmpowerWeapon+1","floor":14.0},{"not_picked":["theMarked:Static+1","theMarked:Indomitable+1","theMarked:Aftermath+1"],"picked":"SKIP","floor":18},{"not_picked":["theMarked:ChainLightning+1","theMarked:BanishingWave","theMarked:EnhanceMovement+1"],"picked":"SKIP","floor":19},{"not_picked":["theMarked:Parkour","theMarked:Convert+1","theMarked:LightningStrikesTwice"],"picked":"SKIP","floor":21},{"not_picked":["theMarked:Convert+1","theMarked:HeightenedSenses+1"],"picked":"theMarked:AttractMetal+1","floor":25},{"not_picked":["theMarked:ResourceFulStrike+1","theMarked:Improvise+1","theMarked:ElectricStrings"],"picked":"SKIP","floor":28},{"not_picked":["theMarked:Parry+1","theMarked:KeepCalmAndFightOn"],"picked":"theMarked:Overcharge+1","floor":29},{"not_picked":["theMarked:BanishingStrike","theMarked:Parry+1"],"picked":"theMarked:WardOff+1","floor":30},{"not_picked":["theMarked:EternalStudent+1","theMarked:Challenge+1"],"picked":"theMarked:Abjuration","floor":33}],"player_experience":118196,"relics_obtained":[{"floor":7.0,"key":"Torii"},{"floor":9.0,"key":"Toxic Egg 2"},{"floor":26,"key":"FossilizedHelix"}],"event_choices":[{"damage_healed":0.0,"max_hp_gain":0.0,"max_hp_loss":0.0,"gold_gain":0.0,"event_name":"World of Goop","player_choice":"Left Gold","floor":13.0,"gold_loss":22.0,"damage_taken":0.0},{"damage_healed":0,"gold_gain":0,"player_choice":"Smashed Altar","damage_taken":0,"max_hp_gain":0,"max_hp_loss":0,"event_name":"Forgotten Altar","floor":20,"gold_loss":0,"cards_obtained":["Decay"]},{"damage_healed":0,"gold_gain":0,"player_choice":"Paid Fearfully","damage_taken":0,"max_hp_gain":0,"max_hp_loss":0,"event_name":"Masked Bandits","floor":24,"gold_loss":143}],"is_beta":false,"boss_relics":[{"not_picked":["theMarked:Eyepatch","Empty Cage"],"picked":"Philosopher\u0027s Stone"},{"not_picked":["Busted Crown","theMarked:BronzeBlade"],"picked":"theMarked:SpiritSword"}],"items_purged_floors":[],"is_endless":false,"potions_floor_spawned":[1,3,14,16,18,25,28,30],"killed_by":"3 Shapes","ascension_level":0}}