{"host":"f5n4tidiz2n5sooh","time":1610358483,"event":{"mods":["BaseMod","Colored Map","Minty Spire (QoL Compilation)","Relic Stats","Slay the Relics Exporter","StSLib"],"gold_per_floor":[115,131,146,146,84,84,119,119,144,144,174,174,187,206,206,278,278,294,310,310,310,151,151,163,188,240,240,22,39,52,64,64,141,141,152,152,172,185,185,185,198,198,198,198,198,198],"floor_reached":45,"playtime":1945,"items_purged":["Strike_R","Strike_R"],"score":890,"play_id":"a36743e7-fdc2-4d39-9252-b713315c8677","local_time":"20210111034803","is_ascension_mode":true,"campfire_choices":[{"floor":6,"key":"REST"},{"data":"Inflame","floor":8,"key":"SMITH"},{"floor":10,"key":"REST"},{"data":"Heavy Blade","floor":12,"key":"SMITH"},{"data":"Power Through","floor":15,"key":"SMITH"},{"floor":23,"key":"REST"},{"floor":32,"key":"REST"},{"data":"Ghostly","floor":40,"key":"SMITH"},{"floor":42,"key":"REST"}],"circlet_count":0,"master_deck":["AscendersBane","Strike_R","Strike_R+1","Defend_R","Defend_R","Defend_R","Defend_R","Bash","Inflame+1","Heavy Blade+1","Sword Boomerang+1","Thunderclap","Power Through+1","Immolate","Pummel+1","Flame Barrier","Pommel Strike","Sever Soul","Ghostly+1","Ghostly","Ghostly","Shrug It Off","Offering","Dark Embrace","Pain","Parasite"],"relics":["Runic Dome","Bag of Preparation","Lantern","Dead Branch","Runic Cube","Nilry\u0027s Codex","Pantograph","Akabeko","Membership Card","Snecko Eye","WarpedTongs","Juzu Bracelet"],"acts_visited":["Exordium","TheCity","TheBeyond"],"potions_floor_usage":[25,33,45],"damage_taken":[{"damage":19,"enemies":"Jaw Worm","floor":1,"turns":4},{"damage":1,"enemies":"Small Slimes","floor":2,"turns":3},{"damage":8,"enemies":"2 Louse","floor":3,"turns":3},{"damage":20,"enemies":"Lagavulin","floor":7,"turns":5},{"damage":6,"enemies":"Gremlin Nob","floor":11,"turns":3},{"damage":0,"enemies":"Looter","floor":13,"turns":1},{"damage":5,"enemies":"3 Louse","floor":14,"turns":3},{"damage":23,"enemies":"Slime Boss","floor":16,"turns":9},{"damage":0,"enemies":"Chosen","floor":18,"turns":2},{"damage":22,"enemies":"Spheric Guardian","floor":19,"turns":4},{"damage":0,"enemies":"3 Cultists","floor":24,"turns":4},{"damage":28,"enemies":"Slavers","floor":25,"turns":5},{"damage":7,"enemies":"Shelled Parasite and Fungi","floor":29,"turns":3},{"damage":0,"enemies":"Cultist and Chosen","floor":30,"turns":5},{"damage":0,"enemies":"Snake Plant","floor":31,"turns":3},{"damage":1,"enemies":"Automaton","floor":33,"turns":7},{"damage":0,"enemies":"3 Shapes","floor":35,"turns":2},{"damage":11,"enemies":"Orb Walker","floor":37,"turns":2},{"damage":10,"enemies":"4 Shapes","floor":38,"turns":2},{"damage":10,"enemies":"Transient","floor":41,"turns":6},{"damage":18,"enemies":"Writhing Mass","floor":45,"turns":4}],"seed_played":"4308802671574557967","potions_obtained":[{"floor":1,"key":"LiquidBronze"},{"floor":2,"key":"SpeedPotion"},{"floor":31,"key":"BlessingOfTheForge"},{"floor":33,"key":"PowerPotion"},{"floor":41,"key":"SteroidPotion"}],"is_trial":false,"path_per_floor":["M","M","M","?","?","R","E","R","T","R","E","R","M","M","R","B",null,"M","M","?","?","$","R","M","E","T","?","$","M","M","M","R","B",null,"M","?","M","M","?","R","M","R","T","T","M"],"character_chosen":"IRONCLAD","items_purchased":["Flame Barrier","Membership Card"],"campfire_rested":5,"item_purchase_floors":[22,28],"current_hp_per_floor":[49,48,40,17,17,39,19,19,19,41,35,35,35,30,30,7,58,58,36,36,15,15,37,37,9,9,9,9,2,2,2,13,36,37,37,37,26,16,16,16,6,17,17,17,0,0],"gold":198,"neow_bonus":"BOSS_RELIC","is_daily":false,"chose_seed":false,"campfire_upgraded":4,"win_rate":0.0,"timestamp":1610358483,"path_taken":["M","M","M","?","?","R","E","R","T","R","E","R","M","M","R","BOSS","M","M","?","?","$","R","M","E","T","?","?","M","M","?","R","BOSS","M","?","?","?","?","R","M","R","T","?","M"],"items_purchased_type":["Card","Relic"],"build_version":"2020-12-22","purchased_purges":2,"victory":false,"max_hp_per_floor":[75,75,75,75,75,75,75,75,75,75,75,75,75,75,75,75,75,75,75,75,75,75,75,75,75,75,37,37,37,37,37,37,37,37,37,37,37,37,37,37,37,37,37,37,37,37],"relic_stats":{"counters":[21,80],"Dead Branch":[105],"Pantograph":24,"Snecko Eye":[37,43,39,43],"Bag of Preparation":[34],"Juzu Bracelet":0,"obtain_stats":[{"Lantern":9,"Nilry\u0027s Codex":21,"Dead Branch":11,"Bag of Preparation":7,"Juzu Bracelet":44,"Burning Blood":0,"Akabeko":26,"WarpedTongs":36,"Runic Dome":0,"Pantograph":25,"Snecko Eye":34,"Membership Card":28,"Runic Cube":17},{"Lantern":4,"Nilry\u0027s Codex":10,"Dead Branch":5,"Bag of Preparation":4,"Juzu Bracelet":20,"Burning Blood":0,"Akabeko":12,"WarpedTongs":17,"Runic Dome":0,"Pantograph":12,"Snecko Eye":16,"Membership Card":12,"Runic Cube":8},{"Lantern":15,"Nilry\u0027s Codex":37,"Dead Branch":18,"Bag of Preparation":15,"Juzu Bracelet":76,"Burning Blood":0,"Akabeko":46,"WarpedTongs":66,"Runic Dome":0,"Pantograph":46,"Snecko Eye":64,"Membership Card":46,"Runic Cube":31}],"Runic Cube":[38],"WarpedTongs":[14]},"card_choices":[{"not_picked":["Clothesline","Bloodletting"],"picked":"Inflame","floor":1},{"not_picked":["Armaments","Havoc"],"picked":"Heavy Blade","floor":2},{"not_picked":["Sentinel","Headbutt"],"picked":"Sword Boomerang","floor":3},{"not_picked":["Rampage","Clothesline"],"picked":"Thunderclap","floor":7},{"not_picked":["Rupture","Exhume","Evolve"],"picked":"SKIP","floor":11},{"not_picked":["Sword Boomerang","Heavy Blade","Body Slam"],"picked":"SKIP","floor":13},{"not_picked":["Pommel Strike","Sword Boomerang"],"picked":"Power Through","floor":14},{"not_picked":["Double Tap","Exhume"],"picked":"Immolate","floor":16},{"not_picked":["Flex","Wild Strike+1","Armaments"],"picked":"SKIP","floor":18},{"not_picked":["Flex","Searing Blow"],"picked":"Pummel+1","floor":19},{"not_picked":["Twin Strike","Rampage"],"picked":"Pommel Strike","floor":24},{"not_picked":["Rage","Bludgeon"],"picked":"Sever Soul","floor":25},{"not_picked":["Seeing Red","Flex","Shrug It Off"],"picked":"SKIP","floor":29},{"not_picked":["Seeing Red","Flex"],"picked":"Shrug It Off","floor":29},{"not_picked":["Perfected Strike","Dropkick","Pummel"],"picked":"SKIP","floor":30},{"not_picked":["Thunderclap","Anger","Iron Wave"],"picked":"SKIP","floor":31},{"not_picked":["Juggernaut","Reaper"],"picked":"Offering","floor":33},{"not_picked":["Clothesline","Perfected Strike"],"picked":"Dark Embrace","floor":35},{"not_picked":["Dropkick","Iron Wave+1","Dual Wield"],"picked":"SKIP","floor":37},{"not_picked":["Carnage","Havoc+1","Body Slam"],"picked":"SKIP","floor":38},{"not_picked":["Infernal Blade","Warcry+1","Dual Wield"],"picked":"SKIP","floor":41}],"player_experience":1989698,"relics_obtained":[{"floor":7,"key":"Bag of Preparation"},{"floor":9,"key":"Lantern"},{"floor":11,"key":"Dead Branch"},{"floor":21,"key":"Nilry\u0027s Codex"},{"floor":25,"key":"Pantograph"},{"floor":26,"key":"Akabeko"},{"floor":44,"key":"Juzu Bracelet"}],"event_choices":[{"damage_healed":0,"gold_gain":0,"player_choice":"Entered Light","damage_taken":23,"max_hp_gain":0,"max_hp_loss":0,"event_name":"Shining Light","floor":4,"gold_loss":0,"cards_upgraded":["Sword Boomerang","Strike_R"]},{"damage_healed":0,"gold_gain":0,"player_choice":"Left Gold","damage_taken":0,"max_hp_gain":0,"max_hp_loss":0,"event_name":"World of Goop","floor":5,"gold_loss":62},{"damage_healed":0,"gold_gain":0,"player_choice":"Ignored","damage_taken":0,"max_hp_gain":0,"max_hp_loss":0,"event_name":"Vampires","floor":20,"gold_loss":0},{"damage_healed":0,"gold_gain":0,"player_choice":"Obtained Book","damage_taken":21,"max_hp_gain":0,"max_hp_loss":0,"event_name":"Cursed Tome","floor":21,"gold_loss":0},{"damage_healed":0,"gold_gain":0,"player_choice":"Became a Ghost","damage_taken":0,"max_hp_gain":0,"max_hp_loss":38,"event_name":"Ghosts","floor":27,"gold_loss":0,"cards_obtained":["Ghostly","Ghostly","Ghostly"]},{"damage_healed":0,"gold_gain":0,"player_choice":"Rummage","damage_taken":0,"relics_obtained":["WarpedTongs"],"max_hp_gain":0,"max_hp_loss":0,"event_name":"Accursed Blacksmith","floor":36,"gold_loss":0,"cards_obtained":["Pain"]},{"cards_removed":["Strike_R"],"damage_healed":0,"gold_gain":0,"player_choice":"Removed Attack","damage_taken":0,"max_hp_gain":0,"max_hp_loss":0,"event_name":"Falling","floor":39,"gold_loss":0}],"is_beta":false,"boss_relics":[{"not_picked":["Velvet Choker","Coffee Dripper"],"picked":"Runic Cube"},{"not_picked":["Calling Bell","Cursed Key"],"picked":"Snecko Eye"}],"items_purged_floors":[22,28],"is_endless":false,"potions_floor_spawned":[1,2,24,31,33,35,38,41],"killed_by":"Writhing Mass","ascension_level":20}}