{"host":"z9grmtg2w0nmz8n1","time":1610341262,"event":{"mods":["Aspiration","Bard","BaseMod","Beaked The Cultist","Better Altar","Better Match","Better Note","Better Sensory Stone","Better Skull","Better Third Choice","BetterRewards","CCEM","Colored Map","Conspire","Downfall","GifTheSpireLib","Googly Eyes","Halation","Hermit","Highlight Path","Hubris","Hunter ??","Jedi Mod","Jorbs\u0027s Wanderer Trilogy","Mad Scientist","Marisa????????","Minty Spire (QoL Compilation)","Permanent Neow","Replay The Spire","Shade Mod","Shop Mod","Spicy Shops","StSLib","Stuff the Spire","The Bug Knight","The Construct","The Necromancer","The Runesmith","The Witch"],"gold_per_floor":[111,124,49,69,69,69,97,112,112,12,30,40,40,67,67,167,167,182,182,182,57,71,96,96,122,122,122,136,190,16,16,16,111,111,125,326,326,337,138,166,177,205,205,205,217,217,245,260,260,260,260],"floor_reached":50,"playtime":2200,"items_purged":["Strike_B","Strike_B","Strike_B","Gash","Beam Cell"],"score":791,"play_id":"c05823ee-fb5c-43b3-a940-6549fa4cdf89","local_time":"20210111030102","is_ascension_mode":true,"campfire_choices":[{"floor":6,"key":"RECALL"},{"floor":15,"key":"REST"},{"floor":24,"key":"REST"},{"floor":27,"key":"REST"},{"data":"Zap","floor":32,"key":"SMITH"},{"floor":46,"key":"REST"},{"floor":49,"key":"REST"}],"circlet_count":0,"master_deck":["Defend_B+1","Defend_B","Defend_B+1","Defend_B+1","Zap+1","Dualcast+1","hubris:Ukulele+1","Rebound","Ball Lightning","Streamline+1","Ball Lightning+1","jedi:reiji+1","Conserve Battery","Static Discharge+1","ReplayTheSpireMod:Calculation Training+1","Leap+1","Auto Shields+1"],"relics":["Cracked Core","jedi:crownofsimplicity","Gremlin Food","halation:PinkAlligatorPlush","CaptainsWheel","halation:AfternoonTea","Blue Doll","hubris:DisguiseKit","CCEMRelics:SpiritsEdge","Fusion Hammer","StuffTheSpire:Barrel","Bronze Scales","StuffTheSpire:Tea","halation:PapillonHeart","Ancient Tea Set"],"acts_visited":["Exordium","TheCity","TheBeyond"],"potions_floor_usage":[7,22,23,23,50,50],"damage_taken":[{"damage":0,"enemies":"Small Slimes","floor":1,"turns":4},{"damage":0,"enemies":"Cultist","floor":2,"turns":3},{"damage":0,"enemies":"Jaw Worm","floor":4,"turns":3},{"damage":17,"enemies":"3 Sentries","floor":7,"turns":6},{"damage":0,"enemies":"3 Louse","floor":8,"turns":3},{"damage":0,"enemies":"Exordium Wildlife","floor":11,"turns":3},{"damage":0,"enemies":"Exordium Thugs","floor":12,"turns":2},{"damage":0,"enemies":"HollowMod:MossKnight","floor":14,"turns":3},{"damage":4,"enemies":"Fading Forest","floor":16,"turns":11},{"damage":8,"enemies":"Shell Parasite","floor":18,"turns":3},{"damage":14,"enemies":"3 Byrds","floor":22,"turns":3},{"damage":20,"enemies":"HollowMod:Nosk","floor":23,"turns":4},{"damage":35,"enemies":"Slavers","floor":25,"turns":6},{"damage":8,"enemies":"Snecko","floor":28,"turns":4},{"damage":38,"enemies":"Pondfish","floor":33,"turns":7},{"damage":27,"enemies":"3 Darklings","floor":35,"turns":3},{"damage":12,"enemies":"Orb Walker","floor":38,"turns":2},{"damage":26,"enemies":"R_Hoarder","floor":40,"turns":5},{"damage":2,"enemies":"Transient","floor":41,"turns":5},{"damage":4,"enemies":"HollowMod:StalkingDevout","floor":42,"turns":6},{"damage":9,"enemies":"Writhing Mass","floor":45,"turns":3},{"damage":54,"enemies":"Nemesis","floor":47,"turns":6},{"damage":0,"enemies":"4 Shapes","floor":48,"turns":5},{"damage":61,"enemies":"Replay:Hell Engine","floor":50,"turns":13}],"seed_played":"-4049342696139463353","potions_obtained":[{"floor":1,"key":"Explosive Potion"},{"floor":4,"key":"SteroidPotion"},{"floor":11,"key":"Energy Potion"},{"floor":12,"key":"Explosive Potion"},{"floor":16,"key":"Adrenaline Potion"},{"floor":23,"key":"Ancient Potion"},{"floor":41,"key":"Dexterity Potion"},{"floor":42,"key":"Dexterity Potion"}],"is_trial":false,"path_per_floor":["M","M","$","M","?","R","E","M","T","$","M","M","$","E","R","B",null,"M","?","T","$","M","E","R","E","T","R","M","T","$","?","R","B",null,"M","?","?","M","$","E","M","E","T","?","M","R","E","M","R","B"],"character_chosen":"DEFECT","items_purchased":["Conserve Battery","Leap+1"],"campfire_rested":5,"item_purchase_floors":[30,39],"current_hp_per_floor":[75,75,75,75,68,68,51,51,51,51,51,51,51,51,73,69,75,67,67,67,67,53,33,55,35,35,57,61,61,61,66,66,28,75,48,30,23,11,11,75,73,69,69,69,60,71,23,23,44,0,0],"gold":260,"neow_bonus":"REMOVE_CARD","is_daily":false,"chose_seed":false,"campfire_upgraded":1,"win_rate":0.0,"timestamp":1610341262,"path_taken":["M","M","$","M","?","R","E","?","T","?","M","M","$","E","R","BOSS","M","?","?","$","?","E","R","E","T","R","M","?","?","?","R","BOSS","M","?","?","?","$","E","M","E","T","?","?","R","E","M","R","BOSS"],"items_purchased_type":["Card","Card"],"build_version":"2020-12-22","purchased_purges":5,"victory":false,"max_hp_per_floor":[75,75,75,75,75,75,75,75,75,75,75,75,75,75,75,75,75,75,75,75,75,75,75,75,75,75,75,75,75,75,75,75,75,75,75,75,75,75,75,75,75,75,75,71,71,71,71,71,71,71,71],"card_choices":[{"not_picked":["conspire:SharedLibrary","Compile Driver"],"picked":"Gash","floor":1},{"not_picked":["jedi:blockon","Echo Form"],"picked":"Beam Cell","floor":2},{"not_picked":["Hologram","Undo","Compile Driver"],"picked":"SKIP","floor":4},{"not_picked":["ReplayTheSpireMod:Dual Polarity","jedi:gatheringstorm","Recycle"],"picked":"SKIP","floor":7},{"not_picked":["ReplayTheSpireMod:Dual Polarity","StuffTheSpire:CleanHardDrive"],"picked":"hubris:Ukulele","floor":8},{"not_picked":["StuffTheSpire:Rend","ReplayTheSpireMod:Dual Polarity"],"picked":"Rebound","floor":11},{"not_picked":["Steam","Glacier"],"picked":"Ball Lightning","floor":12},{"not_picked":["StuffTheSpire:SnapShoot","StuffTheSpire:Coldhearted","Recycle"],"picked":"SKIP","floor":14},{"not_picked":["StuffTheSpire:Synthwave","Chill+1"],"picked":"Streamline+1","floor":18},{"not_picked":["Crystallizer+1","jedi:spotbugs"],"picked":"Go for the Eyes","floor":22},{"not_picked":["aspiration:Polymerization","jedi:darknesscall"],"picked":"Ball Lightning+1","floor":23},{"not_picked":["Stack+1","Genetic Algorithm"],"picked":"jedi:reiji+1","floor":25},{"not_picked":["ReplayTheSpireMod:System Scan","conspire:SharedLibrary+1","Rebound+1","Replay:AtTheReady"],"picked":"SKIP","floor":28},{"not_picked":["StuffTheSpire:ShieldGenerator+1","Blizzard","Replay:Anticipation"],"picked":"Static Discharge+1","floor":35},{"not_picked":["Rebound","Barrage","Weave"],"picked":"ReplayTheSpireMod:Calculation Training+1","floor":38},{"not_picked":["StuffTheSpire:Plugnplay","jedi:BurstFrost","SashWhip"],"picked":"Auto Shields+1","floor":40},{"not_picked":["Scrape+1","Coolheaded+1","Rip and Tear+1","SashWhip"],"picked":"SKIP","floor":41},{"not_picked":["Go for the Eyes","jedi:BurstFrost","ReplayTheSpireMod:GoodbyeWorld","Conclude"],"picked":"SKIP","floor":42},{"not_picked":["Cold Snap","Redo+1","jedi:BurstLightning","Evaluate"],"picked":"SKIP","floor":45},{"not_picked":["jedi:markofdeath","Turbo+1","Hologram+1","Replay:LoomingThreat"],"picked":"SKIP","floor":47},{"not_picked":["Skim","Aggregate+1","Stack","Ragnarok"],"picked":"SKIP","floor":48}],"player_experience":833350,"relics_obtained":[{"floor":7,"key":"jedi:crownofsimplicity"},{"floor":14,"key":"Gremlin Food"},{"floor":20,"key":"CaptainsWheel"},{"floor":23,"key":"halation:AfternoonTea"},{"floor":25,"key":"Blue Doll"},{"floor":26,"key":"hubris:DisguiseKit"},{"floor":29,"key":"CCEMRelics:SpiritsEdge"},{"floor":40,"key":"StuffTheSpire:Barrel"},{"floor":42,"key":"Bronze Scales"},{"floor":43,"key":"StuffTheSpire:Tea"},{"floor":47,"key":"Ancient Tea Set"}],"event_choices":[{"damage_healed":0,"gold_gain":0,"player_choice":"Damaged","damage_taken":7,"max_hp_gain":0,"max_hp_loss":0,"event_name":"Wheel of Change","floor":5,"gold_loss":0},{"damage_healed":0,"gold_gain":0,"player_choice":"Bought 0 Potions","damage_taken":0,"max_hp_gain":0,"max_hp_loss":0,"event_name":"The Woman in Blue","floor":19,"gold_loss":0},{"cards_removed":["Go for the Eyes"],"damage_healed":5,"gold_gain":0,"player_choice":"Offered Common","damage_taken":0,"max_hp_gain":0,"max_hp_loss":0,"event_name":"Bonfire Elementals","floor":31,"gold_loss":0},{"cards_removed":["Go for the Eyes"],"damage_healed":5,"gold_gain":0,"player_choice":"Offered Special","damage_taken":0,"max_hp_gain":0,"max_hp_loss":0,"event_name":"Bonfire Elementals","floor":31,"gold_loss":0},{"damage_healed":0,"gold_gain":0,"player_choice":"Damaged","damage_taken":7,"max_hp_gain":0,"max_hp_loss":0,"event_name":"Wheel of Change","floor":37,"gold_loss":0}],"is_beta":false,"boss_relics":[{"not_picked":["hubris:HollowSoul","CCEMRelics:TransientCore"],"picked":"halation:PinkAlligatorPlush"},{"not_picked":["StuffTheSpire:RunicHypercube","ChewingGum"],"picked":"Fusion Hammer"}],"items_purged_floors":[3,10,21,30,39],"is_endless":false,"potions_floor_spawned":[1,4,11,12,16,18,23,41,42],"killed_by":"Replay:Hell Engine","ascension_level":1}}