{"host":"hve1dyh1ly81yl9f","time":1610384698,"event":{"mods":["BaseMod","Colored Map","DeckTracker","Highlight Path","Keyboard Shortcuts","Minty Spire (QoL Compilation)","Permanent Neow","Quick Restart","StSLib","SuperFastMode"],"gold_per_floor":[112,128,128,140,14,14,27,57,57,57,57,74,74,92,92,194,194,204,220,236,236,23,23,39,39,92,92,92,92],"floor_reached":28,"playtime":809,"items_purged":["Strike_R"],"score":325,"play_id":"8c5950ad-1496-458c-9d1d-d015e89027d8","local_time":"20210112020458","is_ascension_mode":true,"campfire_choices":[{"data":"Searing Blow","floor":6,"key":"SMITH"},{"floor":10,"key":"REST"},{"data":"Searing Blow+2","floor":13,"key":"SMITH"},{"data":"Searing Blow+3","floor":15,"key":"SMITH"},{"floor":23,"key":"REST"},{"data":"Searing Blow+4","floor":25,"key":"SMITH"}],"circlet_count":0,"master_deck":["Strike_R","Strike_R","Strike_R+1","Defend_R","Defend_R","Defend_R","Defend_R","Bash","Searing Blow+5","Thunderclap+1","Armaments","Shrug It Off","Warcry","Armaments","Apotheosis"],"relics":["Burning Blood","Pantograph","Paper Frog","SlaversCollar","Whetstone","Meat on the Bone"],"acts_visited":["Exordium","TheCity"],"potions_floor_usage":[8,8,16,21,21],"damage_taken":[{"damage":19.0,"enemies":"Jaw Worm","floor":1.0,"turns":3.0},{"damage":11,"enemies":"Cultist","floor":2,"turns":4},{"damage":13,"enemies":"2 Louse","floor":4,"turns":2},{"damage":21,"enemies":"Lots of Slimes","floor":7,"turns":5},{"damage":22,"enemies":"3 Sentries","floor":8,"turns":8},{"damage":9,"enemies":"Looter","floor":12,"turns":3},{"damage":11,"enemies":"Blue Slaver","floor":14,"turns":3},{"damage":37,"enemies":"The Guardian","floor":16,"turns":6},{"damage":4,"enemies":"Chosen","floor":18,"turns":3},{"damage":22,"enemies":"3 Byrds","floor":19,"turns":6},{"damage":42,"enemies":"Snake Plant","floor":20,"turns":5},{"damage":24,"enemies":"Sentry and Sphere","floor":21,"turns":4},{"damage":5,"enemies":"Snecko","floor":24,"turns":3},{"damage":52,"enemies":"Slavers","floor":28,"turns":3}],"seed_played":"4197402558771552585","potions_obtained":[{"floor":1.0,"key":"PowerPotion"},{"floor":7,"key":"SteroidPotion"},{"floor":8,"key":"FearPotion"},{"floor":18,"key":"SmokeBomb"},{"floor":19,"key":"BlessingOfTheForge"}],"is_trial":false,"path_per_floor":["M","M","?","M","$","R","M","E","T","R","?","M","R","M","R","B",null,"M","M","M","M","$","R","M","R","T","?","E"],"character_chosen":"IRONCLAD","items_purchased":["Armaments","Armaments","Apotheosis"],"campfire_rested":2,"item_purchase_floors":[5,22,22],"current_hp_per_floor":[54,49,49,42,42,42,27,11,11,39,39,36,36,31,31,25,78,80,64,28,10,10,38,39,39,39,39,0,0],"gold":92,"neow_bonus":"TWENTY_PERCENT_HP_BONUS","is_daily":false,"chose_seed":false,"campfire_upgraded":4,"win_rate":0.0,"timestamp":1610384698,"path_taken":["M","M","?","?","$","R","M","E","T","R","?","M","R","M","R","BOSS","M","?","M","M","$","R","M","R","T","?","E"],"items_purchased_type":["Card","Card","Card"],"build_version":"2020-12-22","purchased_purges":1,"victory":false,"max_hp_per_floor":[96,96,96,96,96,96,96,96,96,96,96,96,96,96,96,96,96,96,96,96,96,96,96,96,96,96,96,96,96],"card_choices":[{"not_picked":["Sword Boomerang","Clash"],"picked":"Searing Blow","floor":1.0},{"not_picked":["Power Through","Heavy Blade","Uppercut"],"picked":"SKIP","floor":2},{"not_picked":["Clash","Heavy Blade"],"picked":"Thunderclap","floor":4},{"not_picked":["Searing Blow","Shockwave"],"picked":"Shrug It Off","floor":7},{"not_picked":["Reaper","Spot Weakness","Iron Wave"],"picked":"SKIP","floor":8},{"not_picked":["True Grit","Ghostly Armor","Clash"],"picked":"SKIP","floor":12},{"not_picked":["Twin Strike","Clothesline","Shockwave"],"picked":"SKIP","floor":14},{"not_picked":["Fire Breathing+1","Rage+1"],"picked":"Warcry","floor":18},{"not_picked":["Cleave","Reckless Charge","Carnage"],"picked":"SKIP","floor":19},{"not_picked":["Pommel Strike","Feel No Pain+1","Uppercut"],"picked":"SKIP","floor":20},{"not_picked":["Fire Breathing+1","Combust","Whirlwind+1"],"picked":"SKIP","floor":24}],"player_experience":305182,"relics_obtained":[{"floor":8,"key":"Pantograph"},{"floor":9,"key":"Paper Frog"},{"floor":26,"key":"Whetstone"}],"event_choices":[{"cards_removed":["Strike_R"],"damage_healed":0,"gold_gain":0,"player_choice":"Purged","damage_taken":0,"max_hp_gain":0,"max_hp_loss":0,"event_name":"Purifier","floor":3,"gold_loss":0},{"damage_healed":0,"gold_gain":0,"player_choice":"Forge","damage_taken":0,"max_hp_gain":0,"max_hp_loss":0,"event_name":"Accursed Blacksmith","floor":11,"gold_loss":0,"cards_upgraded":["Searing Blow"]},{"damage_healed":0,"gold_gain":0,"player_choice":"Opened","damage_taken":0,"relics_obtained":["Meat on the Bone"],"max_hp_gain":0,"max_hp_loss":0,"event_name":"The Mausoleum","floor":27,"gold_loss":0}],"is_beta":false,"boss_relics":[{"not_picked":["Philosopher\u0027s Stone","Sozu"],"picked":"SlaversCollar"}],"items_purged_floors":[5],"is_endless":false,"potions_floor_spawned":[1,7,8,18,19,21],"killed_by":"Slavers","ascension_level":7}}