{"host":"8h3glbk9j4k4ylc4","time":1610393530,"event":{"mods":["AchievementEnabler","Act Like it!","BaseMod","Colored Map","Colored Powertips","Downfall","Energized Spire","Gensokyo","Hallownest","Hermit","Hubris","Infinite Spire","Jorbs\u0027s Wanderer Trilogy","Lobotomy","Marisa????????","Minty Spire (QoL Compilation)","Replay The Spire","Somnambulant","StSLib","The Animator","The Bug Knight"],"gold_per_floor":[112,112,51,71,82,82,82,82,82,102,102,2,221,232,232,334,434,449,449,469,469,482,496,496,496,496,496,530,530,530],"floor_reached":29,"playtime":1265,"items_purged":["hermit:Strike_Hermit"],"score":235,"play_id":"16748aae-0f39-4cb7-8117-66613b8d7547","local_time":"20210111213210","is_ascension_mode":false,"campfire_choices":[{"data":"hermit:Combo","floor":6,"key":"SMITH"},{"data":"hermit:GoldenBullet","floor":8,"key":"SMITH"},{"data":"hermit:Dive","floor":15,"key":"SMITH"},{"data":"hermit:OverwhelmingPower","floor":25,"key":"SMITH"}],"circlet_count":0,"master_deck":["hermit:Strike_Hermit","hermit:Strike_Hermit","hermit:Strike_Hermit","hermit:Defend_Hermit","hermit:Defend_Hermit","hermit:Defend_Hermit","hermit:Defend_Hermit","hermit:Snapshot","hermit:Covet","hermit:EyeOfTheStorm+1","hermit:HighCaliber+1","hermit:GoldenBullet+1","hermit:Combo+1","hermit:CursedWeapon","hermit:Dive+1","hermit:CalledShot","hermit:OverwhelmingPower+1","hermit:Glare","hermit:Gestalt"],"relics":["hermit:Momento","Replay:Mystery Machine","hubris:Towel","Gremlin Horn","Replay:Wanted Poster","Strange Spoon","hubris:TerracottaHorce","infinitespire:Broken Mirror","Lantern"],"acts_visited":["Gensokyo:Gensokyo","Gensokyo:Gensokyoer"],"potions_floor_usage":[16,20,28,29,29],"damage_taken":[{"damage":1,"enemies":"Gensokyo:Python","floor":1,"turns":3},{"damage":16,"enemies":"Gensokyo:Gryphon","floor":4,"turns":6},{"damage":4,"enemies":"Gensokyo:3_Fairies","floor":5,"turns":4},{"damage":2,"enemies":"Gensokyo:Kitsune","floor":10,"turns":2},{"damage":0,"enemies":"Gensokyo:LivingMonolith","floor":13,"turns":2},{"damage":2,"enemies":"Gensokyo:Python_and_Kodama","floor":14,"turns":2},{"damage":26,"enemies":"Gensokyo:Kokoro","floor":16,"turns":11},{"damage":13,"enemies":"Gensokyo:Chomper","floor":18,"turns":4},{"damage":10,"enemies":"Gensokyo:AngelMirror","floor":20,"turns":2},{"damage":24,"enemies":"Gensokyo:Slime_Group","floor":22,"turns":3},{"damage":10,"enemies":"Gensokyo:3_Gloops","floor":23,"turns":4},{"damage":21,"enemies":"Gensokyo:Reisen","floor":28,"turns":4},{"damage":5,"enemies":"Gensokyo:Monolith_and_Dog","floor":29,"turns":2}],"seed_played":"-7197573916438440917","potions_obtained":[{"floor":5,"key":"Strength Potion"},{"floor":13,"key":"LiquidMemories"},{"floor":16,"key":"infinitespire:BlackPotion"},{"floor":18,"key":"hermit:BlackBile"},{"floor":20,"key":"Reflective Coating"},{"floor":23,"key":"Flashbang"}],"is_trial":false,"path_per_floor":["M","?","COS","M","M","R","?","R","T","M","?","?","M","M","R","B",null,"M","AVR","M","?","M","M","?","R","T","?","E","M"],"character_chosen":"HERMIT","items_purchased":[],"campfire_rested":0,"item_purchase_floors":[],"current_hp_per_floor":[81,81,81,65,61,61,53,53,53,51,51,51,51,49,49,23,82,69,69,59,59,35,25,25,25,25,25,4,0,0],"gold":530,"neow_bonus":"TEN_PERCENT_HP_BONUS","is_daily":false,"chose_seed":false,"campfire_upgraded":4,"win_rate":0.0,"timestamp":1610393530,"path_taken":["M","?","COS","M","M","R","?","R","T","M","?","?","?","M","R","BOSS","M","AVR","M","?","?","M","?","R","T","?","E","?"],"items_purchased_type":[],"build_version":"2020-12-22","purchased_purges":1,"victory":false,"max_hp_per_floor":[82,82,82,82,82,82,82,82,82,82,82,82,82,82,82,82,82,82,82,82,82,82,82,82,82,82,82,82,82,82],"card_choices":[{"not_picked":["hermit:Snipe","hermit:SprayPray","hermit:Maintenance"],"picked":"SKIP","floor":1},{"not_picked":["hermit:ItchyTrigger+1","hermit:LoneWolf+1"],"picked":"hermit:HighCaliber+1","floor":4},{"not_picked":["hermit:Misfire","hermit:Deadeye"],"picked":"hermit:GoldenBullet","floor":4},{"not_picked":["hermit:GoldenBullet","hermit:Manifest"],"picked":"hermit:Combo","floor":5},{"not_picked":["hermit:Glare","hermit:EternalForm"],"picked":"hermit:CursedWeapon","floor":10},{"not_picked":["hermit:GoldenBullet","hermit:NoHoldsBarred"],"picked":"hermit:Dive","floor":13},{"not_picked":["hermit:TakeAim","hermit:Snipe"],"picked":"hermit:CalledShot","floor":14},{"not_picked":["hermit:FatalDesire","hermit:FromBeyond"],"picked":"hermit:OverwhelmingPower","floor":16},{"not_picked":["hermit:Feint+1","hermit:HoleUp+1","hermit:Scavenge+1"],"picked":"SKIP","floor":18},{"not_picked":["hermit:Quickdraw","hermit:HighCaliber+1","hermit:HoleUp"],"picked":"SKIP","floor":20},{"not_picked":["hermit:LowProfile","hermit:BodyArmor","hermit:Horror+1"],"picked":"SKIP","floor":22},{"not_picked":["hermit:Roulette","hermit:Scavenge"],"picked":"hermit:Glare","floor":23},{"not_picked":["hermit:Ricochet","hermit:Feint","hermit:GoldenBullet"],"picked":"SKIP","floor":28}],"player_experience":374825,"relics_obtained":[{"floor":9,"key":"Replay:Mystery Machine"},{"floor":26,"key":"infinitespire:Broken Mirror"},{"floor":28,"key":"Lantern"}],"event_choices":[],"is_beta":false,"boss_relics":[{"not_picked":["hermit:DentedPlate","ReplayTheSpireMod:DimensionalGlitch"],"picked":"Replay:Wanted Poster"}],"items_purged_floors":[19],"is_endless":false,"potions_floor_spawned":[5,13,16,18,20,23],"killed_by":"Gensokyo:Monolith_and_Dog","ascension_level":0}}