{"host":"pvf7uj918he10jir","time":1610343224,"event":{"mods":["AchievementEnabler","BaseMod","Colored Map","Colored Powertips","Highlight Path","Minty Spire (QoL Compilation)","Relic Stats","Slay the Relics Exporter","everything is the same but u backflip on backflip"],"gold_per_floor":[115,127,141,73,173,203,218,218,218],"floor_reached":8,"playtime":441,"items_purged":[],"score":70,"play_id":"e59c31ab-d004-4e34-9f8f-f8beb69db436","local_time":"20210111003344","is_ascension_mode":true,"campfire_choices":[],"circlet_count":0,"master_deck":["Strike_B","Strike_B","Strike_B","Strike_B","Defend_B","Defend_B","Defend_B","Defend_B","Zap","Dualcast","Ball Lightning","Redo","Core Surge","Hyperbeam"],"relics":["Cracked Core","NeowsBlessing","Ancient Tea Set"],"acts_visited":["Exordium"],"potions_floor_usage":[8,8],"damage_taken":[{"damage":0,"enemies":"Cultist","floor":1,"turns":1},{"damage":0,"enemies":"Jaw Worm","floor":2,"turns":1},{"damage":0,"enemies":"Small Slimes","floor":3,"turns":1},{"damage":30,"enemies":"3 Sentries","floor":6,"turns":6},{"damage":11,"enemies":"Exordium Thugs","floor":7,"turns":4},{"damage":35,"enemies":"Lagavulin","floor":8,"turns":3}],"seed_played":"-6659586119759970661","potions_obtained":[{"floor":1,"key":"ColorlessPotion"},{"floor":2,"key":"FearPotion"},{"floor":3,"key":"PowerPotion"}],"is_trial":false,"path_per_floor":["M","M","M","$","?","E","M","E"],"character_chosen":"DEFECT","items_purchased":["Core Surge"],"campfire_rested":0,"item_purchase_floors":[4],"current_hp_per_floor":[75,75,75,75,75,45,34,0,0],"gold":218,"neow_bonus":"THREE_ENEMY_KILL","is_daily":false,"chose_seed":false,"campfire_upgraded":0,"win_rate":0.0,"timestamp":1610343224,"path_taken":["M","?","M","$","?","E","?","E"],"items_purchased_type":["Card"],"build_version":"2020-12-22","purchased_purges":0,"victory":false,"max_hp_per_floor":[75,75,75,75,75,75,75,75,75],"relic_stats":{"counters":[6,16],"obtain_stats":[{"NeowsBlessing":0,"Cracked Core":0,"Ancient Tea Set":6},{"NeowsBlessing":0,"Cracked Core":0,"Ancient Tea Set":4},{"NeowsBlessing":0,"Cracked Core":0,"Ancient Tea Set":9}]},"card_choices":[{"not_picked":["Hologram","Hello World"],"picked":"Ball Lightning","floor":1},{"not_picked":["Rip and Tear","Stack"],"picked":"Redo","floor":2},{"not_picked":["Compile Driver","Hologram","Steam"],"picked":"SKIP","floor":3},{"not_picked":["Steam Power","Reinforced Body","Rebound"],"picked":"SKIP","floor":6},{"not_picked":["Skim","Double Energy"],"picked":"Hyperbeam","floor":7}],"player_experience":140652,"relics_obtained":[{"floor":6,"key":"Ancient Tea Set"}],"event_choices":[{"damage_healed":0,"gold_gain":100,"player_choice":"Pray","damage_taken":0,"max_hp_gain":0,"max_hp_loss":0,"event_name":"Golden Shrine","floor":5,"gold_loss":0}],"is_beta":false,"boss_relics":[],"items_purged_floors":[],"is_endless":false,"potions_floor_spawned":[1,2,3,7],"killed_by":"Lagavulin","ascension_level":4}}