{"host":"sav7uxregyirlf69","time":1610350759,"event":{"mods":["AchievementEnabler","BaseMod","Colored Map","DeckTracker","Keyboard Shortcuts","Minty Spire (QoL Compilation)","READ ME - Guardian Mod","StSLib","SuperFastMode"],"gold_per_floor":[119,194,211,231,80,80,95,95,95,125,125,25,25,25],"floor_reached":13,"playtime":220,"items_purged":["Strike_G","Defend_G"],"score":110,"play_id":"68152374-74e4-4561-9448-82970416704b","local_time":"20210111163919","is_ascension_mode":true,"campfire_choices":[{"data":"Tactician","floor":6,"key":"SMITH"},{"data":"Envenom","floor":8,"key":"SMITH"}],"circlet_count":0,"master_deck":["AscendersBane","Strike_G","Strike_G","Strike_G+1","Defend_G","Defend_G+1","Defend_G","Survivor","Neutralize","Envenom+1","Prepared","Blur","Backstab","Tactician+1","Well Laid Plans","Deadly Poison","Acrobatics"],"relics":["Ring of the Snake","White Beast Statue","Odd Mushroom"],"acts_visited":["Exordium"],"potions_floor_usage":[13,13],"damage_taken":[{"damage":1.0,"enemies":"2 Louse","floor":1.0,"turns":3.0},{"damage":1,"enemies":"Cultist","floor":3,"turns":4},{"damage":1,"enemies":"Jaw Worm","floor":4,"turns":5},{"damage":4,"enemies":"Looter","floor":7,"turns":5},{"damage":12,"enemies":"The Mushroom Lair","floor":10,"turns":6},{"damage":11,"enemies":"3 Sentries","floor":13,"turns":5}],"seed_played":"196736796586366937","potions_obtained":[{"floor":1.0,"key":"LiquidBronze"},{"floor":7,"key":"DuplicationPotion"},{"floor":10,"key":"Strength Potion"}],"is_trial":false,"path_per_floor":["M","?","M","M","$","R","M","R","T","?","?","$","E"],"character_chosen":"THE_SILENT","items_purchased":["Well Laid Plans"],"campfire_rested":0,"item_purchase_floors":[5],"current_hp_per_floor":[44,37,36,35,35,35,31,31,31,19,5,5,0,0],"gold":25,"neow_bonus":"TRANSFORM_TWO_CARDS","is_daily":false,"chose_seed":false,"campfire_upgraded":2,"win_rate":0.0,"timestamp":1610350759,"path_taken":["M","?","?","?","$","R","M","R","T","?","?","$","E"],"items_purchased_type":["Card"],"build_version":"2020-12-22","purchased_purges":2,"victory":false,"max_hp_per_floor":[70,70,70,70,70,70,70,70,70,70,70,70,70,70],"card_choices":[{"not_picked":["Terror","Flying Knee"],"picked":"Blur","floor":1.0},{"not_picked":["Choke","Quick Slash"],"picked":"Backstab","floor":3},{"not_picked":["Backflip","Crippling Poison"],"picked":"Tactician","floor":4},{"not_picked":["Caltrops","Dodge and Roll"],"picked":"Deadly Poison","floor":7},{"not_picked":["Outmaneuver","Eviscerate"],"picked":"Acrobatics","floor":10}],"player_experience":1241400,"relics_obtained":[{"floor":9,"key":"White Beast Statue"},{"floor":10,"key":"Odd Mushroom"}],"event_choices":[{"damage_healed":0,"gold_gain":75,"player_choice":"Touch","damage_taken":7,"max_hp_gain":0,"max_hp_loss":0,"event_name":"FaceTrader","floor":2,"gold_loss":0},{"damage_healed":0,"gold_gain":0,"player_choice":"Fought Mushrooms","damage_taken":0,"max_hp_gain":0,"max_hp_loss":0,"event_name":"Mushrooms","floor":10,"gold_loss":0},{"damage_healed":0,"gold_gain":0,"player_choice":"Entered Light","damage_taken":14,"max_hp_gain":0,"max_hp_loss":0,"event_name":"Shining Light","floor":11,"gold_loss":0,"cards_upgraded":["Strike_G","Defend_G"]}],"is_beta":false,"boss_relics":[],"items_purged_floors":[5,12],"is_endless":false,"potions_floor_spawned":[1,7,10],"killed_by":"3 Sentries","ascension_level":10}}