{"host":"jx3f6ezc0g3s9edc","time":1610326506,"event":{"mods":["AchievementEnabler","BaseMod","Bestiary","Colored Map","Highlight Path","Minty Spire (QoL Compilation)","StSLib"],"gold_per_floor":[116,116,116,43,63,92,92,108,108,108,127,17,17,17,17,113,113,133,144,51,51,62,62,62,62,62,62,161,161,172,189,189,189,189],"floor_reached":33,"playtime":1945,"items_purged":["Strike_G"],"score":390,"play_id":"d5dfe03e-5482-40dc-aa4b-9b0e2d590495","local_time":"20210110195506","is_ascension_mode":true,"campfire_choices":[{"data":"Noxious Fumes","floor":7.0,"key":"SMITH"},{"data":"Catalyst","floor":10.0,"key":"SMITH"},{"data":"Noxious Fumes","floor":13.0,"key":"SMITH"},{"data":"Bane","floor":15.0,"key":"SMITH"},{"floor":23,"key":"REST"},{"floor":25,"key":"REST"},{"floor":32,"key":"REST"}],"circlet_count":0,"master_deck":["AscendersBane","Strike_G","Strike_G","Strike_G+1","Defend_G","Defend_G","Defend_G","Defend_G","Defend_G","Survivor","Neutralize+1","Bane+1","Noxious Fumes+1","PiercingWail","Noxious Fumes+1","Catalyst+1","Deflect","Caltrops","Doppelganger","Dagger Spray","Bouncing Flask","Backflip","Leg Sweep","Bane","Tools of the Trade"],"relics":["Ring of the Snake","Toy Ornithopter","Sozu","Whetstone"],"acts_visited":["Exordium","TheCity"],"potions_floor_usage":[33],"damage_taken":[{"damage":3.0,"enemies":"2 Louse","floor":1.0,"turns":4.0},{"damage":0.0,"enemies":"Jaw Worm","floor":5.0,"turns":4.0},{"damage":14.0,"enemies":"3 Sentries","floor":6.0,"turns":9.0},{"damage":1.0,"enemies":"Cultist","floor":8.0,"turns":4.0},{"damage":6.0,"enemies":"Red Slaver","floor":11.0,"turns":4.0},{"damage":23.0,"enemies":"The Guardian","floor":16.0,"turns":8.0},{"damage":19,"enemies":"2 Thieves","floor":18,"turns":5},{"damage":13,"enemies":"Spheric Guardian","floor":19,"turns":5},{"damage":16,"enemies":"Centurion and Healer","floor":22,"turns":6},{"damage":25,"enemies":"Colosseum Slavers","floor":29,"turns":5},{"damage":14,"enemies":"Snake Plant","floor":30,"turns":5},{"damage":15,"enemies":"Shelled Parasite and Fungi","floor":31,"turns":7},{"damage":59,"enemies":"Automaton","floor":33,"turns":6}],"seed_played":"3003848546989000125","potions_obtained":[{"floor":3.0,"key":"ColorlessPotion"},{"floor":3.0,"key":"LiquidBronze"},{"floor":3.0,"key":"Explosive Potion"},{"floor":11.0,"key":"Fruit Juice"}],"is_trial":false,"path_per_floor":["M","?","?","$","M","E","R","M","T","R","M","$","R","?","R","B",null,"M","M","$","?","M","R","?","R","T","$","?","?","M","M","R","B"],"character_chosen":"THE_SILENT","items_purchased":["Noxious Fumes","Caltrops","Backflip","Leg Sweep"],"campfire_rested":3,"item_purchase_floors":[4,12,20,20],"current_hp_per_floor":[67,60,60,60,60,46,46,45,45,45,39,49,49,76,76,58,76,57,44,44,44,28,52,36,62,62,62,62,37,23,8,34,0,0],"gold":189,"neow_bonus":"TEN_PERCENT_HP_BONUS","is_daily":false,"chose_seed":false,"campfire_upgraded":4,"win_rate":0.0,"timestamp":1610326506,"path_taken":["M","?","?","$","?","E","R","M","T","R","M","?","R","?","R","BOSS","M","M","$","?","M","R","?","R","T","$","?","?","M","?","R","BOSS"],"items_purchased_type":["Card","Card","Card","Card"],"build_version":"2020-12-22","purchased_purges":1,"victory":false,"max_hp_per_floor":[77,77,77,77,77,77,77,77,77,77,77,82,82,82,82,82,82,82,82,82,82,82,82,87,87,87,87,87,87,87,87,87,87,87],"card_choices":[{"not_picked":["PiercingWail","Underhanded Strike"],"picked":"Bane","floor":1.0},{"not_picked":["Cloak And Dagger","Well Laid Plans"],"picked":"PiercingWail","floor":5.0},{"not_picked":["PiercingWail","Endless Agony"],"picked":"Noxious Fumes","floor":6.0},{"not_picked":["Flechettes","Skewer"],"picked":"Catalyst","floor":8.0},{"not_picked":["Flying Knee","Quick Slash"],"picked":"Deflect","floor":11.0},{"not_picked":["Grand Finale","A Thousand Cuts"],"picked":"Doppelganger","floor":16.0},{"not_picked":["Outmaneuver+1","Blade Dance"],"picked":"Dagger Spray","floor":18},{"not_picked":["Escape Plan","Caltrops+1"],"picked":"Bouncing Flask","floor":19},{"not_picked":["Distraction","Leg Sweep","Sucker Punch"],"picked":"SKIP","floor":22},{"not_picked":["Quick Slash","Deadly Poison"],"picked":"Bane","floor":30},{"not_picked":["Flying Knee","Setup+1"],"picked":"Tools of the Trade","floor":31}],"player_experience":744667,"relics_obtained":[{"floor":6.0,"key":"Toy Ornithopter"},{"floor":26,"key":"Whetstone"}],"event_choices":[{"cards_removed":["Strike_G"],"damage_healed":0.0,"max_hp_gain":0.0,"max_hp_loss":0.0,"gold_gain":0.0,"event_name":"Golden Wing","player_choice":"Card Removal","floor":2.0,"gold_loss":0.0,"damage_taken":7.0},{"damage_healed":0.0,"max_hp_gain":0.0,"max_hp_loss":0.0,"gold_gain":0.0,"event_name":"Lab","player_choice":"Got Potions","floor":3.0,"gold_loss":0.0,"damage_taken":0.0},{"damage_healed":27.0,"max_hp_gain":0.0,"max_hp_loss":0.0,"gold_gain":0.0,"event_name":"Big Fish","player_choice":"Banana","floor":14.0,"gold_loss":0.0,"damage_taken":0.0},{"damage_healed":0,"gold_gain":0,"player_choice":"Ignored","damage_taken":0,"max_hp_gain":0,"max_hp_loss":0,"event_name":"Vampires","floor":21,"gold_loss":0},{"damage_healed":0,"gold_gain":0,"player_choice":"Shed Blood","damage_taken":21,"max_hp_gain":5,"max_hp_loss":0,"event_name":"Forgotten Altar","floor":24,"gold_loss":0},{"damage_healed":0,"gold_gain":99,"player_choice":"Stole From Cult","damage_taken":0,"max_hp_gain":0,"max_hp_loss":0,"event_name":"Nest","floor":28,"gold_loss":0},{"damage_healed":0,"gold_gain":0,"player_choice":"Fight","damage_taken":0,"max_hp_gain":0,"max_hp_loss":0,"event_name":"Colosseum","floor":29,"gold_loss":0},{"damage_healed":0,"gold_gain":0,"player_choice":"Fled From Nobs","damage_taken":0,"max_hp_gain":0,"max_hp_loss":0,"event_name":"Colosseum","floor":29,"gold_loss":0}],"is_beta":false,"boss_relics":[{"not_picked":["Cursed Key","WristBlade"],"picked":"Sozu"}],"items_purged_floors":[12],"is_endless":false,"potions_floor_spawned":[5,6,11,29,30],"killed_by":"Automaton","ascension_level":10}}