{"host":"hw39lwcp0ma2fmrr","time":1610388070,"event":{"mods":["BaseMod","Minty Spire (QoL Compilation)"],"gold_per_floor":[109,120,130,144,109,135,135,149,173,203,222,247,247,7,7,103,103,121,132,132,132,132],"floor_reached":21,"playtime":1563,"items_purged":[],"score":248,"play_id":"1d9f8e9d-4bb5-42c2-8bee-600dd33abfa5","local_time":"20210111120110","is_ascension_mode":true,"campfire_choices":[{"floor":7,"key":"REST"},{"floor":13,"key":"REST"},{"floor":15,"key":"REST"}],"circlet_count":0,"master_deck":["Strike_B","Strike_B","Strike_B","Strike_B","Defend_B","Defend_B","Defend_B","Defend_B","Zap+1","Dualcast","Coolheaded","Genetic Algorithm","Gash","Blizzard","Rebound","Amplify","Scrape","Go for the Eyes","Panacea","Echo Form","Ball Lightning+1"],"relics":["Cracked Core","Art of War","Regal Pillow","Centennial Puzzle","Pen Nib","Vajra","Sozu"],"acts_visited":["Exordium","TheCity"],"potions_floor_usage":[6,16,19],"damage_taken":[{"damage":1,"enemies":"Cultist","floor":1,"turns":3},{"damage":2,"enemies":"Small Slimes","floor":2,"turns":4},{"damage":3,"enemies":"2 Louse","floor":3,"turns":2},{"damage":39,"enemies":"Exordium Thugs","floor":4,"turns":5},{"damage":25,"enemies":"Lagavulin","floor":6,"turns":5},{"damage":6,"enemies":"Looter","floor":8,"turns":3},{"damage":9,"enemies":"Red Slaver","floor":11,"turns":3},{"damage":22,"enemies":"3 Sentries","floor":12,"turns":6},{"damage":39,"enemies":"The Guardian","floor":16,"turns":12},{"damage":33,"enemies":"Spheric Guardian","floor":18,"turns":4},{"damage":23,"enemies":"2 Thieves","floor":19,"turns":4},{"damage":56,"enemies":"3 Cultists","floor":21,"turns":5}],"seed_played":"-5531204805833361423","potions_obtained":[{"floor":3,"key":"AttackPotion"},{"floor":4,"key":"FearPotion"},{"floor":8,"key":"SteroidPotion"},{"floor":12,"key":"Regen Potion"}],"is_trial":false,"path_per_floor":["M","M","M","M","?","E","R","M","T","?","M","E","R","$","R","B",null,"M","M","?","M"],"character_chosen":"DEFECT","items_purchased":["Vajra","Panacea"],"campfire_rested":3,"item_purchase_floors":[14,14],"current_hp_per_floor":[67,65,62,23,41,16,38,32,32,32,23,1,38,38,75,36,65,32,18,43,0,0],"gold":132,"neow_bonus":"UPGRADE_CARD","is_daily":false,"chose_seed":false,"campfire_upgraded":0,"win_rate":0.0,"timestamp":1610388070,"path_taken":["M","M","?","M","?","E","R","M","T","?","M","E","R","$","R","BOSS","M","M","?","M"],"items_purchased_type":["Relic","Card"],"build_version":"2020-12-22","purchased_purges":0,"victory":false,"max_hp_per_floor":[75,75,75,75,75,75,75,75,75,75,75,75,75,75,75,75,75,75,75,75,75,75],"card_choices":[{"not_picked":["Conserve Battery","Undo"],"picked":"Coolheaded","floor":1},{"not_picked":["Aggregate","Darkness"],"picked":"Genetic Algorithm","floor":2},{"not_picked":["Force Field","Compile Driver"],"picked":"Gash","floor":3},{"not_picked":["Coolheaded","Tempest"],"picked":"Blizzard","floor":4},{"not_picked":["Leap","Hello World"],"picked":"Rebound","floor":6},{"not_picked":["Rebound","Aggregate"],"picked":"Amplify","floor":8},{"not_picked":["Force Field","Redo"],"picked":"Scrape","floor":11},{"not_picked":["Hologram","Doom and Gloom"],"picked":"Go for the Eyes","floor":12},{"not_picked":["Multi-Cast","Hyperbeam"],"picked":"Echo Form","floor":16},{"not_picked":["Barrage","Compile Driver","Capacitor"],"picked":"SKIP","floor":18},{"not_picked":["Darkness","White Noise"],"picked":"Ball Lightning+1","floor":19}],"player_experience":310041,"relics_obtained":[{"floor":6,"key":"Art of War"},{"floor":9,"key":"Regal Pillow"},{"floor":12,"key":"Pen Nib"}],"event_choices":[{"damage_healed":18,"gold_gain":0,"player_choice":"Healed","damage_taken":0,"max_hp_gain":0,"max_hp_loss":0,"event_name":"The Cleric","floor":5,"gold_loss":35},{"damage_healed":0,"gold_gain":30,"player_choice":"Searched \u00273\u0027 times","damage_taken":0,"relics_obtained":["Centennial Puzzle"],"max_hp_gain":0,"max_hp_loss":0,"event_name":"Dead Adventurer","floor":10,"gold_loss":0},{"damage_healed":25,"gold_gain":0,"player_choice":"Heal","damage_taken":0,"max_hp_gain":0,"max_hp_loss":0,"event_name":"The Library","floor":20,"gold_loss":0}],"is_beta":false,"boss_relics":[{"not_picked":["Runic Pyramid","Tiny House"],"picked":"Sozu"}],"items_purged_floors":[],"is_endless":false,"potions_floor_spawned":[3,4,8,12],"killed_by":"3 Cultists","ascension_level":6}}