{"host":"y89x8uui45kcjy42","time":1610365208,"event":{"mods":["2.2 Compatiblity","BaseMod","CapriCore","Colored Map","Colored Powertips","Custom Start","Friendly Minions","Keyboard Shortcuts","Minty Spire (QoL Compilation)","Relic Stats","Slay the Relics Exporter","StSLib","SuperFastMode","Uncapped"],"gold_per_floor":[109,109,33,33,51,90,90,133,133,4,30,80,93,129,129,228,228,243,263,263,263,277,277,277,277,277,313,313,348,348,348,348,424,424,444,444,361,371,381,414,414,448,448,481,481,508,508,528,528,528,528,528,528,297,330,330],"floor_reached":57,"playtime":1771,"items_purged":["Strike_B","Defend_B"],"score":3090,"play_id":"c483e77c-05fa-49e9-a828-8affa51c3699","local_time":"20210111204008","is_ascension_mode":true,"campfire_choices":[{"data":"Barrage","floor":7,"key":"SMITH"},{"data":"Hologram","floor":15,"key":"SMITH"},{"data":"Loop","floor":23,"key":"SMITH"},{"data":"Zap","floor":24,"key":"SMITH"},{"data":"Dualcast","floor":28,"key":"SMITH"},{"data":"Skim","floor":30,"key":"SMITH"},{"data":"Thunder Strike","floor":32,"key":"SMITH"},{"floor":47,"key":"RECALL"},{"data":"Amplify","floor":49,"key":"SMITH"},{"data":"Buffer","floor":53,"key":"SMITH"}],"circlet_count":0,"master_deck":["Zap+1","Dualcast+1","Defragment+1","Defragment+1","Capacitor","Barrage+1","Hologram+1","Loop+1","Thunder Strike+1","Skim+1","Amplify+1","Barricade+1","Buffer+1","Electrodynamics","Recycle+1","After Image+1","DevaForm+1","Undo+1","Defragment","Echo Form"],"relics":["Cracked Core","DataDisk","Membership Card","Bloody Idol","Inserter","FrozenCore","Potion Belt","Kunai","Boot","Odd Mushroom","Anchor","Black Star","Omamori","Enchiridion","Ginger","Pen Nib","Vajra","InkBottle","HornCleat","SlaversCollar","Coffee Dripper","Orrery","Runic Capacitor","Du-Vu Doll","Bottled Lightning","Shuriken","Eternal Feather","Question Card","Bag of Preparation","Toxic Egg 2","Omamori","Ancient Tea Set","Toy Ornithopter","WingedGreaves","Happy Flower","Medical Kit","Blue Candle","Lantern","Coffee Dripper","Coffee Dripper","Coffee Dripper","Ring of the Serpent"],"acts_visited":["Exordium","TheCity","TheBeyond","TheEnding"],"potions_floor_usage":[56,56,56,56],"damage_taken":[{"damage":0,"enemies":"Small Slimes","floor":1,"turns":2},{"damage":12,"enemies":"Jaw Worm","floor":5,"turns":2},{"damage":38,"enemies":"3 Sentries","floor":6,"turns":8},{"damage":0,"enemies":"Gremlin Nob","floor":8,"turns":3},{"damage":11,"enemies":"The Mushroom Lair","floor":11,"turns":3},{"damage":0,"enemies":"Cultist","floor":13,"turns":3},{"damage":10,"enemies":"3 Sentries","floor":14,"turns":5},{"damage":12,"enemies":"Slime Boss","floor":16,"turns":4},{"damage":6,"enemies":"3 Byrds","floor":18,"turns":3},{"damage":13,"enemies":"2 Thieves","floor":19,"turns":4},{"damage":17,"enemies":"Shelled Parasite and Fungi","floor":22,"turns":4},{"damage":34,"enemies":"Gremlin Leader","floor":27,"turns":4},{"damage":27,"enemies":"Slavers","floor":29,"turns":4},{"damage":14,"enemies":"Collector","floor":33,"turns":5},{"damage":10,"enemies":"3 Darklings","floor":35,"turns":4},{"damage":0,"enemies":"Orb Walker","floor":38,"turns":2},{"damage":0,"enemies":"Transient","floor":39,"turns":6},{"damage":0,"enemies":"Giant Head","floor":40,"turns":4},{"damage":78,"enemies":"Reptomancer","floor":42,"turns":5},{"damage":0,"enemies":"Giant Head","floor":44,"turns":5},{"damage":0,"enemies":"Reptomancer","floor":46,"turns":3},{"damage":0,"enemies":"Jaw Worm Horde","floor":48,"turns":3},{"damage":2,"enemies":"Donu and Deca","floor":50,"turns":5},{"damage":76,"enemies":"Awakened One","floor":51,"turns":6},{"damage":0,"enemies":"Shield and Spear","floor":55,"turns":3},{"damage":24,"enemies":"The Heart","floor":56,"turns":8}],"seed_played":"2339093020629874677","potions_obtained":[{"floor":11,"key":"LiquidBronze"},{"floor":13,"key":"SkillPotion"},{"floor":19,"key":"CultistPotion"},{"floor":27,"key":"PowerPotion"},{"floor":39,"key":"LiquidMemories"},{"floor":46,"key":"FearPotion"}],"is_trial":false,"path_per_floor":["M","?","$","?","M","E","R","E","T","$","?","?","M","E","R","B",null,"M","M","$","$","M","R","R","?","T","E","R","E","R","?","R","B",null,"M","?","$","M","M","E","?","E","T","E","$","E","R","M","R","B","B",null,"R","$","E","B",null],"character_chosen":"DEFECT","items_purchased":["Capacitor","Boot","Orrery","FocusPotion","Defragment","Happy Flower","Medical Kit"],"campfire_rested":0,"item_purchase_floors":[3,10,37,54,54,54,54],"current_hp_per_floor":[71,76,76,47,35,70,70,70,70,70,59,59,59,49,49,37,72,66,53,53,53,36,36,36,15,15,49,49,22,22,22,22,13,66,61,61,61,66,71,76,76,83,83,83,83,83,83,83,83,81,5,64,73,73,78,59],"gold":330,"neow_bonus":"TEN_PERCENT_HP_BONUS","is_daily":false,"chose_seed":false,"campfire_upgraded":9,"win_rate":0.0,"timestamp":1610365208,"path_taken":["M","?","$","?","M","E","R","E","T","$","?","?","?","E","R","BOSS","M","?","$","$","M","R","R","?","T","E","R","E","R","?","R","BOSS","M","?","$","M","M","E","?","E","T","E","$","E","R","M","R","BOSS","BOSS","R","$","E","BOSS"],"items_purchased_type":["Card","Relic","Relic","Potion","Card","Relic","Relic"],"build_version":"2020-12-22","purchased_purges":2,"victory":true,"max_hp_per_floor":[78,83,83,83,83,83,83,83,83,83,83,83,83,83,83,83,83,83,83,83,83,83,83,83,83,83,83,83,83,83,83,83,83,83,83,83,83,83,83,83,83,83,83,83,83,83,83,83,83,83,83,83,83,83,83,83],"relic_stats":{"Inserter":[42],"Happy Flower":[3],"counters":[26,107],"Blue Candle":[0],"Eternal Feather":9,"Pen Nib":[4],"Bag of Preparation":[14],"Ginger":[14],"Boot":[12],"Question Card":4,"Medical Kit":[6],"FrozenCore":[66],"Shuriken":[0],"Bloody Idol":30,"Black Star":7,"Kunai":[0],"obtain_stats":[{"Lantern":55,"Enchiridion":25,"Vajra":27,"Runic Capacitor":39,"Bag of Preparation":43,"Ginger":26,"Boot":10,"Ancient Tea Set":46,"FrozenCore":6,"HornCleat":29,"WingedGreaves":7,"Kunai":8,"Toxic Egg 2":44,"Cracked Core":0,"InkBottle":29,"Potion Belt":6,"Inserter":6,"Happy Flower":54,"Golden Idol":4,"Blue Candle":55,"Eternal Feather":42,"Pen Nib":27,"Omamori":25,"Odd Mushroom":11,"Question Card":42,"Medical Kit":54,"Du-Vu Doll":40,"SlaversCollar":34,"DataDisk":0,"Anchor":14,"Shuriken":41,"Bloody Idol":31,"Orrery":37,"Black Star":17,"Coffee Dripper":34,"Membership Card":2,"Bottled Lightning":40,"Toy Ornithopter":46,"Ring of the Serpent":55},{"Lantern":25,"Enchiridion":11,"Vajra":12,"Runic Capacitor":17,"Bag of Preparation":19,"Ginger":11,"Boot":4,"Ancient Tea Set":21,"FrozenCore":3,"HornCleat":13,"WingedGreaves":3,"Kunai":4,"Toxic Egg 2":20,"Cracked Core":0,"InkBottle":13,"Potion Belt":3,"Inserter":3,"Happy Flower":24,"Golden Idol":1,"Blue Candle":25,"Eternal Feather":19,"Pen Nib":12,"Omamori":11,"Odd Mushroom":5,"Question Card":19,"Medical Kit":24,"Du-Vu Doll":18,"SlaversCollar":14,"DataDisk":0,"Anchor":7,"Shuriken":18,"Bloody Idol":13,"Orrery":15,"Black Star":8,"Coffee Dripper":14,"Membership Card":1,"Bottled Lightning":18,"Toy Ornithopter":21,"Ring of the Serpent":25},{"Lantern":99,"Enchiridion":41,"Vajra":45,"Runic Capacitor":63,"Bag of Preparation":75,"Ginger":41,"Boot":15,"Ancient Tea Set":83,"FrozenCore":8,"HornCleat":49,"WingedGreaves":12,"Kunai":15,"Toxic Egg 2":80,"Cracked Core":0,"InkBottle":49,"Potion Belt":12,"Inserter":7,"Happy Flower":96,"Golden Idol":2,"Blue Candle":99,"Eternal Feather":75,"Pen Nib":45,"Omamori":41,"Odd Mushroom":18,"Question Card":75,"Medical Kit":96,"Du-Vu Doll":70,"SlaversCollar":54,"DataDisk":0,"Anchor":26,"Shuriken":70,"Bloody Idol":49,"Orrery":58,"Black Star":30,"Coffee Dripper":54,"Membership Card":2,"Bottled Lightning":70,"Toy Ornithopter":83,"Ring of the Serpent":99}],"InkBottle":[33],"Toy Ornithopter":5},"card_choices":[{"not_picked":["Go for the Eyes","Cold Snap","Barrage"],"picked":"SKIP","floor":1},{"not_picked":["Gash","Conserve Battery","Lockon"],"picked":"SKIP","floor":5},{"not_picked":["FTL","Beam Cell"],"picked":"Barrage","floor":6},{"not_picked":["Go for the Eyes","Chill","Darkness"],"picked":"SKIP","floor":8},{"not_picked":["Scrape","Cold Snap"],"picked":"Hologram","floor":11},{"not_picked":["Steam Power","Storm","Turbo"],"picked":"SKIP","floor":13},{"not_picked":["Heatsinks","Ball Lightning"],"picked":"Loop","floor":14},{"not_picked":["Biased Cognition","Creative AI"],"picked":"Thunder Strike","floor":16},{"not_picked":["Go for the Eyes","Gash","Leap+1"],"picked":"SKIP","floor":18},{"not_picked":["Hologram","FTL","Barrage"],"picked":"SKIP","floor":19},{"not_picked":["Heatsinks","Hologram","Beam Cell"],"picked":"SKIP","floor":22},{"not_picked":["Hologram","Leap"],"picked":"Machine Learning","floor":27},{"not_picked":["Barrage","Conserve Battery"],"picked":"Skim","floor":29},{"not_picked":["Hyperbeam","Meteor Strike"],"picked":"Amplify","floor":33},{"not_picked":["Go for the Eyes+1","Coolheaded","Chaos"],"picked":"SKIP","floor":35},{"not_picked":["Steam Power","Leap","Cold Snap"],"picked":"SKIP","floor":38},{"not_picked":["Hello World","Leap"],"picked":"Buffer","floor":39},{"not_picked":["Ball Lightning","Capacitor","Redo"],"picked":"SKIP","floor":40},{"not_picked":["Beam Cell","Turbo"],"picked":"Electrodynamics","floor":42},{"not_picked":["Streamline","Rebound","Leap+1"],"picked":"Recycle+1","floor":44},{"not_picked":["FTL","Blizzard","Reprogram+1"],"picked":"Undo+1","floor":46},{"not_picked":["Auto Shields+1","Cold Snap","Turbo+1","Compile Driver"],"picked":"SKIP","floor":48},{"not_picked":["Leap+1","Streamline","Cold Snap+1"],"picked":"Echo Form","floor":55}],"player_experience":590464,"relics_obtained":[{"floor":6,"key":"Potion Belt"},{"floor":8,"key":"Kunai"},{"floor":11,"key":"Odd Mushroom"},{"floor":14,"key":"Anchor"},{"floor":25,"key":"Enchiridion"},{"floor":26,"key":"Ginger"},{"floor":27,"key":"Pen Nib"},{"floor":27,"key":"Vajra"},{"floor":29,"key":"InkBottle"},{"floor":29,"key":"HornCleat"},{"floor":40,"key":"Du-Vu Doll"},{"floor":40,"key":"Bottled Lightning"},{"floor":42,"key":"Eternal Feather"},{"floor":42,"key":"Question Card"},{"floor":43,"key":"Bag of Preparation"},{"floor":44,"key":"Toxic Egg 2"},{"floor":44,"key":"Omamori"},{"floor":46,"key":"Ancient Tea Set"},{"floor":46,"key":"Toy Ornithopter"},{"floor":55,"key":"Blue Candle"},{"floor":55,"key":"Lantern"}],"event_choices":[{"damage_healed":0,"gold_gain":0,"player_choice":"Donut","damage_taken":0,"max_hp_gain":5,"max_hp_loss":0,"event_name":"Big Fish","floor":2,"gold_loss":0},{"damage_healed":0,"gold_gain":0,"player_choice":"Take Damage","damage_taken":29,"relics_obtained":["Golden Idol"],"max_hp_gain":0,"max_hp_loss":0,"event_name":"Golden Idol","floor":4,"gold_loss":0},{"damage_healed":0,"gold_gain":0,"player_choice":"Fought Mushrooms","damage_taken":0,"max_hp_gain":0,"max_hp_loss":0,"event_name":"Mushrooms","floor":11,"gold_loss":0},{"damage_healed":0,"gold_gain":50,"player_choice":"Pray","damage_taken":0,"max_hp_gain":0,"max_hp_loss":0,"event_name":"Golden Shrine","floor":12,"gold_loss":0},{"damage_healed":0,"gold_gain":0,"player_choice":"Obtained Book","damage_taken":21,"max_hp_gain":0,"max_hp_loss":0,"event_name":"Cursed Tome","floor":25,"gold_loss":0},{"damage_healed":0,"gold_gain":0,"player_choice":"Gave Idol","damage_taken":0,"relics_obtained":["Bloody Idol"],"max_hp_gain":0,"max_hp_loss":0,"event_name":"Forgotten Altar","floor":31,"relics_lost":["Golden Idol"],"gold_loss":0},{"cards_removed":["Machine Learning"],"damage_healed":0,"gold_gain":0,"player_choice":"Removed Power","damage_taken":0,"max_hp_gain":0,"max_hp_loss":0,"event_name":"Falling","floor":36,"gold_loss":0},{"damage_healed":0,"gold_gain":0,"player_choice":"Gave Potion","damage_taken":0,"relics_obtained":["Shuriken"],"max_hp_gain":0,"max_hp_loss":0,"event_name":"WeMeetAgain","floor":41,"gold_loss":0}],"is_beta":false,"boss_relics":[{"not_picked":["Philosopher\u0027s Stone","Astrolabe"],"picked":"Black Star"},{"not_picked":["Velvet Choker","Pandora\u0027s Box"],"picked":"SlaversCollar"}],"items_purged_floors":[3,10],"is_endless":false,"potions_floor_spawned":[11,13,19,27,39,46],"ascension_level":20}}