{"host":"ss2ocoam53r2lno0","time":1610391348,"event":{"mods":["Act Like it!","BaseMod","ChefMod","Clockwork Mod","Colored Powertips","Curses Come First","Displayed Cursed Tome","Downfall","Evolution","Googly Eyes","Hallownest","Highlight Path","Minty Spire (QoL Compilation)","Poor People Problems","Rare Cards Sparkle","Robot Space Explorer","Shade Mod","Shop Mod","Spicy Shops","StSLib","The Marked"],"gold_per_floor":[110,185,185,360,45,77,77,110,110,123,123,136,147,172,172,270,270,290,304,72,72,84,109,109,120,120,120,120],"floor_reached":27,"playtime":1726,"items_purged":["Doubt","Clockwork:SnapKeep"],"score":369,"play_id":"b109be7b-838f-4798-86cc-2b08d78530e2","local_time":"20210111195548","is_ascension_mode":true,"campfire_choices":[{"data":"Clockwork:WarmUp","floor":7.0,"key":"SMITH"},{"data":"Clockwork:SnapKeep","floor":15.0,"key":"SMITH"},{"floor":24,"key":"REST"}],"circlet_count":0,"master_deck":["Clockwork:SnapKeep+1","Clockwork:SnapKeep","Clockwork:Shield","Clockwork:Shield","Clockwork:Shield","Clockwork:Shield","Clockwork:Tinker","Clockwork:WarmUp+1","Clockwork:Efficiency","Clockwork:KaliMa"],"relics":["Clockwork:MomentumEngine","EVO:Axolotl","NeowsBlessing","Smiling Mask","Mercury Hourglass","Lantern","The Courier","Shuriken","Mummified Hand","Clockwork:CopperScales","PreservedInsect","SlaversCollar","Juzu Bracelet","MealTicket","Ornamental Fan","Frozen Egg 2"],"acts_visited":["Exordium","TheCity"],"potions_floor_usage":[23],"damage_taken":[{"damage":0.0,"enemies":"Jaw Worm","floor":1.0,"turns":1.0},{"damage":0.0,"enemies":"3 Sentries","floor":6.0,"turns":1.0},{"damage":0.0,"enemies":"Gremlin Nob","floor":8.0,"turns":1.0},{"damage":0.0,"enemies":"Small Slimes","floor":10.0,"turns":6.0},{"damage":7.0,"enemies":"2 Louse","floor":12.0,"turns":2.0},{"damage":8.0,"enemies":"Lots of Slimes","floor":13.0,"turns":3.0},{"damage":18.0,"enemies":"3 Sentries","floor":14.0,"turns":4.0},{"damage":0.0,"enemies":"Slime Boss","floor":16.0,"turns":5.0},{"damage":12.0,"enemies":"Spheric Guardian","floor":18.0,"turns":4.0},{"damage":21.0,"enemies":"2 Thieves","floor":19.0,"turns":4.0},{"damage":12.0,"enemies":"Snake Plant","floor":22.0,"turns":2.0},{"damage":22,"enemies":"Slavers","floor":23,"turns":6},{"damage":16,"enemies":"Cultist and Chosen","floor":25,"turns":4}],"seed_played":"-6704976405950527797","potions_obtained":[{"floor":6.0,"key":"Energy Potion"},{"floor":12.0,"key":"Energy Potion"},{"floor":14.0,"key":"Ancient Potion"},{"floor":25,"key":"ColorlessPotion"}],"is_trial":false,"path_per_floor":["M","?","?","?","$","E","R","E","T","M","?","M","M","E","R","B",null,"M","M","$","?","M","E","R","M","T","?"],"character_chosen":"CLOCKWORK","items_purchased":["Mercury Hourglass","Lantern","Juzu Bracelet","MealTicket"],"campfire_rested":1,"item_purchase_floors":[5,5,20,20],"current_hp_per_floor":[85,74,62,62,62,62,62,62,62,62,62,55,47,29,29,29,85,73,52,52,36,24,2,29,13,13,0,0],"gold":120,"neow_bonus":"THREE_ENEMY_KILL","is_daily":false,"chose_seed":false,"campfire_upgraded":2,"win_rate":0.0,"timestamp":1610391348,"path_taken":["M","?","?","?","$","E","R","E","T","M","?","M","?","E","R","BOSS","M","M","$","?","M","E","R","M","T","?"],"items_purchased_type":["Relic","Relic","Relic","Relic"],"build_version":"2020-12-22","purchased_purges":2,"victory":false,"max_hp_per_floor":[85,85,85,85,85,85,85,85,85,85,85,85,85,85,85,85,85,85,85,85,90,90,90,90,90,90,90,90],"card_choices":[{"not_picked":["Clockwork:ReserveSystems","Clockwork:ChargingBlade","Clockwork:Enhance"],"picked":"SKIP","floor":1.0},{"not_picked":["Clockwork:PerfectedShield","Clockwork:ForgeStrike","Clockwork:Improve"],"picked":"SKIP","floor":6.0},{"not_picked":["Clockwork:TestingEnvironment","Clockwork:CogShield"],"picked":"Clockwork:CraftCopperScales","floor":8.0},{"not_picked":["Clockwork:Minimalism","Clockwork:CogBarrier","Clockwork:Improve"],"picked":"SKIP","floor":10.0},{"not_picked":["Clockwork:ForgeStrike","Clockwork:CogShield"],"picked":"Clockwork:Efficiency","floor":12.0},{"not_picked":["Clockwork:SearchingStrike","Clockwork:AssemblyLine","Clockwork:AdaptiveShield"],"picked":"SKIP","floor":13.0},{"not_picked":["Clockwork:Halt","Clockwork:HoardingStrike","Clockwork:PerfectForm"],"picked":"SKIP","floor":14.0},{"not_picked":["Clockwork:SiegeStrike","Clockwork:ZeroPointEnergy"],"picked":"Clockwork:KaliMa","floor":16.0},{"not_picked":["Clockwork:SnapKeep","Clockwork:FalseStart","Clockwork:Redundancy"],"picked":"SKIP","floor":18.0},{"not_picked":["Clockwork:SearchingStrike","Clockwork:TimeOut+1","Clockwork:AdaptiveCannon"],"picked":"SKIP","floor":19.0},{"not_picked":["Clockwork:Friction","Clockwork:AdaptiveShield+1","Clockwork:AdaptiveCannon"],"picked":"SKIP","floor":22.0},{"not_picked":["Clockwork:SnapKeep+1","Clockwork:ReserveSystems","Clockwork:SystemScan"],"picked":"SKIP","floor":23},{"not_picked":["Clockwork:SpringShield","Clockwork:ChargingBlade+1","Clockwork:Minimalism"],"picked":"SKIP","floor":25}],"player_experience":667124,"relics_obtained":[{"floor":6.0,"key":"The Courier"},{"floor":8.0,"key":"Shuriken"},{"floor":9.0,"key":"Mummified Hand"},{"floor":14.0,"key":"PreservedInsect"},{"floor":23,"key":"Ornamental Fan"},{"floor":26,"key":"Frozen Egg 2"}],"event_choices":[{"damage_healed":0.0,"max_hp_gain":0.0,"max_hp_loss":0.0,"gold_gain":75.0,"event_name":"World of Goop","player_choice":"Gather Gold","floor":2.0,"gold_loss":0.0,"damage_taken":11.0},{"damage_healed":0.0,"max_hp_gain":0.0,"max_hp_loss":0.0,"gold_gain":0.0,"event_name":"Scrap Ooze","player_choice":"Success","floor":3.0,"gold_loss":0.0,"damage_taken":12.0,"relics_obtained":["Smiling Mask"]},{"damage_healed":0.0,"max_hp_gain":0.0,"max_hp_loss":0.0,"gold_gain":175.0,"event_name":"Liars Game","player_choice":"AGREE","floor":4.0,"gold_loss":0.0,"damage_taken":0.0,"cards_obtained":["Doubt"]},{"cards_removed":["Clockwork:Strike"],"damage_healed":0.0,"max_hp_gain":0.0,"max_hp_loss":0.0,"gold_gain":0.0,"event_name":"Purifier","player_choice":"Purged","floor":11.0,"gold_loss":0.0,"damage_taken":0.0},{"damage_healed":0.0,"max_hp_gain":5.0,"max_hp_loss":0.0,"gold_gain":0.0,"event_name":"Forgotten Altar","player_choice":"Shed Blood","floor":21.0,"gold_loss":0.0,"damage_taken":21.0}],"is_beta":false,"boss_relics":[{"not_picked":["SacredBark","Runic Dome"],"picked":"SlaversCollar"}],"items_purged_floors":[5,20],"is_endless":false,"potions_floor_spawned":[6,12,14,16,25],"ascension_level":1}}