{"host":"w97dq1whmpm6b2tc","time":1610389905,"event":{"mods":["BaseMod","Challenge The Spire","Downfall","Minty Spire (QoL Compilation)","Replay The Spire","StSLib","The Animator"],"gold_per_floor":[126,39,39,107,157,190,207,232,232,232,252,302,302,364,364,364,364],"floor_reached":16,"playtime":894,"items_purged":[],"score":254,"play_id":"385a4da4-7002-45f9-b2ef-55f773212c58","local_time":"20210111203145","is_ascension_mode":true,"campfire_choices":[{"data":"animator:Lancer","floor":10,"key":"SMITH"},{"data":"animator:Alexander","floor":13,"key":"SMITH"},{"data":"animator:Illya","floor":15,"key":"SMITH"}],"circlet_count":0,"master_deck":["AscendersBane","animator:Strike_Fate","animator:Defend_Fate","animator:Strike","animator:Strike","animator:Strike","animator:Defend","animator:Defend","animator:Alexander+1","animator:Rider","animator:RinTohsaka","animator:Lancer+1","animator:Assassin","animator:Illya","animator:Illya+1"],"relics":["animator:LivingPicture","animator:TheMissingPiece","NeowsBlessing","SsserpentHead","Ornamental Fan","animator:Hoodie","Snack Pack"],"acts_visited":["Exordium"],"potions_floor_usage":[8,8,16,16],"damage_taken":[{"damage":0.0,"enemies":"Small Slimes","floor":1.0,"turns":1.0},{"damage":0.0,"enemies":"Cultist","floor":4.0,"turns":1.0},{"damage":0.0,"enemies":"3 Sentries","floor":6.0,"turns":2.0},{"damage":6.0,"enemies":"Jaw Worm","floor":7.0,"turns":6.0},{"damage":4,"enemies":"Exordium Thugs","floor":8,"turns":5},{"damage":6,"enemies":"3 Louse","floor":11,"turns":4},{"damage":24,"enemies":"Large Slime","floor":14,"turns":8},{"damage":24,"enemies":"Hexaghost","floor":16,"turns":5}],"seed_played":"7627372802569022715","potions_obtained":[{"floor":4.0,"key":"Weak Potion"},{"floor":7.0,"key":"Block Potion"},{"floor":11,"key":"SteroidPotion"},{"floor":14,"key":"Adrenaline Potion"}],"is_trial":false,"path_per_floor":["M","$","?","M","T","E","M","M","T","R","M","?","R","M","R","B"],"character_chosen":"THE_ANIMATOR","items_purchased":["animator:Lancer"],"campfire_rested":0,"item_purchase_floors":[2],"current_hp_per_floor":[54,54,54,54,54,54,49,45,45,45,41,41,41,23,23,3,3],"gold":364,"neow_bonus":"THREE_ENEMY_KILL","is_daily":false,"chose_seed":false,"campfire_upgraded":3,"win_rate":0.0,"timestamp":1610389905,"path_taken":["M","$","?","?","?","E","M","M","T","R","M","?","R","?","R","BOSS"],"items_purchased_type":["Card"],"build_version":"2020-12-22","purchased_purges":0,"victory":false,"max_hp_per_floor":[60,60,60,60,60,60,61,61,61,61,61,61,61,61,61,61,61],"card_choices":[{"not_picked":["animator:LizardPriest","animator:CrowleyEusford"],"picked":"animator:RinTohsaka","floor":1.0},{"not_picked":["animator:Arpeggio","animator:Sebas","animator:HighElfArcher"],"picked":"SKIP","floor":4.0},{"not_picked":["animator:Cocytus","animator:Shigure","animator:Bozes"],"picked":"SKIP","floor":6.0},{"not_picked":["animator:Alexander","animator:Lancer"],"picked":"animator:Assassin","floor":7.0},{"not_picked":["animator:Spearman","animator:TukaLunaMarceau"],"picked":"animator:Illya","floor":8},{"not_picked":["animator:HiiragiShinya","animator:HighElfArcher","animator:Kuribayashi"],"picked":"SKIP","floor":11},{"not_picked":["animator:Cocytus","animator:Mikaela"],"picked":"animator:Illya","floor":14}],"player_experience":4391557,"relics_obtained":[{"floor":5.0,"key":"Ornamental Fan"},{"floor":6.0,"key":"animator:Hoodie"},{"floor":9,"key":"Snack Pack"}],"event_choices":[{"damage_healed":0.0,"max_hp_gain":0.0,"max_hp_loss":0.0,"gold_gain":0.0,"event_name":"FaceTrader","player_choice":"Trade","floor":3.0,"gold_loss":0.0,"damage_taken":0.0,"relics_obtained":["SsserpentHead"]},{"cards_removed":["animator:Defend"],"damage_healed":0,"gold_gain":0,"player_choice":"Offered Basic","damage_taken":0,"max_hp_gain":0,"max_hp_loss":0,"event_name":"Bonfire Elementals","floor":12,"gold_loss":0}],"is_beta":false,"boss_relics":[],"items_purged_floors":[],"is_endless":false,"potions_floor_spawned":[4,7,11,14],"killed_by":"Hexaghost","ascension_level":20}}