{"host":"x7xd4wkamhrqrrvw","time":1610333856,"event":{"mods":["BaseMod","Minty Spire (QoL Compilation)","StSLib"],"gold_per_floor":[117,117,67,67,78,109,127,158,158,172,172,184,3,36,36,133,183,193,211,225,225,140,171,198,226,226,226,226,226,226,246,246,246,246],"floor_reached":33,"playtime":1703,"items_purged":["Defend_G"],"score":434,"play_id":"1a2414dd-5aee-44bc-92dd-3e20445ef3d9","local_time":"20210111005736","is_ascension_mode":true,"campfire_choices":[{"data":"Catalyst","floor":15,"key":"SMITH"},{"data":"Malaise","floor":27,"key":"SMITH"},{"data":"Deadly Poison","floor":30,"key":"SMITH"},{"floor":32,"key":"REST"}],"circlet_count":0,"master_deck":["Defend_G","Defend_G+1","Defend_G","Survivor+1","Neutralize","Cloak And Dagger+1","Poisoned Stab+1","Skewer+1","Catalyst+1","Deadly Poison+1","Die Die Die","Malaise+1","Backflip+1"],"relics":["Astrolabe","Dead Branch","Matryoshka","Membership Card","Blood Vial","Tiny House","Toxic Egg 2","Paper Crane","Red Mask","FossilizedHelix","The Courier","Eternal Feather","Nloth\u0027s Gift"],"acts_visited":["Exordium","TheCity"],"potions_floor_usage":[8,14,18,20,24,25,33],"damage_taken":[{"damage":4,"enemies":"Jaw Worm","floor":1,"turns":2},{"damage":0,"enemies":"Small Slimes","floor":5,"turns":2},{"damage":8,"enemies":"Gremlin Nob","floor":6,"turns":4},{"damage":0,"enemies":"2 Louse","floor":7,"turns":2},{"damage":9,"enemies":"Lagavulin","floor":8,"turns":6},{"damage":0,"enemies":"Exordium Wildlife","floor":10,"turns":3},{"damage":0,"enemies":"2 Fungi Beasts","floor":12,"turns":3},{"damage":4,"enemies":"3 Sentries","floor":14,"turns":5},{"damage":8,"enemies":"Hexaghost","floor":16,"turns":6},{"damage":2,"enemies":"2 Thieves","floor":18,"turns":4},{"damage":9,"enemies":"Spheric Guardian","floor":19,"turns":4},{"damage":20,"enemies":"Shelled Parasite and Fungi","floor":20,"turns":2},{"damage":15,"enemies":"Book of Stabbing","floor":23,"turns":7},{"damage":2,"enemies":"Masked Bandits","floor":24,"turns":4},{"damage":7,"enemies":"Gremlin Leader","floor":25,"turns":8},{"damage":4,"enemies":"Snake Plant","floor":31,"turns":4},{"damage":86,"enemies":"Collector","floor":33,"turns":7}],"seed_played":"1488658626813175481","potions_obtained":[{"floor":6,"key":"Fruit Juice"},{"floor":10,"key":"Regen Potion"},{"floor":14,"key":"Poison Potion"},{"floor":17,"key":"SneckoOil"},{"floor":23,"key":"DistilledChaos"},{"floor":24,"key":"LiquidMemories"},{"floor":31,"key":"Fire Potion"}],"is_trial":false,"path_per_floor":["M","?","?","?","M","E","M","E","T","M","?","M","$","E","R","B",null,"M","M","M","?","?","E","?","E","T","R","?","?","R","M","R","B"],"character_chosen":"THE_SILENT","items_purchased":["Membership Card"],"campfire_rested":1,"item_purchase_floors":[13],"current_hp_per_floor":[59,64,64,49,49,41,41,37,37,37,37,37,37,47,47,41,75,75,68,50,50,50,37,37,32,32,38,22,22,28,26,59,0,0],"gold":246,"neow_bonus":"BOSS_RELIC","is_daily":false,"chose_seed":false,"campfire_upgraded":3,"win_rate":0.0,"timestamp":1610333856,"path_taken":["M","?","?","?","M","E","?","E","T","M","?","?","?","E","R","BOSS","M","M","M","?","?","E","?","E","T","R","?","?","R","?","R","BOSS"],"items_purchased_type":["Relic"],"build_version":"2020-12-22","purchased_purges":1,"victory":false,"max_hp_per_floor":[70,75,75,75,75,75,75,80,80,80,80,80,80,80,80,80,85,85,85,85,85,85,85,85,85,85,85,90,90,90,90,90,90,90],"card_choices":[{"not_picked":["PiercingWail","Backflip","Cloak And Dagger"],"picked":"SKIP","floor":1},{"not_picked":["Outmaneuver","Poisoned Stab"],"picked":"Catalyst","floor":5},{"not_picked":["Backflip","Riddle With Holes","Distraction"],"picked":"SKIP","floor":6},{"not_picked":["Reflex","Prepared","Cloak And Dagger"],"picked":"SKIP","floor":7},{"not_picked":["Sucker Punch","Tactician"],"picked":"Deadly Poison","floor":8},{"not_picked":["Masterful Stab","Heel Hook","Blade Dance"],"picked":"SKIP","floor":10},{"not_picked":["Blur","Endless Agony","Choke"],"picked":"SKIP","floor":12},{"not_picked":["Blade Dance","Sucker Punch"],"picked":"Die Die Die","floor":14},{"not_picked":["Glass Knife","Bullet Time"],"picked":"Malaise","floor":16},{"not_picked":["Prepared+1","Bane","Slice"],"picked":"SKIP","floor":18},{"not_picked":["Skewer","Slice","Concentrate+1"],"picked":"SKIP","floor":19},{"not_picked":["Skewer","Slice","Concentrate+1"],"picked":"SKIP","floor":19},{"not_picked":["Infinite Blades","Skewer","Distraction"],"picked":"SKIP","floor":20},{"not_picked":["Dodge and Roll+1","Poisoned Stab+1","Flying Knee+1"],"picked":"SKIP","floor":23},{"not_picked":["Endless Agony","Setup+1","All Out Attack+1"],"picked":"SKIP","floor":25},{"not_picked":["Sucker Punch","Cloak And Dagger+1"],"picked":"Backflip+1","floor":31}],"player_experience":300759,"relics_obtained":[{"floor":6,"key":"Dead Branch"},{"floor":8,"key":"StrikeDummy"},{"floor":9,"key":"Matryoshka"},{"floor":14,"key":"Blood Vial"},{"floor":23,"key":"Paper Crane"},{"floor":24,"key":"Red Mask"},{"floor":25,"key":"FossilizedHelix"},{"floor":26,"key":"The Courier"},{"floor":26,"key":"Eternal Feather"}],"event_choices":[{"damage_healed":0,"gold_gain":0,"player_choice":"Donut","damage_taken":0,"max_hp_gain":5,"max_hp_loss":0,"event_name":"Big Fish","floor":2,"gold_loss":0},{"cards_removed":["Defend_G"],"damage_healed":0,"gold_gain":0,"player_choice":"Card Removal","damage_taken":0,"max_hp_gain":0,"max_hp_loss":0,"event_name":"The Cleric","floor":3,"gold_loss":50},{"damage_healed":0,"gold_gain":0,"player_choice":"Entered Light","damage_taken":15,"max_hp_gain":0,"max_hp_loss":0,"event_name":"Shining Light","floor":4,"gold_loss":0,"cards_upgraded":["Strike_G","Defend_G"]},{"cards_removed":["Strike_G"],"damage_healed":0,"gold_gain":0,"player_choice":"Offered Basic","damage_taken":0,"max_hp_gain":0,"max_hp_loss":0,"event_name":"Bonfire Elementals","floor":11,"gold_loss":0},{"cards_removed":["Strike_G"],"damage_healed":0,"gold_gain":0,"player_choice":"Elegance","damage_taken":0,"max_hp_gain":0,"max_hp_loss":0,"event_name":"Back to Basics","floor":21,"gold_loss":0},{"damage_healed":0,"gold_gain":0,"player_choice":"Obtained Relic","damage_taken":0,"relics_obtained":["Toxic Egg 2"],"max_hp_gain":0,"max_hp_loss":0,"event_name":"Addict","floor":22,"gold_loss":85},{"damage_healed":0,"gold_gain":0,"player_choice":"Fought Bandits","damage_taken":0,"max_hp_gain":0,"max_hp_loss":0,"event_name":"Masked Bandits","floor":24,"gold_loss":0},{"damage_healed":0,"gold_gain":0,"player_choice":"Shed Blood","damage_taken":21,"max_hp_gain":5,"max_hp_loss":0,"event_name":"Forgotten Altar","floor":28,"gold_loss":0},{"damage_healed":0,"gold_gain":0,"player_choice":"Traded Relic","damage_taken":0,"relics_obtained":["Nloth\u0027s Gift"],"max_hp_gain":0,"max_hp_loss":0,"event_name":"N\u0027loth","floor":29,"relics_lost":["StrikeDummy"],"gold_loss":0}],"is_beta":false,"boss_relics":[{"not_picked":["Calling Bell","Busted Crown"],"picked":"Tiny House"}],"items_purged_floors":[13],"is_endless":false,"potions_floor_spawned":[6,10,14,23,24,31],"killed_by":"Collector","ascension_level":7}}