{"host":"dn6kke80v5f7isus","time":1610337079,"event":{"mods":["AchievementEnabler","Act Like it!","BaseMod","Colored Powertips","Custom Start","Defuse TimeMaze Blight","Downfall","Duelist Mod","Gremlin Skip","Highlight Path","Hubris","Infinite Spire","Minty Spire (QoL Compilation)","Rare Cards Sparkle","Replay The Spire","StSLib","Uncapped"],"gold_per_floor":[99,99,99,199,199,212,264,280,280,380,380,397,397,410,422,517,517,517,527,543,543,43,59,82,97,129,143,143,153,165,165,176,271,271,271,271,271,271],"floor_reached":36,"playtime":1720,"items_purged":["champ:Strike"],"score":426,"play_id":"9aae6416-a41b-4f7b-bb5f-04a34a315175","local_time":"20210110225119","is_ascension_mode":false,"campfire_choices":[{"data":"champ:Execute","floor":1,"key":"SMITH"},{"data":"champ:DeathBlow","floor":9,"key":"SMITH"},{"data":"champ:FanOfKnives","floor":13,"key":"SMITH"},{"data":"champ:VampiricStrike","floor":18,"key":"SMITH"},{"floor":35,"key":"RECALL"}],"circlet_count":0,"master_deck":["champ:Strike","champ:Defend","champ:Defend","champ:Defend","champ:Defend","champ:Execute+1","champ:Taunt","champ:EndlessRage+1","champ:DeathBlow+1","champ:AdrenalArmor","champ:FanOfKnives+1","champ:FanOfKnives","champ:SteelEdge","champ:VampiricStrike+1","champ:DeathBlow+1","champ:StanceDance","champ:CrookedStrike+1","champ:BerserkerStyle","champ:AdrenalArmor","champ:AdrenalArmor","champ:PreciseThrust","champ:FlashCut+1","champ:FocusedBerserking","champ:AdrenalArmor","champ:FlashCut","champ:StrikeOfGenius","AbeCurse"],"relics":["champ:ChampionCrownUpgraded","downfall:HeartsMalice","CloakClasp","Bag of Marbles","Honey Jar","Replay:Wax Seal","Lee\u0027s Waffle","infinitespire:BottledMercury","Ancient Tea Set","Guardian:GemstoneGun","InkBottle","hubris:ScarierMask","Replay:Grab Bag","hubris:TerracottaHorce","Abe\u0027s Treasure"],"acts_visited":["Exordium","TheCity","TheBeyond"],"potions_floor_usage":[10,22,22,22,32,33,33,33],"damage_taken":[{"damage":0,"enemies":"Small Slimes","floor":2,"turns":1},{"damage":0,"enemies":"Small Slimes","floor":4,"turns":1},{"damage":0,"enemies":"2 Louse","floor":5,"turns":1},{"damage":10,"enemies":"Jaw Worm","floor":6,"turns":5},{"damage":18,"enemies":"Lots of Slimes","floor":8,"turns":7},{"damage":81,"enemies":"downfall:Heads","floor":10,"turns":6},{"damage":23,"enemies":"3 Louse","floor":12,"turns":2},{"damage":34,"enemies":"2 Fungi Beasts","floor":14,"turns":4},{"damage":15,"enemies":"Gremlin Gang","floor":15,"turns":3},{"damage":110,"enemies":"downfall:Watcher","floor":16,"turns":10},{"damage":44,"enemies":"Chosen","floor":19,"turns":6},{"damage":58,"enemies":"Spheric Guardian","floor":20,"turns":3},{"damage":52,"enemies":"downfall:FleeingMerchant","floor":22,"turns":4},{"damage":30,"enemies":"Snake Plant","floor":23,"turns":3},{"damage":51,"enemies":"Cultist and Chosen","floor":25,"turns":6},{"damage":71,"enemies":"theDuelist:KaibaA2","floor":26,"turns":4},{"damage":61,"enemies":"Centurion and Healer","floor":27,"turns":6},{"damage":44,"enemies":"Sentry and Sphere","floor":29,"turns":3},{"damage":43,"enemies":"Cultist and Chosen","floor":30,"turns":4},{"damage":46,"enemies":"Snake Plant","floor":32,"turns":5},{"damage":74,"enemies":"downfall:Defect","floor":33,"turns":6},{"damage":0,"enemies":"3 Darklings","floor":36,"turns":1}],"seed_played":"4812201913767195042","potions_obtained":[{"floor":8,"key":"PowerPotion"},{"floor":10,"key":"FairyPotion"},{"floor":12,"key":"sneckomod:MuddlingPotion"},{"floor":16,"key":"GamblersBrew"},{"floor":19,"key":"Explosive Potion"},{"floor":20,"key":"SkillPotion"},{"floor":26,"key":"SteroidPotion"},{"floor":30,"key":"DistilledChaos"},{"floor":32,"key":"DuplicationPotion"},{"floor":33,"key":"Cursed Concoction"}],"is_trial":false,"path_per_floor":["R","M","?","?","M","M","T","M","R","?","?","M","R","M","M","B",null,"R","M","M","?","$","M","T","M","E","M","?","M","M","AVR","M","B",null,"R","M"],"character_chosen":"THE_CHAMP","items_purchased":["Replay:Wax Seal","Lee\u0027s Waffle","champ:BerserkerStyle","infinitespire:BottledMercury"],"campfire_rested":0,"item_purchase_floors":[22,22,22,22],"current_hp_per_floor":[90,90,90,90,90,90,90,82,82,46,76,73,73,63,56,46,90,90,87,90,93,100,100,100,100,93,98,77,97,103,103,108,104,109,109,109,109,109],"gold":271,"neow_bonus":"THREE_ENEMY_KILL","is_daily":false,"chose_seed":false,"campfire_upgraded":4,"win_rate":0.0,"timestamp":1610337079,"path_taken":["R","M","?","?","M","M","T","M","R","?","?","M","R","M","M","BOSS","R","M","M","?","$","M","T","M","E","M","?","M","M","AVR","M","BOSS","R","M"],"items_purchased_type":["Relic","Relic","Card","Relic"],"build_version":"2020-12-22","purchased_purges":1,"victory":false,"max_hp_per_floor":[90,90,90,90,90,90,90,90,90,90,90,90,90,90,90,90,90,90,90,90,93,100,100,100,100,105,105,110,110,110,110,110,110,110,110,110,110,110],"card_choices":[{"not_picked":["champ:Duel","champ:BladeFlurry","champ:DefensiveShout"],"picked":"SKIP","floor":2},{"not_picked":["champ:FocusedDefense","champ:PerfectedStrike"],"picked":"champ:EndlessRage","floor":4},{"not_picked":["champ:FanOfKnives","champ:Lariat","champ:BerserkersShout"],"picked":"SKIP","floor":5},{"not_picked":["champ:Circumvent","champ:PerfectedStrike","champ:TornadoPunch"],"picked":"SKIP","floor":6},{"not_picked":["champ:ViciousMockery","champ:BerserkersShout"],"picked":"champ:DeathBlow","floor":8},{"not_picked":["champ:Riposte","champ:BringItOn"],"picked":"champ:AdrenalArmor","floor":10},{"not_picked":["champ:Shatter","champ:GladiatorsShout"],"picked":"champ:FanOfKnives","floor":12},{"not_picked":["champ:Backstep","champ:GladiatorsShout"],"picked":"champ:FanOfKnives","floor":14},{"not_picked":["champ:GutPunch","champ:BladeFlurry"],"picked":"champ:SteelEdge","floor":15},{"not_picked":["champ:SwordThrow","champ:CrownThrow"],"picked":"champ:VampiricStrike","floor":16},{"not_picked":["champ:GutPunch","champ:FocusedGladiator","champ:GladiatorsShout+1"],"picked":"champ:DeathBlow+1","floor":19},{"not_picked":["champ:Circumvent","champ:Haymaker","champ:GutPunch"],"picked":"champ:StanceDance","floor":20},{"not_picked":["champ:StanceDance","champ:BladeFlurry+1","champ:BerserkersShout"],"picked":"champ:CrookedStrike+1","floor":22},{"not_picked":["champ:CrookedStrike","champ:EndlessRage","champ:BerserkersShout"],"picked":"champ:AdrenalArmor","floor":23},{"not_picked":["champ:ShieldWall","champ:Backstep","champ:BladeFlurry"],"picked":"champ:AdrenalArmor","floor":25},{"not_picked":["champ:StanceDance","champ:BringItOn","champ:TornadoPunch"],"picked":"champ:PreciseThrust","floor":26},{"not_picked":["champ:GutPunch","champ:HeavySlash","champ:DefensiveShout"],"picked":"champ:FlashCut+1","floor":27},{"not_picked":["champ:CrookedStrike","champ:EndlessRage","champ:Backstep"],"picked":"champ:FocusedBerserking","floor":29},{"not_picked":["champ:CalledShot","champ:FocusedGladiator","champ:BladeFlurry+1"],"picked":"champ:AdrenalArmor","floor":30},{"not_picked":["champ:BladeFlurry","champ:BerserkersShout","champ:ShieldThrow"],"picked":"champ:FlashCut","floor":32},{"not_picked":["champ:IgnorePain","champ:DancingMaster","champ:CrownThrow"],"picked":"champ:StrikeOfGenius","floor":33}],"player_experience":584888,"relics_obtained":[{"floor":4,"key":"CloakClasp"},{"floor":7,"key":"Bag of Marbles"},{"floor":24,"key":"Ancient Tea Set"},{"floor":26,"key":"Guardian:GemstoneGun"}],"event_choices":[{"damage_healed":30,"gold_gain":0,"player_choice":"Banana","damage_taken":0,"max_hp_gain":0,"max_hp_loss":0,"event_name":"Big Fish","floor":11,"gold_loss":0}],"is_beta":false,"boss_relics":[{"not_picked":["Velvet Choker","Sozu"],"picked":"Honey Jar"},{"not_picked":["Calling Bell","Pandora\u0027s Box"],"picked":"Replay:Grab Bag"},{"not_picked":["Coffee Dripper","hubris:VirtuousBlindfold"],"picked":"hubris:TerracottaHorce"},{"not_picked":["ReplayTheSpireMod:DimensionalGlitch","Cursed Key"],"picked":"Abe\u0027s Treasure"},{"not_picked":["SlaversCollar","hubris:Backtick"],"picked":"champ:ChampionCrownUpgraded"}],"items_purged_floors":[31],"is_endless":false,"potions_floor_spawned":[8,10,12,16,19,20,26,30,32,33],"killed_by":"3 Darklings","ascension_level":0}}