{"host":"7l2t4psy44vpcd9q","time":1610381460,"event":{"mods":["AchievementEnabler","BaseMod","DeckTracker","Minty Spire (QoL Compilation)","SuperFastMode"],"gold_per_floor":[11,26,26,46,64,64,82,111,159,184,184,204,234,234,234,308,308,321,321,321,78,95,95,115,115,115,115,87,119,130,142,142,214,214,230,130,142,162,162,162,180,180,180,180,195,226,241,241,241,241,241],"floor_reached":50,"playtime":3556,"items_purged":["Strike_P+1","Strike_P+1"],"score":1258,"play_id":"4bb5995d-4dca-4a88-a837-b70703ed307d","local_time":"20210112011100","is_ascension_mode":true,"campfire_choices":[{"data":"Omniscience","floor":6.0,"key":"SMITH"},{"floor":11.0,"key":"REST"},{"data":"Worship","floor":15.0,"key":"SMITH"},{"data":"Ragnarok","floor":23.0,"key":"SMITH"},{"floor":25.0,"key":"REST"},{"data":"ConjureBlade","floor":32.0,"key":"SMITH"},{"floor":40.0,"key":"REST"},{"floor":42.0,"key":"REST"},{"floor":44.0,"key":"REST"},{"floor":49,"key":"REST"}],"circlet_count":0,"master_deck":["AscendersBane","Strike_P+1","Defend_P+1","Defend_P+1","Defend_P+1","Eruption","Vigilance","Scrawl+1","Omniscience+1","FearNoEvil","Prostrate","Protect+1","SandsOfTime","ConjureBlade+1","FollowUp","Worship+1","Wallop","Ragnarok+1","MentalFortress","Pray","InnerPeace","EmptyFist","DeusExMachina","WaveOfTheHand","Brilliance","Worship+1","Parasite","Fasting2","Protect"],"relics":["PureWater","War Paint","Bronze Scales","Odd Mushroom","Letter Opener","Sozu","Nilry\u0027s Codex","Oddly Smooth Stone","Pantograph","MealTicket","Busted Crown","Question Card","Centennial Puzzle","TeardropLocket"],"acts_visited":["Exordium","TheCity","TheBeyond"],"potions_floor_usage":[],"damage_taken":[{"damage":0.0,"enemies":"Cultist","floor":1.0,"turns":3.0},{"damage":4.0,"enemies":"Jaw Worm","floor":2.0,"turns":2.0},{"damage":0.0,"enemies":"2 Louse","floor":4.0,"turns":2.0},{"damage":1.0,"enemies":"Exordium Wildlife","floor":5.0,"turns":5.0},{"damage":0.0,"enemies":"Large Slime","floor":7.0,"turns":6.0},{"damage":16.0,"enemies":"3 Sentries","floor":8.0,"turns":7.0},{"damage":13.0,"enemies":"The Mushroom Lair","floor":10.0,"turns":4.0},{"damage":0.0,"enemies":"2 Fungi Beasts","floor":12.0,"turns":2.0},{"damage":15.0,"enemies":"Gremlin Nob","floor":13.0,"turns":4.0},{"damage":0.0,"enemies":"Slime Boss","floor":16.0,"turns":4.0},{"damage":5.0,"enemies":"Spheric Guardian","floor":18.0,"turns":4.0},{"damage":0.0,"enemies":"Chosen","floor":22.0,"turns":5.0},{"damage":0.0,"enemies":"Snecko","floor":24.0,"turns":3.0},{"damage":0.0,"enemies":"Book of Stabbing","floor":29.0,"turns":4.0},{"damage":7.0,"enemies":"3 Cultists","floor":30.0,"turns":3.0},{"damage":12.0,"enemies":"Sentry and Sphere","floor":31.0,"turns":3.0},{"damage":28.0,"enemies":"Collector","floor":33.0,"turns":7.0},{"damage":31.0,"enemies":"3 Darklings","floor":35.0,"turns":5.0},{"damage":18.0,"enemies":"3 Shapes","floor":37.0,"turns":2.0},{"damage":5.0,"enemies":"3 Darklings","floor":38.0,"turns":3.0},{"damage":38.0,"enemies":"Writhing Mass","floor":41.0,"turns":6.0},{"damage":30.0,"enemies":"Transient","floor":45.0,"turns":6.0},{"damage":0,"enemies":"Reptomancer","floor":46,"turns":5},{"damage":9,"enemies":"Maw","floor":47,"turns":9},{"damage":50,"enemies":"Awakened One","floor":50,"turns":5}],"seed_played":"-6582117792023078125","potions_obtained":[{"floor":4.0,"key":"SkillPotion"},{"floor":5.0,"key":"AttackPotion"},{"floor":7.0,"key":"LiquidBronze"},{"floor":12.0,"key":"SteroidPotion"},{"floor":16.0,"key":"AttackPotion"}],"is_trial":false,"path_per_floor":["M","M","$","M","M","R","M","E","T","?","R","M","E","?","R","B",null,"M","?","?","$","M","R","M","R","T","?","$","E","M","M","R","B",null,"M","$","M","M","?","R","M","R","T","R","M","E","M","T","R","B"],"character_chosen":"WATCHER","items_purchased":["Oddly Smooth Stone","EmptyFist"],"campfire_rested":6,"item_purchase_floors":[21,28],"current_hp_per_floor":[61,57,57,57,56,56,56,40,40,27,47,47,32,32,32,32,59,54,33,33,33,33,33,33,53,53,53,53,53,46,34,34,31,59,28,43,25,20,20,40,2,22,22,42,12,12,3,3,23,0,0],"gold":241,"neow_bonus":"TRANSFORM_TWO_CARDS","is_daily":false,"chose_seed":false,"campfire_upgraded":4,"win_rate":0.0,"timestamp":1610381460,"path_taken":["M","M","?","M","M","R","M","E","T","?","R","M","E","?","R","BOSS","M","?","?","$","M","R","M","R","T","?","$","E","M","M","R","BOSS","M","$","M","M","?","R","M","R","T","R","M","E","M","?","R","BOSS"],"items_purchased_type":["Relic","Card"],"build_version":"2020-12-22","purchased_purges":2,"victory":false,"max_hp_per_floor":[68,68,68,68,68,68,68,68,68,68,68,68,68,68,68,68,68,68,68,68,68,68,68,68,68,68,68,68,68,68,68,68,68,68,68,68,68,68,68,68,68,68,68,68,68,68,68,68,68,68,68],"card_choices":[{"not_picked":["Halt","Prostrate"],"picked":"FearNoEvil","floor":1.0},{"not_picked":["Wireheading","WaveOfTheHand"],"picked":"Prostrate","floor":2.0},{"not_picked":["Meditate","WaveOfTheHand"],"picked":"Protect","floor":4.0},{"not_picked":["FlurryOfBlows","PathToVictory"],"picked":"SandsOfTime","floor":5.0},{"not_picked":["WreathOfFlame","Fasting2"],"picked":"ConjureBlade","floor":7.0},{"not_picked":["ReachHeaven","FlurryOfBlows"],"picked":"FollowUp","floor":8.0},{"not_picked":["EmptyFist","Crescendo"],"picked":"Worship","floor":10.0},{"not_picked":["PathToVictory","CrushJoints"],"picked":"Wallop","floor":12.0},{"not_picked":["Wireheading","LikeWater","PathToVictory"],"picked":"SKIP","floor":13.0},{"not_picked":["Establishment","Alpha"],"picked":"Ragnarok","floor":16.0},{"not_picked":["Perseverance","CutThroughFate"],"picked":"MentalFortress","floor":18.0},{"not_picked":["Conclude","Crescendo"],"picked":"Pray","floor":22.0},{"not_picked":["Prostrate","ForeignInfluence","BowlingBash"],"picked":"SKIP","floor":24.0},{"not_picked":["Wireheading","Evaluate+1"],"picked":"DeusExMachina","floor":29.0},{"not_picked":["FlyingSleeves","Prostrate"],"picked":"WaveOfTheHand","floor":30.0},{"not_picked":["JustLucky+1","ForeignInfluence+1","ReachHeaven"],"picked":"SKIP","floor":31.0},{"not_picked":["Judgement","Alpha"],"picked":"Brilliance","floor":33.0},{"not_picked":["FlyingSleeves"],"picked":"SKIP","floor":35.0},{"not_picked":["CutThroughFate"],"picked":"SKIP","floor":37.0},{"not_picked":[],"picked":"Worship+1","floor":38.0},{"not_picked":[],"picked":"Fasting2","floor":41.0},{"not_picked":["CutThroughFate+1"],"picked":"Protect","floor":45.0},{"not_picked":["Crescendo","SashWhip+1"],"picked":"SKIP","floor":46},{"not_picked":["BowlingBash","EmptyBody+1"],"picked":"SKIP","floor":47}],"player_experience":1195734,"relics_obtained":[{"floor":8.0,"key":"War Paint"},{"floor":9.0,"key":"Bronze Scales"},{"floor":10.0,"key":"Odd Mushroom"},{"floor":13.0,"key":"Letter Opener"},{"floor":19.0,"key":"Nilry\u0027s Codex"},{"floor":26.0,"key":"Pantograph"},{"floor":29.0,"key":"MealTicket"},{"floor":43.0,"key":"Question Card"},{"floor":46,"key":"Centennial Puzzle"},{"floor":48,"key":"TeardropLocket"}],"event_choices":[{"damage_healed":0.0,"max_hp_gain":0.0,"max_hp_loss":0.0,"gold_gain":0.0,"event_name":"Mushrooms","player_choice":"Fought Mushrooms","floor":10.0,"gold_loss":0.0,"damage_taken":0.0},{"damage_healed":0.0,"max_hp_gain":0.0,"max_hp_loss":0.0,"gold_gain":0.0,"event_name":"Golden Idol","player_choice":"Ignored","floor":14.0,"gold_loss":0.0,"damage_taken":0.0},{"damage_healed":0.0,"max_hp_gain":0.0,"max_hp_loss":0.0,"gold_gain":0.0,"event_name":"Cursed Tome","player_choice":"Obtained Book","floor":19.0,"gold_loss":0.0,"damage_taken":21.0},{"damage_healed":0.0,"max_hp_gain":0.0,"max_hp_loss":0.0,"gold_gain":0.0,"event_name":"Back to Basics","player_choice":"Simplicity","floor":20.0,"gold_loss":0.0,"damage_taken":0.0,"cards_upgraded":["Strike_P","Strike_P","Strike_P","Defend_P","Defend_P","Defend_P"]},{"damage_healed":0.0,"max_hp_gain":0.0,"max_hp_loss":0.0,"gold_gain":0.0,"event_name":"The Library","player_choice":"Read","floor":27.0,"gold_loss":0.0,"damage_taken":0.0,"cards_obtained":["InnerPeace"]},{"damage_healed":0.0,"max_hp_gain":0.0,"max_hp_loss":0.0,"gold_gain":0.0,"event_name":"Mysterious Sphere","player_choice":"Ignored","floor":39.0,"gold_loss":0.0,"damage_taken":0.0}],"is_beta":false,"boss_relics":[{"not_picked":["SlaversCollar","Fusion Hammer"],"picked":"Sozu"},{"not_picked":["Philosopher\u0027s Stone","HolyWater"],"picked":"Busted Crown"}],"items_purged_floors":[21,36],"is_endless":false,"potions_floor_spawned":[4,5,7,12,16,24,30,31,37,46],"killed_by":"Awakened One","ascension_level":20}}