{"host":"pq8o62wp0h1hflf3","time":1610387767,"event":{"mods":["BaseMod","Minty Spire (QoL Compilation)","Relic Stats","ojb\u0027s Info Mod"],"gold_per_floor":[118,118,133,144,17,50,50,68,68,84,117,132,132,162,162,241,241,256,271,546,284,297,326,326,352,377,377,391,410,325,343,343,343,343],"floor_reached":33,"playtime":2310,"items_purged":["Pain","Regret"],"score":618,"play_id":"60e22371-be45-4408-92df-823c7a43ada9","local_time":"20210111125607","is_ascension_mode":true,"campfire_choices":[{"data":"Bane","floor":7.0,"key":"SMITH"},{"data":"Catalyst","floor":15.0,"key":"SMITH"},{"floor":24,"key":"REST"},{"floor":27,"key":"REST"},{"data":"Catalyst","floor":32,"key":"SMITH"}],"circlet_count":0,"master_deck":["AscendersBane","Strike_G","Strike_G","Strike_G","Strike_G","Strike_G","Defend_G","Defend_G","Defend_G","Defend_G","Defend_G","Survivor","Neutralize","Dodge and Roll","Dagger Throw","Deadly Poison","Bane+1","Poisoned Stab","Glass Knife","PiercingWail","Catalyst+1","Corpse Explosion","Well Laid Plans","Crippling Poison","Adrenaline","Catalyst+1","Dash","Setup","Deflect","Acrobatics","Blade Dance+1","Night Terror"],"relics":["Ring of the Snake","Bag of Preparation","WarpedTongs","Meat on the Bone","Ginger","Unceasing Top","Toy Ornithopter","Black Star","Orrery","Pen Nib","Happy Flower","Shuriken","Ancient Tea Set","Snake Skull","InkBottle"],"acts_visited":["Exordium","TheCity"],"potions_floor_usage":[25,25,33],"damage_taken":[{"damage":0.0,"enemies":"Cultist","floor":1.0,"turns":4.0},{"damage":2.0,"enemies":"2 Louse","floor":3.0,"turns":3.0},{"damage":6.0,"enemies":"Small Slimes","floor":4.0,"turns":4.0},{"damage":14.0,"enemies":"3 Sentries","floor":6.0,"turns":9.0},{"damage":6.0,"enemies":"Looter","floor":8.0,"turns":3.0},{"damage":0.0,"enemies":"Red Slaver","floor":10.0,"turns":3.0},{"damage":16.0,"enemies":"Lagavulin","floor":11.0,"turns":6.0},{"damage":9.0,"enemies":"Gremlin Gang","floor":12.0,"turns":8.0},{"damage":7.0,"enemies":"3 Sentries","floor":14.0,"turns":8.0},{"damage":9.0,"enemies":"Slime Boss","floor":16.0,"turns":8.0},{"damage":18,"enemies":"Spheric Guardian","floor":18,"turns":5},{"damage":0,"enemies":"3 Byrds","floor":19,"turns":3},{"damage":7,"enemies":"Centurion and Healer","floor":22,"turns":7},{"damage":35,"enemies":"Slavers","floor":23,"turns":4},{"damage":47,"enemies":"Book of Stabbing","floor":25,"turns":7},{"damage":3,"enemies":"Snake Plant","floor":28,"turns":3},{"damage":14,"enemies":"Snecko","floor":29,"turns":4},{"damage":8,"enemies":"3 Cultists","floor":31,"turns":3},{"damage":34,"enemies":"Automaton","floor":33,"turns":6}],"seed_played":"-4733191396711272585","potions_obtained":[{"floor":3.0,"key":"Strength Potion"},{"floor":4.0,"key":"Regen Potion"},{"floor":8.0,"key":"CultistPotion"},{"floor":16.0,"key":"PowerPotion"},{"floor":23,"key":"Dexterity Potion"},{"floor":25,"key":"SkillPotion"},{"floor":29,"key":"Explosive Potion"}],"is_trial":false,"path_per_floor":["M","?","M","M","$","E","R","M","T","M","E","M","$","E","R","B",null,"M","M","?","$","M","E","R","E","T","R","M","M","?","M","R","B"],"character_chosen":"THE_SILENT","items_purchased":["Bane","Orrery"],"campfire_rested":2,"item_purchase_floors":[5,21],"current_hp_per_floor":[59,59,57,51,51,37,37,43,43,43,42,45,45,38,38,34,58,40,40,40,40,45,22,41,16,16,35,44,42,42,34,34,5,5],"gold":343,"neow_bonus":"RANDOM_COMMON_RELIC","is_daily":false,"chose_seed":false,"campfire_upgraded":3,"win_rate":0.0,"timestamp":1610387767,"path_taken":["M","?","M","?","$","E","R","M","T","M","E","M","$","E","R","BOSS","M","M","?","$","M","E","R","E","T","R","M","?","?","M","R","BOSS"],"items_purchased_type":["Card","Relic"],"build_version":"2020-12-22","purchased_purges":2,"victory":false,"max_hp_per_floor":[66,66,66,66,66,66,66,66,66,66,66,66,66,66,66,66,66,66,66,66,66,66,66,66,66,66,66,66,66,66,66,66,66,66],"relic_stats":{"Happy Flower":[7],"counters":[19,98],"Pen Nib":[2],"Snake Skull":[14],"Bag of Preparation":[38],"Ginger":[12],"WarpedTongs":[94],"Shuriken":[3],"Black Star":2,"obtain_stats":[{"Happy Flower":23,"Pen Nib":23,"Snake Skull":26,"Bag of Preparation":0,"Ginger":9,"Ancient Tea Set":25,"WarpedTongs":2,"Shuriken":25,"Orrery":21,"Black Star":17,"Unceasing Top":11,"Toy Ornithopter":14,"InkBottle":30,"Ring of the Snake":0,"Meat on the Bone":6},{"Happy Flower":14,"Pen Nib":14,"Snake Skull":15,"Bag of Preparation":0,"Ginger":5,"Ancient Tea Set":15,"WarpedTongs":1,"Shuriken":15,"Orrery":12,"Black Star":10,"Unceasing Top":7,"Toy Ornithopter":9,"InkBottle":17,"Ring of the Snake":0,"Meat on the Bone":4},{"Happy Flower":75,"Pen Nib":75,"Snake Skull":82,"Bag of Preparation":0,"Ginger":23,"Ancient Tea Set":82,"WarpedTongs":4,"Shuriken":82,"Orrery":64,"Black Star":56,"Unceasing Top":32,"Toy Ornithopter":48,"InkBottle":89,"Ring of the Snake":0,"Meat on the Bone":20}],"Unceasing Top":[0],"Toy Ornithopter":20,"InkBottle":[4],"Ring of the Snake":[38],"Meat on the Bone":84},"card_choices":[{"not_picked":["Setup","Accuracy"],"picked":"Dodge and Roll","floor":1.0},{"not_picked":["Choke","Concentrate"],"picked":"Dagger Throw","floor":3.0},{"not_picked":["Quick Slash","Dagger Throw"],"picked":"Deadly Poison","floor":4.0},{"not_picked":["Infinite Blades","Prepared"],"picked":"Poisoned Stab","floor":6.0},{"not_picked":["Well Laid Plans","Outmaneuver"],"picked":"Glass Knife","floor":8.0},{"not_picked":["Flying Knee","Outmaneuver","Accuracy"],"picked":"SKIP","floor":10.0},{"not_picked":["Caltrops","Heel Hook"],"picked":"PiercingWail","floor":11.0},{"not_picked":["Poisoned Stab","Choke","Prepared"],"picked":"SKIP","floor":12.0},{"not_picked":["Riddle With Holes","Expertise"],"picked":"Catalyst","floor":14.0},{"not_picked":["Venomology","Bullet Time"],"picked":"Corpse Explosion","floor":16.0},{"not_picked":["Underhanded Strike","Flying Knee","Dagger Spray"],"picked":"SKIP","floor":18},{"not_picked":["Poisoned Stab","Dash"],"picked":"Well Laid Plans","floor":19},{"not_picked":["Terror","PiercingWail"],"picked":"Crippling Poison","floor":21},{"not_picked":["Acrobatics","Distraction"],"picked":"Adrenaline","floor":21},{"not_picked":["Infinite Blades","Finisher"],"picked":"Catalyst","floor":21},{"not_picked":["Outmaneuver","Sucker Punch+1"],"picked":"Dash","floor":21},{"not_picked":["Skewer","Bouncing Flask"],"picked":"Setup","floor":22},{"not_picked":["Terror","Poisoned Stab+1"],"picked":"Deflect","floor":23},{"not_picked":["Flechettes","Setup"],"picked":"Acrobatics","floor":25},{"not_picked":["Dagger Throw+1","Heel Hook"],"picked":"Blade Dance+1","floor":28},{"not_picked":["Poisoned Stab+1","Flying Knee","Slice"],"picked":"SKIP","floor":29},{"not_picked":["Noxious Fumes","Flying Knee"],"picked":"Night Terror","floor":31}],"player_experience":1116075,"relics_obtained":[{"floor":6.0,"key":"Meat on the Bone"},{"floor":9.0,"key":"Ginger"},{"floor":11.0,"key":"Unceasing Top"},{"floor":14.0,"key":"Toy Ornithopter"},{"floor":23,"key":"Pen Nib"},{"floor":23,"key":"Happy Flower"},{"floor":25,"key":"Shuriken"},{"floor":25,"key":"Ancient Tea Set"},{"floor":26,"key":"Snake Skull"}],"event_choices":[{"damage_healed":0.0,"max_hp_gain":0.0,"max_hp_loss":0.0,"gold_gain":0.0,"event_name":"Accursed Blacksmith","player_choice":"Rummage","floor":2.0,"gold_loss":0.0,"damage_taken":0.0,"relics_obtained":["WarpedTongs"],"cards_obtained":["Pain"]},{"damage_healed":0,"gold_gain":275,"player_choice":"Desecrate","damage_taken":0,"max_hp_gain":0,"max_hp_loss":0,"event_name":"Golden Shrine","floor":20,"gold_loss":0,"cards_obtained":["Regret"]},{"damage_healed":0,"gold_gain":0,"player_choice":"Obtained Relic","damage_taken":0,"relics_obtained":["InkBottle"],"max_hp_gain":0,"max_hp_loss":0,"event_name":"Addict","floor":30,"gold_loss":85}],"is_beta":false,"boss_relics":[{"not_picked":["Tiny House","Calling Bell"],"picked":"Black Star"}],"items_purged_floors":[5,21],"is_endless":false,"potions_floor_spawned":[3,4,6,8,10,16,23,25,29,31],"killed_by":"Automaton","ascension_level":20}}