{"host":"lnnm69al9x392px5","time":1610349750,"event":{"mods":["BaseMod","Downfall","Hermit","Minty Spire (QoL Compilation)","Replay The Spire","Robot Space Explorer","StSLib","The Cursed","The Dragon Tamer","The Marked"],"gold_per_floor":[99,99,19,19,19,119,144,144,161,161,181,181,201,236,251,356,356,281,296,313,325,325,356,379,397,417,430,208,218,143,153,171,274,274,274,286,339,353,353,365,365,40,40,40,53,69,69,69,89,89],"floor_reached":51,"playtime":3663,"items_purged":[],"score":723,"play_id":"c73b80e5-e067-4423-bf25-86ab98573d47","local_time":"20210110232230","is_ascension_mode":false,"campfire_choices":[{"floor":1,"key":"DIG"},{"data":"champ:ViciousMockery","floor":8,"key":"SMITH"},{"data":"champ:IronFortress","floor":12,"key":"SMITH"},{"data":"champ:StrikeOfGenius","floor":18,"key":"SMITH"},{"floor":30,"key":"REST"},{"floor":35,"key":"RECALL"},{"data":"champ:DancingMaster","floor":44,"key":"SMITH"},{"floor":47,"key":"REST"}],"circlet_count":0,"master_deck":["champ:Strike","champ:Strike","champ:Strike","champ:Defend","champ:Defend","champ:Defend","champ:Execute","champ:Taunt","champ:FlashCut","champ:StanceDance","champ:FocusedGladiator","champ:FaceSlap+1","champ:ViciousMockery+1","champ:TornadoPunch","champ:IronFortress+1","champ:Backstep","champ:Duel","champ:FanOfKnives","champ:StrikeOfGenius+1","champ:DefensiveShout","champ:RisingSlash","champ:AdrenalArmor+1","champ:IronFortress","champ:EndlessRage+1","champ:DancingMaster+1","champ:BerserkerStyle","champ:HoldFirm","champ:Haymaker","champ:PerfectedStrike+1","champ:HeartStrike+1","champ:GutPunch","champ:CrownThrow","champ:Encircle","champ:RapidStrikes","champ:GladiatorStyle","champ:GladiatorStyle+1","champ:ArenaPreparation+1","champ:Lariat+1","champ:StanceDance+1"],"relics":["champ:ChampionCrown","downfall:HeartsMalice","Mummified Hand","CloakClasp","Blood Vial","Painkiller Herb","downfall:HeartBlessingGreen","downfall:RedIOU","Calipers","champ:BerserkersGuideToSlaughter","downfall:HeartBlessingBlue","Replay:Bronze Core","Replay:Towering Pillar of Hats","Counterbalance","Bag of Preparation","Oddly Smooth Stone"],"acts_visited":["Exordium","TheCity","TheBeyond"],"potions_floor_usage":[16,23,37,50],"damage_taken":[{"damage":0,"enemies":"Small Slimes","floor":2,"turns":1},{"damage":0,"enemies":"downfall:FleeingMerchant","floor":3,"turns":1},{"damage":0,"enemies":"downfall:FleeingMerchant","floor":6,"turns":1},{"damage":0,"enemies":"2 Louse","floor":9,"turns":4},{"damage":13,"enemies":"Jaw Worm","floor":11,"turns":5},{"damage":16,"enemies":"2 Fungi Beasts","floor":13,"turns":4},{"damage":22,"enemies":"3 Sentries","floor":14,"turns":11},{"damage":11,"enemies":"Exordium Thugs","floor":15,"turns":5},{"damage":58,"enemies":"downfall:Defect","floor":16,"turns":13},{"damage":8,"enemies":"Spheric Guardian","floor":19,"turns":4},{"damage":8,"enemies":"Cultist and Chosen","floor":20,"turns":4},{"damage":5,"enemies":"Chosen and Byrds","floor":21,"turns":7},{"damage":81,"enemies":"Slavers","floor":23,"turns":6},{"damage":14,"enemies":"Snake Plant","floor":25,"turns":4},{"damage":9,"enemies":"Snecko","floor":26,"turns":5},{"damage":11,"enemies":"Shelled Parasite and Fungi","floor":27,"turns":6},{"damage":13,"enemies":"downfall:FleeingMerchant","floor":28,"turns":4},{"damage":20,"enemies":"Centurion and Healer","floor":29,"turns":8},{"damage":6,"enemies":"Cultist and Chosen","floor":31,"turns":7},{"damage":27,"enemies":"Sentry and Sphere","floor":32,"turns":5},{"damage":45,"enemies":"downfall:Watcher","floor":33,"turns":10},{"damage":18,"enemies":"3 Shapes","floor":36,"turns":5},{"damage":47,"enemies":"2 Orb Walkers","floor":37,"turns":6},{"damage":0,"enemies":"Orb Walker","floor":38,"turns":5},{"damage":17,"enemies":"3 Darklings","floor":40,"turns":6},{"damage":8,"enemies":"downfall:FleeingMerchant","floor":42,"turns":5},{"damage":60,"enemies":"Sphere and 2 Shapes","floor":45,"turns":4},{"damage":38,"enemies":"Writhing Mass","floor":46,"turns":5},{"damage":37,"enemies":"Transient","floor":49,"turns":5},{"damage":21,"enemies":"downfall:Ironclad","floor":50,"turns":9}],"seed_played":"3800551583314789487","potions_obtained":[{"floor":9,"key":"Guardian:BlockOnCardUsePotion"},{"floor":11,"key":"Doom Potion"},{"floor":13,"key":"Adrenaline Potion"},{"floor":14,"key":"ColorlessPotion"},{"floor":21,"key":"PowerPotion"},{"floor":26,"key":"Venom Potion"},{"floor":33,"key":"champ:OpenerPotion"},{"floor":38,"key":"Elixir"}],"is_trial":false,"path_per_floor":["R","M","$","?","?","?","T","R","M","?","M","R","M","E","M","B",null,"T","?","?","?","?","E","T","?","?","?","T","?","T","?","?","B",null,"T","?","?","?","?","?","T","T","?","T","?","?","T","?","?","B",null],"character_chosen":"THE_CHAMP","items_purchased":["champ:FocusedGladiator","champ:BerserkersGuideToSlaughter","champ:Haymaker","Bag of Preparation","Oddly Smooth Stone"],"campfire_rested":2,"item_purchase_floors":[3,28,28,42,42],"current_hp_per_floor":[90,90,90,90,90,90,90,90,90,90,87,87,76,64,55,10,90,90,90,90,90,90,36,36,31,33,28,30,35,75,78,71,65,100,100,100,62,71,71,73,73,71,71,71,41,44,74,74,83,95],"gold":89,"neow_bonus":"THREE_ENEMY_KILL","is_daily":false,"chose_seed":false,"campfire_upgraded":4,"win_rate":0.0,"timestamp":1610349750,"path_taken":["R","M","$","?","?","?","T","R","M","?","M","R","M","E","M","BOSS","T","?","?","?","?","E","T","?","?","?","T","?","T","?","?","BOSS","T","?","?","?","?","?","T","T","?","T","?","?","T","?","?","BOSS"],"items_purchased_type":["Card","Relic","Card","Relic","Relic"],"build_version":"2020-12-22","purchased_purges":0,"victory":true,"max_hp_per_floor":[90,90,90,90,90,90,90,90,90,90,90,90,90,90,90,90,90,90,90,90,90,90,90,90,90,90,90,90,90,100,100,100,100,100,100,100,100,100,100,100,100,100,100,100,100,100,100,100,100,100],"card_choices":[{"not_picked":["champ:GladiatorStyle","champ:CalledShot"],"picked":"champ:FlashCut","floor":2},{"not_picked":["champ:GladiatorsShout","champ:AdrenalArmor"],"picked":"champ:StanceDance","floor":3},{"not_picked":["champ:GutPunch","champ:BringItOn"],"picked":"champ:ViciousMockery","floor":6},{"not_picked":["champ:Circumvent","champ:AdrenalArmor"],"picked":"champ:TornadoPunch","floor":9},{"not_picked":["champ:Duel","champ:ShieldWall"],"picked":"champ:IronFortress","floor":11},{"not_picked":["champ:TornadoPunch","champ:FocusedBerserking"],"picked":"champ:Backstep","floor":13},{"not_picked":["champ:TornadoPunch","champ:ShieldThrow"],"picked":"champ:Duel","floor":14},{"not_picked":["champ:GladiatorsShout","champ:RecklessLeap"],"picked":"champ:FanOfKnives","floor":15},{"not_picked":["champ:Improvising","champ:MurderStrike"],"picked":"champ:StrikeOfGenius","floor":16},{"not_picked":["champ:EnragedBash","champ:FalseCounter"],"picked":"champ:DefensiveShout","floor":19},{"not_picked":["champ:Haymaker","champ:FlashCut"],"picked":"champ:RisingSlash","floor":20},{"not_picked":["champ:TornadoPunch","champ:BladeFlurry"],"picked":"champ:AdrenalArmor+1","floor":21},{"not_picked":["champ:GladiatorStyle","champ:BladeFlurry"],"picked":"champ:IronFortress","floor":23},{"not_picked":["champ:GladiatorsShout","champ:TornadoPunch"],"picked":"champ:EndlessRage+1","floor":25},{"not_picked":["champ:IronFortress","champ:Haymaker"],"picked":"champ:DancingMaster","floor":26},{"not_picked":["champ:GutPunch","champ:TornadoPunch+1"],"picked":"champ:BerserkerStyle","floor":27},{"not_picked":["champ:CalledShot","champ:FanOfKnives+1"],"picked":"champ:HoldFirm","floor":28},{"not_picked":["champ:Duel+1","champ:FightOn"],"picked":"champ:PerfectedStrike+1","floor":29},{"not_picked":["champ:BerserkerStyle","champ:PerfectedStrike+1"],"picked":"champ:HeartStrike+1","floor":31},{"not_picked":["champ:Riposte","champ:IronFortress"],"picked":"champ:GutPunch","floor":32},{"not_picked":["champ:PerfectForm","champ:HoldFirm"],"picked":"champ:CrownThrow","floor":33},{"not_picked":["champ:FanOfKnives","champ:BerserkersShout"],"picked":"champ:Encircle","floor":36},{"not_picked":["champ:FocusedBerserking","champ:FanOfKnives"],"picked":"champ:RapidStrikes","floor":37},{"not_picked":["champ:GladiatorsShout","champ:FanOfKnives"],"picked":"champ:GladiatorStyle","floor":38},{"not_picked":["champ:BerserkersShout+1","champ:GutPunch+1"],"picked":"champ:GladiatorStyle+1","floor":40},{"not_picked":["champ:FocusedDefense+1","champ:DefensiveShout+1"],"picked":"champ:ArenaPreparation+1","floor":42},{"not_picked":["champ:Haymaker","champ:PreciseThrust+1"],"picked":"champ:Lariat+1","floor":45},{"not_picked":["champ:Haymaker","champ:RapidStrikes","champ:GutPunch+1"],"picked":"SKIP","floor":46},{"not_picked":["champ:HoldFirm","champ:BladeFlurry"],"picked":"champ:StanceDance+1","floor":49}],"player_experience":301176,"relics_obtained":[{"floor":1,"key":"Mummified Hand"},{"floor":6,"key":"CloakClasp"},{"floor":7,"key":"Tiny Chest"},{"floor":14,"key":"Blood Vial"},{"floor":23,"key":"Calipers"},{"floor":37,"key":"Replay:Towering Pillar of Hats"},{"floor":41,"key":"Counterbalance"}],"event_choices":[{"damage_healed":0,"gold_gain":0,"player_choice":"Fight","damage_taken":0,"max_hp_gain":0,"max_hp_loss":0,"event_name":"Mysterious Sphere","floor":37,"gold_loss":0},{"damage_healed":0,"gold_gain":0,"player_choice":"Ignored","damage_taken":0,"max_hp_gain":0,"max_hp_loss":0,"event_name":"Duplicator","floor":43,"gold_loss":0},{"cards_removed":["champ:Defend"],"damage_healed":0,"gold_gain":0,"player_choice":"Removed Skill","damage_taken":0,"max_hp_gain":0,"max_hp_loss":0,"event_name":"Falling","floor":48,"gold_loss":0}],"is_beta":false,"boss_relics":[{"not_picked":["Black Star","Velvet Choker"],"picked":"Painkiller Herb"},{"not_picked":["Philosopher\u0027s Stone","Abe\u0027s Treasure"],"picked":"Replay:Bronze Core"}],"items_purged_floors":[],"is_endless":false,"potions_floor_spawned":[9,11,13,14,21,26,27,33,38,40,45,49],"ascension_level":0}}