{"host":"n605f8gctjc87d7h","time":1610355253,"event":{"mods":["Aspiration","Bard","BaseMod","Better Match","Better Note","Better Skull","Better Third Choice","Conspire","Downfall","Halation","Infinite Spire","Minty Spire (QoL Compilation)","Replay The Spire","Retaliation","Shade Mod","Spicy Shops","StSLib","The IronCluck"],"gold_per_floor":[109,33,33,33,46,81,81,95,144,159,180,28,28,40,40,144,144,144,144],"floor_reached":18,"playtime":1672,"items_purged":[],"score":232,"play_id":"9e0cb864-6ed7-4729-8f9c-800920df39e6","local_time":"20210111005413","is_ascension_mode":true,"campfire_choices":[{"floor":7,"key":"REST"},{"floor":15,"key":"REST"}],"circlet_count":0,"master_deck":["Strike_G","Strike_G","Strike_G","Strike_G","Strike_G","Defend_G","Defend_G","Defend_G","Defend_G","Defend_G","Survivor","Neutralize","PiercingWail","Noxious Fumes","Replay:Poison Smokescreen","Adrenaline","Dagger Throw","Poison Darts"],"relics":["Ring of the Snake","halation:YellowSoulGem","halation:StarCompass","ReplayTheSpireMod:Shallot","infinitespire:Lucky Rock","Odd Mushroom","Snake Skull","WristBlade"],"acts_visited":["Exordium","TheCity"],"potions_floor_usage":[6,6,16,16],"damage_taken":[{"damage":9,"enemies":"Cultist","floor":1,"turns":5},{"damage":0,"enemies":"Small Slimes","floor":5,"turns":4},{"damage":38,"enemies":"Lagavulin","floor":6,"turns":9},{"damage":0,"enemies":"Jaw Worm","floor":8,"turns":5},{"damage":0,"enemies":"Blue Slaver","floor":10,"turns":6},{"damage":8,"enemies":"The Mushroom Lair","floor":11,"turns":5},{"damage":3,"enemies":"3 Louse","floor":14,"turns":3},{"damage":15,"enemies":"The Guardian","floor":16,"turns":9},{"damage":71,"enemies":"conspire:FuzzyDice","floor":18,"turns":6}],"seed_played":"2582529909918184773","potions_obtained":[{"floor":0,"key":"Death Potion"},{"floor":0,"key":"ColorlessPotion"},{"floor":0,"key":"LiquidBronze"},{"floor":5,"key":"PowerPotion"},{"floor":10,"key":"Dexterity Potion"},{"floor":11,"key":"Regen Potion"},{"floor":16,"key":"Strength Potion"}],"is_trial":false,"path_per_floor":["M","$","?","?","M","E","R","M","T","M","?","$","?","M","R","B",null,"M"],"character_chosen":"THE_SILENT","items_purchased":["Noxious Fumes","Snake Skull"],"campfire_rested":2,"item_purchase_floors":[2,12],"current_hp_per_floor":[54,54,54,54,54,16,37,37,37,37,29,29,52,49,70,55,66,0,0],"gold":144,"neow_bonus":"THREE_SMALL_POTIONS","is_daily":false,"chose_seed":false,"campfire_upgraded":0,"win_rate":0.0,"timestamp":1610355253,"path_taken":["M","$","?","?","?","E","R","M","T","M","?","$","?","M","R","BOSS","M"],"items_purchased_type":["Card","Relic"],"build_version":"2020-12-22","purchased_purges":0,"victory":false,"max_hp_per_floor":[70,70,70,70,70,70,70,70,70,70,70,70,70,70,70,70,70,70,70],"card_choices":[{"not_picked":["Dodge and Roll","Expertise"],"picked":"PiercingWail","floor":1},{"not_picked":["Replay:Poison Smokescreen","Deflect","ReplayTheSpireMod:Shiv Toss"],"picked":"SKIP","floor":5},{"not_picked":["Draining Mist","Dagger Throw","Riddle With Holes"],"picked":"SKIP","floor":6},{"not_picked":["Blade Dance","Concentrate","ReplayTheSpireMod:Shiv Toss"],"picked":"SKIP","floor":8},{"not_picked":["Hidden Blade","Blade Dance"],"picked":"Replay:Poison Smokescreen","floor":10},{"not_picked":["Acrobatics","Sucker Punch"],"picked":"Adrenaline","floor":11},{"not_picked":["Setup","Accuracy"],"picked":"Dagger Throw","floor":14},{"not_picked":["Replay:Bag of Tricks","Corpse Explosion"],"picked":"Poison Darts","floor":16}],"player_experience":651553,"relics_obtained":[{"floor":6,"key":"ReplayTheSpireMod:Shallot"},{"floor":9,"key":"infinitespire:Lucky Rock"},{"floor":11,"key":"Odd Mushroom"}],"event_choices":[{"damage_healed":0,"gold_gain":0,"player_choice":"Fought Mushrooms","damage_taken":0,"max_hp_gain":0,"max_hp_loss":0,"event_name":"Mushrooms","floor":11,"gold_loss":0},{"damage_healed":23,"gold_gain":0,"player_choice":"Banana","damage_taken":0,"max_hp_gain":0,"max_hp_loss":0,"event_name":"Big Fish","floor":13,"gold_loss":0}],"is_beta":false,"boss_relics":[{"not_picked":["Ectoplasm","conspire:SlowCooker"],"picked":"WristBlade"}],"items_purged_floors":[],"is_endless":false,"potions_floor_spawned":[5,10,11,16],"killed_by":"conspire:FuzzyDice","ascension_level":9}}