{"host":"51mqhfpmwwd4kxyt","time":1610356560,"event":{"mods":["BaseMod","Downfall","Googly Eyes","Highlight Path","Minty Spire (QoL Compilation)","READ ME - Guardian Mod","StSLib","The Cursed","The Servant 0.9.4"],"gold_per_floor":[115,115,40,40,56,85,103,103,128,153,164,114,176,176,176,276,276,291,45,45,45,62,89,89,89,141,240,275,289,289,302,302,400,400,418,436,486,146,146,146,146,181,181,200,50,77,77,77],"floor_reached":47,"playtime":2512,"items_purged":["Strike_R","Regret","Rage","Rage"],"score":790,"play_id":"88d3de44-9efd-404d-92b0-9bc3104a2928","local_time":"20210111041600","is_ascension_mode":true,"campfire_choices":[{"data":"Feed","floor":8,"key":"SMITH"},{"data":"Rampage","floor":15,"key":"SMITH"},{"floor":24,"key":"REST"},{"data":"Demon Form","floor":32,"key":"SMITH"},{"data":"Berserk","floor":40,"key":"SMITH"}],"circlet_count":0,"master_deck":["Strike_R+1","Defend_R+1","Bash","Rampage+1","Feed+1","Shrug It Off","Battle Trance","Rampage","Demon Form+1","Metallicize","Searing Blow+1","Shrug It Off","Shrug It Off","Immolate","Shrug It Off","Second Wind+1","Battle Trance+1","Berserk+1","Fire Breathing+1","Feel No Pain","Dual Wield","Mayhem","Warcry","Madness","Madness","Deep Breath","expansioncontent:SuperHexaguard","Armaments+1"],"relics":["Burning Blood","NeowsBlessing","CultistMask","Nunchaku","Centennial Puzzle","Blood Vial","Ginger","Dream Catcher","Mark of Pain","Orrery","Orichalcum","PreservedInsect","Vajra","Ancient Tea Set","Empty Cage","CaptainsWheel","Gremlin Horn","Mercury Hourglass","Oddly Smooth Stone"],"acts_visited":["Exordium","TheCity","TheBeyond"],"potions_floor_usage":[10,16,23,23,33,35,35,44,46,46],"damage_taken":[{"damage":0,"enemies":"Small Slimes","floor":1,"turns":1},{"damage":0,"enemies":"Jaw Worm","floor":5,"turns":1},{"damage":0,"enemies":"Lagavulin","floor":6,"turns":2},{"damage":0,"enemies":"Cultist","floor":7,"turns":2},{"damage":10,"enemies":"Gremlin Nob","floor":10,"turns":3},{"damage":5,"enemies":"Blue Slaver","floor":11,"turns":4},{"damage":36,"enemies":"Lagavulin Event","floor":13,"turns":7},{"damage":53,"enemies":"Hexaghost","floor":16,"turns":10},{"damage":14,"enemies":"Chosen","floor":18,"turns":4},{"damage":20,"enemies":"Spheric Guardian","floor":22,"turns":6},{"damage":27,"enemies":"Slavers","floor":23,"turns":6},{"damage":10,"enemies":"Gremlin Leader","floor":28,"turns":5},{"damage":7,"enemies":"Cultist and Chosen","floor":29,"turns":6},{"damage":3,"enemies":"Snecko","floor":31,"turns":5},{"damage":21,"enemies":"Collector","floor":33,"turns":7},{"damage":6,"enemies":"3 Darklings","floor":35,"turns":5},{"damage":16,"enemies":"3 Shapes","floor":36,"turns":4},{"damage":29,"enemies":"Mind Bloom Boss Battle","floor":37,"turns":7},{"damage":24,"enemies":"Reptomancer","floor":42,"turns":5},{"damage":9,"enemies":"Writhing Mass","floor":44,"turns":6},{"damage":61,"enemies":"Nemesis","floor":46,"turns":5},{"damage":10,"enemies":"3 Darklings","floor":47,"turns":1}],"seed_played":"-96539253510779937","potions_obtained":[{"floor":6,"key":"sneckomod:MuddlingPotion"},{"floor":7,"key":"Weak Potion"},{"floor":10,"key":"Explosive Potion"},{"floor":13,"key":"SpeedPotion"},{"floor":18,"key":"hexamod:EctoCoolerPotion"},{"floor":21,"key":"hexamod:EctoCoolerPotion"},{"floor":23,"key":"Block Potion"},{"floor":31,"key":"ColorlessPotion"},{"floor":33,"key":"Slimebound:ThreeZeroPotion"},{"floor":35,"key":"FearPotion"},{"floor":42,"key":"DuplicationPotion"},{"floor":44,"key":"BloodPotion"}],"is_trial":false,"path_per_floor":["M","?","$","?","M","E","M","R","T","E","M","?","?","?","R","B",null,"M","$","?","?","M","E","R","?","T","?","E","M","?","M","R","B",null,"M","M","?","$","?","R","?","E","T","M","$","E","M"],"character_chosen":"IRONCLAD","items_purchased":["Orrery","Mayhem","Warcry"],"campfire_rested":1,"item_purchase_floors":[19,38,38],"current_hp_per_floor":[80,64,64,64,70,76,83,83,83,83,90,90,65,65,65,20,76,74,74,74,74,66,47,77,77,77,77,79,80,80,85,85,76,102,104,96,75,75,61,61,56,40,40,39,39,8,0,0],"gold":77,"neow_bonus":"THREE_ENEMY_KILL","is_daily":false,"chose_seed":false,"campfire_upgraded":4,"win_rate":0.0,"timestamp":1610356560,"path_taken":["M","?","$","?","?","E","M","R","T","E","M","?","?","?","R","BOSS","M","$","?","?","?","E","R","?","T","?","E","M","?","M","R","BOSS","M","M","?","$","?","R","?","E","T","?","$","E","M"],"items_purchased_type":["Relic","Card","Card"],"build_version":"2020-12-22","purchased_purges":4,"victory":false,"max_hp_per_floor":[80,80,80,80,80,80,83,83,83,87,91,91,95,95,95,95,95,99,99,99,99,103,103,103,103,103,103,107,107,107,107,107,111,111,111,111,111,111,111,111,111,111,111,111,111,111,111,111],"card_choices":[{"not_picked":["Clash","Sentinel"],"picked":"Rampage","floor":1},{"not_picked":["Clash","Heavy Blade","Clothesline"],"picked":"SKIP","floor":5},{"not_picked":["Sever Soul","Combust"],"picked":"Feed","floor":6},{"not_picked":["Heavy Blade","Sword Boomerang"],"picked":"Shrug It Off","floor":7},{"not_picked":["Flex","Reckless Charge","Thunderclap"],"picked":"SKIP","floor":10},{"not_picked":["Blood for Blood","Wild Strike"],"picked":"Battle Trance","floor":11},{"not_picked":["Inflame","Perfected Strike"],"picked":"Rampage","floor":13},{"not_picked":["Feed","Immolate"],"picked":"Demon Form","floor":16},{"not_picked":["Feel No Pain","Heavy Blade"],"picked":"Metallicize","floor":18},{"not_picked":["Dark Embrace","Juggernaut"],"picked":"Searing Blow+1","floor":19},{"not_picked":["Clothesline","Body Slam"],"picked":"Shrug It Off","floor":19},{"not_picked":["Flex","Ghostly Armor"],"picked":"Shrug It Off","floor":22},{"not_picked":["Infernal Blade","Headbutt"],"picked":"Immolate","floor":23},{"not_picked":["Twin Strike","Wild Strike"],"picked":"Shrug It Off","floor":24},{"not_picked":["Wild Strike","Perfected Strike"],"picked":"Second Wind+1","floor":28},{"not_picked":["Thunderclap","Flame Barrier+1"],"picked":"Battle Trance+1","floor":29},{"not_picked":["Flame Barrier","Clothesline","Pommel Strike"],"picked":"SKIP","floor":31},{"not_picked":["Exhume","Limit Break"],"picked":"Berserk","floor":33},{"not_picked":["Power Through+1","Body Slam"],"picked":"Fire Breathing+1","floor":35},{"not_picked":["Wild Strike+1","Pommel Strike+1"],"picked":"Feel No Pain","floor":36},{"not_picked":["Seeing Red","Dark Embrace"],"picked":"Dual Wield","floor":37},{"not_picked":["expansioncontent:PolyBeam","expansioncontent:DefensiveMode"],"picked":"Deep Breath","floor":41},{"not_picked":["Metamorphosis","HandOfGreed"],"picked":"expansioncontent:SuperHexaguard","floor":41},{"not_picked":["Pommel Strike","Inflame+1","Iron Wave"],"picked":"SKIP","floor":42},{"not_picked":["Twin Strike+1","Clothesline+1"],"picked":"Armaments+1","floor":44},{"not_picked":["Perfected Strike","Pommel Strike","Headbutt+1"],"picked":"SKIP","floor":46}],"player_experience":381173,"relics_obtained":[{"floor":6,"key":"Nunchaku"},{"floor":9,"key":"Centennial Puzzle"},{"floor":10,"key":"Blood Vial"},{"floor":13,"key":"Ginger"},{"floor":23,"key":"Orichalcum"},{"floor":26,"key":"PreservedInsect"},{"floor":28,"key":"Vajra"},{"floor":37,"key":"CaptainsWheel"},{"floor":42,"key":"Gremlin Horn"},{"floor":43,"key":"Mercury Hourglass"},{"floor":46,"key":"Oddly Smooth Stone"}],"event_choices":[{"damage_healed":0,"gold_gain":0,"player_choice":"Entered Light","damage_taken":16,"max_hp_gain":0,"max_hp_loss":0,"event_name":"Shining Light","floor":2,"gold_loss":0,"cards_upgraded":["Defend_R","Strike_R"]},{"damage_healed":0,"gold_gain":0,"player_choice":"Trade","damage_taken":0,"relics_obtained":["CultistMask"],"max_hp_gain":0,"max_hp_loss":0,"event_name":"FaceTrader","floor":4,"gold_loss":0},{"cards_removed":["Strike_R"],"damage_healed":0,"gold_gain":0,"player_choice":"Card Removal","damage_taken":0,"max_hp_gain":0,"max_hp_loss":0,"event_name":"The Cleric","floor":12,"gold_loss":50},{"damage_healed":0,"gold_gain":0,"player_choice":"Searched \u00271\u0027 times","damage_taken":0,"max_hp_gain":0,"max_hp_loss":0,"event_name":"Dead Adventurer","floor":13,"gold_loss":0},{"damage_healed":0,"gold_gain":0,"player_choice":"Box","damage_taken":0,"relics_obtained":["Dream Catcher"],"max_hp_gain":0,"max_hp_loss":0,"event_name":"Big Fish","floor":14,"gold_loss":0,"cards_obtained":["Regret"]},{"cards_removed":["Strike_R"],"damage_healed":0,"gold_gain":0,"player_choice":"Elegance","damage_taken":0,"max_hp_gain":0,"max_hp_loss":0,"event_name":"Back to Basics","floor":20,"gold_loss":0},{"damage_healed":0,"gold_gain":0,"player_choice":"Got Potions","damage_taken":0,"max_hp_gain":0,"max_hp_loss":0,"event_name":"Lab","floor":21,"gold_loss":0},{"damage_healed":0,"gold_gain":0,"cards_transformed":["Strike_R","Defend_R"],"player_choice":"Became Test Subject","damage_taken":0,"max_hp_gain":0,"max_hp_loss":0,"event_name":"Drug Dealer","floor":25,"gold_loss":0,"cards_obtained":["Rage","Rage"]},{"damage_healed":0,"gold_gain":99,"player_choice":"Stole From Cult","damage_taken":0,"max_hp_gain":0,"max_hp_loss":0,"event_name":"Nest","floor":27,"gold_loss":0},{"damage_healed":0,"gold_gain":0,"player_choice":"Opened","damage_taken":0,"relics_obtained":["Ancient Tea Set"],"max_hp_gain":0,"max_hp_loss":0,"event_name":"The Mausoleum","floor":30,"gold_loss":0},{"damage_healed":0,"gold_gain":0,"player_choice":"Fight","damage_taken":0,"max_hp_gain":0,"max_hp_loss":0,"event_name":"MindBloom","floor":37,"gold_loss":0},{"damage_healed":0,"gold_gain":0,"player_choice":"Embrace Madness","damage_taken":14,"max_hp_gain":0,"max_hp_loss":0,"event_name":"Winding Halls","floor":39,"gold_loss":0,"cards_obtained":["Madness","Madness"]},{"damage_healed":0,"gold_gain":0,"player_choice":"Memory 2","damage_taken":5,"max_hp_gain":0,"max_hp_loss":0,"event_name":"SensoryStone","floor":41,"gold_loss":0}],"is_beta":false,"boss_relics":[{"not_picked":["Snecko Eye","Tiny House"],"picked":"Mark of Pain"},{"not_picked":["Black Blood","Velvet Choker"],"picked":"Empty Cage"}],"items_purged_floors":[3,19,38,45],"is_endless":false,"potions_floor_spawned":[6,7,10,13,18,23,31,33,35,42,44],"killed_by":"3 Darklings","ascension_level":5}}