{"host":"newqdrzxfhh2im9e","time":1610328201,"event":{"mods":["AchievementEnabler","BaseMod","BetterRewards","Block Reminder","Colored Map","Jorbs\u0027s Wanderer Trilogy","Minty Spire (QoL Compilation)","Rare Cards Sparkle","Shop Mod","StSLib"],"gold_per_floor":[111,130,205,224,224,224,252,252,252,7,7,7,17,33,33,33,33],"floor_reached":16,"playtime":408,"items_purged":[],"score":100,"play_id":"5920f6d5-9847-4dc9-a0f9-eeab12bf02d9","local_time":"20210110172321","is_ascension_mode":false,"campfire_choices":[{"floor":6,"key":"REST"},{"data":"Worship","floor":8,"key":"SMITH"},{"data":"Study","floor":12,"key":"SMITH"},{"floor":15,"key":"REST"}],"circlet_count":0,"master_deck":["Strike_P","Strike_P","Strike_P","Strike_P","Defend_P","Defend_P","Defend_P","Defend_P","Eruption","Vigilance","Study+1","Worship+1","FearNoEvil","Omniscience"],"relics":["PureWater","Lantern","InkBottle","Bag of Marbles","Blue Candle","Mercury Hourglass"],"acts_visited":["Exordium"],"potions_floor_usage":[7,7],"damage_taken":[{"damage":0,"enemies":"Cultist","floor":1,"turns":2},{"damage":0,"enemies":"Small Slimes","floor":2,"turns":1},{"damage":0,"enemies":"2 Louse","floor":4,"turns":1},{"damage":6,"enemies":"Gremlin Nob","floor":7,"turns":4},{"damage":25,"enemies":"Exordium Wildlife","floor":13,"turns":4},{"damage":14,"enemies":"Blue Slaver","floor":14,"turns":3},{"damage":63,"enemies":"Hexaghost","floor":16,"turns":9}],"seed_played":"4587142457359323604","potions_obtained":[{"floor":2,"key":"Block Potion"},{"floor":4,"key":"Block Potion"},{"floor":7,"key":"FairyPotion"}],"is_trial":false,"path_per_floor":["M","M","?","M","?","R","E","R","T","$","$","R","M","M","R","B"],"character_chosen":"WATCHER","items_purchased":["Mercury Hourglass"],"campfire_rested":2,"item_purchase_floors":[10],"current_hp_per_floor":[72,72,61,61,43,64,58,58,58,58,58,58,33,19,40,0,0],"gold":33,"neow_bonus":"RANDOM_COMMON_RELIC","is_daily":false,"chose_seed":false,"campfire_upgraded":2,"win_rate":0.0,"timestamp":1610328201,"path_taken":["M","?","?","M","?","R","E","R","T","?","$","R","M","M","R","BOSS"],"items_purchased_type":["Relic"],"build_version":"2020-12-22","purchased_purges":0,"victory":false,"max_hp_per_floor":[72,72,72,72,72,72,72,72,72,72,72,72,72,72,72,72,72],"card_choices":[{"not_picked":["ThirdEye","Protect","EmptyFist"],"picked":"SKIP","floor":1},{"not_picked":["Halt","CutThroughFate"],"picked":"Study","floor":2},{"not_picked":["Sanctity","Prostrate"],"picked":"Worship","floor":4},{"not_picked":["Crescendo","Evaluate","EmptyFist"],"picked":"SKIP","floor":7},{"not_picked":["ClearTheMind","EmptyFist"],"picked":"FearNoEvil","floor":13},{"not_picked":["SashWhip","ThirdEye"],"picked":"Omniscience","floor":14}],"player_experience":722721,"relics_obtained":[{"floor":7,"key":"Bag of Marbles"},{"floor":9,"key":"Blue Candle"}],"event_choices":[{"damage_healed":0,"gold_gain":75,"player_choice":"Gather Gold","damage_taken":11,"max_hp_gain":0,"max_hp_loss":0,"event_name":"World of Goop","floor":3,"gold_loss":0},{"damage_healed":0,"gold_gain":0,"player_choice":"Success","damage_taken":18,"relics_obtained":["InkBottle"],"max_hp_gain":0,"max_hp_loss":0,"event_name":"Scrap Ooze","floor":5,"gold_loss":0}],"is_beta":false,"boss_relics":[],"items_purged_floors":[],"is_endless":false,"potions_floor_spawned":[2,4,7],"killed_by":"Hexaghost","ascension_level":0}}