{"host":"5dhwd44u3dydylwe","time":1610330648,"event":{"mods":["AchievementEnabler","BaseMod","BetterRewards","Dota2Spire","Hubris","Minty Spire (QoL Compilation)","Shop Mod","StSLib","Wandering Minibosses"],"gold_per_floor":[109,119,119,119,112,155,155,155,180,180,218,238,277,301,301,419,419,1180,1095,1095,1095,266,304,325,346,346,379,153,172,172,203,203,332,332,351,114,177,177,200,239,239,282,353,353,386,386,419,443,443,443,443,443,193,236,236],"floor_reached":56,"playtime":2134,"items_purged":["Demon Form+1","Strike_R","Strike_R+1","Strike_R+1","Bash","Strike_R+1"],"score":2503,"play_id":"15863889-be46-497e-9fb5-5432146080f2","local_time":"20210111100408","is_ascension_mode":true,"campfire_choices":[{"data":"Searing Blow+1","floor":8.0,"key":"SMITH"},{"data":"Searing Blow+2","floor":10.0,"key":"SMITH"},{"data":"True Grit","floor":15.0,"key":"SMITH"},{"data":"Searing Blow+3","floor":30.0,"key":"SMITH"},{"data":"Searing Blow+4","floor":32.0,"key":"SMITH"},{"data":"Limit Break","floor":41.0,"key":"SMITH"},{"floor":44.0,"key":"RECALL"},{"data":"Shockwave","floor":46.0,"key":"SMITH"},{"data":"Searing Blow+5","floor":49.0,"key":"SMITH"},{"data":"Searing Blow+6","floor":52.0,"key":"SMITH"}],"circlet_count":0,"master_deck":["Demon Form+1","Strike_R+1","Defend_R+1","Defend_R+1","Defend_R+1","Defend_R+1","Reaper+1","Searing Blow+7","True Grit+1","Whirlwind+1","Disarm+1","Uppercut+1","Heavy Blade+1","Immolate+1","Flame Barrier+1","Shockwave+1","Disarm+1","Limit Break+1","Impervious"],"relics":["Burning Blood","Frozen Egg 2","Molten Egg 2","HornCleat","Vajra","Lantern","Oddly Smooth Stone","Golden Idol","hubris:Towel","Matryoshka","Dota2Spire:CrimsonGuard","Dota2Spire:Desolator","hubris:ToyBattleship","Shovel","Red Skull","SlaversCollar","wanderingMiniBosses:MasterThiefsPresence","hubris:Teleporter","hubris:GlazedTorus","Dota2Spire:BattleFury","Sling","Singing Bowl","Dota2Spire:MonkeyKingBar","Pear","Dota2Spire:Vanguard","Membership Card","hubris:SlimyHat","Dota2Spire:RefresherOrb","Strawberry","Juzu Bracelet","Calipers","Bronze Scales","Paper Frog","Anchor","PreservedInsect","Medical Kit","War Paint","Bag of Marbles"],"acts_visited":["Exordium","TheCity","TheBeyond","TheEnding"],"potions_floor_usage":[55,55],"damage_taken":[{"damage":0.0,"enemies":"2 Louse","floor":1.0,"turns":4.0},{"damage":0.0,"enemies":"Small Slimes","floor":2.0,"turns":5.0},{"damage":4.0,"enemies":"Cultist","floor":5.0,"turns":7.0},{"damage":34.0,"enemies":"Gremlin Nob","floor":6.0,"turns":5.0},{"damage":20.0,"enemies":"Lagavulin","floor":11.0,"turns":6.0},{"damage":0.0,"enemies":"2 Fungi Beasts","floor":12.0,"turns":3.0},{"damage":0.0,"enemies":"Gremlin Nob","floor":13.0,"turns":3.0},{"damage":8.0,"enemies":"Looter","floor":14.0,"turns":4.0},{"damage":39.0,"enemies":"The Guardian","floor":16.0,"turns":10.0},{"damage":3.0,"enemies":"3 Byrds","floor":18.0,"turns":5.0},{"damage":3.0,"enemies":"Gremlin Leader","floor":23.0,"turns":4.0},{"damage":0.0,"enemies":"Spheric Guardian","floor":24.0,"turns":2.0},{"damage":0.0,"enemies":"3 Cultists","floor":25.0,"turns":3.0},{"damage":0.0,"enemies":"Book of Stabbing","floor":27.0,"turns":3.0},{"damage":0.0,"enemies":"Sentry and Sphere","floor":29.0,"turns":2.0},{"damage":0.0,"enemies":"Slavers","floor":31.0,"turns":1.0},{"damage":10.0,"enemies":"Champ","floor":33.0,"turns":11.0},{"damage":0.0,"enemies":"Orb Walker","floor":35.0,"turns":2.0},{"damage":0.0,"enemies":"Mind Bloom Boss Battle","floor":37.0,"turns":4.0},{"damage":0.0,"enemies":"3 Darklings","floor":39.0,"turns":2.0},{"damage":0.0,"enemies":"Giant Head","floor":40.0,"turns":5.0},{"damage":0.0,"enemies":"Nemesis","floor":42.0,"turns":3.0},{"damage":0.0,"enemies":"Reptomancer","floor":45.0,"turns":2.0},{"damage":0.0,"enemies":"Giant Head","floor":47.0,"turns":3.0},{"damage":0.0,"enemies":"Maw","floor":48.0,"turns":3.0},{"damage":8.0,"enemies":"Time Eater","floor":50.0,"turns":7.0},{"damage":0.0,"enemies":"Shield and Spear","floor":54.0,"turns":3.0},{"damage":0,"enemies":"The Heart","floor":55,"turns":6}],"seed_played":"-8335001117441364682","potions_obtained":[{"floor":6.0,"key":"EntropicBrew"},{"floor":13.0,"key":"CultistPotion"},{"floor":14.0,"key":"FearPotion"},{"floor":16.0,"key":"Ancient Potion"},{"floor":33.0,"key":"DuplicationPotion"}],"is_trial":false,"path_per_floor":["M","M","?","?","M","E","?","R","T","R","E","M","E","M","R","B",null,"M","?","?","?","$","E","M","M","T","E","$","M","R","E","R","B",null,"M","$","?","?","M","E","R","E","T","R","E","R","E","M","R","B",null,"R","$","E","B",null],"character_chosen":"IRONCLAD","items_purchased":["Frozen Egg 2","Molten Egg 2","Reaper+1","HornCleat","Vajra","Lantern","Oddly Smooth Stone","Searing Blow+1","hubris:GlazedTorus","Dota2Spire:BattleFury","Sling","Membership Card","Strawberry","Juzu Bracelet","Medical Kit","War Paint"],"campfire_rested":0,"item_purchase_floors":[0,0,0,0,0,0,0,0,22,22,22,28,36,36,53,53],"current_hp_per_floor":[54,80,60,60,68,49,49,49,49,49,50,74,80,80,80,77,79,80,80,80,65,65,74,80,85,95,97,97,99,99,101,101,102,103,105,112,114,114,116,116,116,118,118,118,120,120,122,124,124,122,124,124,124,124,124],"gold":236,"neow_bonus":"","is_daily":false,"chose_seed":false,"campfire_upgraded":9,"win_rate":0.0,"timestamp":1610330648,"path_taken":["M","M","?","?","M","E","?","R","T","R","E","M","E","?","R","BOSS","M","?","?","?","?","E","M","M","T","E","$","M","R","E","R","BOSS","M","$","?","?","M","E","R","E","T","R","E","R","E","M","R","BOSS","R","$","E","BOSS"],"items_purchased_type":["Relic","Relic","Card","Relic","Relic","Relic","Relic","Card","Relic","Relic","Relic","Relic","Relic","Relic","Relic","Relic"],"build_version":"2020-12-22","purchased_purges":6,"victory":true,"max_hp_per_floor":[80,80,80,80,80,80,80,80,80,80,80,80,80,80,80,80,80,80,80,80,85,85,85,85,85,95,97,97,99,99,101,101,103,103,105,112,114,114,116,116,116,118,118,118,120,120,122,124,124,124,124,124,124,124,124],"card_choices":[{"not_picked":["Havoc","Body Slam+1"],"picked":"True Grit","floor":1.0},{"not_picked":["hubris:CleavingFinish+1","Wild Strike+1"],"picked":"Whirlwind+1","floor":2.0},{"not_picked":["Sever Soul+1","Anger+1"],"picked":"Disarm","floor":5.0},{"not_picked":["True Grit","Armaments","Cleave+1"],"picked":"SKIP","floor":6.0},{"not_picked":["Rampage+1","Headbutt+1"],"picked":"Uppercut+1","floor":11.0},{"not_picked":["Sever Soul+1","Perfected Strike+1","Entrench"],"picked":"SKIP","floor":12.0},{"not_picked":["Barricade+1","Cleave+1"],"picked":"Heavy Blade+1","floor":13.0},{"not_picked":["Clothesline+1","hubris:ReadiedAction"],"picked":"Shrug It Off","floor":14.0},{"not_picked":["Corruption+1","Limit Break"],"picked":"Immolate+1","floor":16.0},{"not_picked":["Cleave+1","Thunderclap+1","Whirlwind+1"],"picked":"SKIP","floor":18.0},{"not_picked":["Twin Strike+1","Sentinel"],"picked":"Flame Barrier","floor":23.0},{"not_picked":["Exhume","Dark Embrace+1"],"picked":"Shockwave","floor":24.0},{"not_picked":["Perfected Strike+1","Rampage+1"],"picked":"Disarm+1","floor":25.0},{"not_picked":["Clothesline+1","Second Wind","Heavy Blade+1"],"picked":"Singing Bowl","floor":27.0},{"not_picked":["Flame Barrier","Seeing Red+1","Headbutt+1"],"picked":"Singing Bowl","floor":29.0},{"not_picked":["Heavy Blade+1","Wild Strike+1","True Grit+1"],"picked":"Singing Bowl","floor":31.0},{"not_picked":["Reaper+1","Fiend Fire+1","Exhume"],"picked":"Singing Bowl","floor":33.0},{"not_picked":["Clash+1","Battle Trance","Reckless Charge+1"],"picked":"Singing Bowl","floor":35.0},{"not_picked":["Barricade+1","Sword Boomerang+1","hubris:ReadiedAction+1"],"picked":"Singing Bowl","floor":37.0},{"not_picked":["Power Through+1","Twin Strike+1","Battle Trance+1"],"picked":"Singing Bowl","floor":39.0},{"not_picked":["Reckless Charge+1","Flex+1"],"picked":"Limit Break","floor":40.0},{"not_picked":["Anger+1","Wild Strike+1","Shrug It Off"],"picked":"Singing Bowl","floor":42.0},{"not_picked":["Infernal Blade","Exhume","Blood for Blood+1"],"picked":"Singing Bowl","floor":45.0},{"not_picked":["Flex+1","Clothesline+1","Berserk+1"],"picked":"Singing Bowl","floor":47.0},{"not_picked":["Demon Form+1","Clothesline+1","Rage+1"],"picked":"Singing Bowl","floor":48.0},{"not_picked":["Twin Strike+1","Hemokinesis+1"],"picked":"Impervious","floor":54.0}],"player_experience":73656,"relics_obtained":[{"floor":6.0,"key":"Matryoshka"},{"floor":9.0,"key":"Dota2Spire:Desolator"},{"floor":9.0,"key":"hubris:ToyBattleship"},{"floor":11.0,"key":"Shovel"},{"floor":13.0,"key":"Red Skull"},{"floor":18.0,"key":"wanderingMiniBosses:MasterThiefsPresence"},{"floor":23.0,"key":"Singing Bowl"},{"floor":26.0,"key":"Dota2Spire:MonkeyKingBar"},{"floor":26.0,"key":"Pear"},{"floor":27.0,"key":"Dota2Spire:Vanguard"},{"floor":31.0,"key":"hubris:SlimyHat"},{"floor":37.0,"key":"Calipers"},{"floor":40.0,"key":"Bronze Scales"},{"floor":42.0,"key":"Paper Frog"},{"floor":45.0,"key":"Anchor"},{"floor":47.0,"key":"PreservedInsect"},{"floor":54.0,"key":"Bag of Marbles"}],"event_choices":[{"damage_healed":0.0,"max_hp_gain":0.0,"max_hp_loss":0.0,"gold_gain":0.0,"event_name":"Golden Idol","player_choice":"Take Damage","floor":3.0,"gold_loss":0.0,"damage_taken":20.0,"relics_obtained":["Golden Idol"]},{"damage_healed":0.0,"max_hp_gain":0.0,"max_hp_loss":0.0,"gold_gain":0.0,"event_name":"WeMeetAgain","player_choice":"Gave Potion","floor":7.0,"gold_loss":0.0,"damage_taken":0.0,"relics_obtained":["Dota2Spire:CrimsonGuard"]},{"damage_healed":0.0,"max_hp_gain":0.0,"max_hp_loss":0.0,"gold_gain":0.0,"event_name":"Addict","player_choice":"Obtained Relic","floor":19.0,"gold_loss":85.0,"damage_taken":0.0,"relics_obtained":["hubris:Teleporter"]},{"damage_healed":0.0,"max_hp_gain":0.0,"max_hp_loss":0.0,"gold_gain":0.0,"event_name":"Back to Basics","player_choice":"Simplicity","floor":20.0,"gold_loss":0.0,"damage_taken":0.0,"cards_upgraded":["Strike_R","Strike_R","Strike_R","Strike_R","Defend_R","Defend_R","Defend_R","Defend_R"]},{"damage_healed":0.0,"max_hp_gain":5.0,"max_hp_loss":0.0,"gold_gain":0.0,"event_name":"Forgotten Altar","player_choice":"Shed Blood","floor":21.0,"gold_loss":0.0,"damage_taken":20.0},{"damage_healed":0.0,"max_hp_gain":0.0,"max_hp_loss":0.0,"gold_gain":0.0,"event_name":"MindBloom","player_choice":"Fight","floor":37.0,"gold_loss":0.0,"damage_taken":0.0},{"cards_removed":["Shrug It Off"],"damage_healed":0.0,"max_hp_gain":0.0,"max_hp_loss":0.0,"gold_gain":0.0,"event_name":"Falling","player_choice":"Removed Skill","floor":38.0,"gold_loss":0.0,"damage_taken":0.0}],"is_beta":false,"boss_relics":[{"not_picked":["Runic Dome","Pandora\u0027s Box"],"picked":"SlaversCollar"},{"not_picked":["Runic Cube","Sozu"],"picked":"Dota2Spire:RefresherOrb"}],"items_purged_floors":[0,0,22,28,36,53],"is_endless":false,"potions_floor_spawned":[6,13,14,16,23,24,27,29,33,37,40,48],"ascension_level":7}}