{"host":"4rvk26w7t08d5zdj","time":1610354836,"event":{"mods":["AchievementEnabler","BaseMod","Colored Powertips","Conspire","Energized Spire","GifTheSpireLib","Minty Spire (QoL Compilation)","Rare Cards Sparkle","StSLib","The Animator","The Blue Laboratory"],"gold_per_floor":[112,187,362,390,34,74,74,74,142,142,167,167,221,240,240,351,351,380,380,181,181,31,68,90,122,147,192,192,226,226,254,254,362,362,390,390,10,10,10,10,47,59,59,9,9,30,78,108,108,120],"floor_reached":51,"playtime":3802,"items_purged":["Doubt","animator:Defend","animator:Defend"],"score":918,"play_id":"23cc85a9-d155-4441-9d65-9aad088e8d16","local_time":"20210111004716","is_ascension_mode":true,"campfire_choices":[{"floor":7.0,"key":"REST"},{"floor":12.0,"key":"REST"},{"floor":15.0,"key":"REST"},{"data":"animator:SakuraMatou","floor":28.0,"key":"SMITH"},{"data":"animator:AcuraAkari","floor":30.0,"key":"SMITH"},{"data":"animator:Aqua","floor":32,"key":"SMITH"},{"data":"animator:Aqua","floor":40,"key":"SMITH"},{"floor":45,"key":"REST"},{"data":"animator:HigakiRinne","floor":49,"key":"SMITH"}],"circlet_count":0,"master_deck":["animator:Defend_Fate","animator:Defend+1","animator:Alexander+1","animator:Rider","animator:KrulTepes","animator:Caster","animator:Aqua+1","animator:Chris","animator:Caster","animator:EmiyaShirou","animator:Berserker","animator:RoyMustang","animator:Eris","animator:GuildGirl","animator:AcuraAkari+1","Bite","Bite","Bite","Bite","Bite","animator:SakuraMatou+1","animator:Assassin","animator:Aqua+1","animator:Yoichi+1","animator:GoblinSlayer","animator:Mitsurugi","animator:Witch","animator:ChaikaTrabant","animator:Darkness","animator:HigakiRinne+1","animator:Archer","animator:Archer+1","animator:Caster","animator:AcuraShin","animator:Kazuma"],"relics":["animator:LivingPicture","animator:TheMissingPiece","Blood Vial","Smiling Mask","Bottled Flame","Regal Pillow","conspire:SlowCooker","Enchiridion","Blood Vial","Bronze Scales","animator:AlchemistGlove","Centennial Puzzle","Vajra","Busted Crown","Lantern","Strawberry","conspire:Boomerang","CloakClasp","PreservedInsect"],"acts_visited":["TheBeyond"],"potions_floor_usage":[41,50],"damage_taken":[{"damage":2.0,"enemies":"Small Slimes","floor":1.0,"turns":5.0},{"damage":0.0,"enemies":"conspire:RoseBush","floor":4.0,"turns":4.0},{"damage":55.0,"enemies":"3 Sentries","floor":6.0,"turns":14.0},{"damage":2.0,"enemies":"Cultist","floor":11.0,"turns":4.0},{"damage":48.0,"enemies":"Gremlin Nob","floor":13.0,"turns":6.0},{"damage":0.0,"enemies":"Blue Slaver","floor":14.0,"turns":5.0},{"damage":32.0,"enemies":"Hexaghost","floor":16.0,"turns":12.0},{"damage":24.0,"enemies":"2 Thieves","floor":18.0,"turns":5.0},{"damage":38.0,"enemies":"Slavers","floor":23.0,"turns":7.0},{"damage":0.0,"enemies":"3 Byrds","floor":24.0,"turns":4.0},{"damage":0.0,"enemies":"Gremlin Leader","floor":25.0,"turns":7.0},{"damage":12.0,"enemies":"conspire:SneckoGhost","floor":27.0,"turns":7.0},{"damage":17.0,"enemies":"Centurion and Healer","floor":29.0,"turns":5.0},{"damage":33,"enemies":"Sentry and Sphere","floor":31,"turns":5},{"damage":35,"enemies":"Automaton","floor":33,"turns":9},{"damage":13,"enemies":"3 Shapes","floor":35,"turns":4},{"damage":48,"enemies":"Nemesis","floor":41,"turns":7},{"damage":8,"enemies":"Orb Walker","floor":42,"turns":3},{"damage":23,"enemies":"Spire Growth","floor":46,"turns":3},{"damage":14,"enemies":"Giant Head","floor":47,"turns":7},{"damage":16,"enemies":"4 Shapes","floor":48,"turns":3},{"damage":108,"enemies":"Time Eater","floor":50,"turns":12}],"seed_played":"7046922103405401414","potions_obtained":[{"floor":6.0,"key":"Dexterity Potion"},{"floor":10.0,"key":"EssenceOfSteel"},{"floor":10.0,"key":"LiquidMemories"},{"floor":14.0,"key":"blueLaboratory:FruitPunch"},{"floor":23.0,"key":"animator:FalseLifePotion"},{"floor":25.0,"key":"SpeedPotion"},{"floor":41,"key":"blueLaboratory:EnragingPotion"}],"is_trial":false,"path_per_floor":["M","?","?","M","$","E","R","?","T","?","M","R","E","M","R","B",null,"M","?","$","?","$","E","M","E","T","E","R","M","R","M","R","B",null,"M","?","$","?","?","R","E","M","T","$","R","M","E","M","R","B",null],"character_chosen":"THE_ANIMATOR","items_purchased":["animator:Aqua","animator:Eris","animator:Chris","EssenceOfSteel","animator:AcuraAkari","animator:SakuraMatou","DuplicationPotion","Lantern","Strawberry","animator:Archer"],"campfire_rested":4,"item_purchase_floors":[5,5,5,20,20,22,22,37,37,37],"current_hp_per_floor":[70,59,59,59,59,9,30,16,16,16,22,43,2,11,47,21,73,59,43,43,43,43,26,44,69,69,77,77,77,77,56,56,42,77,74,64,71,71,71,71,49,52,52,52,90,67,75,78,78,2],"gold":120,"neow_bonus":"TEN_PERCENT_HP_BONUS","is_daily":false,"chose_seed":false,"campfire_upgraded":5,"win_rate":0.0,"timestamp":1610354836,"path_taken":["M","?","?","M","$","E","R","?","T","?","?","R","E","?","R","BOSS","M","?","$","?","$","E","M","E","T","E","R","M","R","M","R","BOSS","M","?","$","?","?","R","E","M","T","$","R","M","E","?","R","BOSS"],"items_purchased_type":["Card","Card","Card","Potion","Card","Card","Potion","Relic","Relic","Card"],"build_version":"2020-12-22","purchased_purges":3,"victory":true,"max_hp_per_floor":[72,72,72,72,72,72,72,72,72,72,73,73,73,73,73,73,73,75,75,75,75,75,76,76,76,76,77,77,77,77,77,77,77,77,78,78,85,85,85,85,90,90,90,90,90,90,90,90,90,90],"card_choices":[{"not_picked":["animator:LizardPriest","animator:Fredrika"],"picked":"animator:KrulTepes","floor":1.0},{"not_picked":["animator:ShinjiMatou","animator:KrulTepes"],"picked":"animator:Caster","floor":4.0},{"not_picked":["animator:LizardPriest","animator:HiiragiShinya"],"picked":"animator:Caster","floor":6.0},{"not_picked":["animator:Berserker","animator:ShinjiMatou"],"picked":"animator:EmiyaShirou","floor":11.0},{"not_picked":["animator:Viivi","animator:Aisha"],"picked":"animator:Berserker","floor":13.0},{"not_picked":["animator:CrowleyEusford","animator:ElricAlphonse"],"picked":"animator:RoyMustang","floor":14.0},{"not_picked":["animator:Elesis","animator:Hans"],"picked":"animator:Eris","floor":16.0},{"not_picked":["animator:Verdia","animator:Ara"],"picked":"animator:GuildGirl","floor":18.0},{"not_picked":["animator:SakuraMatou","animator:Berserker"],"picked":"animator:Assassin","floor":23.0},{"not_picked":["animator:Pride","animator:Laby"],"picked":"animator:Aqua","floor":24.0},{"not_picked":["animator:Vanir","animator:Greed"],"picked":"animator:Yoichi+1","floor":25.0},{"not_picked":["animator:Gillette","animator:Ciel"],"picked":"animator:GoblinSlayer","floor":27.0},{"not_picked":["animator:Vanir","animator:Verdia"],"picked":"animator:Mitsurugi","floor":29.0},{"not_picked":["animator:Spearman","animator:Add"],"picked":"animator:Witch","floor":31},{"not_picked":["animator:Envy","animator:SwordMaiden"],"picked":"animator:ChaikaTrabant","floor":33},{"not_picked":[],"picked":"animator:Darkness","floor":35},{"not_picked":[],"picked":"animator:Archer+1","floor":41},{"not_picked":[],"picked":"animator:Caster","floor":42},{"not_picked":["animator:Add"],"picked":"SKIP","floor":46},{"not_picked":[],"picked":"animator:AcuraShin","floor":47},{"not_picked":[],"picked":"animator:Kazuma","floor":48}],"player_experience":1009397,"relics_obtained":[{"floor":6.0,"key":"Blood Vial"},{"floor":6.0,"key":"Smiling Mask"},{"floor":9.0,"key":"Bottled Flame"},{"floor":13.0,"key":"Blood Vial"},{"floor":13.0,"key":"Regal Pillow"},{"floor":19.0,"key":"Enchiridion"},{"floor":23.0,"key":"Blood Vial"},{"floor":23.0,"key":"Bronze Scales"},{"floor":25.0,"key":"animator:AlchemistGlove"},{"floor":26.0,"key":"Centennial Puzzle"},{"floor":27.0,"key":"Vajra"},{"floor":41,"key":"conspire:Boomerang"},{"floor":43,"key":"CloakClasp"},{"floor":47,"key":"PreservedInsect"}],"event_choices":[{"damage_healed":0.0,"max_hp_gain":0.0,"max_hp_loss":0.0,"gold_gain":75.0,"event_name":"World of Goop","player_choice":"Gather Gold","floor":2.0,"gold_loss":0.0,"damage_taken":11.0},{"damage_healed":0.0,"max_hp_gain":0.0,"max_hp_loss":0.0,"gold_gain":175.0,"event_name":"Liars Game","player_choice":"AGREE","floor":3.0,"gold_loss":0.0,"damage_taken":0.0,"cards_obtained":["Doubt"]},{"damage_healed":0.0,"max_hp_gain":0.0,"max_hp_loss":0.0,"gold_gain":0.0,"event_name":"Shining Light","player_choice":"Entered Light","floor":8.0,"gold_loss":0.0,"damage_taken":14.0,"cards_upgraded":["animator:Alexander","animator:Defend"]},{"damage_healed":0.0,"max_hp_gain":0.0,"max_hp_loss":0.0,"gold_gain":0.0,"event_name":"Lab","player_choice":"Got Potions","floor":10.0,"gold_loss":0.0,"damage_taken":0.0},{"damage_healed":0.0,"max_hp_gain":0.0,"max_hp_loss":0.0,"gold_gain":0.0,"event_name":"Cursed Tome","player_choice":"Obtained Book","floor":19.0,"gold_loss":0.0,"damage_taken":16.0},{"damage_healed":0.0,"max_hp_gain":0.0,"max_hp_loss":0.0,"gold_gain":0.0,"event_name":"Vampires","player_choice":"Became a vampire (Vial)","floor":21.0,"relics_lost":["Blood Vial"],"gold_loss":0.0,"damage_taken":0.0,"cards_obtained":["Bite","Bite","Bite","Bite","Bite"]},{"damage_healed":0,"gold_gain":0,"player_choice":"Embrace Madness","damage_taken":10,"max_hp_gain":0,"max_hp_loss":0,"event_name":"Winding Halls","floor":36,"gold_loss":0,"cards_obtained":["animator:HigakiRinne"]},{"damage_healed":0,"gold_gain":0,"player_choice":"Ignored","damage_taken":0,"max_hp_gain":0,"max_hp_loss":0,"event_name":"Transmorgrifier","floor":39,"gold_loss":0}],"is_beta":false,"boss_relics":[{"not_picked":["conspire:SeveredTorchhead","energizedSpire:OgreHead"],"picked":"conspire:SlowCooker"},{"not_picked":["Pandora\u0027s Box","Coffee Dripper"],"picked":"Busted Crown"}],"items_purged_floors":[5,20,44],"is_endless":false,"potions_floor_spawned":[6,11,14,23,25,31,41],"ascension_level":2}}