{"host":"dqv8oo4v229c1o2l","time":1610393986,"event":{"mods":["AchievementEnabler","BaseMod","Colored Map","Colored Powertips","Minty Spire (QoL Compilation)","Quick Restart","Rare Cards Sparkle","StSLib","Synergy Search"],"gold_per_floor":[119,137,147,72,92,120,139,139,187,214,225,225,260,127,127,228,228,241,316,326,226,245,262,292,304,328,108,108,0,19,19,19,123,123,133,8,28,47,59,87,87,121,121,121,137,137,0,0,0,0],"floor_reached":51,"playtime":3429,"items_purged":["Strike_P","Strike_P","Strike_P"],"score":899,"play_id":"8f0539b1-3bca-45a5-9a5a-6763c91eb286","local_time":"20210111113946","is_ascension_mode":true,"campfire_choices":[{"floor":8.0,"key":"REST"},{"floor":12.0,"key":"REST"},{"data":"ForeignInfluence","floor":15.0,"key":"SMITH"},{"floor":28,"key":"REST"},{"floor":32,"key":"REST"},{"floor":41,"key":"RECALL"},{"floor":46,"key":"REST"},{"floor":49,"key":"REST"}],"circlet_count":0,"master_deck":["Strike_P","Defend_P","Defend_P","Defend_P","Defend_P+1","Eruption","Vigilance","PathToVictory","Collect","ForeignInfluence+1","Weave","Evaluate","CutThroughFate+1","ThirdEye","CutThroughFate","Weave","PathToVictory","Scrawl","CutThroughFate+1","Halt+1","PathToVictory","LessonLearned","Ghostly+1","Ghostly","Ghostly","Ghostly+1","Ghostly","SpiritShield","ThirdEye+1","JustLucky+1","PathToVictory+1"],"relics":["PureWater","NeowsBlessing","Oddly Smooth Stone","Pear","Bronze Scales","Fusion Hammer","Happy Flower","Anchor","DollysMirror","Sozu","Juzu Bracelet","Pen Nib","Yang","Red Mask"],"acts_visited":["Exordium","TheCity","TheBeyond"],"potions_floor_usage":[16,25,50],"damage_taken":[{"damage":0.0,"enemies":"Cultist","floor":1.0,"turns":1.0},{"damage":0.0,"enemies":"2 Louse","floor":2.0,"turns":1.0},{"damage":0.0,"enemies":"Small Slimes","floor":3.0,"turns":1.0},{"damage":3.0,"enemies":"Looter","floor":5.0,"turns":3.0},{"damage":39.0,"enemies":"3 Sentries","floor":6.0,"turns":12.0},{"damage":18.0,"enemies":"Exordium Wildlife","floor":7.0,"turns":3.0},{"damage":26.0,"enemies":"Lagavulin","floor":10.0,"turns":5.0},{"damage":0.0,"enemies":"Lots of Slimes","floor":11.0,"turns":1.0},{"damage":8.0,"enemies":"Gremlin Nob","floor":13.0,"turns":3.0},{"damage":31,"enemies":"The Guardian","floor":16,"turns":8},{"damage":8,"enemies":"2 Thieves","floor":18,"turns":2},{"damage":1,"enemies":"Shell Parasite","floor":20,"turns":3},{"damage":13,"enemies":"3 Cultists","floor":22,"turns":4},{"damage":9,"enemies":"Snecko","floor":23,"turns":3},{"damage":17,"enemies":"Slavers","floor":24,"turns":4},{"damage":0,"enemies":"Snake Plant","floor":25,"turns":2},{"damage":14,"enemies":"Sentry and Sphere","floor":30,"turns":4},{"damage":4,"enemies":"Champ","floor":33,"turns":8},{"damage":2,"enemies":"3 Shapes","floor":35,"turns":4},{"damage":1,"enemies":"3 Darklings","floor":37,"turns":5},{"damage":7,"enemies":"4 Shapes","floor":38,"turns":5},{"damage":0,"enemies":"Spire Growth","floor":39,"turns":4},{"damage":0,"enemies":"Nemesis","floor":40,"turns":7},{"damage":0,"enemies":"Reptomancer","floor":42,"turns":5},{"damage":1,"enemies":"Maw","floor":45,"turns":6},{"damage":4,"enemies":"Donu and Deca","floor":50,"turns":8}],"seed_played":"8726047980086008394","potions_obtained":[{"floor":2.0,"key":"Block Potion"},{"floor":3.0,"key":"Block Potion"},{"floor":6.0,"key":"Explosive Potion"},{"floor":24,"key":"DistilledChaos"},{"floor":25,"key":"BottledMiracle"},{"floor":30,"key":"Weak Potion"}],"is_trial":false,"path_per_floor":["M","M","M","$","M","E","M","R","T","E","M","R","E","$","R","B",null,"M","?","M","$","M","M","E","M","T","$","R","?","M","?","R","B",null,"M","$","M","M","M","E","R","E","T","?","M","R","?","?","R","B",null],"character_chosen":"WATCHER","items_purchased":["Weave","PathToVictory","DollysMirror","LessonLearned"],"campfire_rested":6,"item_purchase_floors":[14,14,27,27],"current_hp_per_floor":[72,72,72,72,69,30,12,33,33,17,17,41,33,33,33,2,82,74,66,65,65,52,43,26,26,26,26,50,50,36,36,41,37,41,39,39,38,31,31,31,31,31,31,31,30,41,41,39,39,35],"gold":0,"neow_bonus":"THREE_ENEMY_KILL","is_daily":false,"chose_seed":false,"campfire_upgraded":1,"win_rate":0.0,"timestamp":1610393986,"path_taken":["M","M","M","?","M","E","M","R","T","E","M","R","E","$","R","BOSS","M","?","M","$","?","M","E","M","T","$","R","?","M","?","R","BOSS","M","$","M","M","M","E","R","E","T","?","M","R","?","?","R","BOSS"],"items_purchased_type":["Card","Card","Relic","Card"],"build_version":"2020-12-22","purchased_purges":3,"victory":true,"max_hp_per_floor":[72,72,72,72,72,72,72,72,72,82,82,82,82,82,82,82,82,82,82,82,82,82,82,82,82,82,82,82,82,82,41,41,41,41,41,41,41,41,41,41,41,41,41,41,41,41,41,39,39,39],"card_choices":[{"not_picked":["Vengeance","BowlingBash"],"picked":"PathToVictory","floor":1.0},{"not_picked":["Swivel","FollowUp"],"picked":"Collect","floor":2.0},{"not_picked":["TalkToTheHand","ReachHeaven"],"picked":"ForeignInfluence","floor":3.0},{"not_picked":["FlyingSleeves","ClearTheMind"],"picked":"Weave","floor":5.0},{"not_picked":["Establishment","Protect","FlurryOfBlows"],"picked":"SKIP","floor":6.0},{"not_picked":["SashWhip","Consecrate"],"picked":"Evaluate","floor":7.0},{"not_picked":["Weave","Consecrate"],"picked":"CutThroughFate","floor":10.0},{"not_picked":["Perseverance","ForeignInfluence"],"picked":"ThirdEye","floor":11.0},{"not_picked":["CarveReality","FlurryOfBlows"],"picked":"CutThroughFate","floor":13.0},{"not_picked":["MasterReality","Alpha"],"picked":"Scrawl","floor":16},{"not_picked":["ThirdEye+1","ReachHeaven","Consecrate"],"picked":"SKIP","floor":18},{"not_picked":["Indignation","FollowUp"],"picked":"CutThroughFate+1","floor":20},{"not_picked":["Prostrate+1","Tantrum","ThirdEye"],"picked":"SKIP","floor":22},{"not_picked":["WaveOfTheHand","FlurryOfBlows","CrushJoints"],"picked":"SKIP","floor":23},{"not_picked":["Pray+1","Wireheading","SignatureMove+1"],"picked":"SKIP","floor":24},{"not_picked":["TalkToTheHand","Protect"],"picked":"Halt+1","floor":25},{"not_picked":["FearNoEvil+1","DeceiveReality","SashWhip"],"picked":"SKIP","floor":30},{"not_picked":["Scrawl","Wish"],"picked":"SpiritShield","floor":33},{"not_picked":["Indignation","Crescendo"],"picked":"ThirdEye+1","floor":35},{"not_picked":["InnerPeace+1","Crescendo","ClearTheMind"],"picked":"SKIP","floor":37},{"not_picked":["MentalFortress","Pray+1"],"picked":"JustLucky+1","floor":38},{"not_picked":["Prostrate+1","Halt+1","ThirdEye+1"],"picked":"SKIP","floor":39},{"not_picked":["FlurryOfBlows","EmptyFist+1","BattleHymn+1"],"picked":"SKIP","floor":40},{"not_picked":["FlyingSleeves+1","DeceiveReality+1"],"picked":"PathToVictory+1","floor":42},{"not_picked":["Prostrate+1","Worship","Consecrate"],"picked":"SKIP","floor":45}],"player_experience":266204,"relics_obtained":[{"floor":6.0,"key":"Oddly Smooth Stone"},{"floor":10.0,"key":"Pear"},{"floor":13.0,"key":"Bronze Scales"},{"floor":24,"key":"Happy Flower"},{"floor":26,"key":"Anchor"},{"floor":40,"key":"Juzu Bracelet"},{"floor":42,"key":"Pen Nib"},{"floor":43,"key":"Yang"}],"event_choices":[{"damage_healed":0,"gold_gain":75,"player_choice":"Touch","damage_taken":8,"max_hp_gain":0,"max_hp_loss":0,"event_name":"FaceTrader","floor":19,"gold_loss":0},{"damage_healed":0,"gold_gain":0,"player_choice":"Paid Fearfully","damage_taken":0,"max_hp_gain":0,"max_hp_loss":0,"event_name":"Masked Bandits","floor":29,"gold_loss":108},{"damage_healed":0,"gold_gain":0,"player_choice":"Became a Ghost","damage_taken":0,"max_hp_gain":0,"max_hp_loss":41,"event_name":"Ghosts","floor":31,"gold_loss":0,"cards_obtained":["Ghostly","Ghostly","Ghostly","Ghostly","Ghostly"]},{"damage_healed":0,"gold_gain":0,"player_choice":"Memory 1","damage_taken":0,"max_hp_gain":0,"max_hp_loss":0,"event_name":"SensoryStone","floor":44,"gold_loss":0},{"damage_healed":0,"gold_gain":0,"player_choice":"Paid","damage_taken":0,"relics_obtained":["Red Mask"],"max_hp_gain":0,"max_hp_loss":0,"event_name":"Tomb of Lord Red Mask","floor":47,"gold_loss":137},{"damage_healed":0,"gold_gain":0,"player_choice":"Max HP","damage_taken":0,"max_hp_gain":0,"max_hp_loss":2,"event_name":"Winding Halls","floor":48,"gold_loss":0}],"is_beta":false,"boss_relics":[{"not_picked":["Busted Crown","Philosopher\u0027s Stone"],"picked":"Fusion Hammer"},{"not_picked":["Black Star","Tiny House"],"picked":"Sozu"}],"items_purged_floors":[4,21,36],"is_endless":false,"potions_floor_spawned":[2,3,6,10,24,25,30,37,39,40],"ascension_level":2}}