{"host":"bf9sa99gaumonoeu","time":1610369351,"event":{"mods":["AchievementEnabler","Act Like it!","BaseMod","Better Sensory Stone","Colored Map","Colored Powertips","Fox Events","Friendly Minions","Gensokyo","GifTheSpireLib","Googly Eyes","Hallownest","Hermit","Hubris","Jorbs\u0027s Wanderer Trilogy","KinomotoSakuraMod(????)","Koishi","Lobotomy","Marisa????????","Minty Spire (QoL Compilation)","Rare Cards Sparkle","Reimu??????","Relic Stats","Remilia??????","Replay The Spire","StSLib","The Administrix","The Animator","The Bug Knight","The Construct","The Cursed","The Disciple","The Hierophant","The Mystic","The Necromancer","The Poker Player","The Runesmith","The Senshi","The Servant 0.9.4","TheLocksmith","Yakumo Yukari mod","thorton"],"gold_per_floor":[117,128,147,165,178,178,211,211,211,211,211],"floor_reached":10,"playtime":672,"items_purged":[],"score":133,"play_id":"1889edfb-dee1-4410-bb45-1162daa2608d","local_time":"20210111104911","is_ascension_mode":true,"campfire_choices":[{"floor":6,"key":"REST"}],"circlet_count":0,"master_deck":["AscendersBane","Strike_G","Strike_G","Strike_G","Strike_G","Strike_G","Defend_G","Defend_G","Defend_G","Defend_G","Defend_G","Survivor","Neutralize","Finesse","Sucker Punch","Deadly Poison","Backflip","Bouncing Flask","Deflect","Slice"],"relics":["Ring of the Snake","Paper Crane","Meat on the Bone"],"acts_visited":["Exordium"],"potions_floor_usage":[7,7,10],"damage_taken":[{"damage":1,"enemies":"Cultist","floor":1,"turns":4},{"damage":1,"enemies":"Small Slimes","floor":2,"turns":5},{"damage":4,"enemies":"2 Louse","floor":3,"turns":4},{"damage":5,"enemies":"Gremlin Gang","floor":4,"turns":6},{"damage":23,"enemies":"Lots of Slimes","floor":5,"turns":5},{"damage":8,"enemies":"Lagavulin","floor":7,"turns":5},{"damage":39,"enemies":"3 Sentries","floor":10,"turns":9}],"seed_played":"8585591693343576155","potions_obtained":[{"floor":2,"key":"Languid Potion"},{"floor":5,"key":"Adrenaline Potion"},{"floor":7,"key":"PowerPotion"}],"is_trial":false,"path_per_floor":["M","M","M","M","M","R","E","?","T","E"],"character_chosen":"THE_SILENT","items_purchased":[],"campfire_rested":1,"item_purchase_floors":[],"current_hp_per_floor":[58,57,53,48,25,44,36,36,36,0,0],"gold":211,"neow_bonus":"RANDOM_COLORLESS","is_daily":false,"chose_seed":false,"campfire_upgraded":0,"win_rate":0.0,"timestamp":1610369351,"path_taken":["M","M","M","M","?","R","E","?","T","E"],"items_purchased_type":[],"build_version":"2020-12-22","purchased_purges":0,"victory":false,"max_hp_per_floor":[66,66,66,66,66,66,66,66,66,66,66],"relic_stats":{"counters":[7,38],"obtain_stats":[{"Paper Crane":7,"Ring of the Snake":0,"Meat on the Bone":9},{"Paper Crane":6,"Ring of the Snake":0,"Meat on the Bone":6},{"Paper Crane":29,"Ring of the Snake":0,"Meat on the Bone":29}],"Ring of the Snake":[14],"Meat on the Bone":0},"card_choices":[{"not_picked":["Replay:Parry","ReplayTheSpireMod:Private Reserves"],"picked":"Finesse","floor":0},{"not_picked":["Slice","Prepared"],"picked":"Sucker Punch","floor":1},{"not_picked":["Catalyst","Reflex"],"picked":"Deadly Poison","floor":2},{"not_picked":["ReplayTheSpireMod:Tripwire","hubris:SlightOfHand"],"picked":"Backflip","floor":3},{"not_picked":["Quick Slash","hubris:TrickCloak"],"picked":"Bouncing Flask","floor":4},{"not_picked":["Outmaneuver","Flying Knee"],"picked":"Deflect","floor":5},{"not_picked":["Quick Slash","Caltrops"],"picked":"Slice","floor":7}],"player_experience":894033,"relics_obtained":[{"floor":7,"key":"Paper Crane"},{"floor":9,"key":"Meat on the Bone"}],"event_choices":[{"damage_healed":0,"gold_gain":0,"player_choice":"Ignored","damage_taken":0,"max_hp_gain":0,"max_hp_loss":0,"event_name":"Liars Game","floor":8,"gold_loss":0}],"is_beta":false,"boss_relics":[],"items_purged_floors":[],"is_endless":false,"potions_floor_spawned":[2,5,7],"killed_by":"3 Sentries","ascension_level":18}}