{"host":"k5dhp0bkccqfauyu","time":1610373251,"event":{"mods":["BaseMod","Better Note","Better Skull","Better Vampires","Colored Map","Colored Powertips","DeckTracker","Minty Spire (QoL Compilation)","Permanent Neow","StSLib","SuperFastMode"],"gold_per_floor":[109,119,138,7,23,55,66,93,120,153,60,60,60,80,80,158,158,176,194,194,194,211,211,211,211],"floor_reached":24,"playtime":926,"items_purged":["Strike_B","Normality"],"score":436,"play_id":"766107ab-0187-4262-a4d4-7e34424485f9","local_time":"20210112005411","is_ascension_mode":true,"campfire_choices":[{"data":"Consume","floor":12,"key":"SMITH"},{"data":"Coolheaded","floor":15,"key":"SMITH"},{"data":"Recycle","floor":23,"key":"SMITH"}],"circlet_count":0,"master_deck":["AscendersBane","Strike_B","Strike_B","Strike_B","Defend_B","Defend_B","Defend_B","Defend_B","Zap","Dualcast","Consume+1","Streamline","Chill","Coolheaded+1","Ball Lightning","Recycle+1","Hologram","White Noise","Self Repair","Heatsinks","FTL","Amplify","Compile Driver+1","Glacier"],"relics":["Cursed Key","Smiling Mask","MealTicket","Pen Nib","Omamori","Oddly Smooth Stone","Nuclear Battery","Nloth\u0027s Gift"],"acts_visited":["Exordium","TheCity"],"potions_floor_usage":[7,16,18,22],"damage_taken":[{"damage":0,"enemies":"2 Louse","floor":1,"turns":3},{"damage":0,"enemies":"Small Slimes","floor":2,"turns":3},{"damage":1,"enemies":"Cultist","floor":3,"turns":3},{"damage":0,"enemies":"3 Louse","floor":5,"turns":4},{"damage":10,"enemies":"Lagavulin","floor":6,"turns":6},{"damage":7,"enemies":"Large Slime","floor":7,"turns":3},{"damage":16,"enemies":"3 Sentries","floor":8,"turns":7},{"damage":3,"enemies":"Lagavulin","floor":10,"turns":7},{"damage":2,"enemies":"Red Slaver","floor":14,"turns":4},{"damage":15,"enemies":"The Guardian","floor":16,"turns":11},{"damage":8,"enemies":"2 Thieves","floor":18,"turns":4},{"damage":1,"enemies":"Chosen","floor":19,"turns":7},{"damage":21,"enemies":"Snecko","floor":22,"turns":4},{"damage":62,"enemies":"Gremlin Leader","floor":24,"turns":9}],"seed_played":"5704727933757800341","potions_obtained":[{"floor":1,"key":"Swift Potion"},{"floor":6,"key":"ColorlessPotion"},{"floor":8,"key":"SkillPotion"},{"floor":16,"key":"Regen Potion"},{"floor":18,"key":"Dexterity Potion"}],"is_trial":false,"path_per_floor":["M","M","M","$","M","E","M","E","T","E","$","R","?","M","R","B",null,"M","M","?","?","M","R","E"],"character_chosen":"DEFECT","items_purchased":["Coolheaded","Heatsinks"],"campfire_rested":0,"item_purchase_floors":[4,11],"current_hp_per_floor":[64,64,63,63,63,53,46,30,30,27,42,42,31,36,36,28,60,71,71,71,71,57,57,0,0],"gold":211,"neow_bonus":"BOSS_RELIC","is_daily":false,"chose_seed":false,"campfire_upgraded":3,"win_rate":0.0,"timestamp":1610373251,"path_taken":["M","M","M","$","M","E","M","E","T","E","$","R","?","M","R","BOSS","M","M","?","?","?","R","E"],"items_purchased_type":["Card","Card"],"build_version":"2020-12-22","purchased_purges":2,"victory":false,"max_hp_per_floor":[71,71,71,71,71,71,71,71,71,71,71,71,71,71,71,71,71,71,71,71,71,71,71,71,71],"card_choices":[{"not_picked":["Stack","Ball Lightning"],"picked":"Consume","floor":1},{"not_picked":["Aggregate","Beam Cell"],"picked":"Streamline","floor":2},{"not_picked":["Beam Cell","Compile Driver"],"picked":"Chill","floor":3},{"not_picked":["Auto Shields","Reprogram"],"picked":"Ball Lightning","floor":5},{"not_picked":["Conserve Battery","Cold Snap"],"picked":"Recycle","floor":6},{"not_picked":["Redo","Melter"],"picked":"Hologram","floor":7},{"not_picked":["Beam Cell","Reinforced Body"],"picked":"White Noise","floor":8},{"not_picked":["Heatsinks","Go for the Eyes"],"picked":"Self Repair","floor":10},{"not_picked":["Leap","Heatsinks"],"picked":"FTL","floor":14},{"not_picked":["Hyperbeam","Thunder Strike"],"picked":"Amplify","floor":16},{"not_picked":["Hello World","Reprogram"],"picked":"Compile Driver+1","floor":18},{"not_picked":["Compile Driver","Go for the Eyes","Melter"],"picked":"SKIP","floor":19},{"not_picked":["Conserve Battery+1","Stack"],"picked":"Glacier","floor":22}],"player_experience":1858986,"relics_obtained":[{"floor":6,"key":"Smiling Mask"},{"floor":8,"key":"MealTicket"},{"floor":9,"key":"Pen Nib"},{"floor":10,"key":"Omamori"}],"event_choices":[{"damage_healed":0,"gold_gain":0,"player_choice":"Success","damage_taken":11,"relics_obtained":["Oddly Smooth Stone"],"max_hp_gain":0,"max_hp_loss":0,"event_name":"Scrap Ooze","floor":13,"gold_loss":0},{"damage_healed":0,"gold_gain":0,"player_choice":"Stole Relic","damage_taken":0,"relics_obtained":["Regal Pillow"],"max_hp_gain":0,"max_hp_loss":0,"event_name":"Addict","floor":20,"gold_loss":0,"cards_obtained":["Shame"]},{"damage_healed":0,"gold_gain":0,"player_choice":"Traded Relic","damage_taken":0,"relics_obtained":["Nloth\u0027s Gift"],"max_hp_gain":0,"max_hp_loss":0,"event_name":"N\u0027loth","floor":21,"relics_lost":["Regal Pillow"],"gold_loss":0}],"is_beta":false,"boss_relics":[{"not_picked":["SlaversCollar","Snecko Eye"],"picked":"Nuclear Battery"}],"items_purged_floors":[4,11],"is_endless":false,"potions_floor_spawned":[1,6,8,14,16,18,19],"killed_by":"Gremlin Leader","ascension_level":20}}