{"host":"sav7uxregyirlf69","time":1610340945,"event":{"mods":["AchievementEnabler","BaseMod","Colored Map","DeckTracker","Keyboard Shortcuts","Minty Spire (QoL Compilation)","READ ME - Guardian Mod","StSLib","SuperFastMode"],"gold_per_floor":[119,137,137,147,164,164,195,195,195,195,145,145,0,35,35,133,133,143,68,68,68,88,117,117,146,200,115,115,115],"floor_reached":28,"playtime":443,"items_purged":["Defend_B"],"score":418,"play_id":"901626a1-d46e-46f2-b364-e6015dcae87c","local_time":"20210111135545","is_ascension_mode":true,"campfire_choices":[{"data":"Streamline","floor":6,"key":"SMITH"},{"data":"Zap","floor":8,"key":"SMITH"},{"data":"Dualcast","floor":10,"key":"SMITH"},{"floor":15,"key":"REST"},{"floor":24,"key":"REST"}],"circlet_count":0,"master_deck":["AscendersBane","Strike_B+1","Defend_B","Defend_B","Defend_B","Zap+1","Dualcast+1","FTL+1","Chill","Streamline+1","Undo","Reinforced Body","Ball Lightning","Coolheaded","Lockon","Electrodynamics","Defragment","Turbo","Defragment","Core Surge"],"relics":["Cracked Core","Bag of Preparation","Pear","White Beast Statue","Orrery","HornCleat","Philosopher\u0027s Stone","Strawberry","DataDisk","Blood Vial","WingedGreaves"],"acts_visited":["Exordium","TheCity"],"potions_floor_usage":[7,16,22,23,25,28,28],"damage_taken":[{"damage":2,"enemies":"Jaw Worm","floor":1,"turns":4},{"damage":10,"enemies":"Small Slimes","floor":2,"turns":3},{"damage":0,"enemies":"2 Louse","floor":4,"turns":1},{"damage":7,"enemies":"Blue Slaver","floor":5,"turns":3},{"damage":16,"enemies":"3 Sentries","floor":7,"turns":9},{"damage":16,"enemies":"Gremlin Nob","floor":14,"turns":3},{"damage":2,"enemies":"Slime Boss","floor":16,"turns":7},{"damage":24,"enemies":"2 Thieves","floor":18,"turns":2},{"damage":0,"enemies":"Spheric Guardian","floor":22,"turns":3},{"damage":19,"enemies":"Slavers","floor":23,"turns":3},{"damage":23,"enemies":"Gremlin Leader","floor":25,"turns":5},{"damage":29,"enemies":"Book of Stabbing","floor":28,"turns":4}],"seed_played":"-9136064394626816431","potions_obtained":[{"floor":1,"key":"PotionOfCapacity"},{"floor":2,"key":"ColorlessPotion"},{"floor":7,"key":"PotionOfCapacity"},{"floor":14,"key":"Dexterity Potion"},{"floor":16,"key":"SpeedPotion"},{"floor":18,"key":"BlessingOfTheForge"},{"floor":22,"key":"PowerPotion"},{"floor":23,"key":"DuplicationPotion"},{"floor":25,"key":"SkillPotion"}],"is_trial":false,"path_per_floor":["M","M","?","M","M","R","E","R","T","R","?","?","$","E","R","B",null,"M","$","?","?","M","E","R","E","T","?","E"],"character_chosen":"DEFECT","items_purchased":["Orrery"],"campfire_rested":2,"item_purchase_floors":[13],"current_hp_per_floor":[66,56,41,41,34,34,28,28,28,28,28,28,28,12,37,35,73,49,49,49,33,33,21,50,27,27,27,0,0],"gold":115,"neow_bonus":"RANDOM_COMMON_RELIC","is_daily":false,"chose_seed":false,"campfire_upgraded":3,"win_rate":0.0,"timestamp":1610340945,"path_taken":["M","M","?","M","M","R","E","R","T","R","?","?","?","E","R","BOSS","M","$","?","?","M","E","R","E","T","?","E"],"items_purchased_type":["Relic"],"build_version":"2020-12-22","purchased_purges":1,"victory":false,"max_hp_per_floor":[75,75,75,75,75,75,85,85,85,85,85,85,85,85,85,85,85,85,85,85,90,90,97,97,97,97,97,97,97],"card_choices":[{"not_picked":["Redo","Hologram"],"picked":"FTL","floor":1},{"not_picked":["Stack","Fusion"],"picked":"Chill","floor":2},{"not_picked":["Skim","Tempest"],"picked":"Streamline","floor":4},{"not_picked":["Go for the Eyes","Coolheaded"],"picked":"Undo","floor":5},{"not_picked":["Leap","Stack","Turbo"],"picked":"SKIP","floor":7},{"not_picked":["Genetic Algorithm","Compile Driver"],"picked":"Ball Lightning","floor":13},{"not_picked":["Heatsinks","Sunder"],"picked":"Coolheaded","floor":13},{"not_picked":["Reinforced Body","Ball Lightning"],"picked":"Lockon","floor":13},{"not_picked":["Buffer","Barrage","Melter"],"picked":"SKIP","floor":14},{"not_picked":["Seek","Amplify"],"picked":"Electrodynamics","floor":16},{"not_picked":["Steam","Chill"],"picked":"Defragment","floor":18},{"not_picked":["Beam Cell","Force Field"],"picked":"Turbo","floor":22},{"not_picked":["Go for the Eyes","FTL+1"],"picked":"Defragment","floor":23},{"not_picked":["Streamline","Redo"],"picked":"Core Surge","floor":25}],"player_experience":1238452,"relics_obtained":[{"floor":7,"key":"Pear"},{"floor":9,"key":"White Beast Statue"},{"floor":14,"key":"HornCleat"},{"floor":23,"key":"Strawberry"},{"floor":25,"key":"DataDisk"},{"floor":26,"key":"Blood Vial"}],"event_choices":[{"damage_healed":0,"gold_gain":0,"player_choice":"Entered Light","damage_taken":15,"max_hp_gain":0,"max_hp_loss":0,"event_name":"Shining Light","floor":3,"gold_loss":0,"cards_upgraded":["Strike_B","FTL"]},{"cards_removed":["Strike_B"],"damage_healed":0,"gold_gain":0,"player_choice":"Card Removal","damage_taken":0,"max_hp_gain":0,"max_hp_loss":0,"event_name":"The Cleric","floor":11,"gold_loss":50},{"damage_healed":0,"gold_gain":0,"cards_transformed":["Strike_B"],"player_choice":"Change","damage_taken":0,"max_hp_gain":0,"max_hp_loss":0,"event_name":"Living Wall","floor":12,"gold_loss":0,"cards_obtained":["Reinforced Body"]},{"cards_removed":["Strike_B"],"damage_healed":0,"gold_gain":0,"player_choice":"Elegance","damage_taken":0,"max_hp_gain":0,"max_hp_loss":0,"event_name":"Back to Basics","floor":20,"gold_loss":0},{"damage_healed":0,"gold_gain":0,"player_choice":"Shed Blood","damage_taken":21,"max_hp_gain":5,"max_hp_loss":0,"event_name":"Forgotten Altar","floor":21,"gold_loss":0},{"damage_healed":0,"gold_gain":0,"player_choice":"Obtained Relic","damage_taken":0,"relics_obtained":["WingedGreaves"],"max_hp_gain":0,"max_hp_loss":0,"event_name":"Addict","floor":27,"gold_loss":85}],"is_beta":false,"boss_relics":[{"not_picked":["Snecko Eye","SacredBark"],"picked":"Philosopher\u0027s Stone"}],"items_purged_floors":[19],"is_endless":false,"potions_floor_spawned":[1,2,7,14,16,18,22,23,25],"killed_by":"Book of Stabbing","ascension_level":10}}