{"host":"wj90f2q0h2omert0","time":1610398845,"event":{"mods":["BaseMod","Beaked The Cultist","Better Third Choice","ChefMod","Clawfect","Colored Map","DeckTracker","Downfall","Hubris","JesterMod","Minty Spire (QoL Compilation)","Quick Restart","Relic Stats","Robot Space Explorer","Shade Mod","StSLib","The Blackbeard","The Bug Knight","The Druid","The Hayseed","TheSwordswoman"],"gold_per_floor":[132,132,185,309,309,309,309],"floor_reached":6,"playtime":1556,"items_purged":[],"score":211,"play_id":"99ab1987-dde8-4492-bffd-82648d1445a6","local_time":"20210111160045","is_ascension_mode":false,"campfire_choices":[],"circlet_count":0,"master_deck":["HollowMod:NailStrikeStart","HollowMod:NailStrikeStart","HollowMod:NailStrikeStart","HollowMod:NailStrikeStart","HollowMod:QuickDashStart","HollowMod:QuickDashStart","HollowMod:QuickDashStart","HollowMod:QuickDashStart","HollowMod:FocusHealStart+1","HollowMod:PogoStrike","hubris:Greed","hubris:Greed","hubris:Greed","HollowMod:HowlingWraiths+1","hubris:Greed","hubris:Greed","hubris:Greed","hubris:Greed","hubris:Greed","HollowMod:CycloneSlash","hubris:Greed","hubris:Greed","hubris:Greed","hubris:Greed","hubris:Greed","hubris:Greed","hubris:Greed","hubris:Greed","hubris:Greed","hubris:Greed","hubris:Greed","hubris:Greed","hubris:Greed","HollowMod:InfectedAttack","hubris:Greed","hubris:Greed","hubris:Greed","hubris:Greed","hubris:Greed","hubris:Greed","hubris:Greed","hubris:Greed","hubris:Greed","hubris:Greed","hubris:Greed","hubris:Greed","hubris:Greed","hubris:Greed","hubris:Greed","hubris:Greed","hubris:Greed","hubris:Greed","hubris:Greed","hubris:Greed","hubris:Greed","hubris:Greed","hubris:Greed","hubris:Greed","hubris:Greed","hubris:Greed","hubris:Greed","hubris:Greed","hubris:Greed","hubris:Greed","hubris:Greed","hubris:Greed","hubris:Greed","hubris:Greed","hubris:Greed","hubris:Greed","hubris:Greed","hubris:Greed","hubris:Greed","hubris:Greed","hubris:Greed","hubris:Greed","hubris:Greed","hubris:Greed","hubris:Greed"],"relics":["HollowMod:VesselMask","Thread and Needle"],"acts_visited":["Exordium"],"potions_floor_usage":[6],"damage_taken":[{"damage":0,"enemies":"Small Slimes","floor":1,"turns":2},{"damage":0,"enemies":"Cultist","floor":3,"turns":4},{"damage":22,"enemies":"Jaw Worm","floor":4,"turns":5},{"damage":89,"enemies":"Lagavulin","floor":6,"turns":11}],"seed_played":"8983578737469716559","potions_obtained":[{"floor":4,"key":"Swift Potion"}],"is_trial":false,"path_per_floor":["M","?","M","M","?","E"],"character_chosen":"THE_BUGKNIGHT","items_purchased":[],"campfire_rested":0,"item_purchase_floors":[],"current_hp_per_floor":[75,75,75,63,63,0,0],"gold":309,"neow_bonus":"ONE_RARE_RELIC","is_daily":false,"chose_seed":false,"campfire_upgraded":0,"win_rate":0.0,"timestamp":1610398845,"path_taken":["M","?","M","?","?","E"],"items_purchased_type":[],"build_version":"2020-12-22","purchased_purges":0,"victory":false,"max_hp_per_floor":[75,75,75,75,75,75,75],"relic_stats":{"counters":[4,22],"obtain_stats":[{"HollowMod:VesselMask":0,"Thread and Needle":0},{"HollowMod:VesselMask":0,"Thread and Needle":0},{"HollowMod:VesselMask":0,"Thread and Needle":0}]},"card_choices":[{"not_picked":["HollowMod:SiblingsShadow","HollowMod:CoiledNail"],"picked":"HollowMod:HowlingWraiths","floor":1},{"not_picked":["HollowMod:HeavyBlow","HollowMod:ChannelNail"],"picked":"HollowMod:CycloneSlash","floor":3},{"not_picked":["HollowMod:SiblingsSouls","HollowMod:HeavyBlow"],"picked":"HollowMod:InfectedAttack","floor":4}],"player_experience":722646,"relics_obtained":[],"event_choices":[{"damage_healed":0,"gold_gain":0,"player_choice":"Upgraded","damage_taken":0,"max_hp_gain":0,"max_hp_loss":0,"event_name":"Upgrade Shrine","floor":2,"gold_loss":0,"cards_upgraded":["HollowMod:HowlingWraiths"]},{"damage_healed":0,"gold_gain":0,"player_choice":"Grow","damage_taken":0,"max_hp_gain":0,"max_hp_loss":0,"event_name":"Living Wall","floor":5,"gold_loss":0,"cards_upgraded":["HollowMod:FocusHealStart"]}],"is_beta":false,"boss_relics":[],"items_purged_floors":[],"is_endless":false,"potions_floor_spawned":[4],"killed_by":"Lagavulin","ascension_level":0}}