{"host":"roqztpbdbchtekes","time":1610363669,"event":{"mods":["A Magickal Journey","AchievementEnabler","BaseMod","Better Note","Better Third Choice","BetterRewards","Block Reminder","Colored Map","Colored Powertips","Curses Come First","DeckTracker","Minty Spire (QoL Compilation)","Relic Stats","Spicy Shops","StSLib"],"gold_per_floor":[111,123,123,123,51,51,72,105,105,123,123,73,87,106,106,231,231,245,245,44,65,88,88,112,150,150,173,272,272,272,313,313,439,439,458,791,801,45,95,95,95,123,146,162,193,193,0,26,26,26,26,26,26,60,60],"floor_reached":56,"playtime":3544,"items_purged":["Strike_G","Strike_G","Strike_G","Crippling Poison"],"score":1993,"play_id":"7fd06c80-6c17-4d97-9ed0-966b56c03d3e","local_time":"20210111121429","is_ascension_mode":true,"campfire_choices":[{"data":"Cloak And Dagger","floor":6.0,"key":"SMITH"},{"data":"Choke","floor":11.0,"key":"SMITH"},{"data":"PiercingWail","floor":15.0,"key":"SMITH"},{"data":"A Thousand Cuts","floor":23.0,"key":"SMITH"},{"data":"Accuracy","floor":29.0,"key":"SMITH"},{"data":"Leg Sweep","floor":32.0,"key":"SMITH"},{"data":"Leg Sweep","floor":40,"key":"SMITH"},{"data":"Burst","floor":46,"key":"SMITH"},{"floor":49,"key":"RECALL"},{"data":"Accuracy","floor":52,"key":"SMITH"}],"circlet_count":0,"master_deck":["Survivor","Neutralize","Infinite Blades","Cloak And Dagger+1","Choke+1","Acrobatics","Infinite Blades","PiercingWail+1","A Thousand Cuts+1","CurseOfTheBell","Accuracy+1","Accuracy+1","Leg Sweep+1","Accuracy+1","Leg Sweep+1","Backstab+1","Die Die Die","Bouncing Flask","Leg Sweep+1","Corpse Explosion","Grand Finale","Concentrate","Endless Agony+1","Blade Dance+1","Thinking Ahead","Burst+1","Terror+1"],"relics":["Ring of the Snake","Bag of Marbles","Anchor","Singing Bowl","Toy Ornithopter","StoneCalendar","Calling Bell","PreservedInsect","Letter Opener","Bird Faced Urn","Nloth\u0027s Gift","Akabeko","Paper Crane","Regal Pillow","Pandora\u0027s Box","Lantern","Ginger","TheAbacus","Thread and Needle","Happy Flower","Omamori","Snake Skull","Red Mask","MealTicket","Blood Vial"],"acts_visited":["Exordium","TheCity","TheBeyond","TheEnding"],"potions_floor_usage":[35,45,54,54,54,55],"damage_taken":[{"damage":0.0,"enemies":"Jaw Worm","floor":1.0,"turns":4.0},{"damage":0.0,"enemies":"2 Louse","floor":2.0,"turns":3.0},{"damage":0.0,"enemies":"Small Slimes","floor":7.0,"turns":2.0},{"damage":7.0,"enemies":"Gremlin Nob","floor":8.0,"turns":3.0},{"damage":0.0,"enemies":"Red Slaver","floor":10.0,"turns":4.0},{"damage":0.0,"enemies":"Large Slime","floor":13.0,"turns":4.0},{"damage":0.0,"enemies":"Looter","floor":14.0,"turns":3.0},{"damage":3.0,"enemies":"Hexaghost","floor":16.0,"turns":8.0},{"damage":16.0,"enemies":"Spheric Guardian","floor":18.0,"turns":4.0},{"damage":22.0,"enemies":"Chosen","floor":21.0,"turns":6.0},{"damage":6.0,"enemies":"3 Cultists","floor":22.0,"turns":5.0},{"damage":19.0,"enemies":"Centurion and Healer","floor":24.0,"turns":6.0},{"damage":0.0,"enemies":"Gremlin Leader","floor":25.0,"turns":4.0},{"damage":25.0,"enemies":"Cultist and Chosen","floor":27.0,"turns":7.0},{"damage":8.0,"enemies":"Book of Stabbing","floor":31.0,"turns":3.0},{"damage":6.0,"enemies":"Champ","floor":33.0,"turns":7.0},{"damage":0,"enemies":"3 Darklings","floor":35,"turns":2},{"damage":0,"enemies":"Orb Walker","floor":37,"turns":2},{"damage":0,"enemies":"Mind Bloom Boss Battle","floor":39,"turns":6},{"damage":0,"enemies":"Giant Head","floor":42,"turns":5},{"damage":0,"enemies":"3 Darklings","floor":44,"turns":3},{"damage":0,"enemies":"Reptomancer","floor":45,"turns":3},{"damage":0,"enemies":"Giant Head","floor":48,"turns":4},{"damage":11,"enemies":"Donu and Deca","floor":50,"turns":4},{"damage":0,"enemies":"Shield and Spear","floor":54,"turns":2},{"damage":56,"enemies":"The Heart","floor":55,"turns":6}],"seed_played":"-1754115572635007361","potions_obtained":[{"floor":2.0,"key":"Poison Potion"},{"floor":7.0,"key":"DuplicationPotion"},{"floor":8.0,"key":"FairyPotion"},{"floor":18.0,"key":"SkillPotion"},{"floor":24.0,"key":"Weak Potion"},{"floor":27.0,"key":"GamblersBrew"},{"floor":33.0,"key":"Poison Potion"},{"floor":35,"key":"EntropicBrew"},{"floor":39,"key":"CunningPotion"},{"floor":54,"key":"AttackPotion"}],"is_trial":false,"path_per_floor":["M","M","?","?","$","R","M","E","T","M","R","?","M","M","R","B",null,"M","?","$","M","M","R","M","E","T","M","?","R","?","E","R","B",null,"M","?","M","$","?","R","?","E","T","M","E","R","?","E","R","B",null,"R","$","E","B",null],"character_chosen":"THE_SILENT","items_purchased":["Pocketwatch","Infinite Blades","Cloak And Dagger","Bag of Marbles","Anchor","Singing Bowl","Acrobatics","Accuracy","Lantern","Ginger","TheAbacus"],"campfire_rested":0,"item_purchase_floors":[0,0,0,0,0,0,5,20,38,38,38],"current_hp_per_floor":[37,37,12,12,12,12,14,12,12,14,14,14,19,21,21,18,73,59,59,59,52,58,58,49,62,62,49,49,49,35,35,35,41,82,84,84,84,84,84,84,78,90,90,92,92,92,92,94,94,89,94,94,94,94,53],"gold":60,"neow_bonus":"","is_daily":false,"chose_seed":false,"campfire_upgraded":9,"win_rate":0.0,"timestamp":1610363669,"path_taken":["M","M","?","?","?","R","M","E","T","?","R","?","M","M","R","BOSS","M","?","$","?","M","R","M","E","T","M","?","R","?","E","R","BOSS","M","?","M","$","?","R","?","E","T","M","E","R","?","E","R","BOSS","R","$","E","BOSS"],"items_purchased_type":["Relic","Card","Card","Relic","Relic","Relic","Card","Card","Relic","Relic","Relic"],"build_version":"2020-12-22","purchased_purges":4,"victory":true,"max_hp_per_floor":[72,72,72,67,67,67,69,69,69,71,71,71,71,73,73,73,73,73,73,73,73,75,75,75,75,75,77,77,77,82,82,82,82,82,84,84,84,84,84,84,88,90,90,92,92,92,92,94,94,94,94,94,94,94,94],"relic_stats":{"Regal Pillow":0,"Singing Bowl":24,"Happy Flower":[7],"counters":[89,434],"StoneCalendar":[95],"PreservedInsect":463,"Snake Skull":[21],"Letter Opener":[206],"Ginger":[9],"Blood Vial":30,"TheAbacus":[432],"Bird Faced Urn":[96],"Pandora\u0027s Box":["Night Terror","A Thousand Cuts","Phantasmal Killer","Setup","Backflip","Footwork","Leg Sweep","Bouncing Flask","Crippling Poison","Leg Sweep","Corpse Explosion","Grand Finale","Concentrate"],"MealTicket":15,"Nloth\u0027s Gift":3,"obtain_stats":[{"Ice Cream":19,"Gremlin Horn":26,"CeramicFish":46,"Whetstone":0,"Ginger":36,"Blood Vial":0,"Centennial Puzzle":12,"Lizard Tail":28,"Sundial":9,"DollysMirror":45,"MealTicket":48,"Kunai":42,"Toxic Egg 2":37,"Girya":0,"Happy Flower":42,"Dead Branch":10,"Oddly Smooth Stone":19,"Letter Opener":17,"War Paint":26,"Paper Crane":54,"Akabeko":22,"SlaversCollar":34,"Shuriken":45,"Bird Faced Urn":17,"Pandora\u0027s Box":34,"Nloth\u0027s Gift":19,"Ring of the Serpent":17,"Pocketwatch":48,"Meat on the Bone":6,"Lantern":0,"Regal Pillow":31,"Singing Bowl":23,"StoneCalendar":8,"Snake Skull":14,"Juzu Bracelet":14,"Empty Cage":17,"Nunchaku":7,"TheAbacus":28,"Tiny Chest":7,"Red Mask":39,"Chemical X":0,"Ring of the Snake":0,"Runic Pyramid":34,"NeowsBlessing":0,"Golden Idol":5,"Thread and Needle":39,"The Courier":30,"PreservedInsect":17,"Omamori":43,"White Beast Statue":43,"Calling Bell":17,"Strange Spoon":0,"Anchor":0,"Bloody Idol":31,"Ectoplasm":17,"Bag of Marbles":4,"Toy Ornithopter":24},{"Ice Cream":26,"Gremlin Horn":50,"CeramicFish":35,"Whetstone":17,"Ginger":55,"Blood Vial":17,"Centennial Puzzle":6,"Lizard Tail":12,"Sundial":3,"DollysMirror":35,"MealTicket":86,"Kunai":35,"Toxic Egg 2":55,"Girya":17,"Happy Flower":83,"Dead Branch":4,"Oddly Smooth Stone":26,"Letter Opener":71,"War Paint":11,"Paper Crane":38,"Akabeko":8,"SlaversCollar":32,"Shuriken":35,"Bird Faced Urn":71,"Pandora\u0027s Box":53,"Nloth\u0027s Gift":72,"Ring of the Serpent":7,"Pocketwatch":36,"Meat on the Bone":42,"Lantern":39,"Regal Pillow":78,"Singing Bowl":9,"StoneCalendar":67,"Snake Skull":6,"Juzu Bracelet":24,"Empty Cage":25,"Nunchaku":21,"TheAbacus":12,"Tiny Chest":3,"Red Mask":56,"Chemical X":17,"Ring of the Snake":0,"Runic Pyramid":15,"NeowsBlessing":0,"Golden Idol":41,"Thread and Needle":82,"The Courier":30,"PreservedInsect":71,"Omamori":83,"White Beast Statue":35,"Calling Bell":71,"Strange Spoon":39,"Anchor":63,"Bloody Idol":52,"Ectoplasm":46,"Bag of Marbles":2,"Toy Ornithopter":50},{"Ice Cream":140,"Gremlin Horn":249,"CeramicFish":169,"Whetstone":86,"Ginger":286,"Blood Vial":86,"Centennial Puzzle":15,"Lizard Tail":50,"Sundial":3,"DollysMirror":169,"MealTicket":422,"Kunai":169,"Toxic Egg 2":286,"Girya":86,"Happy Flower":412,"Dead Branch":5,"Oddly Smooth Stone":140,"Letter Opener":355,"War Paint":45,"Paper Crane":178,"Akabeko":27,"SlaversCollar":161,"Shuriken":169,"Bird Faced Urn":355,"Pandora\u0027s Box":283,"Nloth\u0027s Gift":359,"Ring of the Serpent":23,"Pocketwatch":170,"Meat on the Bone":202,"Lantern":183,"Regal Pillow":390,"Singing Bowl":32,"StoneCalendar":336,"Snake Skull":15,"Juzu Bracelet":128,"Empty Cage":137,"Nunchaku":107,"TheAbacus":50,"Tiny Chest":3,"Red Mask":290,"Chemical X":86,"Ring of the Snake":0,"Runic Pyramid":79,"NeowsBlessing":0,"Golden Idol":191,"Thread and Needle":407,"The Courier":153,"PreservedInsect":355,"Omamori":412,"White Beast Statue":169,"Calling Bell":355,"Strange Spoon":183,"Anchor":324,"Bloody Idol":257,"Ectoplasm":229,"Bag of Marbles":2,"Toy Ornithopter":249}],"Toy Ornithopter":32,"Ring of the Snake":[144]},"card_choices":[{"not_picked":["Sucker Punch","Deflect","Bane"],"picked":"Singing Bowl","floor":1.0},{"not_picked":["Dash","Tactician"],"picked":"Choke","floor":2.0},{"not_picked":["Outmaneuver","Underhanded Strike","Concentrate"],"picked":"Singing Bowl","floor":7.0},{"not_picked":["Quick Slash","Cloak And Dagger"],"picked":"Infinite Blades","floor":8.0},{"not_picked":["Slice","Distraction","Dodge and Roll"],"picked":"Singing Bowl","floor":10.0},{"not_picked":["Blade Dance","Dagger Throw"],"picked":"PiercingWail","floor":13.0},{"not_picked":["Dagger Throw","PiercingWail","Cloak And Dagger"],"picked":"Singing Bowl","floor":14.0},{"not_picked":["Grand Finale","Wraith Form v2"],"picked":"A Thousand Cuts","floor":16.0},{"not_picked":["Cloak And Dagger","All Out Attack+1"],"picked":"Accuracy","floor":18.0},{"not_picked":["Escape Plan","PiercingWail"],"picked":"Leg Sweep","floor":21.0},{"not_picked":["Acrobatics","Flechettes+1","Cloak And Dagger"],"picked":"Singing Bowl","floor":22.0},{"not_picked":["Dodge and Roll","PiercingWail"],"picked":"Accuracy+1","floor":24.0},{"not_picked":["Riddle With Holes","Venomology"],"picked":"Leg Sweep+1","floor":25.0},{"not_picked":["Flying Knee","Backflip+1","Slice"],"picked":"Singing Bowl","floor":27.0},{"not_picked":["Dagger Throw","Noxious Fumes"],"picked":"Backstab+1","floor":31.0},{"not_picked":["Glass Knife","Wraith Form v2"],"picked":"Die Die Die","floor":33.0},{"not_picked":["Noxious Fumes","Bane","Expertise+1"],"picked":"Singing Bowl","floor":35},{"not_picked":["Backflip","Distraction"],"picked":"Endless Agony+1","floor":37},{"not_picked":["Deflect+1","Underhanded Strike"],"picked":"Blade Dance+1","floor":39},{"not_picked":["Discovery","Jack Of All Trades","Enlightenment"],"picked":"Singing Bowl","floor":41},{"not_picked":["Enlightenment","Impatience"],"picked":"Thinking Ahead","floor":41},{"not_picked":["Purity","Magnetism","Trip"],"picked":"Singing Bowl","floor":41},{"not_picked":["Envenom","Expertise+1","Deflect"],"picked":"Singing Bowl","floor":42},{"not_picked":["Flying Knee+1","Caltrops+1","Prepared+1"],"picked":"Singing Bowl","floor":44},{"not_picked":["Dagger Throw","After Image"],"picked":"Burst","floor":45},{"not_picked":["Calculated Gamble","Tactician+1","Wraith Form v2"],"picked":"Singing Bowl","floor":48},{"not_picked":["Malaise","Leg Sweep"],"picked":"Terror+1","floor":54}],"player_experience":297612,"relics_obtained":[{"floor":8.0,"key":"StoneCalendar"},{"floor":17.0,"key":"PreservedInsect"},{"floor":17.0,"key":"Letter Opener"},{"floor":17.0,"key":"Bird Faced Urn"},{"floor":25.0,"key":"Akabeko"},{"floor":26.0,"key":"Paper Crane"},{"floor":31.0,"key":"Regal Pillow"},{"floor":39,"key":"Thread and Needle"},{"floor":42,"key":"Happy Flower"},{"floor":43,"key":"Omamori"},{"floor":45,"key":"Snake Skull"},{"floor":48,"key":"MealTicket"},{"floor":54,"key":"Blood Vial"}],"event_choices":[{"damage_healed":0.0,"max_hp_gain":0.0,"max_hp_loss":0.0,"gold_gain":0.0,"event_name":"betterThird:BetterScrap","player_choice":"Relic ","floor":3.0,"gold_loss":0.0,"damage_taken":25.0,"cards_obtained":["Dark Embrace"]},{"damage_healed":0.0,"max_hp_gain":0.0,"max_hp_loss":5.0,"gold_gain":0.0,"event_name":"Golden Idol","player_choice":"Lose Max HP","floor":4.0,"gold_loss":0.0,"damage_taken":0.0,"relics_obtained":["Golden Idol"]},{"cards_removed":["Defend_G"],"damage_healed":0.0,"max_hp_gain":0.0,"max_hp_loss":0.0,"gold_gain":0.0,"event_name":"The Cleric","player_choice":"Card Removal","floor":12.0,"gold_loss":50.0,"damage_taken":0.0},{"damage_healed":0.0,"max_hp_gain":0.0,"max_hp_loss":0.0,"gold_gain":0.0,"event_name":"N\u0027loth","player_choice":"Traded Relic","floor":19.0,"relics_lost":["Pocketwatch"],"gold_loss":0.0,"damage_taken":0.0,"relics_obtained":["Nloth\u0027s Gift"]},{"damage_healed":0.0,"max_hp_gain":0.0,"max_hp_loss":0.0,"gold_gain":99.0,"event_name":"betterThird:BetterNest","player_choice":"Steal","floor":28.0,"gold_loss":0.0,"damage_taken":0.0},{"damage_healed":0.0,"max_hp_gain":5.0,"max_hp_loss":0.0,"gold_gain":0.0,"event_name":"Forgotten Altar","player_choice":"Shed Blood","floor":30.0,"gold_loss":0.0,"damage_taken":19.0},{"damage_healed":0,"gold_gain":333,"player_choice":"Gave Idol","damage_taken":0,"max_hp_gain":0,"max_hp_loss":0,"event_name":"The Moai Head","floor":36,"relics_lost":["Golden Idol"],"gold_loss":0},{"damage_healed":0,"gold_gain":0,"player_choice":"Fight","damage_taken":0,"max_hp_gain":0,"max_hp_loss":0,"event_name":"MindBloom","floor":39,"gold_loss":0},{"damage_healed":0,"gold_gain":0,"player_choice":"Memory 3","damage_taken":10,"max_hp_gain":0,"max_hp_loss":0,"event_name":"SensoryStone","floor":41,"gold_loss":0},{"damage_healed":0,"gold_gain":0,"player_choice":"Paid","damage_taken":0,"relics_obtained":["Red Mask"],"max_hp_gain":0,"max_hp_loss":0,"event_name":"Tomb of Lord Red Mask","floor":47,"gold_loss":193}],"is_beta":false,"boss_relics":[{"not_picked":["SlaversCollar","Fusion Hammer"],"picked":"Calling Bell"},{"not_picked":["SacredBark","Velvet Choker"],"picked":"Pandora\u0027s Box"}],"items_purged_floors":[0,0,20,38],"is_endless":false,"potions_floor_spawned":[2,7,8,18,24,27,33,35,39,54],"ascension_level":4}}