{"host":"9vk21r6l9dtkpvh9","time":1610390341,"event":{"mods":["100% Spire Juice","2.2 Compatiblity","AchievementEnabler","Act Like it!","Astrologer","Bartender","BaseMod","Better Altar","Better Match","Better Note","Better Sensory Stone","Better Skull","Better Third Choice","BetterRewards","CapriCore","CatGirl Mod","Colored Map","Colored Powertips","Conspire","DeckTracker","Downfall","Energized Spire","Gensokyo","GifTheSpireLib","Hermit","Hubris","Infinite Spire","Jorbs\u0027s Wanderer Trilogy","Koishi","LagranYue(???·?)","Luminous","Mad Scientist","Marisa????????","Mimic Mod","Minty Spire (QoL Compilation)","Potionbrewer","Rare Cards Sparkle","Relic Stats","Replay The Spire","SOS???????","Shade Mod","Spicy Shops","StSLib","SuperFastMode","Td1madao Mod","The Animator","The Forsaken","The Gatherer","The Hierophant","The Immortal","The Jungle","The Marked","The Mystic","The Necromancer","The Runesmith","The Senshi","The Servant 0.9.4","The Valiant","The Wild Card","TheBandit","TheSwordswoman","TheWitcher","WarShipGirlsR/????R mod","vexMod","???Mod??????Boss"],"gold_per_floor":[110,110,120,120,120,147,164,164,188,202,219,234,254,288,288,390,390,406,406,419,419,234,286,286,286,286,286,317,354,373,427,427,542,542,570,597,203,230,230,230,230,230,253,289,289,289,320,320,320,334],"floor_reached":51,"playtime":3743,"items_purged":["hubris:Sloth"],"score":474,"play_id":"f989d1de-b7f4-4ee0-a26d-7160dbfaa89a","local_time":"20210111133901","daily_mods":["DeadlyEvents"],"is_ascension_mode":false,"campfire_choices":[{"data":"True Grit","floor":8,"key":"SMITH"},{"data":"Battle Trance","floor":15,"key":"SMITH"},{"data":"Disarm","floor":24,"key":"SMITH"},{"floor":27,"key":"REST"},{"data":"Disarm","floor":32,"key":"SMITH"},{"floor":40,"key":"REST"},{"floor":42,"key":"REST"},{"floor":49,"key":"REST"}],"circlet_count":0,"master_deck":["Strike_R","Strike_R","Strike_R","Strike_R","Strike_R","Defend_R","Defend_R","Defend_R+1","Defend_R","Bash","True Grit+1","Sword Boomerang","Reaper","Shrug It Off","Thunderclap","Double Tap","Battle Trance+1","Pommel Strike","Impervious","Disarm+1","Shrug It Off","Feel No Pain","Flame Barrier","Power Through","Disarm+1","Spot Weakness","Clothesline","Metallicize","Disarm+1","Feed","Flame Barrier+1","Feel No Pain","True Grit+1"],"relics":["Burning Blood","mysticmod:CrystalBall","LagranYue:RandomDrawCardRelic","ReplayTheSpireMod:Spearhead","Happy Flower","Lantern","Mark of Pain","ReplayTheSpireMod:CursedCoin","Replay:Bandana","hubris:BundleOfHerbs","vexMod:Dragonfruit","vexMod:InvisibilityCloak","Fusion Hammer","infinitespire:Bottled Soul","Toolbox","Oddly Smooth Stone"],"acts_visited":["Exordium","TheCity","TheBeyond"],"potions_floor_usage":[16,16,31,50,50,50,50,50],"damage_taken":[{"damage":0,"enemies":"conspire:RoseBush","floor":1,"turns":5},{"damage":2,"enemies":"Small Slimes","floor":3,"turns":4},{"damage":40,"enemies":"3 Sentries","floor":6,"turns":14},{"damage":0,"enemies":"2 Louse","floor":7,"turns":4},{"damage":12,"enemies":"Exordium Thugs","floor":10,"turns":7},{"damage":1,"enemies":"Large Slime","floor":11,"turns":8},{"damage":18,"enemies":"Lots of Slimes","floor":12,"turns":4},{"damage":11,"enemies":"conspire:2 RoseBushes","floor":13,"turns":6},{"damage":5,"enemies":"Replay:BlueRogue","floor":14,"turns":6},{"damage":71,"enemies":"Hexaghost","floor":16,"turns":16},{"damage":39,"enemies":"conspire:FuzzyDice","floor":18,"turns":6},{"damage":10,"enemies":"Shell Parasite","floor":20,"turns":7},{"damage":36,"enemies":"conspire:SneckoGhost","floor":23,"turns":13},{"damage":2,"enemies":"Shelled Parasite and Fungi","floor":28,"turns":10},{"damage":5,"enemies":"Centurion and Healer","floor":29,"turns":9},{"damage":0,"enemies":"conspire:HollyBat","floor":30,"turns":10},{"damage":0,"enemies":"conspire:Head Lice","floor":31,"turns":8},{"damage":64,"enemies":"Collector","floor":33,"turns":13},{"damage":3,"enemies":"Orb Walker","floor":35,"turns":5},{"damage":1,"enemies":"3 Darklings","floor":36,"turns":6},{"damage":23,"enemies":"Jaw Worm Horde","floor":38,"turns":4},{"damage":71,"enemies":"Transient","floor":44,"turns":5},{"damage":21,"enemies":"4 Shapes","floor":47,"turns":8},{"damage":68,"enemies":"Donu and Deca","floor":50,"turns":16}],"seed_played":"5470089830302117154","potions_obtained":[{"floor":1,"key":"FairyPotion"},{"floor":6,"key":"potionbrewer:NoxiousPotion"},{"floor":11,"key":"potionbrewer:InfectionPotion"},{"floor":20,"key":"potionbrewer:FreezingPotion"},{"floor":23,"key":"potionbrewer:MidasPotion"},{"floor":36,"key":"BlessingOfTheForge"},{"floor":44,"key":"AttackPotion"}],"is_trial":true,"path_per_floor":["M","WH","M","?","?","E","M","R","T","M","M","M","M","E","R","B",null,"M","WH","M","WH","$","E","R","?","T","R","M","M","M","E","R","B",null,"M","M","$","M","?","R","WH","R","T","M","WH","WH","M","WH","R","B",null],"character_chosen":"IRONCLAD","items_purchased":["ReplayTheSpireMod:CursedCoin","Replay:Bandana","Feel No Pain","Flame Barrier","infinitespire:Bottled Soul","Toolbox"],"campfire_rested":4,"item_purchase_floors":[22,22,22,22,37,37],"current_hp_per_floor":[80,88,88,88,88,54,64,64,64,66,77,76,78,79,79,26,88,63,71,67,76,76,46,46,46,51,84,88,97,107,110,110,69,110,110,113,113,100,100,117,128,128,128,63,75,89,77,92,143,147],"gold":334,"neow_bonus":"TEN_PERCENT_HP_BONUS","is_daily":false,"chose_seed":false,"campfire_upgraded":4,"win_rate":0.0,"timestamp":1610390341,"path_taken":["M","WH","M","?","?","E","M","R","T","M","M","M","M","E","R","BOSS","M","WH","M","WH","$","E","R","?","T","R","M","M","M","E","R","BOSS","M","M","$","M","?","R","WH","R","T","M","WH","WH","M","WH","R","BOSS"],"items_purchased_type":["Relic","Relic","Card","Card","Relic","Relic"],"build_version":"2020-12-22","purchased_purges":1,"victory":true,"max_hp_per_floor":[80,88,88,88,88,88,88,88,88,88,88,88,88,88,88,88,88,88,96,96,105,105,105,105,105,110,110,110,110,110,110,110,110,110,110,113,113,117,117,117,128,128,128,128,140,154,157,172,172,172],"relic_stats":{"Happy Flower":[55],"counters":[24,194],"obtain_stats":[{"Lantern":14,"mysticmod:CrystalBall":0,"LagranYue:RandomDrawCardRelic":0,"Happy Flower":9,"ReplayTheSpireMod:CursedCoin":22,"Oddly Smooth Stone":43,"Burning Blood":0,"vexMod:Dragonfruit":26,"vexMod:InvisibilityCloak":31,"ReplayTheSpireMod:Spearhead":6,"Replay:Bandana":22,"infinitespire:Bottled Soul":37,"Toolbox":37,"Mark of Pain":17,"hubris:BundleOfHerbs":23,"Fusion Hammer":34},{"Lantern":9,"mysticmod:CrystalBall":0,"LagranYue:RandomDrawCardRelic":0,"Happy Flower":4,"ReplayTheSpireMod:CursedCoin":12,"Oddly Smooth Stone":21,"Burning Blood":0,"vexMod:Dragonfruit":13,"vexMod:InvisibilityCloak":17,"ReplayTheSpireMod:Spearhead":3,"Replay:Bandana":12,"infinitespire:Bottled Soul":20,"Toolbox":20,"Mark of Pain":10,"hubris:BundleOfHerbs":13,"Fusion Hammer":18},{"Lantern":58,"mysticmod:CrystalBall":0,"LagranYue:RandomDrawCardRelic":0,"Happy Flower":27,"ReplayTheSpireMod:CursedCoin":87,"Oddly Smooth Stone":165,"Burning Blood":0,"vexMod:Dragonfruit":100,"vexMod:InvisibilityCloak":137,"ReplayTheSpireMod:Spearhead":23,"Replay:Bandana":87,"infinitespire:Bottled Soul":161,"Toolbox":161,"Mark of Pain":74,"hubris:BundleOfHerbs":100,"Fusion Hammer":150}],"Burning Blood":120},"card_choices":[{"not_picked":["Cleave","Dark Embrace"],"picked":"True Grit","floor":1},{"not_picked":["Perfected Strike","Entrench"],"picked":"Sword Boomerang","floor":3},{"not_picked":["Thunderclap","Seeing Red"],"picked":"Reaper","floor":6},{"not_picked":["Sword Boomerang","Headbutt","ReplayTheSpireMod:Corrosion Curse"],"picked":"SKIP","floor":7},{"not_picked":["Body Slam","Flex"],"picked":"Shrug It Off","floor":10},{"not_picked":["Bloodletting","Heavy Blade"],"picked":"Thunderclap","floor":11},{"not_picked":["Body Slam","Clothesline"],"picked":"Double Tap","floor":12},{"not_picked":["ReplayTheSpireMod:Muscle Training","Flex"],"picked":"Battle Trance","floor":13},{"not_picked":["Shrug It Off","Massacre"],"picked":"Pommel Strike","floor":14},{"not_picked":["Reaper","hubris:StunningStrike"],"picked":"Impervious","floor":16},{"not_picked":["Warcry","Whirlwind"],"picked":"Disarm","floor":18},{"not_picked":["Clash","Perfected Strike+1"],"picked":"Shrug It Off","floor":20},{"not_picked":["Replay:Undeath\u0027s Touch+1","Pummel"],"picked":"Power Through","floor":23},{"not_picked":["Heavy Blade+1","Inflame"],"picked":"Spot Weakness","floor":28},{"not_picked":["Sever Soul","Warcry+1"],"picked":"Clothesline","floor":29},{"not_picked":["Searing Blow+1","Blood for Blood"],"picked":"Metallicize","floor":30},{"not_picked":["ReplayReversal","Shockwave"],"picked":"Disarm","floor":31},{"not_picked":["hubris:StunningStrike","Hemogenesis"],"picked":"Feed","floor":33},{"not_picked":["Wild Strike","Dark Embrace"],"picked":"Flame Barrier+1","floor":35},{"not_picked":["Entrench","Clash","True Grit"],"picked":"SKIP","floor":36},{"not_picked":["hubris:SharpeningStone","Heavy Blade+1"],"picked":"Feel No Pain","floor":38},{"not_picked":["Massacre+1","Sentinel+1"],"picked":"True Grit+1","floor":44},{"not_picked":["Heavy Blade+1","Burning Pact","Body Slam+1"],"picked":"SKIP","floor":47}],"player_experience":642727,"relics_obtained":[{"floor":6,"key":"ReplayTheSpireMod:Spearhead"},{"floor":9,"key":"Happy Flower"},{"floor":14,"key":"Lantern"},{"floor":23,"key":"hubris:BundleOfHerbs"},{"floor":26,"key":"vexMod:Dragonfruit"},{"floor":31,"key":"vexMod:InvisibilityCloak"},{"floor":43,"key":"Oddly Smooth Stone"}],"event_choices":[{"damage_healed":0,"gold_gain":0,"player_choice":"Disagree","damage_taken":0,"max_hp_gain":0,"max_hp_loss":0,"event_name":"conspire:LoneGhost","floor":4,"gold_loss":0},{"damage_healed":0,"gold_gain":0,"player_choice":"Copied","damage_taken":0,"max_hp_gain":0,"max_hp_loss":0,"event_name":"Duplicator","floor":25,"gold_loss":0,"cards_obtained":["Disarm"]},{"damage_healed":0,"gold_gain":0,"player_choice":"Ignored","damage_taken":0,"max_hp_gain":0,"max_hp_loss":0,"event_name":"Tomb of Lord Red Mask","floor":39,"gold_loss":0}],"is_beta":false,"boss_relics":[{"not_picked":["Velvet Choker","Calling Bell"],"picked":"Mark of Pain"},{"not_picked":["Runic Dome","Cursed Key"],"picked":"Fusion Hammer"}],"items_purged_floors":[22],"is_endless":false,"potions_floor_spawned":[1,6,11,13,20,23,28,36,44],"ascension_level":0}}