{"host":"56ghxnzsglgdq727","time":1610401565,"event":{"mods":["AchievementEnabler","BaseMod","Downfall","Duelist Mod","Minty Spire (QoL Compilation)","Rare Cards Sparkle","StSLib","The Bug Knight","The Exalted","The Senshi","The Wild Card"],"gold_per_floor":[136,136,56,56,56,88,88,88,88,88,103,103,121,151,151,151,151],"floor_reached":16,"playtime":589,"items_purged":[],"score":138,"play_id":"15ca69f8-d139-48ef-a760-ddb97c161f93","local_time":"20210111164605","is_ascension_mode":true,"campfire_choices":[{"data":"theDuelist:VampireRetainer","floor":8.0,"key":"SMITH"},{"data":"theDuelist:VampireDomain","floor":10.0,"key":"SMITH"},{"data":"theDuelist:VampireDesire","floor":15,"key":"SMITH"}],"circlet_count":0,"master_deck":["theDuelist:ArchfiendZombieSkull","theDuelist:ArmoredZombie","theDuelist:ArmoredZombie","theDuelist:ArmoredZombie","theDuelist:ClownZombie","theDuelist:ClownZombie","theDuelist:PatricianDarkness","theDuelist:ShallowGrave","theDuelist:SkullConductor","theDuelist:TutanMask","theDuelist:VampireDomain+1","theDuelist:VampireVamp","theDuelist:VampireDesire+1","theDuelist:VampireSorcerer"],"relics":["theDuelist:MillenniumPuzzle","theDuelist:CardPoolRelic","theDuelist:CardPoolBasicRelic","theDuelist:BoosterPackPoolRelic","theDuelist:CardPoolAddRelic","theDuelist:CardPoolMinusRelic","theDuelist:CardPoolSaveRelic","theDuelist:CardPoolOptionsRelic","NeowsBlessing","Bottled Lightning","Darkstone Periapt","theDuelist:DuelistLetterOpener","theSenshi:FeatherClipsRelic"],"acts_visited":["Exordium"],"potions_floor_usage":[13,14,16],"damage_taken":[{"damage":0.0,"enemies":"2 Louse","floor":1.0,"turns":1.0},{"damage":0.0,"enemies":"3 Sentries","floor":6.0,"turns":1.0},{"damage":0.0,"enemies":"Jaw Worm","floor":11.0,"turns":1.0},{"damage":10,"enemies":"Small Slimes","floor":13,"turns":1},{"damage":2,"enemies":"HollowMod:MossKnight","floor":14,"turns":7},{"damage":77,"enemies":"Slime Boss","floor":16,"turns":19}],"seed_played":"856515149655539756","potions_obtained":[{"floor":11.0,"key":"champ:CounterPotion"},{"floor":13,"key":"Regen Potion"},{"floor":14,"key":"Block Potion"}],"is_trial":false,"path_per_floor":["M","?","$","?","?","E","?","R","T","R","M","?","M","E","R","B"],"character_chosen":"THE_DUELIST","items_purchased":["theDuelist:VampireRetainer"],"campfire_rested":0,"item_purchase_floors":[3],"current_hp_per_floor":[80,80,80,80,80,80,80,80,80,80,80,74,64,76,76,0,0],"gold":151,"neow_bonus":"THREE_ENEMY_KILL","is_daily":false,"chose_seed":false,"campfire_upgraded":3,"win_rate":0.0,"timestamp":1610401565,"path_taken":["M","?","$","?","?","E","?","R","T","R","M","?","?","E","R","BOSS"],"items_purchased_type":["Card"],"build_version":"2020-12-22","purchased_purges":0,"victory":false,"max_hp_per_floor":[80,80,80,80,80,80,80,80,80,80,80,80,80,80,80,80,80],"card_choices":[{"not_picked":["theDuelist:VampireRedBaron","theDuelist:VampireFraulein","theDuelist:DarkDustSpirit","theDuelist:HauntedShrine"],"picked":"theDuelist:VampireDomain","floor":1.0},{"not_picked":["theDuelist:VampireGrimson","theDuelist:GhostrickJiangshi","theDuelist:GhostrickGhoul","theDuelist:YukiMusume"],"picked":"theDuelist:VampireVamp","floor":6.0},{"not_picked":["theDuelist:Kasha","theDuelist:WightLady","theDuelist:GoblinZombie","theDuelist:FearFromDark"],"picked":"theDuelist:VampireDesire","floor":11.0},{"not_picked":["theDuelist:AshBlossom","theDuelist:BattleFusion","theDuelist:Wightprincess","theDuelist:FusionTag","theDuelist:Pumpking"],"picked":"SKIP","floor":13},{"not_picked":["theDuelist:FossilSkullknight","theDuelist:DesLacooda","theDuelist:GhostrickYeti","theDuelist:Wightmare"],"picked":"theDuelist:VampireSorcerer","floor":14}],"player_experience":227393,"relics_obtained":[{"floor":6.0,"key":"Bottled Lightning"},{"floor":9.0,"key":"Darkstone Periapt"},{"floor":14,"key":"theSenshi:FeatherClipsRelic"}],"event_choices":[{"damage_healed":0.0,"max_hp_gain":0.0,"max_hp_loss":0.0,"gold_gain":0.0,"event_name":"Tomb of the Nameless","player_choice":"Leave","duelist":true,"floor":2.0,"gold_loss":0.0,"damage_taken":0.0},{"damage_healed":0.0,"max_hp_gain":0.0,"max_hp_loss":0.0,"gold_gain":0.0,"event_name":"Egyptian Village","player_choice":"Leave","duelist":true,"floor":4.0,"gold_loss":0.0,"damage_taken":0.0},{"damage_healed":0.0,"max_hp_gain":0.0,"max_hp_loss":0.0,"gold_gain":0.0,"event_name":"Relic Duplicator","player_choice":"Leave","duelist":true,"floor":5.0,"gold_loss":0.0,"damage_taken":0.0},{"damage_healed":0.0,"max_hp_gain":0.0,"max_hp_loss":0.0,"gold_gain":0.0,"event_name":"Battle City","player_choice":"Leave","duelist":true,"floor":7.0,"gold_loss":0.0,"damage_taken":0.0},{"damage_healed":0.0,"max_hp_gain":0.0,"max_hp_loss":0.0,"gold_gain":0.0,"event_name":"Aknamkanon\u0027s Tomb","player_choice":"Dig - random Duelist relic","duelist":true,"floor":12.0,"gold_loss":0.0,"damage_taken":0.0}],"is_beta":false,"boss_relics":[],"items_purged_floors":[],"is_endless":false,"potions_floor_spawned":[11,13,14],"killed_by":"Slime Boss","ascension_level":1}}