{"host":"hve1dyh1ly81yl9f","time":1610385891,"event":{"mods":["BaseMod","Colored Map","DeckTracker","Highlight Path","Keyboard Shortcuts","Minty Spire (QoL Compilation)","Permanent Neow","Quick Restart","StSLib","SuperFastMode"],"gold_per_floor":[111,40,40,54,54,95,119,119,143,143,168,209,209,245,245,371,371,360,385,408,423,57,57,57,7,34,48,48,48,127,140,140,140,140],"floor_reached":33,"playtime":1141,"items_purged":["Strike_R","Strike_R"],"score":383,"play_id":"09e4fe5e-2f7d-4b99-9dae-f4842a1fe402","local_time":"20210112022451","is_ascension_mode":true,"campfire_choices":[{"floor":8.0,"key":"REST"},{"data":"Feed","floor":10.0,"key":"SMITH"},{"data":"True Grit","floor":15.0,"key":"SMITH"},{"floor":23,"key":"REST"},{"floor":32,"key":"REST"}],"circlet_count":0,"master_deck":["Strike_R","Defend_R","Defend_R","Defend_R","Bash","Feed+1","Rampage+1","Headbutt","True Grit+1","Feed","Hemokinesis+1","Twin Strike+1","True Grit+1","Headbutt+1","Battle Trance+1","Pommel Strike","Pommel Strike"],"relics":["Burning Blood","Golden Idol","Red Skull","Tiny Chest","Smiling Mask","Toxic Egg 2","Astrolabe","Gremlin Horn","MutagenicStrength","Oddly Smooth Stone","Paper Frog"],"acts_visited":["Exordium","TheCity"],"potions_floor_usage":[21,33,33],"damage_taken":[{"damage":19.0,"enemies":"Jaw Worm","floor":1.0,"turns":3.0},{"damage":6.0,"enemies":"2 Louse","floor":4.0,"turns":2.0},{"damage":30.0,"enemies":"3 Sentries","floor":6.0,"turns":8.0},{"damage":5.0,"enemies":"Small Slimes","floor":7.0,"turns":2.0},{"damage":16.0,"enemies":"3 Louse","floor":11.0,"turns":2.0},{"damage":35.0,"enemies":"Lagavulin","floor":12.0,"turns":5.0},{"damage":38.0,"enemies":"3 Sentries","floor":14.0,"turns":6.0},{"damage":32.0,"enemies":"Slime Boss","floor":16.0,"turns":9.0},{"damage":28,"enemies":"2 Thieves","floor":18,"turns":4},{"damage":17,"enemies":"Chosen","floor":19,"turns":4},{"damage":33,"enemies":"Sentry and Sphere","floor":20,"turns":4},{"damage":15,"enemies":"3 Cultists","floor":21,"turns":4},{"damage":24,"enemies":"Snake Plant","floor":27,"turns":2},{"damage":15,"enemies":"Centurion and Healer","floor":31,"turns":5},{"damage":62,"enemies":"Champ","floor":33,"turns":7}],"seed_played":"-3293588513436756095","potions_obtained":[{"floor":1.0,"key":"Strength Potion"},{"floor":4.0,"key":"Weak Potion"},{"floor":6.0,"key":"Fruit Juice"},{"floor":12.0,"key":"BloodPotion"},{"floor":20,"key":"SkillPotion"},{"floor":21,"key":"SneckoOil"},{"floor":31,"key":"SteroidPotion"}],"is_trial":false,"path_per_floor":["M","$","?","M","?","E","M","R","T","R","M","E","?","E","R","B",null,"M","M","M","M","$","R","?","$","T","M","?","$","T","M","R","B"],"character_chosen":"IRONCLAD","items_purchased":["Rampage","Gremlin Horn","Pommel Strike"],"campfire_rested":3,"item_purchase_floors":[2,22,22],"current_hp_per_floor":[62,62,44,47,47,26,35,61,61,61,55,26,57,43,43,17,74,56,48,21,15,15,45,45,45,45,27,27,27,27,22,54,0,0],"gold":140,"neow_bonus":"THREE_RARE_CARDS","is_daily":false,"chose_seed":false,"campfire_upgraded":2,"win_rate":0.0,"timestamp":1610385891,"path_taken":["M","$","?","M","?","E","M","R","T","R","M","E","?","E","R","BOSS","M","M","M","M","$","R","?","$","T","M","?","$","?","?","R","BOSS"],"items_purchased_type":["Card","Relic","Card"],"build_version":"2020-12-22","purchased_purges":2,"victory":false,"max_hp_per_floor":[75,75,75,78,78,81,89,89,89,89,93,93,93,93,93,93,93,97,100,100,103,103,103,103,103,103,103,103,103,103,107,107,107,107],"card_choices":[{"not_picked":["Berserk","Corruption"],"picked":"Feed","floor":0.0},{"not_picked":["Blood for Blood","Flame Barrier","Second Wind"],"picked":"SKIP","floor":1.0},{"not_picked":["Cleave","Pommel Strike"],"picked":"Headbutt","floor":4.0},{"not_picked":["Rage","Thunderclap","Bloodletting"],"picked":"SKIP","floor":6.0},{"not_picked":["Perfected Strike","Cleave","Anger"],"picked":"SKIP","floor":7.0},{"not_picked":["Dual Wield","Havoc","Combust"],"picked":"SKIP","floor":11.0},{"not_picked":["Iron Wave","Barricade"],"picked":"True Grit","floor":12.0},{"not_picked":["Flex+1","Clash","Fire Breathing"],"picked":"SKIP","floor":14.0},{"not_picked":["Barricade","Immolate"],"picked":"Feed","floor":16.0},{"not_picked":["Carnage","Dropkick+1","Thunderclap+1"],"picked":"SKIP","floor":18},{"not_picked":["Inflame","Rupture"],"picked":"Headbutt+1","floor":19},{"not_picked":["Perfected Strike","Iron Wave+1"],"picked":"Battle Trance+1","floor":20},{"not_picked":["Sentinel+1","Perfected Strike+1","Clothesline"],"picked":"SKIP","floor":21},{"not_picked":["Reckless Charge","Iron Wave"],"picked":"Pommel Strike","floor":27},{"not_picked":["Limit Break+1","Bloodletting+1","Carnage"],"picked":"SKIP","floor":31}],"player_experience":305182,"relics_obtained":[{"floor":6.0,"key":"Red Skull"},{"floor":9.0,"key":"Tiny Chest"},{"floor":12.0,"key":"Smiling Mask"},{"floor":14.0,"key":"Toxic Egg 2"},{"floor":26,"key":"Oddly Smooth Stone"},{"floor":30,"key":"Paper Frog"}],"event_choices":[{"damage_healed":0.0,"max_hp_gain":0.0,"max_hp_loss":0.0,"gold_gain":0.0,"event_name":"Golden Idol","player_choice":"Take Damage","floor":3.0,"gold_loss":0.0,"damage_taken":18.0,"relics_obtained":["Golden Idol"]},{"damage_healed":0.0,"max_hp_gain":0.0,"max_hp_loss":0.0,"gold_gain":0.0,"event_name":"Living Wall","player_choice":"Grow","floor":5.0,"gold_loss":0.0,"damage_taken":0.0,"cards_upgraded":["Rampage"]},{"damage_healed":31.0,"max_hp_gain":0.0,"max_hp_loss":0.0,"gold_gain":0.0,"event_name":"Big Fish","player_choice":"Banana","floor":13.0,"gold_loss":0.0,"damage_taken":0.0},{"damage_healed":0,"gold_gain":0,"player_choice":"Inject Mutagens","damage_taken":0,"relics_obtained":["MutagenicStrength"],"max_hp_gain":0,"max_hp_loss":0,"event_name":"Drug Dealer","floor":24,"gold_loss":0}],"is_beta":false,"boss_relics":[{"not_picked":["Ectoplasm","Velvet Choker"],"picked":"Astrolabe"}],"items_purged_floors":[22,25],"is_endless":false,"potions_floor_spawned":[1,4,6,12,20,21,31],"killed_by":"Champ","ascension_level":7}}