{"host":"ilrepnd391jk07a9","time":1610352200,"event":{"mods":["Act Like it!","Aspiration","BaseMod","Better Altar","Better Note","Better Skull","Better Third Choice","BetterRewards","Colored Powertips","DeckTracker","Defuse TimeMaze Blight","Downfall","Elementarium","GifTheSpireLib","Gremlin Skip","Halation","Highlight Path","Hubris","Infinite Spire","Minty Spire (QoL Compilation)","Quick Restart","Relic Stats","Replay The Spire","StSLib","Stuff the Spire","everything is the same but u backflip on backflip","vexMod"],"gold_per_floor":[110,0,11,11,11,11,31,61,61,80,105,105,105,105,105,105,105],"floor_reached":16,"playtime":723,"items_purged":[],"score":316,"play_id":"d754acba-62ca-459a-9afa-8c71c98f0553","local_time":"20210111210320","is_ascension_mode":true,"campfire_choices":[{"data":"Enlightenment","floor":6.0,"key":"SMITH"},{"data":"Carnage","floor":12,"key":"SMITH"},{"floor":15,"key":"REST"}],"circlet_count":0,"master_deck":["AscendersBane","Strike_R","Strike_R","Strike_R","Strike_R","Defend_R","Defend_R","Defend_R","Defend_R","Bash","Pommel Strike","Pommel Strike","Shrug It Off","Evolve","Enlightenment+1","Carnage+1","Power Through","Reckless Charge","Injury"],"relics":["Burning Blood","Membership Card","halation:Thesaurus","halation:OrihimeAndHikoboshiSamaAndTears","halation:SwordOfLegend","Lantern","Blue Doll","Pocketwatch","Golden Idol","hubris:FruitBowl"],"acts_visited":["Exordium"],"potions_floor_usage":[8,11,16],"damage_taken":[{"damage":0.0,"enemies":"Jaw Worm","floor":1.0,"turns":4.0},{"damage":8.0,"enemies":"Small Slimes","floor":3.0,"turns":3.0},{"damage":0.0,"enemies":"2 Louse","floor":7.0,"turns":1.0},{"damage":40,"enemies":"Lagavulin","floor":8,"turns":6},{"damage":3,"enemies":"2 Fungi Beasts","floor":10,"turns":2},{"damage":8,"enemies":"Gremlin Nob","floor":11,"turns":3},{"damage":47,"enemies":"The Guardian","floor":16,"turns":8}],"seed_played":"-5045641542461079850","potions_obtained":[{"floor":3.0,"key":"PowerPotion"},{"floor":7.0,"key":"Guardian:BlockOnCardUsePotion"},{"floor":8,"key":"Regen Potion"}],"is_trial":false,"path_per_floor":["M","?","M","?","?","R","M","E","T","M","E","R","?","$","R","B"],"character_chosen":"IRONCLAD","items_purchased":["Membership Card","Pommel Strike","Shrug It Off","halation:Thesaurus","Evolve","hubris:FruitBowl"],"campfire_rested":1,"item_purchase_floors":[0,0,0,0,0,14],"current_hp_per_floor":[43,49,47,47,40,46,52,18,18,21,28,40,40,21,45,0,0],"gold":105,"neow_bonus":"","is_daily":false,"chose_seed":false,"campfire_upgraded":2,"win_rate":0.0,"timestamp":1610352200,"path_taken":["M","?","M","?","?","R","M","E","T","M","E","R","?","?","R","BOSS"],"items_purchased_type":["Relic","Card","Card","Relic","Card","Relic"],"build_version":"2020-12-22","purchased_purges":0,"victory":false,"max_hp_per_floor":[75,81,81,81,81,81,81,81,81,81,81,81,81,81,81,81,81],"relic_stats":{"counters":[26,122],"Golden Idol":0,"obtain_stats":[{"halation:OrihimeAndHikoboshiSamaAndTears":0,"Lantern":4,"Replay:PocketPolymizer":2,"NeowsBlessing":0,"Happy Flower":9,"Golden Idol":13,"Quantum Egg":21,"Blue Doll":8,"hubris:FruitBowl":14,"King of Hearts":30,"halation:Thesaurus":21,"Replay:Mystery Machine":7,"Burning Blood":0,"Centennial Puzzle":5,"halation:SwordOfLegend":0,"Elementarium:ElementariumTrophy":33,"hubris:Stopwatch":34,"StuffTheSpire:RubySignet":10,"aspiration:RitualDagger":17,"Membership Card":0,"Mirror":26,"hubris:GlazedTorus":0,"Pocketwatch":11},{"halation:OrihimeAndHikoboshiSamaAndTears":19,"Lantern":21,"Replay:PocketPolymizer":1,"NeowsBlessing":0,"Happy Flower":3,"Golden Idol":25,"Quantum Egg":9,"Blue Doll":23,"hubris:FruitBowl":25,"King of Hearts":14,"halation:Thesaurus":9,"Replay:Mystery Machine":3,"Burning Blood":0,"Centennial Puzzle":2,"halation:SwordOfLegend":19,"Elementarium:ElementariumTrophy":16,"hubris:Stopwatch":16,"StuffTheSpire:RubySignet":4,"aspiration:RitualDagger":8,"Membership Card":19,"Mirror":11,"hubris:GlazedTorus":19,"Pocketwatch":25},{"halation:OrihimeAndHikoboshiSamaAndTears":95,"Lantern":102,"Replay:PocketPolymizer":1,"NeowsBlessing":0,"Happy Flower":3,"Golden Idol":114,"Quantum Egg":38,"Blue Doll":109,"hubris:FruitBowl":114,"King of Hearts":66,"halation:Thesaurus":38,"Replay:Mystery Machine":3,"Burning Blood":0,"Centennial Puzzle":2,"halation:SwordOfLegend":95,"Elementarium:ElementariumTrophy":81,"hubris:Stopwatch":81,"StuffTheSpire:RubySignet":9,"aspiration:RitualDagger":35,"Membership Card":95,"Mirror":48,"hubris:GlazedTorus":95,"Pocketwatch":114}],"Burning Blood":132,"Pocketwatch":[15]},"card_choices":[{"not_picked":["StuffTheSpire:RockThrow","Ghostly Armor","Flex"],"picked":"SKIP","floor":1.0},{"not_picked":["StuffTheSpire:Slingshot","ReplayTheSpireMod:Strike From Hell"],"picked":"Carnage","floor":3.0},{"not_picked":["Iron Wave","Sentinel"],"picked":"Power Through","floor":7.0},{"not_picked":["StuffTheSpire:Pyroclast","Dropkick","Offering"],"picked":"SKIP","floor":8},{"not_picked":["Flex","ReplayTheSpireMod:LeadingStrike"],"picked":"Reckless Charge","floor":10},{"not_picked":["Havoc","infinitespire:OneForAll","Flex"],"picked":"SKIP","floor":11}],"player_experience":851881,"relics_obtained":[{"floor":4.0,"key":"Lantern"},{"floor":8,"key":"Blue Doll"},{"floor":11,"key":"Pocketwatch"}],"event_choices":[{"damage_healed":0.0,"max_hp_gain":0.0,"max_hp_loss":0.0,"gold_gain":0.0,"event_name":"betterThird:BetterSerpent","player_choice":"RENOUNCE","floor":2.0,"gold_loss":110.0,"damage_taken":110.0,"cards_obtained":["Enlightenment"]},{"cards_removed":["Strike_R"],"damage_healed":0.0,"max_hp_gain":0.0,"max_hp_loss":0.0,"gold_gain":0.0,"event_name":"Golden Wing","player_choice":"Card Removal","floor":5.0,"gold_loss":0.0,"damage_taken":7.0},{"damage_healed":0,"gold_gain":0,"player_choice":"Take Wound","damage_taken":0,"relics_obtained":["Golden Idol"],"max_hp_gain":0,"max_hp_loss":0,"event_name":"Golden Idol","floor":13,"gold_loss":0,"cards_obtained":["Injury"]}],"is_beta":false,"boss_relics":[],"items_purged_floors":[],"is_endless":false,"potions_floor_spawned":[3,7,8],"killed_by":"The Guardian","ascension_level":20}}