{"host":"sav7uxregyirlf69","time":1610352437,"event":{"mods":["AchievementEnabler","BaseMod","Colored Map","DeckTracker","Keyboard Shortcuts","Minty Spire (QoL Compilation)","READ ME - Guardian Mod","StSLib","SuperFastMode"],"gold_per_floor":[216,105,124,135,149,181,181,214,214,214,227,278,144,355,355,428,428,442,461,461,461],"floor_reached":20,"playtime":493,"items_purged":["Strike_G","Strike_G"],"score":322,"play_id":"08afcffc-c002-4a62-a084-487e17d17f30","local_time":"20210111170717","is_ascension_mode":true,"campfire_choices":[{"data":"Prepared","floor":7.0,"key":"SMITH"},{"data":"Neutralize","floor":10,"key":"SMITH"},{"floor":15,"key":"REST"}],"circlet_count":0,"master_deck":["AscendersBane","Strike_G","Defend_G","Defend_G","Defend_G","Defend_G","Survivor","Neutralize+1","Reflex","Masterful Stab","Deadly Poison","Prepared+1","Eviscerate","Dagger Throw","Caltrops","A Thousand Cuts+1","Poisoned Stab+1","Dodge and Roll+1","Calculated Gamble"],"relics":["Ring of the Snake","Pantograph","Blood Vial","Paper Crane","Old Coin","Astrolabe"],"acts_visited":["Exordium","TheCity"],"potions_floor_usage":[18],"damage_taken":[{"damage":0.0,"enemies":"Cultist","floor":1.0,"turns":4.0},{"damage":2.0,"enemies":"Jaw Worm","floor":3.0,"turns":5.0},{"damage":0.0,"enemies":"2 Louse","floor":4.0,"turns":3.0},{"damage":0.0,"enemies":"2 Fungi Beasts","floor":5.0,"turns":3.0},{"damage":34.0,"enemies":"3 Sentries","floor":6.0,"turns":18.0},{"damage":31,"enemies":"Lagavulin","floor":8,"turns":8},{"damage":15,"enemies":"Gremlin Gang","floor":11,"turns":4},{"damage":31,"enemies":"Hexaghost","floor":16,"turns":10},{"damage":28,"enemies":"Chosen","floor":18,"turns":7},{"damage":15,"enemies":"2 Thieves","floor":19,"turns":4},{"damage":23,"enemies":"Sentry and Sphere","floor":20,"turns":3}],"seed_played":"8191948386621246415","potions_obtained":[{"floor":1.0,"key":"FairyPotion"},{"floor":4.0,"key":"EssenceOfSteel"},{"floor":6.0,"key":"Block Potion"}],"is_trial":false,"path_per_floor":["M","$","M","M","M","E","R","E","T","R","M","?","$","?","R","B",null,"M","M","M"],"character_chosen":"THE_SILENT","items_purchased":["Masterful Stab","Caltrops"],"campfire_rested":1,"item_purchase_floors":[2,13],"current_hp_per_floor":[59,59,57,57,57,23,23,19,19,19,6,6,6,6,25,21,55,29,16,0,0],"gold":461,"neow_bonus":"HUNDRED_GOLD","is_daily":false,"chose_seed":false,"campfire_upgraded":2,"win_rate":0.0,"timestamp":1610352437,"path_taken":["M","$","?","M","M","E","R","E","T","R","M","?","$","?","R","BOSS","M","M","M"],"items_purchased_type":["Card","Card"],"build_version":"2020-12-22","purchased_purges":2,"victory":false,"max_hp_per_floor":[66,66,66,66,66,66,66,66,66,66,66,66,66,66,66,66,66,66,66,66,66],"card_choices":[{"not_picked":["Underhanded Strike","Deflect"],"picked":"Reflex","floor":1.0},{"not_picked":["Outmaneuver","Backflip"],"picked":"Deadly Poison","floor":3.0},{"not_picked":["Acrobatics","Storm of Steel","Quick Slash"],"picked":"SKIP","floor":4.0},{"not_picked":["Outmaneuver","Flying Knee"],"picked":"Prepared","floor":5.0},{"not_picked":["Quick Slash","Bane"],"picked":"Eviscerate","floor":6.0},{"not_picked":["Bane","Quick Slash","Leg Sweep"],"picked":"SKIP","floor":8},{"not_picked":["PiercingWail","All Out Attack"],"picked":"Dagger Throw","floor":11},{"not_picked":["Predator","Cloak And Dagger"],"picked":"Calculated Gamble","floor":18},{"not_picked":["Blur","Deflect","Masterful Stab"],"picked":"SKIP","floor":19}],"player_experience":1242733,"relics_obtained":[{"floor":6.0,"key":"Pantograph"},{"floor":8,"key":"Blood Vial"},{"floor":9,"key":"Paper Crane"}],"event_choices":[{"damage_healed":0,"gold_gain":51,"player_choice":"Gained Gold","damage_taken":0,"max_hp_gain":0,"max_hp_loss":0,"event_name":"Golden Wing","floor":12,"gold_loss":0},{"damage_healed":0,"gold_gain":0,"player_choice":"Paid Gold","damage_taken":0,"relics_obtained":["Old Coin"],"max_hp_gain":0,"max_hp_loss":0,"event_name":"WeMeetAgain","floor":14,"gold_loss":89}],"is_beta":false,"boss_relics":[{"not_picked":["Velvet Choker","WristBlade"],"picked":"Astrolabe"}],"items_purged_floors":[2,13],"is_endless":false,"potions_floor_spawned":[1,4,5,6],"killed_by":"Sentry and Sphere","ascension_level":15}}