{"host":"qy1e0kd24tpj3i2m","time":1610401498,"event":{"mods":["Act Like it!","Alarm Clock","BaseMod","Better Skull","Better Vampires","Colored Map","Colored Powertips","Custom Start","Faster Ascension Climbing","Friendly Minions","GifTheSpireLib","Gremlin Skip","Highlight Path","Minty Spire (QoL Compilation)","Permanent Neow","Quick Restart","Red Circlet Mod","Relic Sorter","Reorder Act Four","SacredBarkPlus","Shop Mod","StSLib","SuperFastMode","Transform Curses","没有小屋子和绿帽子啦"],"gold_per_floor":[13,13,33,48,48,82,82,120,147,147,147,72,72,92,92,186,186,206,91,91,109,125,125,125],"floor_reached":23,"playtime":774,"items_purged":["Bash"],"score":398,"play_id":"2e4aeae4-1184-4d22-98f4-b94854b30f19","local_time":"20210112064458","is_ascension_mode":true,"campfire_choices":[{"data":"Whirlwind","floor":7.0,"key":"SMITH"},{"floor":10.0,"key":"REST"},{"data":"True Grit","floor":15.0,"key":"SMITH"}],"circlet_count":0,"master_deck":["AscendersBane","Strike_R","Strike_R","Strike_R","Strike_R","Strike_R","Defend_R","Defend_R","Defend_R","Defend_R","Spot Weakness","True Grit+1","Whirlwind+1","Impervious","Flame Barrier","Pommel Strike","Impervious","Rage","Wild Strike+1","Body Slam"],"relics":["Burning Blood","Magic Flower","Golden Idol","Regal Pillow","Pen Nib","Bag of Preparation","Mark of Pain","MerchantsRug","Ornamental Fan"],"acts_visited":["Exordium","TheCity"],"potions_floor_usage":[],"damage_taken":[{"damage":4.0,"enemies":"Small Slimes","floor":1.0,"turns":3.0},{"damage":9.0,"enemies":"Jaw Worm","floor":3.0,"turns":5.0},{"damage":1.0,"enemies":"Cultist","floor":4.0,"turns":4.0},{"damage":8.0,"enemies":"3 Sentries","floor":6.0,"turns":9.0},{"damage":56.0,"enemies":"Gremlin Nob","floor":8.0,"turns":5.0},{"damage":0.0,"enemies":"3 Louse","floor":14.0,"turns":1.0},{"damage":32.0,"enemies":"The Guardian","floor":16.0,"turns":13.0},{"damage":33.0,"enemies":"Spheric Guardian","floor":18.0,"turns":8.0},{"damage":8.0,"enemies":"Chosen","floor":21.0,"turns":7.0},{"damage":17.0,"enemies":"Snake Plant","floor":22.0,"turns":4.0},{"damage":0,"enemies":"Gremlin Leader","floor":23,"turns":4}],"seed_played":"5209777034284494007","potions_obtained":[{"floor":3.0,"key":"SpeedPotion"},{"floor":4.0,"key":"HeartOfIron"},{"floor":8.0,"key":"Explosive Potion"},{"floor":14.0,"key":"FearPotion"},{"floor":21.0,"key":"SteroidPotion"}],"is_trial":false,"path_per_floor":["M","?","M","M","$","E","R","E","T","R","?","$","?","M","R","B",null,"M","$","T","M","M","E"],"character_chosen":"IRONCLAD","items_purchased":["MerchantsRug"],"campfire_rested":1,"item_purchase_floors":[19],"current_hp_per_floor":[73,47,47,55,55,63,63,16,16,55,50,50,45,54,54,31,69,45,45,45,46,38,38,38],"gold":125,"neow_bonus":"ONE_RARE_RELIC","is_daily":false,"chose_seed":false,"campfire_upgraded":2,"win_rate":0.0,"timestamp":1610401498,"path_taken":["M","?","M","M","$","E","R","E","T","R","?","?","?","M","R","BOSS","M","$","?","M","M","E"],"items_purchased_type":["Relic"],"build_version":"2020-12-22","purchased_purges":1,"victory":false,"max_hp_per_floor":[75,75,75,75,75,82,82,82,82,82,82,82,82,82,82,82,82,82,82,82,82,82,82,82],"card_choices":[{"not_picked":["Body Slam","Perfected Strike"],"picked":"Spot Weakness","floor":1.0},{"not_picked":["Bloodletting","Havoc"],"picked":"True Grit","floor":3.0},{"not_picked":["Perfected Strike","Armaments"],"picked":"Whirlwind","floor":4.0},{"not_picked":["Heavy Blade","Flex"],"picked":"Impervious","floor":6.0},{"not_picked":["Clash","Fire Breathing"],"picked":"Flame Barrier","floor":8.0},{"not_picked":["Dual Wield","True Grit"],"picked":"Pommel Strike","floor":14.0},{"not_picked":["Juggernaut","Fiend Fire"],"picked":"Impervious","floor":16.0},{"not_picked":["Carnage+1","Perfected Strike"],"picked":"Rage","floor":18.0},{"not_picked":["Sever Soul+1","Warcry"],"picked":"Wild Strike+1","floor":21.0},{"not_picked":["Anger","Rampage"],"picked":"Body Slam","floor":22.0}],"player_experience":898922,"relics_obtained":[{"floor":6.0,"key":"Strawberry"},{"floor":8.0,"key":"Regal Pillow"},{"floor":9.0,"key":"Pen Nib"},{"floor":20.0,"key":"Ornamental Fan"}],"event_choices":[{"damage_healed":0.0,"max_hp_gain":0.0,"max_hp_loss":0.0,"gold_gain":0.0,"event_name":"Golden Idol","player_choice":"Take Damage","floor":2.0,"gold_loss":0.0,"damage_taken":26.0,"relics_obtained":["Golden Idol"]},{"damage_healed":0.0,"max_hp_gain":0.0,"max_hp_loss":0.0,"gold_gain":0.0,"event_name":"Scrap Ooze","player_choice":"Success","floor":11.0,"gold_loss":0.0,"damage_taken":5.0,"relics_obtained":["Bag of Preparation"]},{"damage_healed":0.0,"max_hp_gain":0.0,"max_hp_loss":0.0,"gold_gain":0.0,"event_name":"The Woman in Blue","player_choice":"Bought 0 Potions","floor":13.0,"gold_loss":0.0,"damage_taken":0.0}],"is_beta":false,"boss_relics":[{"not_picked":["Calling Bell","Astrolabe"],"picked":"Mark of Pain"}],"items_purged_floors":[12],"is_endless":false,"potions_floor_spawned":[3,4,8,14,21],"killed_by":"Gremlin Leader","ascension_level":20}}