{"host":"ELF","time":1610337996,"event":{"mods":["BaseMod","Minty Spire (QoL Compilation)"],"gold_per_floor":[17,31,49,124,124,124,154,79,79,79,93,107,141,159,159,159,159],"floor_reached":16,"playtime":628,"items_purged":["Strike_B"],"score":218,"play_id":"8489186b-b1df-4f91-9850-05bef19b9ce6","local_time":"20210110220636","is_ascension_mode":true,"campfire_choices":[{"floor":6,"key":"REST"},{"floor":10,"key":"REST"},{"floor":15,"key":"REST"}],"circlet_count":0,"master_deck":["AscendersBane","Strike_B","Strike_B","Defend_B","Defend_B","Defend_B","Defend_B","Zap","Dualcast","Hyperbeam","Reprogram","Turbo","Melter","Meteor Strike","Sweeping Beam","Streamline","Machine Learning","Scrape"],"relics":["Cracked Core","WingedGreaves","White Beast Statue","Strawberry"],"acts_visited":["Exordium"],"potions_floor_usage":[3,11,12,13,14],"damage_taken":[{"damage":0,"enemies":"Small Slimes","floor":1,"turns":1},{"damage":2,"enemies":"Jaw Worm","floor":2,"turns":2},{"damage":6,"enemies":"Cultist","floor":3,"turns":3},{"damage":24,"enemies":"3 Sentries","floor":7,"turns":7},{"damage":0,"enemies":"2 Fungi Beasts","floor":11,"turns":2},{"damage":6,"enemies":"Large Slime","floor":12,"turns":4},{"damage":39,"enemies":"Gremlin Nob","floor":13,"turns":4},{"damage":17,"enemies":"Exordium Thugs","floor":14,"turns":6},{"damage":37,"enemies":"Slime Boss","floor":16,"turns":6}],"seed_played":"3276468994825133609","potions_obtained":[{"floor":1,"key":"PowerPotion"},{"floor":2,"key":"Swift Potion"},{"floor":7,"key":"Fire Potion"},{"floor":11,"key":"Swift Potion"},{"floor":12,"key":"PotionOfCapacity"},{"floor":13,"key":"PowerPotion"},{"floor":14,"key":"Swift Potion"}],"is_trial":false,"path_per_floor":["M","M","M","?","?","R","E","$","T","R","M","M","E","M","R","B"],"character_chosen":"DEFECT","items_purchased":[],"campfire_rested":3,"item_purchase_floors":[],"current_hp_per_floor":[64,62,56,45,45,66,42,42,42,63,63,57,25,8,31,0,0],"gold":159,"neow_bonus":"THREE_RARE_CARDS","is_daily":false,"chose_seed":false,"campfire_upgraded":0,"win_rate":0.0,"timestamp":1610337996,"path_taken":["M","M","M","?","?","R","E","$","T","R","?","M","E","M","R","BOSS"],"items_purchased_type":[],"build_version":"2020-12-18","purchased_purges":1,"victory":false,"max_hp_per_floor":[71,71,71,71,71,71,71,71,71,71,71,71,78,78,78,78,78],"card_choices":[{"not_picked":["Amplify","Buffer"],"picked":"Hyperbeam","floor":0},{"not_picked":["White Noise","Glacier"],"picked":"Reprogram","floor":1},{"not_picked":["Barrage","Compile Driver"],"picked":"Turbo","floor":2},{"not_picked":["Stack","Barrage"],"picked":"Melter","floor":3},{"not_picked":["Aggregate","Chaos"],"picked":"Meteor Strike","floor":7},{"not_picked":["Ball Lightning","Turbo"],"picked":"Sweeping Beam","floor":11},{"not_picked":["Barrage","Tempest"],"picked":"Streamline","floor":12},{"not_picked":["Conserve Battery","Coolheaded"],"picked":"Machine Learning","floor":13},{"not_picked":["Streamline","Consume"],"picked":"Scrape","floor":14}],"player_experience":3162246,"relics_obtained":[{"floor":7,"key":"WingedGreaves"},{"floor":9,"key":"White Beast Statue"},{"floor":13,"key":"Strawberry"}],"event_choices":[{"damage_healed":0,"gold_gain":75,"player_choice":"Gather Gold","damage_taken":11,"max_hp_gain":0,"max_hp_loss":0,"event_name":"World of Goop","floor":4,"gold_loss":0},{"cards_removed":["Strike_B"],"damage_healed":0,"gold_gain":0,"player_choice":"Purged","damage_taken":0,"max_hp_gain":0,"max_hp_loss":0,"event_name":"Purifier","floor":5,"gold_loss":0}],"is_beta":true,"boss_relics":[],"items_purged_floors":[8],"is_endless":false,"potions_floor_spawned":[1,2,7,11,12,13,14],"killed_by":"Slime Boss","ascension_level":19}}