{"host":"b2ids4d091ugj8o6","time":1610325492,"event":{"mods":["BaseMod","Downfall","JesterMod","Marisa????????","Minty Spire (QoL Compilation)","Spicy Shops","StSLib","The Cursed","The Disciple","The Exalted","The Necromancer","The Runesmith","The Servant 0.9.4","TheHeartMod"],"gold_per_floor":[138,171,219,264,297,297,297,327,408,7,37,37,73,46,46,343,343,379,433,475,508,550,550,550,586,612,645,1,106,148,205,205,499,499,535,535,595,625,661,754,766,826,920,932,980,992,1055,1115,1127,1139],"floor_reached":51,"playtime":4011,"items_purged":["Normality"],"score":1098,"play_id":"58ec0f74-c369-4941-ba01-ae3e4cd56b38","local_time":"20210110193812","daily_mods":["Cursed Run","Vintage","Midas"],"is_ascension_mode":false,"campfire_choices":[{"floor":6.0,"key":"REST"},{"floor":15.0,"key":"REST"}],"circlet_count":0,"master_deck":["Strike_MRS+1","Strike_MRS+1","Strike_MRS+1","Strike_MRS+1","Defend_MRS+1","Defend_MRS+1","Defend_MRS+1","MasterSpark+1","UpSweep+1","FairyDestructionRay+1","DoubleSpark+1","EventHorizon+1","WitchLeyline+1","ShootingEcho+1","NonDirectionalLaser+1","6A+1","Pain","BlazingStar+1","CasketOfStar+1","Singularity+1","Singularity+1","GasGiant+1","Regret","ManaRampage+1","AsteroidBelt+1","Slimebound:Icky","Parasite","Clumsy"],"relics":["Cursed Key","Darkstone Periapt","Du-Vu Doll","champ:ChampStancesModRelic","NeowsBlessing","sneckomod:BlankCard","Bird Faced Urn","Bronze Scales","FossilizedHelix","Ancient Tea Set","Omamori","Sundial","HandmadeGrimoire","Gremlin Horn","Orrery","Ornamental Fan","BreadOfAWashokuLover","Bottled Tornado","Coffee Dripper","Runesmith:Nanobots","Mummified Hand","Potion Belt","Vajra","Art of War","Matryoshka","Bromod:ArcaneConsequence","Akabeko","Anchor","Bromod:ArcaneNullifier","Bottled Flame","TheAbacus","Orichalcum","WingedGreaves","Centennial Puzzle","Runic Dome","Kunai","Bromod:ArcaneVictory","Regal Pillow","MawBank","champ:DeflectingBracers","hexamod:BolsterEngine","White Beast Statue","Shuriken","Guardian:PocketSentry","Mark of the Bloom","Dream Catcher","Pear"],"acts_visited":["Exordium","TheCity","TheBeyond"],"potions_floor_usage":[40,40,50,50,50,50],"damage_taken":[{"damage":0.0,"enemies":"Jaw Worm","floor":1.0,"turns":1.0},{"damage":0.0,"enemies":"2 Louse","floor":2.0,"turns":1.0},{"damage":0.0,"enemies":"Small Slimes","floor":3.0,"turns":1.0},{"damage":7.0,"enemies":"Exordium Thugs","floor":4.0,"turns":3.0},{"damage":22.0,"enemies":"2 Fungi Beasts","floor":5.0,"turns":2.0},{"damage":0.0,"enemies":"Lots of Slimes","floor":8.0,"turns":2.0},{"damage":0.0,"enemies":"Looter","floor":11.0,"turns":1.0},{"damage":0.0,"enemies":"Exordium Thugs","floor":13.0,"turns":2.0},{"damage":23.0,"enemies":"Hexaghost","floor":16.0,"turns":7.0},{"damage":4.0,"enemies":"2 Thieves","floor":18.0,"turns":1.0},{"damage":9.0,"enemies":"Chosen","floor":19.0,"turns":2.0},{"damage":11.0,"enemies":"3 Cultists","floor":20.0,"turns":2.0},{"damage":15.0,"enemies":"Snake Plant","floor":21.0,"turns":2.0},{"damage":0.0,"enemies":"Chosen and Byrds","floor":22.0,"turns":2.0},{"damage":3.0,"enemies":"Gremlin Leader","floor":23.0,"turns":3.0},{"damage":0.0,"enemies":"Snecko","floor":25.0,"turns":1.0},{"damage":6.0,"enemies":"Centurion and Healer","floor":27.0,"turns":2.0},{"damage":0.0,"enemies":"Slavers","floor":29.0,"turns":1.0},{"damage":6.0,"enemies":"3 Cultists","floor":30.0,"turns":1.0},{"damage":9.0,"enemies":"Chosen and Byrds","floor":31.0,"turns":2.0},{"damage":27.0,"enemies":"Automaton","floor":33.0,"turns":2.0},{"damage":0.0,"enemies":"3 Darklings","floor":35.0,"turns":1.0},{"damage":24.0,"enemies":"3 Shapes","floor":37.0,"turns":1.0},{"damage":2.0,"enemies":"Sphere and 2 Shapes","floor":38.0,"turns":1.0},{"damage":12,"enemies":"4 Shapes","floor":39,"turns":1},{"damage":24,"enemies":"Giant Head","floor":40,"turns":3},{"damage":6,"enemies":"3 Darklings","floor":42,"turns":2},{"damage":0,"enemies":"Sphere and 2 Shapes","floor":45,"turns":1},{"damage":9,"enemies":"Writhing Mass","floor":48,"turns":1},{"damage":37,"enemies":"Awakened One","floor":50,"turns":3}],"seed_played":"3961393059396785697","potions_obtained":[{"floor":2.0,"key":"GamblersBrew"},{"floor":4.0,"key":"LiquidMemories"},{"floor":5.0,"key":"Energy Potion"},{"floor":11.0,"key":"Fire Potion"},{"floor":19.0,"key":"sneckomod:MuddlingPotion"},{"floor":21.0,"key":"BottledSpark"},{"floor":27.0,"key":"PowerPotion"},{"floor":33.0,"key":"Energy Potion"},{"floor":35.0,"key":"SmokeBomb"},{"floor":37.0,"key":"Strength Potion"},{"floor":40,"key":"Fire Potion"},{"floor":42,"key":"Guardian:BlockOnCardUsePotion"},{"floor":45,"key":"BlessingOfTheForge"}],"is_trial":true,"path_per_floor":["M","M","M","M","M","R","?","M","T","$","M","?","M","$","R","B",null,"M","M","M","M","M","E","?","M","T","M","$","E","M","M","R","B",null,"M","?","M","M","M","E","R","M","T","R","M","?","T","M","R","B",null],"character_chosen":"MARISA","items_purchased":["Gremlin Horn","FairyDestructionRay","Orrery","6A","Bottled Flame","TheAbacus","Singularity","EntropicBrew"],"campfire_rested":2,"item_purchase_floors":[10,10,10,14,28,28,28,28],"current_hp_per_floor":[75,75,75,68,67,75,75,75,75,75,75,75,75,75,75,60,81,80,73,64,61,63,62,62,68,74,81,81,85,87,87,87,93,93,93,93,70,75,82,88,88,89,95,95,99,99,99,90,90,53],"gold":1151,"neow_bonus":"","is_daily":false,"chose_seed":false,"campfire_upgraded":0,"win_rate":0.0,"timestamp":1610325492,"path_taken":["M","M","M","M","M","R","?","M","T","$","?","?","?","$","R","BOSS","M","M","M","M","M","E","?","M","T","M","$","E","M","M","R","BOSS","M","?","M","M","M","E","R","M","T","R","M","?","?","M","R","BOSS"],"items_purchased_type":["Relic","Card","Relic","Card","Relic","Relic","Card","Potion"],"build_version":"2020-12-22","purchased_purges":1,"victory":true,"max_hp_per_floor":[75,75,75,75,75,75,75,75,75,75,75,75,75,75,75,81,81,81,81,81,81,81,81,81,81,87,87,87,87,87,87,87,93,93,93,93,93,93,93,93,93,93,99,99,99,99,105,115,115,121],"card_choices":[{"not_picked":["MilkyWay","SuperPerseids"],"picked":"DoubleSpark","floor":10.0},{"not_picked":["IllusionStar","DarkSpark"],"picked":"EventHorizon","floor":10.0},{"not_picked":["OpenUniverse","Acceleration"],"picked":"WitchLeyline","floor":10.0},{"not_picked":["ShootTheMoon","SporeBomb"],"picked":"ShootingEcho","floor":10.0},{"not_picked":["GalacticHalo","UnstableBomb"],"picked":"NonDirectionalLaser","floor":10.0},{"not_picked":["JA","StarDustReverie"],"picked":"BlazingStar","floor":16.0},{"not_picked":["MilkyWay","GrandCross+1"],"picked":"CasketOfStar","floor":23.0},{"not_picked":["EventHorizon","WitchOfGreed"],"picked":"GasGiant","floor":29.0},{"not_picked":["AbsoluteMagnitude","SatelliteIllusion"],"picked":"ManaRampage","floor":33.0},{"not_picked":["OpenUniverse","RefractionSpark+1"],"picked":"AsteroidBelt+1","floor":40}],"player_experience":476801,"relics_obtained":[{"floor":1.0,"key":"sneckomod:BlankCard"},{"floor":2.0,"key":"Bird Faced Urn"},{"floor":3.0,"key":"Bronze Scales"},{"floor":4.0,"key":"FossilizedHelix"},{"floor":5.0,"key":"Ancient Tea Set"},{"floor":7.0,"key":"Omamori"},{"floor":8.0,"key":"Sundial"},{"floor":9.0,"key":"HandmadeGrimoire"},{"floor":11.0,"key":"Ornamental Fan"},{"floor":13.0,"key":"Bottled Tornado"},{"floor":18.0,"key":"Runesmith:Nanobots"},{"floor":19.0,"key":"Mummified Hand"},{"floor":20.0,"key":"Potion Belt"},{"floor":21.0,"key":"Vajra"},{"floor":22.0,"key":"Art of War"},{"floor":23.0,"key":"Matryoshka"},{"floor":25.0,"key":"Bromod:ArcaneConsequence"},{"floor":26.0,"key":"Akabeko"},{"floor":26.0,"key":"Anchor"},{"floor":27.0,"key":"Bromod:ArcaneNullifier"},{"floor":29.0,"key":"Orichalcum"},{"floor":30.0,"key":"WingedGreaves"},{"floor":31.0,"key":"Centennial Puzzle"},{"floor":35.0,"key":"Kunai"},{"floor":37.0,"key":"Bromod:ArcaneVictory"},{"floor":38,"key":"Regal Pillow"},{"floor":39,"key":"MawBank"},{"floor":40,"key":"champ:DeflectingBracers"},{"floor":42,"key":"hexamod:BolsterEngine"},{"floor":43,"key":"White Beast Statue"},{"floor":43,"key":"Shuriken"},{"floor":45,"key":"Guardian:PocketSentry"},{"floor":47,"key":"Dream Catcher"},{"floor":48,"key":"Pear"}],"event_choices":[{"damage_healed":0.0,"max_hp_gain":0.0,"max_hp_loss":0.0,"gold_gain":0.0,"event_name":"Wheel of Change","player_choice":"Relic","floor":7.0,"gold_loss":0.0,"damage_taken":0.0},{"damage_healed":0.0,"max_hp_gain":0.0,"max_hp_loss":0.0,"gold_gain":0.0,"event_name":"WeMeetAgain","player_choice":"Gave Potion","floor":12.0,"gold_loss":0.0,"damage_taken":0.0,"relics_obtained":["BreadOfAWashokuLover"]},{"damage_healed":0.0,"max_hp_gain":0.0,"max_hp_loss":0.0,"gold_gain":0.0,"event_name":"The Library","player_choice":"Read","floor":24.0,"gold_loss":0.0,"damage_taken":0.0,"cards_obtained":["Singularity"]},{"cards_removed":["Defend_MRS"],"damage_healed":0.0,"max_hp_gain":0.0,"max_hp_loss":0.0,"gold_gain":0.0,"event_name":"Falling","player_choice":"Removed Skill","floor":36.0,"gold_loss":0.0,"damage_taken":0.0},{"damage_healed":0,"gold_gain":0,"player_choice":"Upgrade","damage_taken":0,"relics_obtained":["Mark of the Bloom"],"max_hp_gain":0,"max_hp_loss":0,"event_name":"MindBloom","floor":46,"gold_loss":0,"cards_upgraded":["Strike_MRS","Strike_MRS","Strike_MRS","Strike_MRS","Defend_MRS","Defend_MRS","Defend_MRS","MasterSpark","UpSweep","FairyDestructionRay","DoubleSpark","EventHorizon","WitchLeyline","ShootingEcho","NonDirectionalLaser","6A","BlazingStar","CasketOfStar","Singularity","Singularity","GasGiant","ManaRampage"]}],"is_beta":false,"boss_relics":[{"not_picked":["Pandora\u0027s Box","Empty Cage"],"picked":"Coffee Dripper"},{"not_picked":["Runic Pyramid","Busted Crown"],"picked":"Runic Dome"}],"items_purged_floors":[28],"is_endless":false,"potions_floor_spawned":[2,4,5,11,19,21,27,33,35,37,40,42,45,48],"ascension_level":0}}