{"host":"odz7g4gpgch153rb","time":1610337307,"event":{"mods":["AchievementEnabler","BaseMod","Better Match","Better Third Choice","BetterRewards","GifTheSpireLib","Infinite Spire","Jedi Mod","Minty Spire (QoL Compilation)","Quick Restart","Replay The Spire","Spikes Relics","StSLib","Stuff the Spire","The Blue Laboratory","Trackpad"],"gold_per_floor":[110,110,53,64,64,90,107,107,107,107,126,138,138,63,63,136,136,153,167,67,67,67,67,98,98,98,108,108,108],"floor_reached":28,"playtime":1189,"items_purged":["Strike_G","Strike_G","Strike_G"],"score":521,"play_id":"ee50e582-f0f2-4c2c-a420-7b2cd6d4315f","local_time":"20210110225507","is_ascension_mode":true,"campfire_choices":[{"data":"jedi:pocketpoison","floor":8,"key":"SMITH"},{"data":"Backstab","floor":10,"key":"SMITH"},{"data":"Neutralize","floor":15,"key":"SMITH"},{"data":"infinitespire:Fortify","floor":23,"key":"SMITH"}],"circlet_count":0,"master_deck":["AscendersBane","Strike_G","Strike_G","Defend_G","Defend_G","Defend_G","Defend_G","Defend_G","Survivor+1","Neutralize+1","Poisoned Stab","jedi:pocketpoison+1","Backstab+1","Poisoned Stab","Poisoned Stab","Venomology","Catalyst+1","Poisoned Stab+1","infinitespire:Fortify+1"],"relics":["Ring of the Snake","NeowsBlessing","Juzu Bracelet","trackpad:BottledTsunami","Replay:Lucky Slots","jedi:HeartOfTheCards","Girya"],"acts_visited":["Exordium","TheCity"],"potions_floor_usage":[16,16,24,24,28,28],"damage_taken":[{"damage":0,"enemies":"Small Slimes","floor":1,"turns":1},{"damage":0,"enemies":"Jaw Worm","floor":4,"turns":1},{"damage":0,"enemies":"Gremlin Nob","floor":6,"turns":1},{"damage":0,"enemies":"2 Louse","floor":7,"turns":2},{"damage":0,"enemies":"Blue Slaver","floor":11,"turns":1},{"damage":0,"enemies":"3 Louse","floor":12,"turns":1},{"damage":48,"enemies":"Fading Forest","floor":16,"turns":11},{"damage":6,"enemies":"Spheric Guardian","floor":18,"turns":3},{"damage":3,"enemies":"2 Thieves","floor":19,"turns":4},{"damage":6,"enemies":"Nightmare","floor":24,"turns":5},{"damage":8,"enemies":"Centurion and Healer","floor":27,"turns":5},{"damage":15,"enemies":"Snake Plant","floor":28,"turns":4}],"seed_played":"5874779061221620399","potions_obtained":[{"floor":1,"key":"blueLaboratory:RememoryPotion"},{"floor":11,"key":"blueLaboratory:EnvenomedCoating"},{"floor":19,"key":"Ancient Potion"},{"floor":27,"key":"jedi:wingpotion"}],"is_trial":false,"path_per_floor":["M","?","$","M","?","E","M","R","T","R","M","M","?","$","R","B",null,"M","M","$","?","AVR","R","NM","?","T","M","M"],"character_chosen":"THE_SILENT","items_purchased":["jedi:pocketpoison"],"campfire_rested":0,"item_purchase_floors":[3],"current_hp_per_floor":[59,59,59,59,59,59,59,59,59,59,59,59,59,59,59,29,57,51,48,48,48,48,48,42,24,24,16,1,1],"gold":108,"neow_bonus":"THREE_ENEMY_KILL","is_daily":false,"chose_seed":false,"campfire_upgraded":4,"win_rate":0.0,"timestamp":1610337307,"path_taken":["M","?","$","M","?","E","M","R","T","R","M","M","?","$","R","BOSS","M","M","$","?","AVR","R","NM","?","T","M","M"],"items_purchased_type":["Card"],"build_version":"2020-12-22","purchased_purges":3,"victory":false,"max_hp_per_floor":[66,66,66,66,66,66,66,66,66,66,66,66,66,66,66,66,66,66,66,66,66,66,66,66,71,71,71,71,71],"card_choices":[{"not_picked":["jedi:poisonivy","Dagger Throw"],"picked":"Poisoned Stab","floor":1},{"not_picked":["ReplayTheSpireMod:The Works","Blade Dance"],"picked":"Backstab","floor":4},{"not_picked":["StuffTheSpire:Shiver","Expertise","Escape Plan"],"picked":"SKIP","floor":6},{"not_picked":["Dagger Throw","Backflip"],"picked":"Poisoned Stab","floor":7},{"not_picked":["Escape Plan","Catalyst"],"picked":"Poisoned Stab","floor":11},{"not_picked":["Wraith Form v2","Escape Plan","Quick Slash"],"picked":"SKIP","floor":12},{"not_picked":["ReplayTheSpireMod:Necrosis","Tools of the Trade"],"picked":"Venomology","floor":16},{"not_picked":["StuffTheSpire:Shiver","Deadly Poison+1"],"picked":"Catalyst+1","floor":18},{"not_picked":["Replay:Poison Smokescreen","PiercingWail"],"picked":"Poisoned Stab+1","floor":19},{"not_picked":["StuffTheSpire:BumpUp","StuffTheSpire:Injection","Prepared+1"],"picked":"SKIP","floor":24},{"not_picked":["ReplayTheSpireMod:Tripwire","Poisoned Stab","jedi:unstablefumes+1"],"picked":"SKIP","floor":27}],"player_experience":1030249,"relics_obtained":[{"floor":6,"key":"Juzu Bracelet"},{"floor":9,"key":"trackpad:BottledTsunami"},{"floor":24,"key":"jedi:HeartOfTheCards"},{"floor":26,"key":"Girya"}],"event_choices":[{"damage_healed":0,"gold_gain":0,"player_choice":"Leave","damage_taken":0,"max_hp_gain":0,"max_hp_loss":0,"event_name":"The Cleric","floor":5,"gold_loss":0},{"damage_healed":0,"gold_gain":0,"player_choice":"Shed Blood","damage_taken":23,"max_hp_gain":5,"max_hp_loss":0,"event_name":"Forgotten Altar","floor":25,"gold_loss":0}],"is_beta":false,"boss_relics":[{"not_picked":["StuffTheSpire:RunicConfusion","trackpad:Trackpad","infinitespire:Cupcake"]}],"items_purged_floors":[14,20,22],"is_endless":false,"potions_floor_spawned":[1,7,11,19,27],"killed_by":"Snake Plant","ascension_level":18}}