{"host":"wgo6ezn0zcq3jgqa","time":1610362916,"event":{"mods":["Act Like it!","BaseMod","Downfall","GifTheSpireLib","Hallownest","Hermit","KinomotoSakuraMod(木之本樱)","Marisa（F雨　魔理沙）","Minty Spire (QoL Compilation)","RumiaBox-露米娅的神秘盒子","SOS（斯巴达之子）","StSLib","The Bug Knight","The Cursed","【功能Mod】混沌之环修复补丁"],"gold_per_floor":[136,163,0,40,90,90,141,176,176,52,52,105,105,6,6,126,126,164,26,26,2,2,32,75,75,75],"floor_reached":25,"playtime":1678,"items_purged":["Doubt"],"score":232,"play_id":"896ae61f-6d68-4935-b2d4-87f66fa23a48","local_time":"20210111190156","is_ascension_mode":true,"campfire_choices":[{"data":"HandOfGreed","floor":6,"key":"SMITH"},{"data":"HollowMod:MantisMark","floor":11,"key":"SMITH"},{"data":"HollowMod:InfectedCysts","floor":13,"key":"SMITH"},{"data":"HollowMod:ChannelNail","floor":15,"key":"SMITH"}],"circlet_count":0,"master_deck":["HollowMod:NailStrikeStart","HollowMod:NailStrikeStart","HollowMod:NailStrikeStart","HollowMod:NailStrikeStart","HollowMod:QuickDashStart","HollowMod:QuickDashStart","HollowMod:QuickDashStart","HollowMod:QuickDashStart","HollowMod:FocusHealStart","HollowMod:PogoStrike","HandOfGreed+1","HollowMod:MantisMark+1","HollowMod:SoulStrike","HollowMod:BaldurShell","HollowMod:InfectedCysts+1","HollowMod:ChannelNail+1","HollowMod:PaleKingsBlessing","HollowMod:DashSlash","Hallownest:attackMasterCycloneSlash","HollowMod:RadiancesLament+1","HollowMod:TaintedHusks","HollowMod:DoubleDash+1"],"relics":["HollowMod:VesselMask","Baka","Strawberry","Hallownest:BankAccountRelic","The Courier","Bottled Lightning","Membership Card","HollowMod:KingsBrand","Omamori","Ccalipers","Calling Bell","Bronze Scales","HollowMod:StagPassRelic","Gambling Chip","SSSystem","Dead Branch","Darkstone Periapt"],"acts_visited":["Hallownest:Greenpath","Hallownest:CityofTears"],"potions_floor_usage":[12,23,25],"damage_taken":[{"damage":0,"enemies":"Hallownest:monsterHuskWarrior","floor":1,"turns":3},{"damage":5,"enemies":"Hallownest:eliteMossKnight","floor":7,"turns":5},{"damage":9,"enemies":"Hallownest:2_MossCreeps","floor":8,"turns":7},{"damage":8,"enemies":"Hallownest:eliteVengeflyKing","floor":12,"turns":4},{"damage":10,"enemies":"Hallownest:BossBrokenVessel","floor":16,"turns":8},{"damage":5,"enemies":"Hallownest:Guard_and_Sentry","floor":18,"turns":4},{"damage":38,"enemies":"Hallownest:eliteWatcherKnight","floor":23,"turns":13},{"damage":14,"enemies":"Hallownest:2_Mistakes","floor":24,"turns":6},{"damage":5,"enemies":"Hallownest:Nosk","floor":25,"turns":5}],"seed_played":"2672095459108542687","potions_obtained":[{"floor":1,"key":"Fire Potion"},{"floor":16,"key":"Guardian:BlockOnCardUsePotion"},{"floor":23,"key":"Fire Potion"}],"is_trial":false,"path_per_floor":["M","T","?","$","?","R","E","M","T","$","R","E","R","$","R","B",null,"M","$","?","$","?","E","M","E"],"character_chosen":"THE_BUGKNIGHT","items_purchased":["Membership Card","Omamori","HollowMod:ChannelNail","Ccalipers","SSSystem","Dead Branch","HollowMod:RadiancesLament"],"campfire_rested":0,"item_purchase_floors":[10,14,14,14,19,19,21],"current_hp_per_floor":[75,82,82,82,82,82,77,68,68,68,68,66,66,66,66,66,82,77,77,77,77,77,45,41,36,36],"gold":75,"neow_bonus":"RANDOM_COLORLESS_2","is_daily":false,"chose_seed":false,"campfire_upgraded":4,"win_rate":0.0,"timestamp":1610362916,"path_taken":["M","?","?","?","?","R","E","?","T","$","R","E","R","$","R","BOSS","M","?","?","$","?","E","M","E"],"items_purchased_type":["Relic","Relic","Card","Relic","Relic","Relic","Card"],"build_version":"2020-12-22","purchased_purges":1,"victory":false,"max_hp_per_floor":[75,82,82,82,82,82,82,82,82,82,82,82,82,82,82,82,82,82,82,82,82,82,82,82,82,82],"card_choices":[{"not_picked":["Sadistic Nature","Metamorphosis"],"picked":"HandOfGreed","floor":0},{"not_picked":["HollowMod:DungDefenderAura","HollowMod:VengefulSpirit"],"picked":"HollowMod:MantisMark","floor":1},{"not_picked":["HollowMod:SoulShaman","HollowMod:SoulVessel"],"picked":"HollowMod:SoulStrike","floor":7},{"not_picked":["HollowMod:SoulSplash","HollowMod:NewJinnsSoul"],"picked":"HollowMod:BaldurShell","floor":8},{"not_picked":["HollowMod:HowlingWraiths","HollowMod:LuriensSpire"],"picked":"HollowMod:InfectedCysts","floor":12},{"not_picked":["HollowMod:ZotesMagnificence","HollowMod:Weaversong"],"picked":"HollowMod:PaleKingsBlessing","floor":16},{"not_picked":["HollowMod:SoulVessel","HollowMod:PureNailStrike"],"picked":"HollowMod:DashSlash","floor":18},{"not_picked":["HollowMod:HowlingWraiths","HollowMod:NewLittleFool"],"picked":"HollowMod:TaintedHusks","floor":23},{"not_picked":["HollowMod:SiblingsSouls+1","HollowMod:CloakDash"],"picked":"HollowMod:DoubleDash+1","floor":24}],"player_experience":134241,"relics_obtained":[{"floor":1,"key":"Baka"},{"floor":2,"key":"Strawberry"},{"floor":7,"key":"The Courier"},{"floor":9,"key":"Bottled Lightning"},{"floor":12,"key":"HollowMod:KingsBrand"},{"floor":17,"key":"Bronze Scales"},{"floor":17,"key":"HollowMod:StagPassRelic"},{"floor":17,"key":"Gambling Chip"},{"floor":23,"key":"Darkstone Periapt"}],"event_choices":[],"is_beta":false,"boss_relics":[{"not_picked":["SacredBark","Philosopher\u0027s Stone"],"picked":"Calling Bell"}],"items_purged_floors":[10],"is_endless":false,"potions_floor_spawned":[1,16,23],"killed_by":"Hallownest:Nosk","ascension_level":1}}