{"host":"tex07afuu0haibi3","time":1610392168,"event":{"mods":["AchievementEnabler","BaseMod","Colored Powertips","Downfall","Hubris","Hunter ??","Infinite Spire","Marisa????????","Minty Spire (QoL Compilation)","Quick Restart","READ ME - Guardian Mod","Replay The Spire","StSLib","The Construct","The Cursed","The Disciple","The Elementalist","The Mystic","The Necromancer","The Runesmith","The Servant 0.9.4"],"gold_per_floor":[99,112,142,142,156,81,81,6,22,22,22,39,39,57,76,175,175,175,194,211,211,221,237,237,237,237,1,14,30,40,75,91,194,194,244,262,277,277,262,277,277,288,298,287,307,307,307,319,333,333],"floor_reached":51,"playtime":4142,"items_purged":["ReplayTheSpireMod:Doomed"],"score":694,"play_id":"3eece001-4709-4b25-a463-de7e441832cc","local_time":"20210111190928","is_ascension_mode":false,"campfire_choices":[{"floor":1.0,"key":"RECALL"},{"data":"infinitespire:FutureSight","floor":6.0,"key":"SMITH"},{"data":"hexamod:Sear","floor":8.0,"key":"SMITH"},{"data":"hexamod:NightmareStrike","floor":10.0,"key":"SMITH"},{"floor":18.0,"key":"DIG"},{"floor":26.0,"key":"REST"},{"data":"hexamod:GhostflameBarrier","floor":47,"key":"SMITH"}],"circlet_count":0,"master_deck":["hexamod:Strike","hexamod:Strike","hexamod:Strike","hexamod:Strike","hexamod:Defend","hexamod:Defend","hexamod:Defend","hexamod:Defend","hexamod:Sear+1","hexamod:Float","hexamod:NightmareStrike+1","infinitespire:FutureSight+1","hexamod:GhostflameBarrier+1","hexamod:ThermalTransfer","hexamod:EtherealExpedition","hexamod:FirstSeal","hexamod:HauntingEcho","hexamod:BurningTouch","hexamod:SearingWound","hexamod:ThermalTransfer+1","hexamod:Incineration+1","hexamod:AdvancingGuard+1","hexamod:GhostShield","infinitespire:Starlight","hexamod:PhantomFireball","hexamod:GhostflameBarrier","hexamod:BurningTouch","hexamod:EmpoweredFlame","hexamod:SpectersWail","hexamod:GhostflameBarrier+1","hexamod:GhostShield","hexamod:HeatCrush","hexamod:Incineration+1","hexamod:GhostLash+1","hexamod:Incineration+1","Normality","hexamod:SoulSteal","hexamod:NightmareStrike","hexamod:NightmareGuise","Parasite","hexamod:Firestarter+1","hexamod:GhostShield","hexamod:BurningTouch+1"],"relics":["hexamod:SpiritBrand","downfall:HeartBlessingRed","downfall:HeartBlessingBlue","Question Card","Cursed Key","ReplayTheSpireMod:Lightbulb","Runesmith:Nanobots","construct:FoamFinger","hubris:ScarierMask","hubris:EmptyBottle","hubris:64BitClover","construct:ClawGrip","Pocketwatch","infinitespire:WardingShard","infinitespire:CursedDice","Lizard Tail","elementalistmod:GreenCirclet"],"acts_visited":["Exordium","TheCity","TheBeyond"],"potions_floor_usage":[],"damage_taken":[{"damage":0.0,"enemies":"Small Slimes","floor":2.0,"turns":4.0},{"damage":0.0,"enemies":"Jaw Worm","floor":5.0,"turns":3.0},{"damage":0.0,"enemies":"2 Louse","floor":9.0,"turns":2.0},{"damage":2.0,"enemies":"Red Slaver","floor":12.0,"turns":4.0},{"damage":14.0,"enemies":"Gremlin Gang","floor":14.0,"turns":4.0},{"damage":11.0,"enemies":"Exordium Wildlife","floor":15.0,"turns":4.0},{"damage":50.0,"enemies":"downfall:Defect","floor":16.0,"turns":8.0},{"damage":0.0,"enemies":"Chosen","floor":19.0,"turns":3.0},{"damage":13.0,"enemies":"Snecko","floor":20.0,"turns":6.0},{"damage":37.0,"enemies":"Snake Plant","floor":22.0,"turns":5.0},{"damage":35.0,"enemies":"Sentry and Sphere","floor":23.0,"turns":6.0},{"damage":0.0,"enemies":"downfall:FleeingMerchant","floor":27.0,"turns":4.0},{"damage":0.0,"enemies":"Shelled Parasite and Fungi","floor":28.0,"turns":3.0},{"damage":3.0,"enemies":"3 Cultists","floor":29.0,"turns":5.0},{"damage":0.0,"enemies":"Cultist and Chosen","floor":30.0,"turns":4.0},{"damage":15.0,"enemies":"Slavers","floor":31.0,"turns":4.0},{"damage":0.0,"enemies":"Snake Plant","floor":32.0,"turns":3.0},{"damage":58.0,"enemies":"downfall:Ironclad","floor":33.0,"turns":10.0},{"damage":14.0,"enemies":"Mind Bloom Boss Battle","floor":35.0,"turns":6.0},{"damage":4.0,"enemies":"3 Darklings","floor":36.0,"turns":3.0},{"damage":25.0,"enemies":"3 Shapes","floor":37.0,"turns":4.0},{"damage":0.0,"enemies":"downfall:FleeingMerchant","floor":39.0,"turns":4.0},{"damage":14,"enemies":"3 Darklings","floor":40,"turns":4},{"damage":16,"enemies":"Spire Growth","floor":42,"turns":3},{"damage":6,"enemies":"4 Shapes","floor":43,"turns":3},{"damage":0,"enemies":"downfall:FleeingMerchant","floor":44,"turns":1},{"damage":1,"enemies":"Writhing Mass","floor":45,"turns":5},{"damage":5,"enemies":"Jaw Worm Horde","floor":48,"turns":4},{"damage":23,"enemies":"Spire Growth","floor":49,"turns":4},{"damage":14,"enemies":"downfall:Watcher","floor":50,"turns":7}],"seed_played":"8501280175018064900","potions_obtained":[{"floor":2.0,"key":"Block Potion"},{"floor":5.0,"key":"FairyPotion"},{"floor":14.0,"key":"LifebloodPotion"},{"floor":19.0,"key":"EssenceOfSteel"},{"floor":20.0,"key":"ColorlessPotion"},{"floor":22.0,"key":"Cursed Concoction"}],"is_trial":false,"path_per_floor":["R","M","?","?","M","R","T","R","M","R","T","M","?","M","M","B",null,"R","M","M","?","M","M","T","AVR","R","$","M","M","M","E","M","B",null,"R","M","M","?","$","M","T","M","M","$","M","?","R","M","M","B",null],"character_chosen":"THE_SPIRIT","items_purchased":["hexamod:GhostflameBarrier","hubris:EmptyBottle","Lizard Tail","hexamod:NightmareGuise"],"campfire_rested":1,"item_purchase_floors":[27,27,44,44],"current_hp_per_floor":[77,77,77,59,59,59,59,69,69,69,69,67,60,53,49,26,87,87,87,81,81,51,23,23,23,49,66,76,87,87,79,86,38,87,87,83,75,75,85,71,71,72,76,83,82,82,82,77,71,67],"gold":333,"neow_bonus":"TEN_PERCENT_HP_BONUS","is_daily":false,"chose_seed":false,"campfire_upgraded":4,"win_rate":0.0,"timestamp":1610392168,"path_taken":["R","M","?","?","M","R","T","R","M","R","?","M","?","M","M","BOSS","R","M","M","?","M","M","T","AVR","R","$","M","?","?","E","M","BOSS","R","M","M","?","$","?","T","M","M","?","M","?","R","M","M","BOSS"],"items_purchased_type":["Card","Relic","Relic","Card"],"build_version":"2020-12-22","purchased_purges":1,"victory":true,"max_hp_per_floor":[77,77,77,77,77,77,77,87,87,87,87,87,87,87,87,87,87,87,87,87,87,87,87,87,87,87,87,87,87,87,87,87,87,87,87,87,87,87,87,87,87,87,87,87,87,87,87,87,87,87],"card_choices":[{"not_picked":["hexamod:SwordOfDarkness","hexamod:InspiringFlames"],"picked":"hexamod:NightmareStrike","floor":2.0},{"not_picked":["infinitespire:TheBestDefense","ReplayTheSpireMod:Echoes of Time"],"picked":"infinitespire:FutureSight","floor":4.0},{"not_picked":["hexamod:GhostShield","hexamod:Hexaguard"],"picked":"hexamod:GhostflameBarrier","floor":5.0},{"not_picked":["hexamod:AdvancingGuard","hexamod:NightmareStrike"],"picked":"hexamod:ThermalTransfer","floor":9.0},{"not_picked":["hexamod:AdvancingGuard","hexamod:NightmareStrike","hexamod:SwordOfDarkness"],"picked":"hexamod:EtherealExpedition","floor":12.0},{"not_picked":["hexamod:Rewind","hexamod:SpectralAdrenaline","hexamod:GhostLash"],"picked":"hexamod:HauntingEcho","floor":14.0},{"not_picked":["hexamod:HeatCrush","hexamod:GhostLash","hexamod:BacktrackSmack"],"picked":"hexamod:BurningTouch","floor":15.0},{"not_picked":["hexamod:EmpoweringStance","hexamod:SixthSeal","hexamod:VolcanoVisage"],"picked":"hexamod:SearingWound","floor":16.0},{"not_picked":["hexamod:StepThrough","hexamod:RainOfEmbers+1","hexamod:NecessarySacrifice"],"picked":"hexamod:ThermalTransfer","floor":19.0},{"not_picked":["hexamod:BacktrackSmack","hexamod:SecondSeal","hexamod:AdvancingGuard"],"picked":"hexamod:Incineration+1","floor":20.0},{"not_picked":["hexamod:FourthSeal","hexamod:ThermalTransfer","hexamod:TurnItUp"],"picked":"hexamod:AdvancingGuard+1","floor":22.0},{"not_picked":["hexamod:NecessarySacrifice","hexamod:RecurringNightmare+1","hexamod:Haunt"],"picked":"hexamod:GhostShield","floor":23.0},{"not_picked":["hexamod:ThermalTransfer","hexamod:BacktrackSmack","hexamod:BurningTouch"],"picked":"hexamod:PhantomFireball","floor":27.0},{"not_picked":["hexamod:RecurringNightmare","hexamod:AdvancingGuard+1","hexamod:NightmareGuise"],"picked":"hexamod:BurningTouch","floor":28.0},{"not_picked":["hexamod:AdvancingGuard+1","hexamod:ThermalTransfer","hexamod:ShieldOfDarkness+1"],"picked":"hexamod:EmpoweredFlame","floor":29.0},{"not_picked":["hexamod:BurningTouch","hexamod:HauntingEcho","hexamod:BacktrackSmack"],"picked":"hexamod:SpectersWail","floor":30.0},{"not_picked":["hexamod:HexaLevel","hexamod:UnleashSpirits","hexamod:SwordOfDarkness"],"picked":"hexamod:GhostflameBarrier+1","floor":31.0},{"not_picked":["hexamod:GhostOfSpirePresent","hexamod:Hexaguard","hexamod:SwordOfDarkness"],"picked":"hexamod:GhostShield","floor":32.0},{"not_picked":["hexamod:SixthSeal","hexamod:TurnItUp","hexamod:TimeOfNeed"],"picked":"hexamod:CrushingStance","floor":33.0},{"not_picked":["hexamod:SwordOfDarkness","hexamod:EmpoweredFlame+1","hexamod:Haunt"],"picked":"hexamod:HeatCrush","floor":35.0},{"not_picked":["hexamod:SpectralAdrenaline","hexamod:RainOfEmbers","hexamod:ThirdSeal","hexamod:Haunt"],"picked":"SKIP","floor":36.0},{"not_picked":["hexamod:FourthSeal","hexamod:BurningTouch+1","hexamod:SpectralAdrenaline+1"],"picked":"hexamod:Incineration+1","floor":37.0},{"not_picked":["hexamod:Hexaguard+1","hexamod:SwordOfDarkness","hexamod:HauntingEcho"],"picked":"hexamod:GhostLash+1","floor":39},{"not_picked":["hexamod:RainOfEmbers+1","hexamod:PhantomCloak+1","hexamod:Haunt+1"],"picked":"hexamod:Incineration+1","floor":40},{"not_picked":["hexamod:Hexaguard+1","hexamod:Firestarter","hexamod:HeatShield","hexamod:Haunt"],"picked":"SKIP","floor":42},{"not_picked":["hexamod:InspiringFlames","hexamod:GhostShield+1","hexamod:NightmareGuise"],"picked":"hexamod:SoulSteal","floor":43},{"not_picked":["hexamod:PhantomCloak","hexamod:HauntingEcho+1","hexamod:Firestarter+1"],"picked":"hexamod:NightmareStrike","floor":44},{"not_picked":["hexamod:ShieldOfDarkness","hexamod:CatchUp+1","hexamod:NightmareStrike+1"],"picked":"hexamod:Firestarter+1","floor":45},{"not_picked":["hexamod:ShieldOfDarkness","hexamod:InspiringFlames+1","hexamod:PhantomCloak"],"picked":"hexamod:GhostShield","floor":48},{"not_picked":["hexamod:GhostShield+1","hexamod:ThirdSeal","hexamod:WildfireWeapon"],"picked":"hexamod:BurningTouch+1","floor":49}],"player_experience":76788,"relics_obtained":[{"floor":11.0,"key":"Question Card"},{"floor":18.0,"key":"ReplayTheSpireMod:Lightbulb"},{"floor":24.0,"key":"Runesmith:Nanobots"},{"floor":31.0,"key":"hubris:64BitClover"},{"floor":35.0,"key":"Pocketwatch"},{"floor":41,"key":"infinitespire:WardingShard"},{"floor":43,"key":"infinitespire:CursedDice"}],"event_choices":[{"damage_healed":0.0,"max_hp_gain":0.0,"max_hp_loss":0.0,"gold_gain":0.0,"event_name":"Upgrade Shrine","player_choice":"Upgraded","floor":21.0,"gold_loss":0.0,"damage_taken":0.0,"cards_upgraded":["hexamod:ThermalTransfer"]},{"cards_removed":["hexamod:CrushingStance"],"damage_healed":0.0,"max_hp_gain":0.0,"max_hp_loss":0.0,"gold_gain":0.0,"event_name":"Wheel of Change","player_choice":"Card Removal","floor":38.0,"gold_loss":0.0,"damage_taken":0.0}],"is_beta":false,"boss_relics":[{"not_picked":["Replay:Drink Me","Runic Pyramid"],"picked":"Cursed Key"},{"not_picked":["hubris:TerracottaHorce","Runic Dome"],"picked":"construct:ClawGrip"}],"items_purged_floors":[25],"is_endless":false,"potions_floor_spawned":[2,5,14,19,20,22,33,35,40,42,48,49],"ascension_level":0}}