{"host":"c59jaj2b7ki1imdm","time":1610407228,"event":{"mods":["AchievementEnabler","BaseMod","Hermit","Hubris","Minty Spire (QoL Compilation)","StSLib","The Construct","The Hierophant"],"gold_per_floor":[111,129,129,144,161,186,186,203,230,230,249,249,280,280,280,380,380,393,244,244,263,273,273,302,335,360,370,370,370,72,72,72,72,72],"floor_reached":33,"playtime":2410,"items_purged":[],"score":325,"play_id":"bc31c282-2755-480a-bd8b-0d24ad694787","local_time":"20210112002028","is_ascension_mode":false,"campfire_choices":[{"floor":7,"key":"REST"},{"data":"hermit:Snapshot","floor":10,"key":"SMITH"},{"data":"hermit:Shortfuse","floor":12,"key":"SMITH"},{"floor":15,"key":"REST"},{"floor":23,"key":"REST"},{"floor":28,"key":"REST"},{"floor":32,"key":"REST"}],"circlet_count":0,"master_deck":["hermit:Strike_Hermit","hermit:Strike_Hermit","hermit:Strike_Hermit+1","hermit:Strike_Hermit","hermit:Defend_Hermit","hermit:Defend_Hermit","hermit:Defend_Hermit","hermit:Defend_Hermit","hermit:Snapshot+1","hermit:Spite+1","hermit:Shortfuse+1","hermit:FlashPowder","hermit:Glare","hermit:Ricochet","hermit:ItchyTrigger","hermit:PistolWhip","hermit:EternalForm","hermit:BlackWind","hermit:Horror+1","hermit:GoldenBullet","hermit:Feint+1","hermit:Headshot+1","hermit:Deadeye+1","hermit:Grudge","Necronomicurse"],"relics":["hermit:Momento","Smiling Mask","hubris:OldNail","hermit:RyeStalk","hermit:BartenderGlass","Potion Belt","Red Mask","Tiny Chest","Whetstone","Necronomicon","Toy Ornithopter","Vajra"],"acts_visited":["Exordium","TheCity"],"potions_floor_usage":[11,13,21,22,24,24,24,25,25,33,33,33,33],"damage_taken":[{"damage":6,"enemies":"Jaw Worm","floor":1,"turns":3},{"damage":5,"enemies":"Cultist","floor":2,"turns":4},{"damage":0,"enemies":"Small Slimes","floor":4,"turns":2},{"damage":9,"enemies":"2 Fungi Beasts","floor":5,"turns":3},{"damage":7,"enemies":"Lagavulin","floor":6,"turns":5},{"damage":4,"enemies":"Looter","floor":8,"turns":3},{"damage":0,"enemies":"3 Louse","floor":11,"turns":2},{"damage":36,"enemies":"3 Sentries","floor":13,"turns":6},{"damage":0,"enemies":"Slime Boss","floor":16,"turns":6},{"damage":10,"enemies":"Spheric Guardian","floor":18,"turns":3},{"damage":5,"enemies":"Shell Parasite","floor":21,"turns":3},{"damage":0,"enemies":"3 Cultists","floor":22,"turns":4},{"damage":18,"enemies":"Masked Bandits","floor":24,"turns":4},{"damage":45,"enemies":"Gremlin Leader","floor":25,"turns":3},{"damage":2,"enemies":"Centurion and Healer","floor":27,"turns":3},{"damage":118,"enemies":"Automaton","floor":33,"turns":8}],"seed_played":"6145821706607380301","potions_obtained":[{"floor":1,"key":"SkillPotion"},{"floor":5,"key":"Swift Potion"},{"floor":6,"key":"Energy Potion"},{"floor":8,"key":"Explosive Potion"},{"floor":13,"key":"LiquidBronze"},{"floor":18,"key":"Dexterity Potion"},{"floor":24,"key":"LiquidMemories"}],"is_trial":false,"path_per_floor":["M","M","?","M","M","E","R","M","T","R","M","R","E","?","R","B",null,"M","$","?","M","M","R","?","E","T","M","R","?","$","?","R","B"],"character_chosen":"HERMIT","items_purchased":["Potion Belt","Toy Ornithopter","Vajra"],"campfire_rested":5,"item_purchase_floors":[19,30,30],"current_hp_per_floor":[76,71,71,71,62,55,79,75,75,75,75,75,39,39,63,63,82,72,72,56,51,51,77,59,14,14,12,38,22,22,51,77,0,0],"gold":72,"neow_bonus":"TEN_PERCENT_HP_BONUS","is_daily":false,"chose_seed":false,"campfire_upgraded":2,"win_rate":0.0,"timestamp":1610407228,"path_taken":["M","M","?","?","M","E","R","M","T","R","M","R","E","?","R","BOSS","M","?","?","M","M","R","?","E","T","M","R","?","$","?","R","BOSS"],"items_purchased_type":["Relic","Relic","Relic"],"build_version":"2020-12-22","purchased_purges":0,"victory":false,"max_hp_per_floor":[82,82,82,82,82,82,82,82,82,82,82,82,82,82,82,82,82,82,82,87,87,87,87,87,87,87,87,87,87,87,87,87,87,87],"card_choices":[{"not_picked":["hermit:CalledShot","hermit:Ricochet"],"picked":"hermit:DeadMansHand","floor":1},{"not_picked":["hermit:Gestalt","hermit:ItchyTrigger"],"picked":"hermit:Spite","floor":2},{"not_picked":["hermit:HighCaliber","hermit:SprayPray"],"picked":"hermit:FlashPowder","floor":4},{"not_picked":["hermit:Roulette","hermit:Virtue"],"picked":"hermit:Glare","floor":5},{"not_picked":["hermit:Maintenance","hermit:Quickdraw"],"picked":"hermit:Ricochet","floor":6},{"not_picked":["hermit:Vantage","hermit:SprayPray"],"picked":"hermit:ItchyTrigger","floor":8},{"not_picked":["hermit:CalledShot","hermit:WideOpen"],"picked":"hermit:PistolWhip","floor":11},{"not_picked":["hermit:Feint","hermit:LowProfile"],"picked":"hermit:EternalForm","floor":13},{"not_picked":["hermit:Reprieve","hermit:HighNoon"],"picked":"hermit:BlackWind","floor":16},{"not_picked":["hermit:Malice","hermit:FullyLoaded"],"picked":"hermit:Horror+1","floor":18},{"not_picked":["hermit:Vantage+1","hermit:Quickdraw"],"picked":"hermit:GoldenBullet","floor":21},{"not_picked":["hermit:CalledShot","hermit:LowProfile"],"picked":"hermit:Feint+1","floor":22},{"not_picked":["hermit:Desperado","hermit:LoneWolf"],"picked":"hermit:Headshot+1","floor":24},{"not_picked":["hermit:Headshot","hermit:HoleUp"],"picked":"hermit:Deadeye+1","floor":25},{"not_picked":["hermit:Feint+1","hermit:Magnum"],"picked":"hermit:Grudge","floor":27}],"player_experience":121184,"relics_obtained":[{"floor":6,"key":"Smiling Mask"},{"floor":9,"key":"hubris:OldNail"},{"floor":13,"key":"hermit:RyeStalk"},{"floor":24,"key":"Red Mask"},{"floor":25,"key":"Tiny Chest"},{"floor":26,"key":"Whetstone"},{"floor":29,"key":"Necronomicon"}],"event_choices":[{"damage_healed":0,"gold_gain":0,"cards_transformed":["hermit:DeadMansHand"],"player_choice":"Transformed","damage_taken":0,"max_hp_gain":0,"max_hp_loss":0,"event_name":"Transmorgrifier","floor":3,"gold_loss":0,"cards_obtained":["hermit:Shortfuse"]},{"cards_removed":["hermit:Covet"],"damage_healed":0,"gold_gain":0,"player_choice":"Purged","damage_taken":0,"max_hp_gain":0,"max_hp_loss":0,"event_name":"Purifier","floor":14,"gold_loss":0},{"damage_healed":0,"gold_gain":0,"player_choice":"Shed Blood","damage_taken":21,"max_hp_gain":5,"max_hp_loss":0,"event_name":"Forgotten Altar","floor":20,"gold_loss":0},{"damage_healed":0,"gold_gain":0,"player_choice":"Fought Bandits","damage_taken":0,"max_hp_gain":0,"max_hp_loss":0,"event_name":"Masked Bandits","floor":24,"gold_loss":0},{"damage_healed":0,"gold_gain":0,"player_choice":"Obtained Book","damage_taken":16,"max_hp_gain":0,"max_hp_loss":0,"event_name":"Cursed Tome","floor":29,"gold_loss":0},{"damage_healed":29,"gold_gain":0,"player_choice":"Heal","damage_taken":0,"max_hp_gain":0,"max_hp_loss":0,"event_name":"The Library","floor":31,"gold_loss":0}],"is_beta":false,"boss_relics":[{"not_picked":["hubris:BlackHole","hubris:TerracottaHorce"],"picked":"hermit:BartenderGlass"}],"items_purged_floors":[],"is_endless":false,"potions_floor_spawned":[1,5,6,8,13,18,24],"killed_by":"Automaton","ascension_level":0}}