{"host":"egwexuw5uvnxf11j","time":1610348586,"event":{"mods":["2.2 Compatiblity","Aspiration","BaseMod","Better Altar","Better Note","Better Sensory Stone","Better Third Choice","Displayed Cursed Tome","Downfall","Hermit","Key Reminder","Koishi","Marisa????????","Minty Spire (QoL Compilation)","Quick Restart","Shade Mod","Spicy Shops","StSLib","The Construct","The Cursed","The Hierophant","The Runesmith","The Senshi","The Servant 0.9.4","Transform Curses"],"gold_per_floor":[115,115,80,99,112,147,147,168,195,248,283,210,222,258,270,386,398,403,107,135,155,180,180,180],"floor_reached":23,"playtime":1830,"items_purged":[],"score":213,"play_id":"4b25f44b-6f7b-408c-8f5a-b10eb32aa9b4","local_time":"20210111020306","is_ascension_mode":true,"campfire_choices":[{"floor":7,"key":"REST"},{"floor":13,"key":"REST"},{"floor":15,"key":"REST"}],"circlet_count":0,"master_deck":["hermit:Strike_Hermit","hermit:Strike_Hermit","hermit:Strike_Hermit","hermit:Strike_Hermit","hermit:Defend_Hermit","hermit:Defend_Hermit","hermit:Defend_Hermit","hermit:Defend_Hermit","hermit:Snapshot","hermit:Covet","expansioncontent:DefensiveStance","hermit:Shortfuse","hermit:Snipe+1","hermit:Enervate","hermit:Brawl","hermit:WideOpen","hermit:EyeOfTheStorm","hermit:LowProfile+1","hermit:Vantage","hermit:FromBeyond","hermit:CalledShot","HandOfGreed","hermit:HighCaliber","hermit:Brawl","hermit:Snipe","hermit:Dive","hermit:Scavenge"],"relics":["hermit:Momento","Happy Flower","Calipers","CeramicFish","MawBank","Pantograph","keyreminder:keyreminder","theSenshi:SailorFukuRelic","hermit:BartenderGlass","War Paint"],"acts_visited":["Exordium","TheCity"],"potions_floor_usage":[8,10,16,16,16,18,21,21,21,21,23,23,23],"damage_taken":[{"damage":0,"enemies":"Small Slimes","floor":1,"turns":4},{"damage":0,"enemies":"2 Louse","floor":4,"turns":2},{"damage":1,"enemies":"Cultist","floor":5,"turns":4},{"damage":21,"enemies":"Gremlin Nob","floor":6,"turns":4},{"damage":22,"enemies":"Exordium Thugs","floor":8,"turns":3},{"damage":24,"enemies":"3 Sentries","floor":10,"turns":5},{"damage":5,"enemies":"Looter","floor":11,"turns":2},{"damage":13,"enemies":"2 Fungi Beasts","floor":14,"turns":4},{"damage":1,"enemies":"Slime Boss","floor":16,"turns":12},{"damage":23,"enemies":"2 Thieves","floor":18,"turns":4},{"damage":21,"enemies":"3 Byrds","floor":20,"turns":6},{"damage":29,"enemies":"Sentry and Sphere","floor":21,"turns":8},{"damage":5,"enemies":"Gremlin Leader","floor":23,"turns":3}],"seed_played":"-8842893560656024313","potions_obtained":[{"floor":1,"key":"SteroidPotion"},{"floor":4,"key":"champ:CounterPotion"},{"floor":5,"key":"PowerPotion"},{"floor":8,"key":"Dexterity Potion"},{"floor":14,"key":"Block Potion"},{"floor":16,"key":"PowerPotion"},{"floor":20,"key":"Weak Potion"},{"floor":21,"key":"AttackPotion"}],"is_trial":false,"path_per_floor":["M","?","?","M","M","E","R","M","T","E","M","?","R","M","R","B",null,"M","$","M","M","T","E"],"character_chosen":"HERMIT","items_purchased":["HandOfGreed","hermit:HighCaliber","hermit:Brawl","hermit:Snipe"],"campfire_rested":3,"item_purchase_floors":[19,19,19,19],"current_hp_per_floor":[75,69,75,75,74,53,75,53,53,29,24,24,46,33,55,74,75,52,52,31,2,2,0,0],"gold":180,"neow_bonus":"RANDOM_COLORLESS","is_daily":false,"chose_seed":false,"campfire_upgraded":0,"win_rate":0.0,"timestamp":1610348586,"path_taken":["M","?","?","M","M","E","R","M","T","E","M","?","R","M","R","BOSS","M","?","M","M","?","E"],"items_purchased_type":["Card","Card","Card","Card"],"build_version":"2020-12-22","purchased_purges":0,"victory":false,"max_hp_per_floor":[75,75,75,75,75,75,75,75,75,75,75,75,75,75,75,75,75,75,75,75,75,75,75,75],"card_choices":[{"not_picked":["Mind Blast","PanicButton"],"picked":"expansioncontent:DefensiveStance","floor":0},{"not_picked":["hermit:TrackingShot","hermit:Scavenge"],"picked":"hermit:Shortfuse","floor":1},{"not_picked":["hermit:Coalescence","hermit:Enervate"],"picked":"hermit:Snipe","floor":4},{"not_picked":["hermit:Scavenge","hermit:Misfire"],"picked":"hermit:Enervate","floor":5},{"not_picked":["hermit:BodyArmor","hermit:GhostlyPresence"],"picked":"hermit:Brawl","floor":6},{"not_picked":["hermit:Roulette","hermit:HighCaliber"],"picked":"hermit:WideOpen","floor":8},{"not_picked":["hermit:Dive","hermit:LowProfile"],"picked":"hermit:EyeOfTheStorm","floor":10},{"not_picked":["hermit:Roulette","hermit:Quickdraw"],"picked":"hermit:LowProfile","floor":11},{"not_picked":["hermit:Virtue","hermit:Grudge"],"picked":"hermit:Vantage","floor":14},{"not_picked":["hermit:Purgatory","hermit:OverwhelmingPower"],"picked":"hermit:FromBeyond","floor":16},{"not_picked":["hermit:Feint","hermit:Roulette"],"picked":"hermit:CalledShot","floor":18},{"not_picked":["hermit:Manifest","hermit:LowProfile"],"picked":"hermit:Dive","floor":20},{"not_picked":["hermit:LowProfile","hermit:CursedWeapon+1"],"picked":"hermit:Scavenge","floor":21}],"player_experience":2193398,"relics_obtained":[{"floor":6,"key":"CeramicFish"},{"floor":9,"key":"MawBank"},{"floor":10,"key":"Pantograph"},{"floor":22,"key":"War Paint"}],"event_choices":[{"damage_healed":0,"gold_gain":1,"player_choice":"Relic Relic ","damage_taken":6,"max_hp_gain":0,"max_hp_loss":0,"event_name":"betterThird:BetterScrap","floor":2,"gold_loss":0,"cards_obtained":["Bouncing Flask"]},{"damage_healed":18,"gold_gain":0,"player_choice":"Healed","damage_taken":0,"max_hp_gain":0,"max_hp_loss":0,"event_name":"The Cleric","floor":3,"gold_loss":35},{"damage_healed":0,"gold_gain":0,"player_choice":"Paid Gold","damage_taken":0,"relics_obtained":["theSenshi:SailorFukuRelic"],"max_hp_gain":0,"max_hp_loss":0,"event_name":"WeMeetAgain","floor":12,"gold_loss":85}],"is_beta":false,"boss_relics":[{"not_picked":["aspiration:MarisaSkillbook","Sozu"],"picked":"hermit:BartenderGlass"}],"items_purged_floors":[],"is_endless":false,"potions_floor_spawned":[1,4,5,8,14,16,20,21],"killed_by":"Gremlin Leader","ascension_level":1}}