{"host":"5jyeqch4fosnsiz2","time":1610396945,"event":{"mods":["BaseMod","Bestiary","Colored Map","Colored Powertips","Filter the Spire","Minty Spire (QoL Compilation)","Relic Stats","StSLib","Waifu the Spire","ojb\u0027s Better Paths Mod","ojb\u0027s Info Mod"],"gold_per_floor":[109,125,200,200,211,211,236,236,313,353,381,402,739,758,758,870,870,889,814,824,852,345,375,395,430,467,517,549,561,586,598,610,622,622],"floor_reached":33,"playtime":1663,"items_purged":["Defend_R"],"score":454,"play_id":"730cb4eb-c2e8-416b-a65a-5606beef54fc","local_time":"20210111152905","is_ascension_mode":false,"campfire_choices":[{"data":"Uppercut","floor":6,"key":"SMITH"},{"data":"Armaments","floor":8,"key":"SMITH"},{"data":"Feed","floor":15,"key":"SMITH"},{"data":"Seeing Red","floor":32,"key":"SMITH"}],"circlet_count":0,"master_deck":["Strike_R+1","Strike_R+1","Strike_R+1","Strike_R+1","Defend_R+1","Defend_R+1","Defend_R+1","Bash","Clash","Pommel Strike+1","Uppercut+1","Armaments+1","Seeing Red+1","Feed+1","Cleave","Shrug It Off","Double Tap","Reaper+1","Clothesline+1","Headbutt+1","Combust","Rupture"],"relics":["Black Star","Boot","Pear","Pantograph","CeramicFish","PreservedInsect","Incense Burner","Old Coin","Runic Cube","Red Skull","HandDrill","HornCleat","Bag of Preparation","Darkstone Periapt","MawBank","Ice Cream","Potion Belt"],"acts_visited":["Exordium","TheCity"],"potions_floor_usage":[7,12,16,16,18,23,24,27,27],"damage_taken":[{"damage":8,"enemies":"2 Louse","floor":1,"turns":3},{"damage":8,"enemies":"Small Slimes","floor":2,"turns":3},{"damage":0,"enemies":"Cultist","floor":5,"turns":3},{"damage":12,"enemies":"Gremlin Nob","floor":7,"turns":4},{"damage":23,"enemies":"3 Sentries","floor":10,"turns":9},{"damage":11,"enemies":"Lots of Slimes","floor":11,"turns":4},{"damage":4,"enemies":"2 Fungi Beasts","floor":12,"turns":3},{"damage":0,"enemies":"Gremlin Nob","floor":13,"turns":3},{"damage":11,"enemies":"Exordium Wildlife","floor":14,"turns":2},{"damage":12,"enemies":"The Guardian","floor":16,"turns":11},{"damage":30,"enemies":"Chosen","floor":18,"turns":7},{"damage":12,"enemies":"3 Byrds","floor":20,"turns":4},{"damage":58,"enemies":"Centurion and Healer","floor":21,"turns":9},{"damage":22,"enemies":"Gremlin Leader","floor":23,"turns":4},{"damage":19,"enemies":"Chosen and Byrds","floor":24,"turns":4},{"damage":2,"enemies":"Book of Stabbing","floor":25,"turns":3},{"damage":24,"enemies":"Slavers","floor":27,"turns":3},{"damage":14,"enemies":"Snecko","floor":28,"turns":5},{"damage":40,"enemies":"Snake Plant","floor":30,"turns":8},{"damage":61,"enemies":"Champ","floor":33,"turns":8}],"seed_played":"5970068478540683950","potions_obtained":[{"floor":1,"key":"BloodPotion"},{"floor":10,"key":"Block Potion"},{"floor":12,"key":"SteroidPotion"},{"floor":13,"key":"Dexterity Potion"},{"floor":14,"key":"LiquidBronze"},{"floor":16,"key":"BlessingOfTheForge"},{"floor":23,"key":"SmokeBomb"},{"floor":24,"key":"SpeedPotion"},{"floor":25,"key":"SneckoOil"}],"is_trial":false,"path_per_floor":["M","M","?","?","M","R","E","R","T","E","M","M","E","M","R","B",null,"M","?","M","M","$","E","M","E","T","E","M","?","M","?","R","B"],"character_chosen":"IRONCLAD","items_purchased":["Red Skull","HandDrill","BloodPotion","Combust"],"campfire_rested":0,"item_purchase_floors":[22,22,22,22],"current_hp_per_floor":[72,64,53,53,53,53,67,67,67,44,33,32,32,24,24,37,96,75,75,82,28,28,48,42,44,44,51,54,54,21,21,21,0,0],"gold":622,"neow_bonus":"BOSS_RELIC","is_daily":false,"chose_seed":false,"campfire_upgraded":4,"win_rate":0.0,"timestamp":1610396945,"path_taken":["M","M","?","?","M","R","E","R","T","E","M","?","E","?","R","BOSS","M","?","M","M","$","E","M","E","T","E","M","?","M","?","R","BOSS"],"items_purchased_type":["Relic","Relic","Potion","Card"],"build_version":"2020-12-22","purchased_purges":1,"victory":false,"max_hp_per_floor":[80,80,80,80,80,80,90,90,90,90,90,93,93,96,96,96,96,100,100,104,108,108,108,108,112,112,116,120,120,120,120,120,120,120],"relic_stats":{"Darkstone Periapt":0,"counters":[20,100],"Pantograph":50,"CeramicFish":90,"PreservedInsect":147,"Black Star":6,"HandDrill":[8],"Bag of Preparation":[12],"Boot":[29],"MawBank":96,"obtain_stats":[{"Darkstone Periapt":25,"Ice Cream":27,"Potion Belt":27,"Pear":7,"CeramicFish":10,"PreservedInsect":10,"Incense Burner":13,"Bag of Preparation":23,"Boot":7,"MawBank":25,"Burning Blood":0,"Old Coin":13,"HornCleat":23,"Pantograph":9,"Black Star":0,"HandDrill":22,"Red Skull":22,"Runic Cube":17},{"Darkstone Periapt":16,"Ice Cream":17,"Potion Belt":17,"Pear":4,"CeramicFish":5,"PreservedInsect":5,"Incense Burner":8,"Bag of Preparation":14,"Boot":4,"MawBank":16,"Burning Blood":0,"Old Coin":8,"HornCleat":14,"Pantograph":4,"Black Star":0,"HandDrill":13,"Red Skull":13,"Runic Cube":10},{"Darkstone Periapt":76,"Ice Cream":79,"Potion Belt":79,"Pear":13,"CeramicFish":22,"PreservedInsect":22,"Incense Burner":32,"Bag of Preparation":69,"Boot":13,"MawBank":76,"Burning Blood":0,"Old Coin":32,"HornCleat":69,"Pantograph":13,"Black Star":0,"HandDrill":65,"Red Skull":65,"Runic Cube":45}],"Runic Cube":[70]},"card_choices":[{"not_picked":["Metallicize","Perfected Strike"],"picked":"Clash","floor":1},{"not_picked":["Iron Wave","Twin Strike"],"picked":"Pommel Strike","floor":2},{"not_picked":["Infernal Blade","Evolve"],"picked":"Uppercut","floor":5},{"not_picked":["Flex","Dual Wield"],"picked":"Armaments","floor":7},{"not_picked":["Clothesline","Warcry"],"picked":"Seeing Red","floor":10},{"not_picked":["Body Slam","Shrug It Off"],"picked":"Feed","floor":11},{"not_picked":["Disarm","Dual Wield"],"picked":"Cleave","floor":12},{"not_picked":["Clash","Pommel Strike"],"picked":"Shrug It Off","floor":13},{"not_picked":["Carnage","Body Slam"],"picked":"Double Tap","floor":14},{"not_picked":["Exhume","Barricade"],"picked":"Reaper","floor":16},{"not_picked":["True Grit+1","Anger"],"picked":"Clothesline+1","floor":18},{"not_picked":["Shrug It Off","Perfected Strike","Cleave"],"picked":"SKIP","floor":20},{"not_picked":["Disarm","Wild Strike"],"picked":"Headbutt+1","floor":21},{"not_picked":["Thunderclap","Juggernaut","Fire Breathing"],"picked":"SKIP","floor":23},{"not_picked":["Armaments","Flex","Sentinel"],"picked":"SKIP","floor":24},{"not_picked":["Uppercut","Armaments","Cleave"],"picked":"SKIP","floor":25},{"not_picked":["Disarm","Seeing Red"],"picked":"Rupture","floor":27},{"not_picked":["Havoc+1","Battle Trance","Uppercut"],"picked":"SKIP","floor":28},{"not_picked":["Intimidate","Battle Trance","Pommel Strike"],"picked":"SKIP","floor":30}],"player_experience":300203,"relics_obtained":[{"floor":7,"key":"Boot"},{"floor":7,"key":"Pear"},{"floor":9,"key":"Pantograph"},{"floor":10,"key":"CeramicFish"},{"floor":10,"key":"PreservedInsect"},{"floor":13,"key":"Incense Burner"},{"floor":13,"key":"Old Coin"},{"floor":23,"key":"HornCleat"},{"floor":23,"key":"Bag of Preparation"},{"floor":25,"key":"Darkstone Periapt"},{"floor":25,"key":"MawBank"},{"floor":27,"key":"Ice Cream"},{"floor":27,"key":"Potion Belt"}],"event_choices":[{"damage_healed":0,"gold_gain":75,"player_choice":"Gather Gold","damage_taken":11,"max_hp_gain":0,"max_hp_loss":0,"event_name":"World of Goop","floor":3,"gold_loss":0},{"damage_healed":0,"gold_gain":0,"player_choice":"Upgraded","damage_taken":0,"max_hp_gain":0,"max_hp_loss":0,"event_name":"Upgrade Shrine","floor":4,"gold_loss":0,"cards_upgraded":["Pommel Strike"]},{"cards_removed":["Strike_R"],"damage_healed":0,"gold_gain":0,"player_choice":"Gave Gold","damage_taken":0,"max_hp_gain":0,"max_hp_loss":0,"event_name":"Beggar","floor":19,"gold_loss":75},{"damage_healed":0,"gold_gain":0,"player_choice":"Simplicity","damage_taken":0,"max_hp_gain":0,"max_hp_loss":0,"event_name":"Back to Basics","floor":29,"gold_loss":0,"cards_upgraded":["Strike_R","Strike_R","Strike_R","Strike_R","Defend_R","Defend_R","Defend_R"]},{"damage_healed":0,"gold_gain":0,"player_choice":"Forge","damage_taken":0,"max_hp_gain":0,"max_hp_loss":0,"event_name":"Accursed Blacksmith","floor":31,"gold_loss":0,"cards_upgraded":["Reaper"]}],"is_beta":false,"boss_relics":[{"not_picked":["Philosopher\u0027s Stone","Velvet Choker"],"picked":"Runic Cube"}],"items_purged_floors":[22],"is_endless":false,"potions_floor_spawned":[1,10,12,13,14,16,23,24,25],"killed_by":"Champ","ascension_level":0}}