{"host":"Timothy","time":1610379312,"event":{"mods":["AchievementEnabler","BaseMod","Bestiary","Highlight Path","Minty Spire (QoL Compilation)","Quick Restart","Slay-I"],"gold_per_floor":[115,128,128,128,147,147,69,69,95,95,113,113,126,51,51,152,202,214,114,114,214,169,169],"floor_reached":22,"playtime":398,"items_purged":["Regret","Injury"],"score":172,"play_id":"5c063be0-2bd3-4011-9145-3b542ef8f9c3","local_time":"20210111073512","is_ascension_mode":false,"campfire_choices":[{"floor":6.0,"key":"REST"},{"data":"Whirlwind","floor":8.0,"key":"SMITH"},{"floor":15.0,"key":"REST"}],"circlet_count":0,"master_deck":["Strike_R","Strike_R","Strike_R","Strike_R","Strike_R","Defend_R","Bash","Warcry+1","Dual Wield","Whirlwind+1","Flex","Spot Weakness","Spot Weakness","Clash","Sword Boomerang"],"relics":["Burning Blood","Strawberry","Centennial Puzzle","Nunchaku","Omamori","Tiny House","Enchiridion"],"acts_visited":["Exordium","TheCity"],"potions_floor_usage":[],"damage_taken":[{"damage":11.0,"enemies":"Jaw Worm","floor":1.0,"turns":3.0},{"damage":7.0,"enemies":"Small Slimes","floor":2.0,"turns":3.0},{"damage":6.0,"enemies":"Cultist","floor":5.0,"turns":3.0},{"damage":18.0,"enemies":"3 Louse","floor":11.0,"turns":2.0},{"damage":18.0,"enemies":"Large Slime","floor":13.0,"turns":3.0},{"damage":82.0,"enemies":"The Guardian","floor":16.0,"turns":8.0},{"damage":60,"enemies":"Shell Parasite","floor":18,"turns":6},{"damage":30,"enemies":"2 Thieves","floor":22,"turns":2}],"seed_played":"-2513082429059226542","potions_obtained":[{"floor":1.0,"key":"Swift Potion"},{"floor":2.0,"key":"PowerPotion"},{"floor":5.0,"key":"Swift Potion"},{"floor":13.0,"key":"BloodPotion"},{"floor":17,"key":"Strength Potion"},{"floor":18,"key":"SneckoOil"}],"is_trial":false,"path_per_floor":["M","M","?","?","M","R","$","R","T","?","M","?","M","$","R","B",null,"M","$","?","?","M"],"character_chosen":"IRONCLAD","items_purchased":["Spot Weakness"],"campfire_rested":2,"item_purchase_floors":[7],"current_hp_per_floor":[75,74,67,74,74,87,87,87,87,87,75,63,51,51,77,18,92,38,38,22,22,0,0],"gold":169,"neow_bonus":"TRANSFORM_TWO_CARDS","is_daily":false,"chose_seed":false,"campfire_upgraded":1,"win_rate":0.0,"timestamp":1610379312,"path_taken":["M","M","?","?","?","R","$","R","T","?","M","?","M","$","R","BOSS","M","$","?","?","?"],"items_purchased_type":["Card"],"build_version":"2020-12-18","purchased_purges":2,"victory":false,"max_hp_per_floor":[80,80,80,87,87,87,87,87,87,87,87,87,87,87,87,87,92,92,92,92,92,92,92],"card_choices":[{"not_picked":["Warcry","Entrench"],"picked":"Whirlwind","floor":1.0},{"not_picked":["Feel No Pain","Anger"],"picked":"Flex","floor":2.0},{"not_picked":["Flame Barrier","True Grit"],"picked":"Spot Weakness","floor":5.0},{"not_picked":["Burning Pact","Twin Strike"],"picked":"Clash","floor":11.0},{"not_picked":["Uppercut","Power Through","Pommel Strike"],"picked":"SKIP","floor":13.0},{"not_picked":["Anger","Wild Strike"],"picked":"Sword Boomerang","floor":18}],"player_experience":804869,"relics_obtained":[{"floor":9.0,"key":"Centennial Puzzle"},{"floor":20,"key":"Enchiridion"}],"event_choices":[{"cards_removed":["Defend_R"],"damage_healed":0.0,"max_hp_gain":0.0,"max_hp_loss":0.0,"gold_gain":0.0,"event_name":"Golden Wing","player_choice":"Card Removal","floor":3.0,"gold_loss":0.0,"damage_taken":7.0},{"damage_healed":0.0,"max_hp_gain":0.0,"max_hp_loss":0.0,"gold_gain":0.0,"event_name":"WeMeetAgain","player_choice":"Gave Potion","floor":4.0,"gold_loss":0.0,"damage_taken":0.0,"relics_obtained":["Strawberry"]},{"damage_healed":0.0,"max_hp_gain":0.0,"max_hp_loss":0.0,"gold_gain":0.0,"event_name":"Big Fish","player_choice":"Box","floor":10.0,"gold_loss":0.0,"damage_taken":0.0,"relics_obtained":["Nunchaku"],"cards_obtained":["Regret"]},{"damage_healed":0.0,"max_hp_gain":0.0,"max_hp_loss":0.0,"gold_gain":0.0,"event_name":"Scrap Ooze","player_choice":"Success","floor":12.0,"gold_loss":0.0,"damage_taken":12.0,"relics_obtained":["Omamori"]},{"damage_healed":0,"gold_gain":0,"player_choice":"Obtained Book","damage_taken":16,"max_hp_gain":0,"max_hp_loss":0,"event_name":"Cursed Tome","floor":20,"gold_loss":0},{"damage_healed":0,"gold_gain":100,"player_choice":"Pray","damage_taken":0,"max_hp_gain":0,"max_hp_loss":0,"event_name":"Golden Shrine","floor":21,"gold_loss":0}],"is_beta":true,"boss_relics":[{"not_picked":["Black Star","Pandora\u0027s Box"],"picked":"Tiny House"}],"items_purged_floors":[14,19],"is_endless":false,"potions_floor_spawned":[1,2,5,13,18],"killed_by":"2 Thieves","ascension_level":0}}