{"host":"ldbx2jhnvtia1ouf","time":1610346314,"event":{"mods":["BaseMod","Better Note","Better Sensory Stone","Better Skull","Better Third Choice","Block Reminder","Colored Map","Colored Powertips","Curses Come First","Highlight Path","Minty Spire (QoL Compilation)","Permanent Neow","Replay The Spire","Spicy Shops","StSLib","Transform Curses","Unceasing Turn Reminder"],"gold_per_floor":[110,110,110,134,34,34,114,114,114,130,130,130,144,167,167,287,287,308,308,331,2,2,33,33,53,53,53,65,100,46,57,57,57,57],"floor_reached":33,"playtime":1748,"items_purged":["Voices","Burn"],"score":275,"play_id":"0c7a63b1-7ea6-4733-a326-9cdee6bda453","local_time":"20210111162514","is_ascension_mode":false,"campfire_choices":[{"data":"1","floor":6,"key":"LIFT"},{"data":"2","floor":8,"key":"LIFT"},{"data":"3","floor":12,"key":"LIFT"},{"floor":15,"key":"REST"},{"data":"Limit Break","floor":24,"key":"SMITH"},{"data":"Heavy Blade","floor":32,"key":"SMITH"}],"circlet_count":0,"master_deck":["Strike_R","Strike_R","Strike_R+1","Strike_R+1","Strike_R","Defend_R","Defend_R","Defend_R","Defend_R","Bash+1","Twin Strike","Double Tap+1","Shrug It Off","Hemogenesis","Iron Wave","Limit Break+1","Ghostly Armor+1","Heavy Blade+1","Hemokinesis+1","Hemokinesis","Hemogenesis","Hemokinesis+1"],"relics":["Black Blood","Girya","Bloody Idol","Strawberry","Replay:Grab Bag","Philosopher\u0027s Stone","Replay:Bronze Core","ClockworkSouvenir","Whetstone","Toy Ornithopter","Pen Nib"],"acts_visited":["Exordium","TheCity"],"potions_floor_usage":[14,16,23,29,33,33],"damage_taken":[{"damage":1,"enemies":"Jaw Worm","floor":1,"turns":3},{"damage":2,"enemies":"2 Louse","floor":4,"turns":3},{"damage":23,"enemies":"Gremlin Nob","floor":7,"turns":4},{"damage":1,"enemies":"Cultist","floor":10,"turns":3},{"damage":8,"enemies":"Red Slaver","floor":13,"turns":3},{"damage":7,"enemies":"Looter","floor":14,"turns":2},{"damage":64,"enemies":"Hexaghost","floor":16,"turns":9},{"damage":3,"enemies":"Shell Parasite","floor":18,"turns":2},{"damage":1,"enemies":"Chosen","floor":20,"turns":4},{"damage":36,"enemies":"Book of Stabbing","floor":23,"turns":5},{"damage":13,"enemies":"Snecko","floor":25,"turns":4},{"damage":17,"enemies":"Shelled Parasite and Fungi","floor":28,"turns":4},{"damage":17,"enemies":"Replay:Snechameleon","floor":29,"turns":4},{"damage":6,"enemies":"Centurion and Healer","floor":31,"turns":3},{"damage":114,"enemies":"Collector","floor":33,"turns":5}],"seed_played":"5236131879209420121","potions_obtained":[{"floor":7,"key":"Venom Potion"},{"floor":14,"key":"Fruit Juice"},{"floor":16,"key":"Toxic Potion"},{"floor":28,"key":"Fire Potion"},{"floor":29,"key":"PowerPotion"},{"floor":31,"key":"LiquidBronze"}],"is_trial":false,"path_per_floor":["M","?","?","M","$","R","?","R","T","M","?","R","M","M","R","B",null,"M","?","M","$","?","E","R","M","T","?","M","E","$","M","R","B"],"character_chosen":"IRONCLAD","items_purchased":["Double Tap+1","ClockworkSouvenir","Hemokinesis+1"],"campfire_rested":1,"item_purchase_floors":[5,21,30],"current_hp_per_floor":[80,60,60,64,64,64,54,54,54,59,59,59,57,61,88,35,92,92,92,92,92,92,73,73,72,72,72,72,87,87,92,92,0,0],"gold":57,"neow_bonus":"ONE_RARE_RELIC","is_daily":false,"chose_seed":false,"campfire_upgraded":2,"win_rate":0.0,"timestamp":1610346314,"path_taken":["M","?","?","?","?","R","?","R","T","M","?","R","M","M","R","BOSS","M","?","M","$","?","E","R","M","T","?","M","E","?","?","R","BOSS"],"items_purchased_type":["Card","Relic","Card"],"build_version":"2020-12-22","purchased_purges":2,"victory":false,"max_hp_per_floor":[80,80,80,80,80,80,87,87,87,87,87,87,87,92,92,92,92,92,92,92,92,92,92,92,92,92,92,92,92,92,92,92,92,92],"card_choices":[{"not_picked":["Perfected Strike","Headbutt"],"picked":"Twin Strike","floor":1},{"not_picked":["Pommel Strike","Thunderclap","Shockwave"],"picked":"SKIP","floor":4},{"not_picked":["Clash","Power Through"],"picked":"Shrug It Off","floor":7},{"not_picked":["Anger","Havoc","Bloodletting"],"picked":"SKIP","floor":10},{"not_picked":["Iron Wave","Perfected Strike"],"picked":"Hemogenesis","floor":13},{"not_picked":["Wild Strike","Pummel"],"picked":"Iron Wave","floor":14},{"not_picked":["Demon Form","Replay:Many Hands"],"picked":"Limit Break","floor":16},{"not_picked":["Pommel Strike","Run Through"],"picked":"Ghostly Armor+1","floor":18},{"not_picked":["Cleave","Thunderclap","Carnage"],"picked":"SKIP","floor":20},{"not_picked":["Clash","Thunderclap"],"picked":"Hemokinesis+1","floor":23},{"not_picked":["Clothesline","Rampage+1"],"picked":"Hemokinesis","floor":25},{"not_picked":["Clothesline","Entrench","Cleave"],"picked":"SKIP","floor":28},{"not_picked":["Anger","Pommel Strike+1"],"picked":"Hemogenesis","floor":29},{"not_picked":["Replay:Undeath\u0027s Touch","Dark Embrace","True Grit"],"picked":"SKIP","floor":31}],"player_experience":101229,"relics_obtained":[{"floor":7,"key":"Strawberry"},{"floor":23,"key":"Whetstone"},{"floor":26,"key":"Toy Ornithopter"},{"floor":29,"key":"Pen Nib"}],"event_choices":[{"damage_healed":0,"gold_gain":0,"player_choice":"Take Damage","damage_taken":20,"relics_obtained":["Golden Idol"],"max_hp_gain":0,"max_hp_loss":0,"event_name":"Golden Idol","floor":2,"gold_loss":0},{"damage_healed":0,"gold_gain":0,"player_choice":"Upgraded","damage_taken":0,"max_hp_gain":0,"max_hp_loss":0,"event_name":"Upgrade Shrine","floor":3,"gold_loss":0,"cards_upgraded":["Bash"]},{"damage_healed":0,"gold_gain":0,"player_choice":"Searched \u00272\u0027 times","damage_taken":0,"max_hp_gain":0,"max_hp_loss":0,"event_name":"Dead Adventurer","floor":7,"gold_loss":0},{"damage_healed":59,"gold_gain":0,"player_choice":"Embrace Burn","damage_taken":0,"max_hp_gain":0,"max_hp_loss":87,"event_name":"betterThird:BetterShining","floor":11,"gold_loss":0},{"damage_healed":0,"gold_gain":0,"player_choice":"Ignored","damage_taken":0,"max_hp_gain":0,"max_hp_loss":0,"event_name":"betterNote:BetterNote","floor":19,"gold_loss":0,"cards_obtained":["ReplayTheSpireMod:Stacked"]},{"damage_healed":0,"gold_gain":0,"player_choice":"Read","damage_taken":0,"max_hp_gain":0,"max_hp_loss":0,"event_name":"The Library","floor":22,"gold_loss":0,"cards_obtained":["Heavy Blade"]},{"damage_healed":0,"gold_gain":0,"player_choice":"Gave Idol","damage_taken":0,"relics_obtained":["Bloody Idol"],"max_hp_gain":0,"max_hp_loss":0,"event_name":"Forgotten Altar","floor":27,"relics_lost":["Golden Idol"],"gold_loss":0}],"is_beta":false,"boss_relics":[{"not_picked":["Kintsugi","Empty Cage"],"picked":"Replay:Grab Bag"},{"not_picked":["Ectoplasm","Replay:Wanted Poster"],"picked":"Philosopher\u0027s Stone"},{"not_picked":["ChewingGum","Ooze Armor"],"picked":"Replay:Bronze Core"},{"not_picked":["Runic Pyramid","Astrolabe"],"picked":"Black Blood"}],"items_purged_floors":[21,21],"is_endless":false,"potions_floor_spawned":[7,14,16,28,29,31],"killed_by":"Collector","ascension_level":0}}