{"host":"rgyusf9batiqntnt","time":1610362262,"event":{"mods":["BaseMod","Colored Powertips","Downfall","Minty Spire (QoL Compilation)","Quick Restart","StSLib"],"gold_per_floor":[0,16,29,44,44,61,129,154,154,154,178,178,196,214,226,328,328,328,342,358,369,22,22,70,70,89,89,139,159,159,176,189,294,294,294,352,363,378,393,410,410,74,74,91,91,105,90,90,105,105],"floor_reached":51,"playtime":4708,"items_purged":["Slimebound:Strike_Slimebound"],"score":711,"play_id":"13ff528d-b7b8-40e5-9b8a-6514648d732f","local_time":"20210111212102","is_ascension_mode":false,"campfire_choices":[{"data":"Slimebound:MassFeed","floor":1,"key":"SMITH"},{"floor":9,"key":"REST"},{"data":"Slimebound:Split","floor":12,"key":"SMITH"},{"data":"Slimebound:SlimeBarrage","floor":18,"key":"SMITH"},{"data":"Slimebound:LevelUp","floor":30,"key":"SMITH"},{"data":"Slimebound:DuplicatedForm","floor":35,"key":"SMITH"},{"floor":45,"key":"REST"}],"circlet_count":0,"master_deck":["Slimebound:Defend_Slimebound+1","Slimebound:Split+1","Slimebound:CorrosiveSpit","Slimebound:MassFeed+1","Slimebound:Overexert+1","Slimebound:SplitLeeching+1","Slimebound:RollThrough","Slimebound:GrowthPunch","Slimebound:GoopSpray","Slimebound:MassFeed","Slimebound:SlimeBarrage+1","Slimebound:GoopSpray","Slimebound:LivingWall","Slimebound:DuplicatedForm+1","Slimebound:FinishingTackle+1","Slimebound:FirmFortitude+1","Slimebound:PressTheAttack+1","Slimebound:LeechingTouch+1","Slimebound:AcidTongue","Slimebound:LeechEnergy","Slimebound:LeechLife","Slimebound:LevelUp+1","Slimebound:SplitLeeching+1","Slimebound:RejuvenatingLick+1","Slimebound:SplitMire","Slimebound:DuplicatedForm","Slimebound:FlameTackle+1","Slimebound:Prepare+1","Slimebound:ComboTackle+1","Slimebound:RollThrough+1","Slimebound:LeadByExample","Slimebound:SplitLeeching+1","Slimebound:SplitLeeching+1","Slimebound:ProtectTheBoss","Slimebound:ProtectTheBoss","Slimebound:SlimeBarrage","Slimebound:SplitBruiser+1","Slimebound:Gluttony+1","Slimebound:LeadByExample","Slimebound:SplitBruiser"],"relics":["Slimebound:AbsorbEndCombat","Toy Ornithopter","Potion Belt","Empty Cage","Regal Pillow","FossilizedHelix","Anchor","downfall:KnowingSkull","Astrolabe","Kunai","Ice Cream","White Beast Statue"],"acts_visited":["Exordium","TheCity","TheBeyond"],"potions_floor_usage":[16,16,33,36,39,50,50,50,50,50,50],"damage_taken":[{"damage":13,"enemies":"Jaw Worm","floor":2,"turns":3},{"damage":3,"enemies":"2 Louse","floor":3,"turns":1},{"damage":13,"enemies":"Cultist","floor":4,"turns":4},{"damage":15,"enemies":"3 Louse","floor":6,"turns":2},{"damage":24,"enemies":"3 Sentries","floor":8,"turns":3},{"damage":15,"enemies":"Blue Slaver","floor":13,"turns":4},{"damage":22,"enemies":"Gremlin Gang","floor":14,"turns":2},{"damage":25,"enemies":"Red Slaver","floor":15,"turns":4},{"damage":33,"enemies":"downfall:Watcher","floor":16,"turns":6},{"damage":67,"enemies":"3 Byrds","floor":19,"turns":4},{"damage":18,"enemies":"Cultist and Chosen","floor":20,"turns":6},{"damage":24,"enemies":"Snake Plant","floor":21,"turns":4},{"damage":14,"enemies":"downfall:FleeingMerchant","floor":22,"turns":4},{"damage":18,"enemies":"Centurion and Healer","floor":26,"turns":6},{"damage":24,"enemies":"Chosen and Byrds","floor":28,"turns":6},{"damage":20,"enemies":"Snecko","floor":29,"turns":4},{"damage":27,"enemies":"Shelled Parasite and Fungi","floor":31,"turns":5},{"damage":54,"enemies":"3 Cultists","floor":32,"turns":6},{"damage":40,"enemies":"downfall:Ironclad","floor":33,"turns":7},{"damage":46,"enemies":"3 Darklings","floor":36,"turns":5},{"damage":22,"enemies":"3 Shapes","floor":37,"turns":4},{"damage":42,"enemies":"Writhing Mass","floor":38,"turns":5},{"damage":33,"enemies":"Transient","floor":39,"turns":5},{"damage":38,"enemies":"Maw","floor":40,"turns":7},{"damage":15,"enemies":"downfall:FleeingMerchant","floor":42,"turns":4},{"damage":93,"enemies":"4 Shapes","floor":44,"turns":5},{"damage":49,"enemies":"3 Darklings","floor":46,"turns":5},{"damage":35,"enemies":"downfall:FleeingMerchant","floor":47,"turns":4},{"damage":69,"enemies":"Maw","floor":49,"turns":8},{"damage":43,"enemies":"downfall:Silent","floor":50,"turns":6}],"seed_played":"-1705756330878392808","potions_obtained":[{"floor":2,"key":"CultistPotion"},{"floor":4,"key":"Slimebound:ThreeZeroPotion"},{"floor":6,"key":"SneckoOil"},{"floor":13,"key":"GamblersBrew"},{"floor":21,"key":"BlessingOfTheForge"},{"floor":26,"key":"Slimebound:SpawnSlimePotion"},{"floor":28,"key":"Swift Potion"},{"floor":32,"key":"DistilledChaos"},{"floor":33,"key":"Fruit Juice"},{"floor":37,"key":"SneckoOil"},{"floor":39,"key":"SkillPotion"}],"is_trial":false,"path_per_floor":["R","M","M","M","?","M","T","E","R","?","T","R","M","M","M","B",null,"R","M","M","M","$","?","T","?","M","?","M","M","R","M","M","B",null,"R","M","M","M","M","M","T","$","T","M","R","M","$","?","M","B",null],"character_chosen":"SLIMEBOUND","items_purchased":["Regal Pillow","Slimebound:AcidTongue","Slimebound:LeechEnergy","Ice Cream","Slimebound:SlimeBarrage"],"campfire_rested":2,"item_purchase_floors":[22,22,22,42,42],"current_hp_per_floor":[60,51,52,47,47,52,52,42,67,72,72,72,68,66,57,58,102,102,72,74,66,85,85,85,85,106,100,92,90,90,87,55,77,116,116,90,90,81,95,98,98,91,91,52,104,83,81,109,80,104],"gold":105,"neow_bonus":"TRANSFORM_TWO_CARDS","is_daily":false,"chose_seed":false,"campfire_upgraded":5,"win_rate":0.0,"timestamp":1610362262,"path_taken":["R","M","M","M","?","M","T","E","R","?","?","R","M","M","M","BOSS","R","M","M","M","$","?","T","?","M","?","M","M","R","M","M","BOSS","R","M","M","M","?","M","T","?","?","?","R","M","$","?","M","BOSS"],"items_purchased_type":["Relic","Card","Card","Relic","Card"],"build_version":"2020-12-22","purchased_purges":1,"victory":true,"max_hp_per_floor":[60,60,64,64,64,76,76,84,84,89,89,89,92,102,102,102,102,102,108,108,108,108,108,108,108,112,112,112,112,112,116,116,116,116,116,121,125,125,125,125,125,125,125,125,125,125,125,109,109,109],"card_choices":[{"not_picked":["Slimebound:BestDefense","Slimebound:LeechEnergy"],"picked":"Slimebound:SplitLeeching","floor":2},{"not_picked":["Slimebound:SlimeBrawl","Slimebound:SplitLeeching"],"picked":"Slimebound:RollThrough","floor":3},{"not_picked":["Slimebound:FormOfPuddle","Slimebound:Schlurp"],"picked":"Slimebound:GrowthPunch","floor":4},{"not_picked":["Slimebound:DisruptingSlam","Slimebound:ViciousTackle"],"picked":"Slimebound:GoopSpray","floor":6},{"not_picked":["Slimebound:Dissolve","Slimebound:ItLooksTasty"],"picked":"Slimebound:MassFeed","floor":8},{"not_picked":["Slimebound:BestDefense","Slimebound:SplitAcid"],"picked":"Slimebound:SlimeBarrage","floor":13},{"not_picked":["Slimebound:RollThrough","Slimebound:PressTheAttack"],"picked":"Slimebound:GoopSpray","floor":14},{"not_picked":["Slimebound:SplitBruiser","Slimebound:LeechEnergy"],"picked":"Slimebound:LivingWall","floor":15},{"not_picked":["Slimebound:WasteNot","Slimebound:SelfFormingGoo"],"picked":"Slimebound:DuplicatedForm","floor":16},{"not_picked":["Slimebound:Chomp","Slimebound:SamplingLick+1"],"picked":"Slimebound:FinishingTackle+1","floor":19},{"not_picked":["Slimebound:DisruptingSlam+1","Slimebound:RollThrough"],"picked":"Slimebound:FirmFortitude+1","floor":20},{"not_picked":["Slimebound:FinishingTackle","Slimebound:SplitMire"],"picked":"Slimebound:PressTheAttack+1","floor":21},{"not_picked":["Slimebound:MegaLick+1","Slimebound:GrowthPunch+1"],"picked":"Slimebound:LeechingTouch+1","floor":22},{"not_picked":["Slimebound:PressTheAttack","Slimebound:LivingWall"],"picked":"Slimebound:LeechLife","floor":26},{"not_picked":["Slimebound:SplitAcid","Slimebound:Schlurp"],"picked":"Slimebound:LevelUp","floor":28},{"not_picked":["Slimebound:SlimeSpikes","Slimebound:PressTheAttack"],"picked":"Slimebound:SplitLeeching+1","floor":29},{"not_picked":["Slimebound:LeechEnergy","Slimebound:Dissolve+1"],"picked":"Slimebound:RejuvenatingLick+1","floor":31},{"not_picked":["Slimebound:OneTwoCombo","Slimebound:LeechingTouch"],"picked":"Slimebound:SplitMire","floor":32},{"not_picked":["Slimebound:MassFeed","Slimebound:MassRepurpose"],"picked":"Slimebound:DuplicatedForm","floor":33},{"not_picked":["Slimebound:FlameTackle","Slimebound:TongueLash"],"picked":"Slimebound:RollThrough+1","floor":36},{"not_picked":["Slimebound:SplitMire","Slimebound:LeechEnergy+1"],"picked":"Slimebound:LeadByExample","floor":37},{"not_picked":["Slimebound:RollThrough","Slimebound:LeechEnergy"],"picked":"Slimebound:SplitLeeching+1","floor":38},{"not_picked":["Slimebound:RejuvenatingLick+1","Slimebound:TongueLash+1"],"picked":"Slimebound:SplitLeeching+1","floor":39},{"not_picked":["Slimebound:FormOfPuddle+1","Slimebound:ViciousTackle+1"],"picked":"Slimebound:ProtectTheBoss","floor":40},{"not_picked":["Slimebound:SpikyOuterGoop+1","Slimebound:SamplingLick+1"],"picked":"Slimebound:ProtectTheBoss","floor":42},{"not_picked":["Slimebound:GrowthPunch","Slimebound:ComboTackle+1"],"picked":"Slimebound:SplitBruiser+1","floor":44},{"not_picked":["Slimebound:SamplingLick+1","Slimebound:LeechingTouch"],"picked":"Slimebound:Gluttony+1","floor":46},{"not_picked":["Slimebound:OneTwoCombo","Slimebound:LeechEnergy+1"],"picked":"Slimebound:LeadByExample","floor":47},{"not_picked":["Slimebound:FinishingTackle+1","Slimebound:PressTheAttack+1"],"picked":"Slimebound:SplitBruiser","floor":49}],"player_experience":58211,"relics_obtained":[{"floor":8,"key":"Toy Ornithopter"},{"floor":11,"key":"Potion Belt"},{"floor":24,"key":"Anchor"},{"floor":41,"key":"Kunai"},{"floor":43,"key":"White Beast Statue"}],"event_choices":[{"damage_healed":0,"gold_gain":0,"player_choice":"Donut","damage_taken":0,"max_hp_gain":5,"max_hp_loss":0,"event_name":"Big Fish","floor":10,"gold_loss":0}],"is_beta":false,"boss_relics":[{"not_picked":["Slimebound:TarBlob","Philosopher\u0027s Stone"],"picked":"Empty Cage"},{"not_picked":["SlaversCollar","Coffee Dripper"],"picked":"Astrolabe"}],"items_purged_floors":[22],"is_endless":false,"potions_floor_spawned":[2,4,6,13,21,26,28,32,33,37,39,44,46,47,49],"ascension_level":0}}