{"host":"nrxstibvl428zo7h","time":1610336749,"event":{"mods":["AchievementEnabler","BaseMod","Colored Map","Dark Map","Minty Spire (QoL Compilation)","StSLib"],"gold_per_floor":[114,4,4,18,18,18,18,29,53,53,3,3,18,37,37,37,37],"floor_reached":16,"playtime":432,"items_purged":[],"score":90,"play_id":"eb9edf8d-3879-489c-8e3d-2c47f19ddb47","local_time":"20210110194549","is_ascension_mode":false,"campfire_choices":[{"floor":6,"key":"REST"},{"data":"Distraction","floor":15,"key":"SMITH"}],"circlet_count":0,"master_deck":["Strike_G","Strike_G","Strike_G","Strike_G","Strike_G","Defend_G","Defend_G","Defend_G","Defend_G+1","Survivor+1","Neutralize","Blur","Caltrops","Deflect","Wraith Form v2","Deflect","Distraction+1"],"relics":["Ring of the Snake","Juzu Bracelet","Ice Cream"],"acts_visited":["Exordium"],"potions_floor_usage":[],"damage_taken":[{"damage":0,"enemies":"Small Slimes","floor":1,"turns":3},{"damage":0,"enemies":"Jaw Worm","floor":4,"turns":6},{"damage":0,"enemies":"2 Louse","floor":8,"turns":3},{"damage":0,"enemies":"Blue Slaver","floor":13,"turns":6},{"damage":11,"enemies":"Red Slaver","floor":14,"turns":5},{"damage":73,"enemies":"Hexaghost","floor":16,"turns":16}],"seed_played":"5707731149313879086","potions_obtained":[{"floor":1,"key":"AttackPotion"}],"is_trial":false,"path_per_floor":["M","$","?","M","?","R","$","M","T","?","?","T","M","M","R","B"],"character_chosen":"THE_SILENT","items_purchased":["Blur","Caltrops"],"campfire_rested":1,"item_purchase_floors":[2,2],"current_hp_per_floor":[77,77,62,62,67,82,82,82,82,82,82,82,82,71,71,0,0],"gold":37,"neow_bonus":"TEN_PERCENT_HP_BONUS","is_daily":false,"chose_seed":false,"campfire_upgraded":1,"win_rate":0.0,"timestamp":1610336749,"path_taken":["M","$","?","M","?","R","?","M","T","?","?","?","M","M","R","BOSS"],"items_purchased_type":["Card","Card"],"build_version":"2020-12-22","purchased_purges":0,"victory":false,"max_hp_per_floor":[77,77,77,77,82,82,82,82,82,82,82,82,82,82,82,82,82],"card_choices":[{"not_picked":["Flechettes","Dagger Throw"],"picked":"Terror","floor":1},{"not_picked":["Sucker Punch","Quick Slash"],"picked":"Deflect","floor":4},{"not_picked":["Dagger Spray","All Out Attack","Bane"],"picked":"SKIP","floor":8},{"not_picked":["Dagger Spray","Cloak And Dagger"],"picked":"Deflect","floor":13},{"not_picked":["Predator","Endless Agony"],"picked":"Distraction","floor":14}],"player_experience":76842,"relics_obtained":[{"floor":9,"key":"Juzu Bracelet"},{"floor":12,"key":"Ice Cream"}],"event_choices":[{"damage_healed":0,"gold_gain":0,"player_choice":"Entered Light","damage_taken":15,"max_hp_gain":0,"max_hp_loss":0,"event_name":"Shining Light","floor":3,"gold_loss":0,"cards_upgraded":["Defend_G","Survivor"]},{"damage_healed":0,"gold_gain":0,"player_choice":"Donut","damage_taken":0,"max_hp_gain":5,"max_hp_loss":0,"event_name":"Big Fish","floor":5,"gold_loss":0},{"damage_healed":0,"gold_gain":0,"cards_transformed":["Terror"],"player_choice":"Change","damage_taken":0,"max_hp_gain":0,"max_hp_loss":0,"event_name":"Living Wall","floor":10,"gold_loss":0,"cards_obtained":["Wraith Form v2"]},{"cards_removed":["Defend_G"],"damage_healed":0,"gold_gain":0,"player_choice":"Card Removal","damage_taken":0,"max_hp_gain":0,"max_hp_loss":0,"event_name":"The Cleric","floor":11,"gold_loss":50}],"is_beta":false,"boss_relics":[],"items_purged_floors":[],"is_endless":false,"potions_floor_spawned":[1],"killed_by":"Hexaghost","ascension_level":0}}