{"host":"k67zwea37tbl4jhz","time":1610340772,"event":{"mods":["AchievementEnabler","Aspiration","BaseMod","Better Altar","Better Match","Better Sensory Stone","Better Skull","Better Third Choice","BetterRewards","CCEM","Clawfect","Colored Map","Conspire","Downfall","GifTheSpireLib","Googly Eyes","Halation","Highlight Path","Hubris","Mimic Mod","Minty Spire (QoL Compilation)","Permanent Neow","Replay The Spire","Shop Mod","Spicy Shops","StSLib","Stuff the Spire","Unceasing Turn Reminder","everything is the same but u backflip on backflip"],"gold_per_floor":[0,15,26,41,41,41,41,73,73,102,27,27,61,87,111,209,209,134,151,151,166,181,195,219,235,235,145,177,177,193,210,229,327,327,327,347,361,461,320,355,393,406,406,419,419,419,109,120,120,120],"floor_reached":51,"playtime":4264,"items_purged":["hexamod:Strike","hexamod:Defend+1"],"score":746,"play_id":"686df6e6-bc29-4319-b417-870916b7d721","local_time":"20210110235252","is_ascension_mode":false,"campfire_choices":[{"floor":1,"key":"RECALL"},{"data":"hexamod:Toasty","floor":6,"key":"SMITH"},{"floor":9,"key":"REST"},{"floor":11,"key":"REST"},{"data":"hexamod:VolcanoVisage","floor":18,"key":"SMITH"},{"floor":26,"key":"REST"},{"floor":29,"key":"REST"},{"data":"hexamod:GiftsFromTheDead","floor":35,"key":"SMITH"},{"floor":45,"key":"REST"},{"floor":49,"key":"REST"}],"circlet_count":0,"master_deck":["hexamod:Strike+1","hexamod:Strike+1","hexamod:Defend+1","hexamod:Defend+1","hexamod:Defend+1","hexamod:Sear+1","hexamod:Float+1","hexamod:BurningTouch+1","hexamod:Toasty+1","hexamod:HeatCrush+1","hexamod:PowerFromBeyond+1","hexamod:SixthSeal","hexamod:RecurringNightmare+1","hexamod:VolcanoVisage+1","hexamod:SpectersWail+1","hexamod:RecurringNightmare+1","hexamod:Hexaguard+1","hexamod:FastForward+1","hexamod:HeatShield+1","hexamod:EmpoweredFlame+1","hexamod:GiftsFromTheDead+1","hexamod:NightmareStrike+1","hexamod:HeatMetal+1","Parasite","hexamod:ParanormalForm","expansioncontent:Torchfire+1","Replay:Sssssssssshield","hexamod:SearingWound+1","hexamod:GhostflameInferno"],"relics":["hexamod:SpiritBrand","ReplayTheSpireMod:Ninjato","aspiration:HiddenCompartment","downfall:HeartBlessingBlue","aspiration:Lifesprig","hexamod:TheBrokenSeal","Black Star","downfall:HeartBlessingRed","halation:AfternoonTea","halation:QuantumPhysicsTextbook","CCEMRelics:Barrel","hubris:ScarierMask","CCEMRelics:JestersCrown","CCEMRelics:OldTooth","Lizard Tail","Incense Burner"],"acts_visited":["Exordium","TheCity","TheBeyond"],"potions_floor_usage":[],"damage_taken":[{"damage":0,"enemies":"Small Slimes","floor":2,"turns":4},{"damage":15,"enemies":"Jaw Worm","floor":3,"turns":6},{"damage":0,"enemies":"Cultist","floor":4,"turns":4},{"damage":35,"enemies":"Gremlin Nob","floor":8,"turns":5},{"damage":22,"enemies":"Lagavulin","floor":10,"turns":6},{"damage":14,"enemies":"Gremlin Nob","floor":13,"turns":3},{"damage":7,"enemies":"Red Slaver","floor":14,"turns":3},{"damage":30,"enemies":"Large Slime","floor":15,"turns":11},{"damage":41,"enemies":"downfall:Silent","floor":16,"turns":6},{"damage":39,"enemies":"3 Byrds","floor":19,"turns":5},{"damage":0,"enemies":"Chosen","floor":21,"turns":3},{"damage":15,"enemies":"Shelled Parasite and Fungi","floor":22,"turns":4},{"damage":22,"enemies":"Snake Plant","floor":23,"turns":4},{"damage":4,"enemies":"conspire:HollyBat","floor":25,"turns":7},{"damage":4,"enemies":"downfall:FleeingMerchant","floor":27,"turns":4},{"damage":39,"enemies":"conspire:SneckoGhost","floor":28,"turns":6},{"damage":0,"enemies":"Chosen and Byrds","floor":30,"turns":5},{"damage":0,"enemies":"Snecko","floor":31,"turns":3},{"damage":19,"enemies":"Centurion and Healer","floor":32,"turns":7},{"damage":17,"enemies":"downfall:Defect","floor":33,"turns":6},{"damage":0,"enemies":"Orb Walker","floor":36,"turns":3},{"damage":0,"enemies":"3 Shapes","floor":37,"turns":4},{"damage":9,"enemies":"downfall:FleeingMerchant","floor":39,"turns":4},{"damage":61,"enemies":"Reptomancer","floor":40,"turns":6},{"damage":12,"enemies":"Writhing Mass","floor":41,"turns":6},{"damage":33,"enemies":"Writhing Mass","floor":42,"turns":5},{"damage":22,"enemies":"3 Darklings","floor":44,"turns":4},{"damage":0,"enemies":"downfall:FleeingMerchant","floor":47,"turns":3},{"damage":12,"enemies":"4 Shapes","floor":48,"turns":4},{"damage":52,"enemies":"downfall:Ironclad","floor":50,"turns":10}],"seed_played":"664688186799288016","potions_obtained":[{"floor":3,"key":"Elixir"},{"floor":10,"key":"EssenceOfSteel"},{"floor":10,"key":"hexamod:EctoCoolerPotion"},{"floor":23,"key":"BlessingOfTheForge"},{"floor":37,"key":"LifebloodPotion"}],"is_trial":false,"path_per_floor":["R","M","M","M","?","R","T","E","R","E","R","?","E","M","M","B",null,"R","M","?","M","M","M","T","M","R","$","E","R","M","M","M","B",null,"R","M","M","?","$","E","MIM","M","?","M","R","?","$","M","R","B",null],"character_chosen":"THE_SPIRIT","items_purchased":["hexamod:NightmareStrike","hexamod:GhostflameInferno","Incense Burner"],"campfire_rested":6,"item_purchase_floors":[39,47,47],"current_hp_per_floor":[70,70,62,69,69,69,69,41,62,47,80,80,66,59,73,32,90,90,51,51,51,36,14,14,10,37,47,8,35,49,49,30,13,90,90,90,90,90,81,20,8,38,38,16,43,43,52,40,67,30],"gold":120,"neow_bonus":"THREE_RARE_CARDS","is_daily":false,"chose_seed":false,"campfire_upgraded":3,"win_rate":0.0,"timestamp":1610340772,"path_taken":["R","M","M","M","?","R","T","E","R","E","R","?","E","M","M","BOSS","R","M","?","?","M","M","T","M","R","?","E","R","M","?","M","BOSS","R","M","M","?","$","E","MIM","M","?","?","R","?","?","?","R","BOSS"],"items_purchased_type":["Card","Card","Relic"],"build_version":"2020-12-22","purchased_purges":2,"victory":true,"max_hp_per_floor":[70,70,70,70,70,70,70,70,70,70,80,80,80,80,90,90,90,90,90,90,90,90,90,90,90,90,90,90,90,90,90,90,90,90,90,90,90,90,90,90,90,90,90,90,90,90,90,90,90,90],"card_choices":[{"not_picked":["hexamod:CrushingStance","hexamod:Toasty"],"picked":"hexamod:FifthSeal","floor":0},{"not_picked":["hexamod:ThirdSeal","hexamod:SecondSeal"],"picked":"hexamod:FirstSeal","floor":2},{"not_picked":["hexamod:Hexaguard","hexamod:NightmareStrike"],"picked":"hexamod:BurningTouch","floor":2},{"not_picked":["hexamod:FourthSeal","hexamod:FirstSeal"],"picked":"hexamod:SixthSeal","floor":3},{"not_picked":["hexamod:Firestarter","hexamod:SwordOfDarkness"],"picked":"hexamod:Toasty","floor":3},{"not_picked":["hexamod:GhostOfSpirePresent","hexamod:GhostflameBarrier"],"picked":"hexamod:SecondSeal","floor":4},{"not_picked":["hexamod:SecondSeal","hexamod:SixthSeal"],"picked":"hexamod:ThirdSeal","floor":8},{"not_picked":["hexamod:RecurringNightmare","hexamod:GhostLash"],"picked":"hexamod:FourthSeal","floor":8},{"not_picked":["hexamod:FastForward","hexamod:AdvancingGuard"],"picked":"hexamod:HeatCrush","floor":10},{"not_picked":["hexamod:FastForward","hexamod:RainOfEmbers","hexamod:BacktrackSmack"],"picked":"SKIP","floor":10},{"not_picked":["hexamod:BurningTouch","hexamod:AdvancingGuard","hexamod:RadiantFlame"],"picked":"SKIP","floor":13},{"not_picked":["hexamod:Hexaguard","hexamod:ShieldOfDarkness"],"picked":"hexamod:PowerFromBeyond","floor":14},{"not_picked":["hexamod:ThirdSeal","hexamod:FourthSeal"],"picked":"hexamod:SixthSeal","floor":15},{"not_picked":["hexamod:GhostLash","hexamod:GhostflameBarrier"],"picked":"hexamod:RecurringNightmare","floor":15},{"not_picked":["hexamod:UnleashSpirits","hexamod:CrushingStance"],"picked":"hexamod:VolcanoVisage","floor":16},{"not_picked":["hexamod:RadiantFlame","hexamod:GhostLash+1"],"picked":"hexamod:SpectersWail","floor":19},{"not_picked":["hexamod:DynamicBlow","hexamod:BacktrackSmack+1","hexamod:GhostLash"],"picked":"SKIP","floor":21},{"not_picked":["hexamod:ShieldOfDarkness","hexamod:SpectersWail","hexamod:CatchUp"],"picked":"SKIP","floor":22},{"not_picked":["hexamod:NightmareStrike","hexamod:SkipABeat+1"],"picked":"hexamod:Hexaguard","floor":23},{"not_picked":["hexamod:Hexaguard","hexamod:RainOfEmbers+1"],"picked":"hexamod:FastForward","floor":25},{"not_picked":["hexamod:SuperheatedStrike+1","hexamod:Hexaguard","hexamod:RadiantFlame"],"picked":"SKIP","floor":27},{"not_picked":["hexamod:HauntingEcho","hexamod:SearingWound"],"picked":"hexamod:HeatShield","floor":28},{"not_picked":["hexamod:GhostLash","hexamod:Incineration","hexamod:FastForward"],"picked":"SKIP","floor":30},{"not_picked":["hexamod:GhostLash","hexamod:ShieldOfDarkness","hexamod:GhostShield+1"],"picked":"SKIP","floor":31},{"not_picked":["hexamod:Haunt","hexamod:ChargedBarrage"],"picked":"hexamod:EmpoweredFlame","floor":32},{"not_picked":["hexamod:VolcanoVisage","hexamod:ParanormalForm"],"picked":"hexamod:GiftsFromTheDead","floor":33},{"not_picked":["hexamod:AdvancingGuard","hexamod:HauntingEcho+1","hexamod:NecessarySacrifice+1"],"picked":"SKIP","floor":36},{"not_picked":["hexamod:Hexaguard+1","hexamod:FourthSeal","hexamod:GhostOfSpirePresent+1"],"picked":"SKIP","floor":37},{"not_picked":["hexamod:SpectralAdrenaline","hexamod:FourthSeal","hexamod:GhostLash"],"picked":"SKIP","floor":39},{"not_picked":["hexamod:AdvancingGuard","hexamod:RainOfEmbers"],"picked":"hexamod:HeatMetal","floor":40},{"not_picked":["hexamod:EmpoweredFlame+1","hexamod:SpectersWail+1","hexamod:SwordOfDarkness"],"picked":"SKIP","floor":42},{"not_picked":["hexamod:FastForward","hexamod:RadiantFlame+1"],"picked":"hexamod:ParanormalForm","floor":44},{"not_picked":["Replay:SS_forest_5","HandOfGreed"],"picked":"expansioncontent:Torchfire","floor":46},{"not_picked":["Flash of Steel","Replay:SS_forest_5"],"picked":"Replay:Sssssssssshield","floor":46},{"not_picked":["hexamod:InspiringFlames+1","hexamod:ShieldOfDarkness"],"picked":"hexamod:SearingWound","floor":47},{"not_picked":["hexamod:ChargedBarrage+1","hexamod:NightmareStrike+1","hexamod:Incineration"],"picked":"SKIP","floor":48}],"player_experience":192403,"relics_obtained":[{"floor":8,"key":"ReplayTheSpireMod:Ninjato"},{"floor":10,"key":"aspiration:HiddenCompartment"},{"floor":13,"key":"aspiration:Lifesprig"},{"floor":24,"key":"halation:AfternoonTea"},{"floor":28,"key":"halation:QuantumPhysicsTextbook"},{"floor":28,"key":"CCEMRelics:Barrel"},{"floor":40,"key":"CCEMRelics:JestersCrown"},{"floor":40,"key":"CCEMRelics:OldTooth"},{"floor":41,"key":"Lizard Tail"}],"event_choices":[{"damage_healed":0,"gold_gain":0,"player_choice":"Copied","damage_taken":0,"max_hp_gain":0,"max_hp_loss":0,"event_name":"Duplicator","floor":20,"gold_loss":0,"cards_obtained":["hexamod:RecurringNightmare"]},{"damage_healed":0,"gold_gain":0,"player_choice":"Ignored","damage_taken":0,"max_hp_gain":0,"max_hp_loss":0,"event_name":"Accursed Blacksmith","floor":43,"gold_loss":0},{"damage_healed":0,"gold_gain":3,"player_choice":"1","damage_taken":0,"max_hp_gain":0,"max_hp_loss":0,"event_name":"betterStone:BetterStone","floor":46,"gold_loss":0}],"is_beta":false,"boss_relics":[{"not_picked":["halation:MonkeysPaw","conspire:RoyalGoblet"],"picked":"Black Star"},{"not_picked":["Calling Bell","ReplayTheSpireMod:DimensionalGlitch"],"picked":"hubris:ScarierMask"}],"items_purged_floors":[27,39],"is_endless":false,"potions_floor_spawned":[3,10,13,14,23,25,31,33,37,40,44,48],"ascension_level":0}}