{"host":"2js2pxuugveqjuf7","time":1610407010,"event":{"mods":["BaseMod","Minty Spire (QoL Compilation)","Relic Stats","StSLib"],"gold_per_floor":[12,30,40,40,40,40,59,102,171,204,504,520,520,15,15,139,139,157,178,203,226,3,41,62,98,125,125,164,184,224,238,238,357,357,382,397,422,442,442,442],"floor_reached":39,"playtime":6255,"items_purged":["Strike_G"],"score":577,"play_id":"799a050b-7d03-4830-a8ca-418d224fb91f","local_time":"20210111171650","is_ascension_mode":true,"campfire_choices":[{"data":"Bane","floor":6,"key":"SMITH"},{"floor":13,"key":"REST"},{"data":"Footwork","floor":15,"key":"SMITH"},{"data":"Bane","floor":27,"key":"SMITH"},{"data":"Glass Knife","floor":32,"key":"SMITH"}],"circlet_count":0,"master_deck":["Strike_G","Strike_G","Defend_G","Defend_G","Defend_G","Defend_G","Survivor","Neutralize","Poisoned Stab","Phantasmal Killer","Poisoned Stab","Dagger Spray","Bane+1","Leg Sweep","Flying Knee","Doppelganger","Poisoned Stab","Footwork+1","Phantasmal Killer","Bane+1","PiercingWail+1","Leg Sweep+1","Calculated Gamble","Deadly Poison+1","Blade Dance","Glass Knife+1","Blade Dance+1","Bullet Time+1","Bane","PiercingWail+1","Dodge and Roll+1"],"relics":["Ring of the Snake","Golden Idol","Torii","Matryoshka","Potion Belt","Vajra","Old Coin","Meat on the Bone","Snecko Eye","Membership Card","PreservedInsect","Bottled Flame","Kunai","Singing Bowl","Omamori","Ice Cream","Toxic Egg 2","SlaversCollar"],"acts_visited":["Exordium","TheCity","TheBeyond"],"potions_floor_usage":[7,12,20,20,21,30,33,33,37],"damage_taken":[{"damage":0,"enemies":"Jaw Worm","floor":1,"turns":2},{"damage":6,"enemies":"2 Louse","floor":2,"turns":3},{"damage":0,"enemies":"Cultist","floor":3,"turns":3},{"damage":3,"enemies":"Lots of Slimes","floor":7,"turns":4},{"damage":23,"enemies":"3 Sentries","floor":8,"turns":8},{"damage":14,"enemies":"Gremlin Nob","floor":10,"turns":3},{"damage":2,"enemies":"Gremlin Gang","floor":12,"turns":4},{"damage":5,"enemies":"Hexaghost","floor":16,"turns":9},{"damage":12,"enemies":"3 Byrds","floor":18,"turns":3},{"damage":27,"enemies":"Spheric Guardian","floor":19,"turns":8},{"damage":1,"enemies":"Cultist and Chosen","floor":20,"turns":4},{"damage":12,"enemies":"3 Cultists","floor":21,"turns":8},{"damage":9,"enemies":"Slavers","floor":23,"turns":4},{"damage":2,"enemies":"Centurion and Healer","floor":24,"turns":7},{"damage":10,"enemies":"Book of Stabbing","floor":25,"turns":4},{"damage":8,"enemies":"Slavers","floor":28,"turns":4},{"damage":12,"enemies":"Sentry and Sphere","floor":29,"turns":5},{"damage":0,"enemies":"Gremlin Leader","floor":30,"turns":4},{"damage":14,"enemies":"3 Cultists","floor":31,"turns":5},{"damage":36,"enemies":"Collector","floor":33,"turns":9},{"damage":14,"enemies":"3 Shapes","floor":35,"turns":5},{"damage":16,"enemies":"Orb Walker","floor":36,"turns":3},{"damage":1,"enemies":"Maw","floor":37,"turns":7},{"damage":13,"enemies":"3 Darklings","floor":38,"turns":4},{"damage":0,"enemies":"Spire Growth","floor":39,"turns":1}],"seed_played":"-6219523305524939920","potions_obtained":[{"floor":1,"key":"CunningPotion"},{"floor":8,"key":"LiquidMemories"},{"floor":16,"key":"SneckoOil"},{"floor":19,"key":"Explosive Potion"},{"floor":24,"key":"Block Potion"},{"floor":28,"key":"Poison Potion"},{"floor":30,"key":"PowerPotion"},{"floor":33,"key":"Energy Potion"},{"floor":35,"key":"DuplicationPotion"},{"floor":37,"key":"Swift Potion"},{"floor":38,"key":"SpeedPotion"}],"is_trial":false,"path_per_floor":["M","M","M","?","?","R","M","E","T","E","T","M","R","$","R","B",null,"M","M","M","M","$","E","M","E","T","R","E","M","E","M","R","B",null,"M","M","M","M","M"],"character_chosen":"THE_SILENT","items_purchased":["Meat on the Bone","GhostInAJar","Block Potion","Footwork","Membership Card","PreservedInsect"],"campfire_rested":1,"item_purchase_floors":[14,14,14,14,22,22],"current_hp_per_floor":[70,64,64,64,47,47,44,21,21,7,7,5,26,26,26,33,70,58,43,42,42,42,45,43,45,45,45,39,41,41,39,39,15,74,60,46,45,44,44,44],"gold":442,"neow_bonus":"TRANSFORM_TWO_CARDS","is_daily":false,"chose_seed":false,"campfire_upgraded":4,"win_rate":0.0,"timestamp":1610407010,"path_taken":["M","M","M","?","?","R","M","E","T","E","?","?","R","?","R","BOSS","M","M","M","M","$","E","M","E","T","R","E","?","E","M","R","BOSS","M","?","M","M","?"],"items_purchased_type":["Relic","Potion","Potion","Card","Relic","Relic"],"build_version":"2020-12-22","purchased_purges":1,"victory":false,"max_hp_per_floor":[70,70,70,70,70,70,70,70,70,70,70,70,70,70,70,70,70,70,70,70,70,70,70,70,70,70,70,72,74,74,74,74,74,74,74,76,76,76,76,76],"relic_stats":{"Torii":55,"Singing Bowl":6,"counters":[25,121],"Golden Idol":149,"Snecko Eye":[146,166,174,159],"PreservedInsect":167,"Kunai":[27],"obtain_stats":[{"Potion Belt":10,"Ice Cream":28,"Torii":8,"Singing Bowl":26,"Golden Idol":5,"Vajra":11,"PreservedInsect":22,"Omamori":26,"Old Coin":11,"SlaversCollar":34,"Bottled Flame":23,"Matryoshka":9,"Snecko Eye":17,"Membership Card":22,"Kunai":25,"Toxic Egg 2":30,"Ring of the Snake":0,"Meat on the Bone":14},{"Potion Belt":6,"Ice Cream":16,"Torii":5,"Singing Bowl":15,"Golden Idol":3,"Vajra":6,"PreservedInsect":12,"Omamori":15,"Old Coin":6,"SlaversCollar":20,"Bottled Flame":13,"Matryoshka":5,"Snecko Eye":8,"Membership Card":12,"Kunai":15,"Toxic Egg 2":18,"Ring of the Snake":0,"Meat on the Bone":7},{"Potion Belt":23,"Ice Cream":78,"Torii":20,"Singing Bowl":74,"Golden Idol":8,"Vajra":23,"PreservedInsect":59,"Omamori":74,"Old Coin":23,"SlaversCollar":101,"Bottled Flame":63,"Matryoshka":20,"Snecko Eye":36,"Membership Card":59,"Kunai":74,"Toxic Egg 2":87,"Ring of the Snake":0,"Meat on the Bone":27}],"Ring of the Snake":[50],"Meat on the Bone":108},"card_choices":[{"not_picked":["Setup","Slice"],"picked":"Poisoned Stab","floor":1},{"not_picked":["Prepared","Cloak And Dagger"],"picked":"Dagger Spray","floor":2},{"not_picked":["Escape Plan","Accuracy"],"picked":"Bane","floor":3},{"not_picked":["Slice","Dagger Spray","Skewer"],"picked":"SKIP","floor":7},{"not_picked":["Sucker Punch","Unload"],"picked":"Flying Knee","floor":8},{"not_picked":["Dagger Throw","Tactician"],"picked":"Doppelganger","floor":10},{"not_picked":["Reflex","Deflect"],"picked":"Poisoned Stab","floor":12},{"not_picked":["Burst","Tools of the Trade"],"picked":"Phantasmal Killer","floor":16},{"not_picked":["Flechettes","Poisoned Stab"],"picked":"Bane","floor":18},{"not_picked":["Acrobatics","Prepared+1"],"picked":"PiercingWail+1","floor":19},{"not_picked":["Choke","Distraction"],"picked":"Leg Sweep+1","floor":20},{"not_picked":["Bane","Dagger Throw+1"],"picked":"Calculated Gamble","floor":21},{"not_picked":["Cloak And Dagger","Unload"],"picked":"Deadly Poison+1","floor":23},{"not_picked":["Blade Dance","Dagger Spray","Quick Slash"],"picked":"SKIP","floor":24},{"not_picked":["Quick Slash","Reflex"],"picked":"Blade Dance","floor":25},{"not_picked":["Outmaneuver","Underhanded Strike","Dagger Throw+1"],"picked":"Singing Bowl","floor":28},{"not_picked":["Dodge and Roll","Acrobatics","Dagger Throw+1"],"picked":"Singing Bowl","floor":29},{"not_picked":["Underhanded Strike+1","Slice"],"picked":"Glass Knife","floor":30},{"not_picked":["Endless Agony","Reflex+1"],"picked":"Blade Dance+1","floor":31},{"not_picked":["Storm of Steel+1","After Image"],"picked":"Bullet Time+1","floor":33},{"not_picked":["Deadly Poison+1","Dagger Spray"],"picked":"Bane","floor":35},{"not_picked":["Slice","Deflect+1","Endless Agony+1"],"picked":"Singing Bowl","floor":36},{"not_picked":["Reflex+1","Backstab+1"],"picked":"PiercingWail+1","floor":37},{"not_picked":["Dagger Spray+1","Catalyst+1"],"picked":"Dodge and Roll+1","floor":38}],"player_experience":253159,"relics_obtained":[{"floor":8,"key":"Torii"},{"floor":9,"key":"Matryoshka"},{"floor":10,"key":"Potion Belt"},{"floor":11,"key":"Vajra"},{"floor":11,"key":"Old Coin"},{"floor":23,"key":"Bottled Flame"},{"floor":25,"key":"Kunai"},{"floor":26,"key":"Singing Bowl"},{"floor":26,"key":"Omamori"},{"floor":28,"key":"Ice Cream"},{"floor":30,"key":"Toxic Egg 2"}],"event_choices":[{"damage_healed":0,"gold_gain":0,"cards_transformed":["Defend_G"],"player_choice":"Change","damage_taken":0,"max_hp_gain":0,"max_hp_loss":0,"event_name":"Living Wall","floor":4,"gold_loss":0,"cards_obtained":["Leg Sweep"]},{"damage_healed":0,"gold_gain":0,"player_choice":"Take Damage","damage_taken":17,"relics_obtained":["Golden Idol"],"max_hp_gain":0,"max_hp_loss":0,"event_name":"Golden Idol","floor":5,"gold_loss":0}],"is_beta":false,"boss_relics":[{"not_picked":["Black Star","Tiny House"],"picked":"Snecko Eye"},{"not_picked":["SacredBark","Runic Pyramid"],"picked":"SlaversCollar"}],"items_purged_floors":[14],"is_endless":false,"potions_floor_spawned":[1,8,16,19,24,28,30,33,35,37,38],"killed_by":"Spire Growth","ascension_level":2}}