{"host":"4328iixd8pca51w5","time":1610327580,"event":{"mods":["2.2 Compatiblity","AchievementEnabler","BaseMod","CapriCore","Colored Map","KOR Keyword Fix","Minty Spire (QoL Compilation)","StSLib","The Immortal"],"gold_per_floor":[109,34,46,146,44,70,70,96,96,107,121,121,121,136,136,136,136,136],"floor_reached":16,"playtime":947,"items_purged":["MokouMod:Strike"],"score":157,"play_id":"a7a12bb2-1eeb-4f5a-b2df-f9e73b156baf","local_time":"20210111101300","is_ascension_mode":true,"campfire_choices":[{"data":"MokouMod:RisingSunBarrier","floor":7.0,"key":"SMITH"},{"data":"MokouMod:SearingShot","floor":13,"key":"SMITH"},{"floor":15,"key":"REST"}],"circlet_count":0,"master_deck":["MokouMod:Strike","MokouMod:Strike","MokouMod:Strike","MokouMod:Strike","MokouMod:Defend","MokouMod:Defend","MokouMod:HeatSpark","MokouMod:SearingShot+1","MokouMod:BurningDraft","MokouMod:RisingSunBarrier+1","MokouMod:Ember","MokouMod:FlickeringFlame","MokouMod:Singe","MokouMod:ResoluteFlare","MokouMod:IndiscriminateIgnition","MokouMod:ScorchingColumn"],"relics":["MokouMod:PhoenixFeather","Frozen Egg 2","Letter Opener","Oddly Smooth Stone"],"acts_visited":["Exordium"],"potions_floor_usage":[12,14],"damage_taken":[{"damage":11.0,"enemies":"2 Louse","floor":1.0,"turns":3.0},{"damage":6.0,"enemies":"Cultist","floor":3.0,"turns":4.0},{"damage":27.0,"enemies":"Gremlin Nob","floor":6.0,"turns":4.0},{"damage":25,"enemies":"3 Sentries","floor":8,"turns":6},{"damage":12,"enemies":"Small Slimes","floor":10,"turns":2},{"damage":5,"enemies":"Looter","floor":11,"turns":3},{"damage":0,"enemies":"Lots of Slimes","floor":12,"turns":1},{"damage":9,"enemies":"Gremlin Gang","floor":14,"turns":3},{"damage":23,"enemies":"The Guardian","floor":16,"turns":5}],"seed_played":"-4284617957470949238","potions_obtained":[{"floor":3.0,"key":"SmokeBomb"},{"floor":10,"key":"ColorlessPotion"},{"floor":11,"key":"LiquidBronze"}],"is_trial":false,"path_per_floor":["M","$","M","?","$","E","R","E","T","M","M","M","R","M","R","B"],"character_chosen":"MKU","items_purchased":["MokouMod:RisingSunBarrier","MokouMod:Ember"],"campfire_rested":1,"item_purchase_floors":[5,5],"current_hp_per_floor":[39,39,33,33,33,6,6,3,3,18,13,13,13,4,26,3,3,3],"gold":136,"neow_bonus":"REMOVE_TWO","is_daily":false,"chose_seed":false,"campfire_upgraded":2,"win_rate":0.0,"timestamp":1610327580,"path_taken":["M","$","M","?","?","E","R","E","T","M","?","M","R","M","R","BOSS"],"items_purchased_type":["Card","Card"],"build_version":"2020-12-22","purchased_purges":1,"victory":false,"max_hp_per_floor":[75,75,75,75,75,75,75,75,75,75,75,75,75,75,75,75,75,75],"card_choices":[{"not_picked":["MokouMod:Overheat","MokouMod:FusionFlare"],"picked":"MokouMod:SearingShot","floor":1.0},{"not_picked":["MokouMod:Sear","MokouMod:AdaptivePyromancy"],"picked":"MokouMod:BurningDraft","floor":3.0},{"not_picked":["MokouMod:ScorchingColumn","MokouMod:Ember"],"picked":"MokouMod:FlickeringFlame","floor":6.0},{"not_picked":["MokouMod:DanceofFlames","MokouMod:FlickeringFlame"],"picked":"MokouMod:Singe","floor":8},{"not_picked":["MokouMod:Burn","MokouMod:Singe"],"picked":"MokouMod:ResoluteFlare","floor":10},{"not_picked":["MokouMod:HeatCyclone","MokouMod:Afterburner"],"picked":"MokouMod:IndiscriminateIgnition","floor":11},{"not_picked":["MokouMod:Stoke","MokouMod:CrimsonFlare"],"picked":"MokouMod:ScorchingColumn","floor":14}],"player_experience":205514,"relics_obtained":[{"floor":6.0,"key":"Frozen Egg 2"},{"floor":8,"key":"Letter Opener"},{"floor":9,"key":"Oddly Smooth Stone"}],"event_choices":[{"damage_healed":0.0,"max_hp_gain":0.0,"max_hp_loss":0.0,"gold_gain":100.0,"event_name":"Golden Shrine","player_choice":"Pray","floor":4.0,"gold_loss":0.0,"damage_taken":0.0}],"is_beta":false,"boss_relics":[],"items_purged_floors":[2],"is_endless":false,"potions_floor_spawned":[3,10,11,12],"killed_by":"The Guardian","ascension_level":8}}