{"host":"btt6ntw6a1bnaigc","time":1610409171,"event":{"mods":["AchievementEnabler","BaseMod","Downfall","Minty Spire (QoL Compilation)","StSLib"],"gold_per_floor":[99,119,130,130,140,15,88,88,88,120,120,139,154,154,173,273,273,273,291,141,151,251,268,268,287,303,329,343,361,390,400,416,515,515,515,528,528,538,558,558,558,558],"floor_reached":40,"playtime":6402,"items_purged":["Slimebound:Strike_Slimebound"],"score":532,"play_id":"3ba04411-1eb9-485f-9034-c9c3f5b05768","local_time":"20210111235251","is_ascension_mode":true,"campfire_choices":[{"data":"Slimebound:Split","floor":1,"key":"SMITH"},{"data":"Slimebound:ProtectTheBoss","floor":8,"key":"SMITH"},{"data":"Slimebound:Overexert","floor":11,"key":"SMITH"},{"data":"Slimebound:DuplicatedForm","floor":18,"key":"SMITH"},{"data":"Slimebound:Gluttony","floor":35,"key":"SMITH"}],"circlet_count":0,"master_deck":["Slimebound:Strike_Slimebound","Slimebound:Strike_Slimebound","Slimebound:Defend_Slimebound","Slimebound:Defend_Slimebound","Slimebound:Defend_Slimebound","Slimebound:Split+1","Slimebound:CorrosiveSpit","Slimebound:SplitMire","Slimebound:LevelUp","Slimebound:GoopSpray","Slimebound:LevelUp","Slimebound:SplitMire","Slimebound:ProtectTheBoss+1","Slimebound:Overexert+1","Slimebound:ForwardTackle","Slimebound:LeechingTouch","Slimebound:Schlurp","Slimebound:GrowthPunch","Slimebound:DuplicatedForm+1","Slimebound:DisruptingSlam","Ghostly","Slimebound:LeechingTouch","Slimebound:MinionMaster","Slimebound:Gluttony+1","Slimebound:SamplingLick+1","Slimebound:HauntingLick","Slimebound:RainOfGoop+1","Slimebound:SplitLeeching+1","Slimebound:RejuvenatingLick","Slimebound:LeechingTouch","Slimebound:MassRepurpose","Slimebound:Schlurp+1","Slimebound:SlimeTap","Slimebound:WasteNot","Slimebound:SplitMire+1","Slimebound:LeadByExample+1"],"relics":["Slimebound:AbsorbEndCombatUpgraded","downfall:ShatteredFragment","HornCleat","Regal Pillow","Potion Belt","Prayer Wheel","Turnip","Dream Catcher","Snecko Eye"],"acts_visited":["Exordium","TheCity","TheBeyond"],"potions_floor_usage":[16,16,16,22,23,23,27,30,33,33],"damage_taken":[{"damage":19,"enemies":"Small Slimes","floor":2,"turns":3},{"damage":13,"enemies":"Cultist","floor":3,"turns":3},{"damage":16,"enemies":"Jaw Worm","floor":5,"turns":4},{"damage":12,"enemies":"downfall:FleeingMerchant","floor":6,"turns":4},{"damage":17,"enemies":"Gremlin Nob","floor":10,"turns":3},{"damage":12,"enemies":"Red Slaver","floor":12,"turns":2},{"damage":30,"enemies":"Large Slime","floor":13,"turns":4},{"damage":21,"enemies":"Red Slaver","floor":15,"turns":3},{"damage":44,"enemies":"downfall:Defect","floor":16,"turns":5},{"damage":19,"enemies":"Spheric Guardian","floor":19,"turns":4},{"damage":24,"enemies":"Chosen","floor":21,"turns":4},{"damage":32,"enemies":"downfall:LadyInBlue","floor":22,"turns":7},{"damage":18,"enemies":"Sentry and Sphere","floor":23,"turns":6},{"damage":67,"enemies":"3 Cultists","floor":25,"turns":6},{"damage":25,"enemies":"Centurion and Healer","floor":26,"turns":6},{"damage":46,"enemies":"Slavers","floor":27,"turns":6},{"damage":55,"enemies":"Chosen and Byrds","floor":28,"turns":6},{"damage":31,"enemies":"Shelled Parasite and Fungi","floor":29,"turns":5},{"damage":12,"enemies":"Gremlin Leader","floor":30,"turns":6},{"damage":13,"enemies":"Centurion and Healer","floor":31,"turns":5},{"damage":29,"enemies":"Cultist and Chosen","floor":32,"turns":6},{"damage":50,"enemies":"downfall:Ironclad","floor":33,"turns":7},{"damage":30,"enemies":"Orb Walker","floor":36,"turns":3},{"damage":19,"enemies":"3 Shapes","floor":38,"turns":4},{"damage":32,"enemies":"Writhing Mass","floor":39,"turns":5},{"damage":80,"enemies":"Nemesis","floor":40,"turns":3}],"seed_played":"9099759731895325640","potions_obtained":[{"floor":5,"key":"Slimebound:SlimyTonguePotion"},{"floor":13,"key":"Energy Potion"},{"floor":14,"key":"Slimebound:ThreeZeroPotion"},{"floor":16,"key":"Slimebound:SlimedPotion"},{"floor":19,"key":"Weak Potion"},{"floor":21,"key":"SpeedPotion"},{"floor":22,"key":"PowerPotion"},{"floor":22,"key":"Swift Potion"},{"floor":22,"key":"sneckomod:MuddlingPotion"},{"floor":26,"key":"LiquidMemories"},{"floor":29,"key":"Fire Potion"},{"floor":30,"key":"Slimebound:SlimedPotion"},{"floor":31,"key":"Weak Potion"},{"floor":39,"key":"Swift Potion"}],"is_trial":false,"path_per_floor":["R","M","M","?","M","$","T","R","?","E","R","M","M","?","M","B",null,"R","M","?","M","?","M","T","M","M","E","M","M","E","M","M","B",null,"R","M","?","M","M","E"],"character_chosen":"SLIMEBOUND","items_purchased":["Slimebound:ProtectTheBoss"],"campfire_rested":0,"item_purchase_floors":[6],"current_hp_per_floor":[60,55,58,40,40,48,48,48,48,53,53,57,43,43,36,16,60,60,49,49,53,60,60,60,33,52,34,30,47,60,60,60,48,60,60,60,60,60,60,0,0,0],"gold":558,"neow_bonus":"THREE_CARDS","is_daily":false,"chose_seed":false,"campfire_upgraded":5,"win_rate":0.0,"timestamp":1610409171,"path_taken":["R","M","M","?","M","$","T","R","?","E","R","M","?","?","M","BOSS","R","M","?","M","?","M","T","M","M","E","?","M","E","M","M","BOSS","R","M","?","M","M","E"],"items_purchased_type":["Card"],"build_version":"2020-12-22","purchased_purges":1,"victory":false,"max_hp_per_floor":[60,60,60,60,60,60,60,60,60,60,60,60,60,60,60,60,60,60,60,60,60,60,60,60,60,60,60,60,60,60,60,60,60,60,60,60,60,60,60,60,60,60],"card_choices":[{"not_picked":["Slimebound:SamplingLick","Slimebound:SplitLeeching"],"picked":"Slimebound:SplitMire","floor":0},{"not_picked":["Slimebound:SplitAcid","Slimebound:RejuvenatingLick"],"picked":"Slimebound:LevelUp","floor":2},{"not_picked":["Slimebound:SplitLeeching","Slimebound:SplitMire"],"picked":"Slimebound:GoopSpray","floor":3},{"not_picked":["Slimebound:PressTheAttack","Slimebound:SplitBruiser"],"picked":"Slimebound:LevelUp","floor":5},{"not_picked":["Slimebound:FlameTackle","Slimebound:Grow"],"picked":"Slimebound:SplitMire","floor":6},{"not_picked":["Slimebound:SplitMire","Slimebound:ProtectTheBoss"],"picked":"Slimebound:ForwardTackle","floor":10},{"not_picked":["Slimebound:ViciousTackle","Slimebound:ComboTackle"],"picked":"Slimebound:LeechingTouch","floor":12},{"not_picked":["Slimebound:ComboTackle","Slimebound:PressTheAttack"],"picked":"Slimebound:Schlurp","floor":13},{"not_picked":["Slimebound:TongueLash","Slimebound:LevelUp"],"picked":"Slimebound:GrowthPunch","floor":15},{"not_picked":["Slimebound:OneTwoCombo","Slimebound:MassRepurpose"],"picked":"Slimebound:DuplicatedForm","floor":16},{"not_picked":["Slimebound:SplitBruiser","Slimebound:PressTheAttack"],"picked":"Slimebound:DisruptingSlam","floor":19},{"not_picked":["Slimebound:FlameTackle","Slimebound:ComboTackle+1"],"picked":"Slimebound:LeechingTouch","floor":21},{"not_picked":["Slimebound:ProtectTheBoss","Slimebound:SlimeSpikes+1"],"picked":"Slimebound:MinionMaster","floor":22},{"not_picked":["Slimebound:LeechingTouch","Slimebound:Schlurp+1"],"picked":"Slimebound:Gluttony","floor":23},{"not_picked":["Slimebound:SplitLeeching+1","Slimebound:GoopTackle"],"picked":"Slimebound:SamplingLick+1","floor":25},{"not_picked":["Slimebound:SplitBruiser","Slimebound:FlameTackle","Slimebound:SplitLeeching"],"picked":"SKIP","floor":25},{"not_picked":["Slimebound:PressTheAttack+1","Slimebound:GoopSpray"],"picked":"Slimebound:HauntingLick","floor":26},{"not_picked":["Slimebound:LeechEnergy","Slimebound:RallyTheTroops"],"picked":"Slimebound:RainOfGoop+1","floor":26},{"not_picked":["Slimebound:RollThrough","Slimebound:FlameTackle","Slimebound:ViciousTackle"],"picked":"SKIP","floor":27},{"not_picked":["Slimebound:GrowthPunch","Slimebound:SamplingLick"],"picked":"Slimebound:SplitLeeching+1","floor":28},{"not_picked":["Slimebound:PressTheAttack","Slimebound:FirmFortitude","Slimebound:BestDefense"],"picked":"SKIP","floor":28},{"not_picked":["Slimebound:GrowthPunch","Slimebound:LeechEnergy"],"picked":"Slimebound:RejuvenatingLick","floor":29},{"not_picked":["Slimebound:FinishingTackle","Slimebound:ViciousTackle+1"],"picked":"Slimebound:LeechingTouch","floor":29},{"not_picked":["Slimebound:LivingWall","Slimebound:SplitMire"],"picked":"Slimebound:MassRepurpose","floor":30},{"not_picked":["Slimebound:SlimeSpikes","Slimebound:SplitMire"],"picked":"Slimebound:Schlurp+1","floor":31},{"not_picked":["Slimebound:ViciousTackle","Slimebound:Grow","Slimebound:Equalize+1"],"picked":"SKIP","floor":31},{"not_picked":["Slimebound:SamplingLick","Slimebound:RejuvenatingLick+1"],"picked":"Slimebound:SlimeTap","floor":32},{"not_picked":["Slimebound:ViciousTackle","Slimebound:RollThrough","Slimebound:DuplicatedForm"],"picked":"SKIP","floor":32},{"not_picked":["Slimebound:OneTwoCombo","Slimebound:LeechLife"],"picked":"Slimebound:WasteNot","floor":33},{"not_picked":["Slimebound:LevelUp","Slimebound:HauntingLick","Slimebound:ViciousTackle"],"picked":"SKIP","floor":36},{"not_picked":["Slimebound:ComboTackle","Slimebound:Schlurp+1","Slimebound:SplitAcid"],"picked":"SKIP","floor":36},{"not_picked":["Slimebound:FirmFortitude","Slimebound:FlameTackle"],"picked":"Slimebound:SplitMire+1","floor":38},{"not_picked":["Slimebound:LevelUp","Slimebound:RollThrough","Slimebound:ViciousTackle+1"],"picked":"SKIP","floor":38},{"not_picked":["Slimebound:Nibble","Slimebound:FlameTackle+1"],"picked":"Slimebound:LeadByExample+1","floor":39},{"not_picked":["Slimebound:LeechEnergy","Slimebound:PressTheAttack","Slimebound:FinishingTackle"],"picked":"SKIP","floor":39}],"player_experience":190499,"relics_obtained":[{"floor":7,"key":"HornCleat"},{"floor":10,"key":"Regal Pillow"},{"floor":22,"key":"Potion Belt"},{"floor":24,"key":"Prayer Wheel"},{"floor":27,"key":"Turnip"},{"floor":30,"key":"Dream Catcher"}],"event_choices":[{"damage_healed":0,"gold_gain":0,"cards_transformed":["Slimebound:Defend_Slimebound"],"player_choice":"Transformed","damage_taken":0,"max_hp_gain":0,"max_hp_loss":0,"event_name":"Transmorgrifier","floor":9,"gold_loss":0,"cards_obtained":["Slimebound:Overexert"]},{"damage_healed":0,"gold_gain":0,"player_choice":"Got Potions","damage_taken":0,"max_hp_gain":0,"max_hp_loss":0,"event_name":"Lab","floor":14,"gold_loss":0},{"cards_removed":["Slimebound:Tackle"],"damage_healed":0,"gold_gain":0,"player_choice":"Removed Attack","damage_taken":0,"max_hp_gain":0,"max_hp_loss":0,"event_name":"Falling","floor":37,"gold_loss":0}],"is_beta":false,"boss_relics":[{"not_picked":["Tiny House","Runic Dome"],"picked":"Slimebound:AbsorbEndCombatUpgraded"},{"not_picked":["Calling Bell","Astrolabe"],"picked":"Snecko Eye"}],"items_purged_floors":[6],"is_endless":false,"potions_floor_spawned":[5,13,15,16,19,21,26,29,30,31,39],"killed_by":"Nemesis","ascension_level":2}}