{"host":"hve1dyh1ly81yl9f","time":1610386500,"event":{"mods":["BaseMod","Colored Map","DeckTracker","Highlight Path","Keyboard Shortcuts","Minty Spire (QoL Compilation)","Permanent Neow","Quick Restart","StSLib","SuperFastMode"],"gold_per_floor":[417,64,80,31,31,57,57,70,95,45,62,94,94,128,128,128,128],"floor_reached":16,"playtime":608,"items_purged":[],"score":159,"play_id":"bbb87757-f15d-4b14-a7d9-fac26723179e","local_time":"20210112023500","is_ascension_mode":true,"campfire_choices":[{"floor":7,"key":"REST"},{"floor":15,"key":"REST"}],"circlet_count":0,"master_deck":["Strike_R","Strike_R","Strike_R","Defend_R","Defend_R","Defend_R","Defend_R","Bash","Body Slam","Inflame+1","Iron Wave","True Grit","Battle Trance","Barricade+1","True Grit","Entrench"],"relics":["Burning Blood","Old Coin","Frozen Egg 2","Regal Pillow","Dream Catcher","InkBottle","Blue Candle"],"acts_visited":["Exordium"],"potions_floor_usage":[12,14,14],"damage_taken":[{"damage":6,"enemies":"Cultist","floor":1,"turns":3},{"damage":7,"enemies":"Small Slimes","floor":3,"turns":3},{"damage":48,"enemies":"Lagavulin","floor":6,"turns":9},{"damage":2,"enemies":"2 Louse","floor":8,"turns":3},{"damage":18,"enemies":"2 Fungi Beasts","floor":11,"turns":4},{"damage":27,"enemies":"Gremlin Nob","floor":12,"turns":4},{"damage":36,"enemies":"3 Sentries","floor":14,"turns":11},{"damage":74,"enemies":"Hexaghost","floor":16,"turns":11}],"seed_played":"765962653051964342","potions_obtained":[{"floor":6,"key":"BloodPotion"},{"floor":11,"key":"SteroidPotion"},{"floor":12,"key":"BloodPotion"}],"is_trial":false,"path_per_floor":["M","$","M","$","?","E","R","M","T","?","M","E","?","E","R","B"],"character_chosen":"IRONCLAD","items_purchased":["Frozen Egg 2","Inflame+1","Iron Wave","True Grit"],"campfire_rested":2,"item_purchase_floors":[2,2,2,4],"current_hp_per_floor":[72,72,71,71,76,34,72,76,76,76,64,43,36,36,74,0,0],"gold":128,"neow_bonus":"ONE_RARE_RELIC","is_daily":false,"chose_seed":false,"campfire_upgraded":0,"win_rate":0.0,"timestamp":1610386500,"path_taken":["M","$","M","?","?","E","R","M","T","?","M","E","?","E","R","BOSS"],"items_purchased_type":["Relic","Card","Card","Card"],"build_version":"2020-12-22","purchased_purges":0,"victory":false,"max_hp_per_floor":[72,72,72,72,77,77,77,77,77,77,77,77,77,77,77,77,77],"card_choices":[{"not_picked":["Fire Breathing","Clothesline"],"picked":"Body Slam","floor":1},{"not_picked":["Dark Embrace+1","Heavy Blade","Carnage"],"picked":"SKIP","floor":3},{"not_picked":["Dark Embrace+1","Rampage"],"picked":"Battle Trance","floor":6},{"not_picked":["Whirlwind","Heavy Blade"],"picked":"Barricade+1","floor":8},{"not_picked":["Twin Strike","Headbutt","Heavy Blade"],"picked":"SKIP","floor":11},{"not_picked":["Intimidate","Armaments","Sentinel"],"picked":"SKIP","floor":12},{"not_picked":["Spot Weakness","Wild Strike"],"picked":"True Grit","floor":14},{"not_picked":["Sword Boomerang","Second Wind"],"picked":"Entrench","floor":15}],"player_experience":305182,"relics_obtained":[{"floor":6,"key":"Regal Pillow"},{"floor":9,"key":"Dream Catcher"},{"floor":12,"key":"InkBottle"},{"floor":14,"key":"Blue Candle"}],"event_choices":[{"damage_healed":0,"gold_gain":0,"player_choice":"Donut","damage_taken":0,"max_hp_gain":5,"max_hp_loss":0,"event_name":"Big Fish","floor":5,"gold_loss":0},{"cards_removed":["Strike_R"],"damage_healed":0,"gold_gain":0,"player_choice":"Card Removal","damage_taken":0,"max_hp_gain":0,"max_hp_loss":0,"event_name":"The Cleric","floor":10,"gold_loss":50},{"cards_removed":["Strike_R"],"damage_healed":0,"gold_gain":0,"player_choice":"Card Removal","damage_taken":7,"max_hp_gain":0,"max_hp_loss":0,"event_name":"Golden Wing","floor":13,"gold_loss":0}],"is_beta":false,"boss_relics":[],"items_purged_floors":[],"is_endless":false,"potions_floor_spawned":[6,11,12],"killed_by":"Hexaghost","ascension_level":7}}