{"host":"2xe1naorbvdtp4t7","time":1610381785,"event":{"mods":["BaseMod","Colored Map","Colored Powertips","Dark Map","Minty Spire (QoL Compilation)","Random Character Button","Rare Cards Sparkle","Spire Birthday Party"],"gold_per_floor":[119,119,119,130,146,178,178,453,479,497,509,509,525,539,539,539,539],"floor_reached":16,"playtime":600,"items_purged":[],"score":104,"play_id":"75a1d93d-0889-4d20-b14d-c9deb977be59","local_time":"20210111171625","is_ascension_mode":false,"campfire_choices":[{"floor":7,"key":"REST"},{"floor":12,"key":"REST"},{"data":"Power Through","floor":15,"key":"SMITH"}],"circlet_count":0,"master_deck":["Strike_R","Strike_R","Strike_R","Strike_R","Strike_R","Defend_R","Defend_R","Defend_R","Defend_R","Bash+1","Seeing Red+1","Clash","Power Through+1","Whirlwind","Regret","Wild Strike","Second Wind","Intimidate","Bloodletting"],"relics":["Burning Blood","Regal Pillow","Centennial Puzzle","Bronze Scales"],"acts_visited":["Exordium"],"potions_floor_usage":[5,11,16],"damage_taken":[{"damage":10,"enemies":"Jaw Worm","floor":1,"turns":4},{"damage":10,"enemies":"2 Louse","floor":4,"turns":3},{"damage":10,"enemies":"Cultist","floor":5,"turns":4},{"damage":62,"enemies":"3 Sentries","floor":6,"turns":16},{"damage":17,"enemies":"Large Slime","floor":10,"turns":6},{"damage":37,"enemies":"Red Slaver","floor":11,"turns":4},{"damage":47,"enemies":"Blue Slaver","floor":13,"turns":5},{"damage":3,"enemies":"Lots of Slimes","floor":14,"turns":2},{"damage":13,"enemies":"Hexaghost","floor":16,"turns":7}],"seed_played":"5403406964932820753","potions_obtained":[{"floor":5,"key":"Fruit Juice"},{"floor":6,"key":"SkillPotion"},{"floor":10,"key":"DuplicationPotion"}],"is_trial":false,"path_per_floor":["M","?","?","M","M","E","R","?","T","M","M","R","M","M","R","B"],"character_chosen":"IRONCLAD","items_purchased":[],"campfire_rested":2,"item_purchase_floors":[],"current_hp_per_floor":[76,76,69,65,66,10,50,50,50,39,8,48,7,10,10,0,0],"gold":539,"neow_bonus":"UPGRADE_CARD","is_daily":false,"chose_seed":false,"campfire_upgraded":1,"win_rate":0.0,"timestamp":1610381785,"path_taken":["M","?","?","M","M","E","R","?","T","M","M","R","M","M","R","BOSS"],"items_purchased_type":[],"build_version":"2020-12-22","purchased_purges":0,"victory":false,"max_hp_per_floor":[80,80,80,80,85,85,85,85,85,85,85,85,85,85,85,85,85],"card_choices":[{"not_picked":["Warcry","Reckless Charge"],"picked":"Seeing Red","floor":1},{"not_picked":["Feel No Pain","Warcry"],"picked":"Clash","floor":4},{"not_picked":["Perfected Strike","Dark Embrace"],"picked":"Power Through","floor":5},{"not_picked":["Uppercut","Warcry"],"picked":"Whirlwind","floor":6},{"not_picked":["Evolve","True Grit"],"picked":"Wild Strike","floor":10},{"not_picked":["Wild Strike","Clash"],"picked":"Second Wind","floor":11},{"not_picked":["Perfected Strike","Spot Weakness"],"picked":"Intimidate","floor":13},{"not_picked":["Shrug It Off","Battle Trance"],"picked":"Bloodletting","floor":14}],"player_experience":55159,"relics_obtained":[{"floor":6,"key":"Centennial Puzzle"},{"floor":9,"key":"Bronze Scales"}],"event_choices":[{"damage_healed":0,"gold_gain":0,"player_choice":"Grow","damage_taken":0,"max_hp_gain":0,"max_hp_loss":0,"event_name":"Living Wall","floor":2,"gold_loss":0,"cards_upgraded":["Seeing Red"]},{"damage_healed":0,"gold_gain":0,"player_choice":"Success","damage_taken":7,"relics_obtained":["Regal Pillow"],"max_hp_gain":0,"max_hp_loss":0,"event_name":"Scrap Ooze","floor":3,"gold_loss":0},{"damage_healed":0,"gold_gain":275,"player_choice":"Desecrate","damage_taken":0,"max_hp_gain":0,"max_hp_loss":0,"event_name":"Golden Shrine","floor":8,"gold_loss":0,"cards_obtained":["Regret"]}],"is_beta":false,"boss_relics":[],"items_purged_floors":[],"is_endless":false,"potions_floor_spawned":[5,6,10],"killed_by":"Hexaghost","ascension_level":0}}