{"host":"ordk2y2ebcetabk6","time":1610408223,"event":{"mods":["AlwaysNeverKeys","Astrologer","Bard","BaseMod","Better Debug","Colored Map","Colored Powertips","Dark Map","Hermit","Highlight Path","Minty Spire (QoL Compilation)","Permanent Neow","Rare Cards Sparkle","StSLib","The Scratchpad","TheBandit","TheLocksmith","TheVelvet","Wandering Minibosses","Wide Potions","thorton"],"gold_per_floor":[116,191,205,205,222,222,222,256,256,286,309,390,176,190,193,300,306,331,337,357,149,166,169,172,175,203,207,225,229,233,237,241,343,349,398,415,59,60,61,62,75,76,77,108,110,112,126,139,141,143,143],"floor_reached":50,"playtime":1222,"items_purged":["Strike_P","Strike_P","Defend_P"],"score":553,"play_id":"c472b402-4463-4443-a760-4f044f8b4f4c","local_time":"20210111163703","is_ascension_mode":false,"campfire_choices":[{"data":"FlyingSleeves","floor":6,"key":"SMITH"},{"data":"Wish","floor":15,"key":"SMITH"},{"data":"Eruption","floor":23,"key":"SMITH"},{"data":"Vigilance","floor":25,"key":"SMITH"},{"data":"DeusExMachina","floor":27,"key":"SMITH"},{"data":"BattleHymn","floor":30,"key":"SMITH"},{"data":"Defend_P","floor":32,"key":"SMITH"},{"data":"Defend_P","floor":40,"key":"SMITH"},{"data":"Defend_P","floor":42,"key":"SMITH"},{"floor":49,"key":"REST"}],"circlet_count":0,"master_deck":["Defend_P+1","Defend_P+1","Defend_P+1","Eruption+1","Vigilance+1","FlyingSleeves+1","FlyingSleeves+1","BattleHymn+1","Conclude+1","Wish+1","DeusExMachina+1","WindmillStrike+1","WheelKick+1","ReachHeaven+1","ForeignInfluence+1","Mayhem+1","ReachHeaven+1"],"relics":["PureWater","Blood Vial","HornCleat","Molten Egg 2","Singing Bowl","thethorton:BankDeed","Eternal Feather","ClockworkSouvenir","Empty Cage","StoneCalendar","Vajra","Matryoshka","thethorton:CrushedCigarette","Whetstone","Orichalcum","Bag of Marbles","Toxic Egg 2"],"acts_visited":["Exordium","TheCity","TheBeyond"],"potions_floor_usage":[22,33,44,44],"damage_taken":[{"damage":0,"enemies":"Small Slimes","floor":1,"turns":2},{"damage":0,"enemies":"Cultist","floor":3,"turns":3},{"damage":2,"enemies":"2 Louse","floor":5,"turns":2},{"damage":0,"enemies":"Lagavulin","floor":8,"turns":3},{"damage":8,"enemies":"Gremlin Nob","floor":10,"turns":4},{"damage":2,"enemies":"Looter","floor":11,"turns":3},{"damage":0,"enemies":"3 Louse","floor":14,"turns":1},{"damage":30,"enemies":"Slime Boss","floor":16,"turns":4},{"damage":12,"enemies":"2 Thieves","floor":18,"turns":5},{"damage":16,"enemies":"Shell Parasite","floor":20,"turns":4},{"damage":40,"enemies":"Centurion and Healer","floor":22,"turns":2},{"damage":15,"enemies":"Snake Plant","floor":28,"turns":4},{"damage":2,"enemies":"Automaton","floor":33,"turns":5},{"damage":3,"enemies":"3 Shapes","floor":35,"turns":2},{"damage":24,"enemies":"3 Darklings","floor":36,"turns":4},{"damage":24,"enemies":"Spire Growth","floor":41,"turns":5},{"damage":28,"enemies":"Nemesis","floor":44,"turns":7},{"damage":0,"enemies":"4 Shapes","floor":47,"turns":2},{"damage":1,"enemies":"Transient","floor":48,"turns":5},{"damage":84,"enemies":"Awakened One","floor":50,"turns":3}],"seed_played":"8326658586667440153","potions_obtained":[{"floor":3,"key":"Block Potion"},{"floor":14,"key":"Strength Potion"},{"floor":28,"key":"Fire Potion"},{"floor":33,"key":"Block Potion"},{"floor":44,"key":"ColorlessPotion"}],"is_trial":false,"path_per_floor":["M","?","M","T","M","R","?","E","T","E","M","?","$","M","R","B",null,"M","?","M","$","M","R","?","R","T","R","M","?","R","T","R","B",null,"M","M","$","?","$","R","M","R","T","E","$","?","M","M","R","B"],"character_chosen":"WATCHER","items_purchased":["ClockworkSouvenir","WindmillStrike+1","WheelKick+1","Mayhem","ReachHeaven+1"],"campfire_rested":1,"item_purchase_floors":[13,21,21,37,37],"current_hp_per_floor":[72,65,67,67,67,67,64,66,66,60,62,51,51,55,61,33,76,66,66,54,54,30,36,36,42,42,48,35,19,28,28,37,55,84,81,61,61,61,61,70,50,59,59,35,35,35,39,42,79,0,0],"gold":143,"neow_bonus":"RANDOM_COMMON_RELIC","is_daily":false,"chose_seed":false,"campfire_upgraded":9,"win_rate":0.0,"timestamp":1610408223,"path_taken":["M","?","?","?","M","R","?","E","T","E","M","?","?","M","R","BOSS","M","?","M","$","?","R","?","R","T","R","M","?","R","?","R","BOSS","M","M","$","?","$","R","M","R","T","E","?","?","M","?","R","BOSS"],"items_purchased_type":["Relic","Card","Card","Card","Card"],"build_version":"2020-12-22","purchased_purges":3,"victory":false,"max_hp_per_floor":[72,72,72,72,72,72,72,72,72,72,74,74,74,76,76,76,76,78,78,80,80,82,82,82,82,82,82,82,82,82,82,82,84,84,84,86,86,86,86,86,88,88,88,90,90,90,92,94,94,94,94],"card_choices":[{"not_picked":["PathToVictory","Crescendo"],"picked":"FlyingSleeves","floor":1},{"not_picked":["JustLucky","ClearTheMind"],"picked":"FlyingSleeves","floor":3},{"not_picked":["CutThroughFate","FlyingSleeves"],"picked":"BattleHymn","floor":5},{"not_picked":["Protect","Weave+1"],"picked":"Conclude+1","floor":8},{"not_picked":["EmptyMind","SashWhip+1"],"picked":"Wish","floor":10},{"not_picked":["ClearTheMind","Halt","EmptyBody"],"picked":"Singing Bowl","floor":11},{"not_picked":["Tantrum+1","PathToVictory","JustLucky+1"],"picked":"Singing Bowl","floor":14},{"not_picked":["DevaForm","Judgement"],"picked":"DeusExMachina","floor":16},{"not_picked":["Wireheading","Protect","Worship"],"picked":"Singing Bowl","floor":18},{"not_picked":["MentalFortress","FlurryOfBlows+1","Swivel"],"picked":"Singing Bowl","floor":20},{"not_picked":["Consecrate+1","Collect","EmptyBody"],"picked":"Singing Bowl","floor":22},{"not_picked":["Crescendo","FlurryOfBlows+1"],"picked":"ReachHeaven+1","floor":28},{"not_picked":["Judgement","Ragnarok+1","Alpha"],"picked":"Singing Bowl","floor":33},{"not_picked":["EmptyFist+1","Perseverance+1"],"picked":"ForeignInfluence+1","floor":35},{"not_picked":["EmptyBody","BowlingBash+1","Sanctity+1"],"picked":"Singing Bowl","floor":36},{"not_picked":["FollowUp+1","FlurryOfBlows+1","CrushJoints+1"],"picked":"Singing Bowl","floor":41},{"not_picked":["Vengeance+1","FollowUp+1","Consecrate+1"],"picked":"Singing Bowl","floor":44},{"not_picked":["WheelKick+1","Swivel+1","ClearTheMind+1"],"picked":"Singing Bowl","floor":47},{"not_picked":["WreathOfFlame+1","Meditate+1","Protect+1"],"picked":"Singing Bowl","floor":48}],"player_experience":1145952,"relics_obtained":[{"floor":4,"key":"HornCleat"},{"floor":8,"key":"Singing Bowl"},{"floor":9,"key":"thethorton:BankDeed"},{"floor":10,"key":"Eternal Feather"},{"floor":26,"key":"Vajra"},{"floor":31,"key":"Matryoshka"},{"floor":43,"key":"Whetstone"},{"floor":43,"key":"Orichalcum"},{"floor":44,"key":"Bag of Marbles"}],"event_choices":[{"damage_healed":0,"gold_gain":75,"player_choice":"Touch","damage_taken":7,"max_hp_gain":0,"max_hp_loss":0,"event_name":"FaceTrader","floor":2,"gold_loss":0},{"damage_healed":0,"gold_gain":0,"player_choice":"Success","damage_taken":3,"relics_obtained":["Molten Egg 2"],"max_hp_gain":0,"max_hp_loss":0,"event_name":"Scrap Ooze","floor":7,"gold_loss":0},{"damage_healed":0,"gold_gain":75,"player_choice":"Gather Gold","damage_taken":11,"max_hp_gain":0,"max_hp_loss":0,"event_name":"World of Goop","floor":12,"gold_loss":0},{"damage_healed":0,"gold_gain":0,"player_choice":"Forge","damage_taken":0,"max_hp_gain":0,"max_hp_loss":0,"event_name":"Accursed Blacksmith","floor":19,"gold_loss":0,"cards_upgraded":["FlyingSleeves"]},{"damage_healed":0,"gold_gain":0,"player_choice":"Opened","damage_taken":0,"relics_obtained":["StoneCalendar"],"max_hp_gain":0,"max_hp_loss":0,"event_name":"The Mausoleum","floor":24,"gold_loss":0},{"damage_healed":0,"gold_gain":0,"player_choice":"Obtained Book","damage_taken":16,"max_hp_gain":0,"max_hp_loss":0,"event_name":"Cursed Tome","floor":29,"gold_loss":0},{"damage_healed":0,"gold_gain":0,"player_choice":"Upgraded","damage_taken":0,"max_hp_gain":0,"max_hp_loss":0,"event_name":"Upgrade Shrine","floor":38,"gold_loss":0,"cards_upgraded":["Mayhem"]},{"damage_healed":0,"gold_gain":0,"player_choice":"Gave Potion","damage_taken":0,"relics_obtained":["Toxic Egg 2"],"max_hp_gain":0,"max_hp_loss":0,"event_name":"WeMeetAgain","floor":46,"gold_loss":0}],"is_beta":false,"boss_relics":[{"not_picked":["Cursed Key","Tiny House"],"picked":"Empty Cage"},{"not_picked":["VioletLotus","Pandora\u0027s Box"],"picked":"thethorton:CrushedCigarette"}],"items_purged_floors":[13,21,37],"is_endless":false,"potions_floor_spawned":[3,14,16,18,20,28,33,36,44],"killed_by":"Awakened One","ascension_level":0}}