{"host":"hve1dyh1ly81yl9f","time":1610380655,"event":{"mods":["BaseMod","Colored Map","DeckTracker","Highlight Path","Keyboard Shortcuts","Minty Spire (QoL Compilation)","Permanent Neow","Quick Restart","StSLib","SuperFastMode"],"gold_per_floor":[20,34,34,53,53,78,78,78,78,78,78],"floor_reached":10,"playtime":179,"items_purged":[],"score":111,"play_id":"2343c4e9-46da-4cc2-a2e9-35faa5c80fa3","local_time":"20210112005735","is_ascension_mode":true,"campfire_choices":[],"circlet_count":0,"master_deck":["Strike_R","Strike_R","Strike_R","Strike_R","Strike_R","Defend_R","Bash","Dropkick","Headbutt","Headbutt"],"relics":["Burning Blood","Singing Bowl","Bag of Marbles","Paper Frog"],"acts_visited":["Exordium"],"potions_floor_usage":[10],"damage_taken":[{"damage":6,"enemies":"Cultist","floor":1,"turns":3},{"damage":10,"enemies":"Small Slimes","floor":2,"turns":3},{"damage":12,"enemies":"Jaw Worm","floor":4,"turns":2},{"damage":40,"enemies":"Lagavulin","floor":6,"turns":4},{"damage":40,"enemies":"3 Sentries","floor":10,"turns":4}],"seed_played":"-7193820768254611101","potions_obtained":[{"floor":2,"key":"FearPotion"},{"floor":4,"key":"Block Potion"}],"is_trial":false,"path_per_floor":["M","M","?","M","?","E","T","?","T","E"],"character_chosen":"IRONCLAD","items_purchased":[],"campfire_rested":0,"item_purchase_floors":[],"current_hp_per_floor":[88,84,84,78,71,39,39,39,39,0,0],"gold":78,"neow_bonus":"TWENTY_PERCENT_HP_BONUS","is_daily":false,"chose_seed":false,"campfire_upgraded":0,"win_rate":0.0,"timestamp":1610380655,"path_taken":["M","M","?","M","?","E","?","?","T","E"],"items_purchased_type":[],"build_version":"2020-12-22","purchased_purges":0,"victory":false,"max_hp_per_floor":[96,96,96,96,96,98,98,98,98,98,98],"card_choices":[{"not_picked":["Armaments","Burning Pact"],"picked":"Dropkick","floor":1},{"not_picked":["Rupture","Havoc"],"picked":"Headbutt","floor":2},{"not_picked":["Warcry","Iron Wave"],"picked":"Headbutt","floor":4},{"not_picked":["Warcry","Cleave","Berserk"],"picked":"Singing Bowl","floor":6}],"player_experience":301731,"relics_obtained":[{"floor":6,"key":"Singing Bowl"},{"floor":7,"key":"Bag of Marbles"},{"floor":9,"key":"Paper Frog"}],"event_choices":[{"cards_removed":["Defend_R"],"damage_healed":0,"gold_gain":0,"player_choice":"Forget","damage_taken":0,"max_hp_gain":0,"max_hp_loss":0,"event_name":"Living Wall","floor":3,"gold_loss":0},{"cards_removed":["Defend_R"],"damage_healed":0,"gold_gain":0,"player_choice":"Card Removal","damage_taken":7,"max_hp_gain":0,"max_hp_loss":0,"event_name":"Golden Wing","floor":5,"gold_loss":0},{"cards_removed":["Defend_R"],"damage_healed":0,"gold_gain":0,"player_choice":"Offered Basic","damage_taken":0,"max_hp_gain":0,"max_hp_loss":0,"event_name":"Bonfire Elementals","floor":8,"gold_loss":0}],"is_beta":false,"boss_relics":[],"items_purged_floors":[],"is_endless":false,"potions_floor_spawned":[2,4],"killed_by":"3 Sentries","ascension_level":6}}