{"host":"ilrepnd391jk07a9","time":1610370133,"event":{"mods":["Aspiration","BaseMod","Better Altar","Better Note","Better Skull","Better Third Choice","BetterRewards","Colored Powertips","Dark Map","DeckTracker","Defuse TimeMaze Blight","Downfall","GifTheSpireLib","Gremlin Skip","Halation","Highlight Path","Hubris","Infinite Spire","Minty Spire (QoL Compilation)","Quick Restart","Relic Stats","Replay The Spire","StSLib","Stuff the Spire","everything is the same but u backflip on backflip","vexMod"],"gold_per_floor":[113,123,138,5,5,5,30,30,30,74,74,74,94,109,109,203,203,177,195,195,210,210,210,246,97,97,140,155,155,176,126,126,222,222,235,249,268,281,281,281,281,281,281],"floor_reached":42,"playtime":4242,"items_purged":["Injury"],"score":1305,"play_id":"b0217685-16f2-410e-b282-a43235005323","local_time":"20210112020213","is_ascension_mode":true,"campfire_choices":[{"floor":8.0,"key":"REST"},{"data":"Armaments","floor":15.0,"key":"SMITH"},{"data":"Dual Wield","floor":23.0,"key":"SMITH"},{"data":"Metallicize","floor":29.0,"key":"SMITH"},{"data":"Barricade","floor":32.0,"key":"SMITH"},{"data":"Juggernaut","floor":41.0,"key":"SMITH"}],"circlet_count":0,"master_deck":["AscendersBane","Strike_R","Strike_R","Strike_R","Strike_R","Strike_R","Defend_R","Defend_R","Defend_R","Defend_R","Bash","Entrench","Metallicize+1","True Grit","Power Through","Dual Wield+1","Shrug It Off","Warcry","Clothesline","Armaments+1","ReplayTheSpireMod:Stacked","Shrug It Off","Hemogenesis","hubris:ReadiedAction","StuffTheSpire:Ambrosia","StuffTheSpire:BrainWave","Pommel Strike","Shrug It Off+1","StuffTheSpire:Resist","ReplayReversal+1","Disarm+1","Battle Trance+1","Iron Wave","Corruption","Evolve+1","Disarm+1","StuffTheSpire:DeathNote","Shockwave+1","Dark Embrace","Body Slam","Second Wind+1","Barricade+1","Juggernaut+1","PathToVictory+1","PathToVictory+1","Sentinel+1","infinitespire:Starlight+1"],"relics":["Burning Blood","StuffTheSpire:Saxophone","Prayer Wheel","hubris:TenFootPole","Champion Belt","Toxic Egg 2","Golden Idol","Darkstone Periapt","halation:BottledLove","StuffTheSpire:Gunfinga","Bird Faced Urn","halation:MonkeysPaw","halation:SwordOfLegend","hubris:GlazedTorus","StuffTheSpire:HeavyRock","aspiration:WatcherSkillbook","Replay:Bottled Steam"],"acts_visited":["Exordium","TheCity","TheBeyond"],"potions_floor_usage":[42],"damage_taken":[{"damage":7.0,"enemies":"2 Louse","floor":1.0,"turns":5.0},{"damage":4.0,"enemies":"Jaw Worm","floor":2.0,"turns":6.0},{"damage":8.0,"enemies":"Cultist","floor":3.0,"turns":4.0},{"damage":16.0,"enemies":"Large Slime","floor":7.0,"turns":12.0},{"damage":12.0,"enemies":"3 Sentries","floor":10.0,"turns":17.0},{"damage":22.0,"enemies":"Exordium Thugs","floor":13.0,"turns":8.0},{"damage":0.0,"enemies":"2 Fungi Beasts","floor":14.0,"turns":4.0},{"damage":7.0,"enemies":"The Guardian","floor":16.0,"turns":18.0},{"damage":3.0,"enemies":"2 Thieves","floor":18.0,"turns":4.0},{"damage":23.0,"enemies":"Spheric Guardian","floor":19.0,"turns":8.0},{"damage":0.0,"enemies":"Snake Plant","floor":21.0,"turns":10.0},{"damage":38.0,"enemies":"Book of Stabbing","floor":24.0,"turns":10.0},{"damage":21.0,"enemies":"Replay:Snechameleon","floor":27.0,"turns":9.0},{"damage":0.0,"enemies":"Snecko","floor":28.0,"turns":8.0},{"damage":34.0,"enemies":"Sentry and Sphere","floor":30.0,"turns":9.0},{"damage":67.0,"enemies":"Automaton","floor":33.0,"turns":11.0},{"damage":19.0,"enemies":"3 Shapes","floor":35.0,"turns":6.0},{"damage":25.0,"enemies":"3 Darklings","floor":36.0,"turns":6.0},{"damage":65.0,"enemies":"Spire Growth","floor":37.0,"turns":10.0},{"damage":15.0,"enemies":"Sphere and 2 Shapes","floor":38.0,"turns":7.0},{"damage":62,"enemies":"Giant Head","floor":42,"turns":8}],"seed_played":"5839682778549341706","potions_obtained":[{"floor":1.0,"key":"GamblersBrew"},{"floor":7.0,"key":"Swift Potion"},{"floor":13.0,"key":"Weak Potion"},{"floor":21.0,"key":"BloodPotion"},{"floor":24.0,"key":"AttackPotion"},{"floor":33.0,"key":"SteroidPotion"},{"floor":35.0,"key":"Milkshake"},{"floor":37.0,"key":"Dexterity Potion"}],"is_trial":false,"path_per_floor":["M","M","M","$","?","?","M","R","T","E","T","?","M","M","R","B",null,"M","M","?","M","?","R","E","$","T","E","M","R","M","?","R","B",null,"M","M","M","M","?","AVR","R","E"],"character_chosen":"IRONCLAD","items_purchased":["StuffTheSpire:Saxophone","Entrench","Metallicize","True Grit","Power Through","hubris:TenFootPole","Dual Wield","Adrenaline Potion","Hemogenesis","hubris:ReadiedAction","Dark Embrace"],"campfire_rested":1,"item_purchase_floors":[0,0,0,0,0,0,0,0,4,4,25],"current_hp_per_floor":[20,22,20,20,20,20,16,38,38,38,38,38,25,32,32,43,71,79,72,61,83,83,83,60,60,60,68,86,86,69,69,69,43,77,76,68,18,32,32,32,44,0,0],"gold":281,"neow_bonus":"","is_daily":false,"chose_seed":false,"campfire_upgraded":5,"win_rate":0.0,"timestamp":1610370133,"path_taken":["M","M","M","$","?","?","M","R","T","E","?","?","M","M","R","BOSS","M","M","?","M","?","R","E","$","T","E","M","R","?","?","R","BOSS","M","M","?","M","?","AVR","R","E"],"items_purchased_type":["Relic","Card","Card","Card","Card","Relic","Card","Potion","Card","Card","Card"],"build_version":"2020-12-22","purchased_purges":1,"victory":false,"max_hp_per_floor":[75,75,75,75,75,75,76,76,76,77,77,77,78,79,79,80,80,81,82,82,83,83,83,84,84,84,85,86,86,87,87,87,88,88,89,90,91,92,92,92,92,93,93],"relic_stats":{"Darkstone Periapt":0,"counters":[46,333],"Golden Idol":105,"Bird Faced Urn":[128],"Prayer Wheel":15,"Champion Belt":[35],"obtain_stats":[{"Darkstone Periapt":9,"Lantern":27,"Boot":6,"Burning Blood":0,"StuffTheSpire:Gunfinga":11,"HornCleat":9,"infinitespire:Bottled Soul":23,"StuffTheSpire:HeavyRock":27,"MealTicket":30,"Prayer Wheel":0,"Chemical X":19,"Toxic Egg 2":4,"hubris:GlazedTorus":26,"Replay:Bottled Steam":40,"halation:MonkeysPaw":17,"NeowsBlessing":0,"Replay:Towering Pillar of Hats":47,"Golden Idol":6,"halation:BottledLove":10,"aspiration:RunicSpoon":34,"StuffTheSpire:Saxophone":0,"Eternal Feather":40,"vexMod:PaidLearning":31,"aspiration:SecretTechniqueScroll":17,"MawBank":13,"aspiration:FrozenJewel":24,"halation:SwordOfLegend":24,"Bird Faced Urn":12,"aspiration:WatcherSkillbook":34,"hubris:TenFootPole":0,"Bottled Lightning":43,"Champion Belt":0,"StuffTheSpire:DullRazor":21,"halation:PinkSoulGem":39,"TungstenRod":10,"FossilizedHelix":14},{"Darkstone Periapt":29,"Lantern":12,"Boot":3,"Burning Blood":0,"StuffTheSpire:Gunfinga":30,"HornCleat":4,"infinitespire:Bottled Soul":11,"StuffTheSpire:HeavyRock":38,"MealTicket":14,"Prayer Wheel":25,"Chemical X":9,"Toxic Egg 2":1,"hubris:GlazedTorus":37,"Replay:Bottled Steam":45,"halation:MonkeysPaw":33,"NeowsBlessing":0,"Replay:Towering Pillar of Hats":23,"Golden Idol":28,"halation:BottledLove":30,"aspiration:RunicSpoon":15,"StuffTheSpire:Saxophone":25,"Eternal Feather":20,"vexMod:PaidLearning":14,"aspiration:SecretTechniqueScroll":8,"MawBank":6,"aspiration:FrozenJewel":11,"halation:SwordOfLegend":37,"Bird Faced Urn":30,"aspiration:WatcherSkillbook":41,"hubris:TenFootPole":25,"Bottled Lightning":20,"Champion Belt":25,"StuffTheSpire:DullRazor":10,"halation:PinkSoulGem":19,"TungstenRod":5,"FossilizedHelix":7},{"Darkstone Periapt":180,"Lantern":56,"Boot":4,"Burning Blood":0,"StuffTheSpire:Gunfinga":197,"HornCleat":7,"infinitespire:Bottled Soul":50,"StuffTheSpire:HeavyRock":268,"MealTicket":68,"Prayer Wheel":153,"Chemical X":41,"Toxic Egg 2":2,"hubris:GlazedTorus":259,"Replay:Bottled Steam":325,"halation:MonkeysPaw":227,"NeowsBlessing":0,"Replay:Towering Pillar of Hats":142,"Golden Idol":168,"halation:BottledLove":197,"aspiration:RunicSpoon":81,"StuffTheSpire:Saxophone":153,"Eternal Feather":124,"vexMod:PaidLearning":68,"aspiration:SecretTechniqueScroll":35,"MawBank":17,"aspiration:FrozenJewel":50,"halation:SwordOfLegend":259,"Bird Faced Urn":197,"aspiration:WatcherSkillbook":296,"hubris:TenFootPole":153,"Bottled Lightning":124,"Champion Belt":153,"StuffTheSpire:DullRazor":44,"halation:PinkSoulGem":119,"TungstenRod":13,"FossilizedHelix":25}],"Burning Blood":228},"card_choices":[{"not_picked":["Rupture","Pommel Strike"],"picked":"Shrug It Off","floor":1.0},{"not_picked":["hubris:SharpeningStone","Bloodletting"],"picked":"Warcry","floor":1.0},{"not_picked":["Havoc","StuffTheSpire:BloodClot"],"picked":"Clothesline","floor":2.0},{"not_picked":["Iron Wave","StuffTheSpire:RockThrow"],"picked":"Armaments","floor":2.0},{"not_picked":["Entrench","StuffTheSpire:Slingshot"],"picked":"ReplayTheSpireMod:Stacked","floor":3.0},{"not_picked":["Uppercut","True Grit"],"picked":"Shrug It Off","floor":3.0},{"not_picked":["ReplayTheSpireMod:Strike From Hell","Dark Embrace"],"picked":"Pommel Strike","floor":7.0},{"not_picked":["Battle Trance+1","Dropkick"],"picked":"Shrug It Off+1","floor":7.0},{"not_picked":["Sever Soul","Clash"],"picked":"StuffTheSpire:Resist","floor":10.0},{"not_picked":["Dropkick","Twin Strike"],"picked":"ReplayReversal+1","floor":13.0},{"not_picked":["StuffTheSpire:Incineration","Infernal Blade+1"],"picked":"Disarm+1","floor":13.0},{"not_picked":["ReplayTheSpireMod:Corrosion Curse+1","Massacre"],"picked":"Battle Trance+1","floor":14.0},{"not_picked":["Replay:Many Hands+1","Flex+1","Iron Wave"],"picked":"SKIP","floor":14.0},{"not_picked":["Replay:Many Hands+1","Flex+1"],"picked":"Iron Wave","floor":14.0},{"not_picked":["Demon Form","Immolate"],"picked":"Corruption","floor":16.0},{"not_picked":["StuffTheSpire:Resist","Perfected Strike"],"picked":"Evolve+1","floor":18.0},{"not_picked":["Pummel","Thunderclap","Flex+1"],"picked":"SKIP","floor":18.0},{"not_picked":["Cleave","Flame Barrier+1"],"picked":"Disarm+1","floor":19.0},{"not_picked":["Run Through","Thunderclap","Clothesline"],"picked":"SKIP","floor":19.0},{"not_picked":["Ghostly Armor+1","Offering+1","Armaments+1"],"picked":"SKIP","floor":21.0},{"not_picked":["Uppercut","Shrug It Off+1","Perfected Strike"],"picked":"SKIP","floor":21.0},{"not_picked":["ReplayTheSpireMod:Strike From Hell","Replay:Undeath\u0027s Touch"],"picked":"Shockwave+1","floor":24.0},{"not_picked":["Seeing Red+1","Clothesline"],"picked":"Body Slam","floor":27.0},{"not_picked":["Warcry+1","Twin Strike"],"picked":"Second Wind+1","floor":28.0},{"not_picked":["Hemokinesis","Fire Breathing","Hemogenesis"],"picked":"SKIP","floor":28.0},{"not_picked":["Thunderclap","True Grit+1"],"picked":"Barricade","floor":30.0},{"not_picked":["Iron Wave+1","Second Wind+1","Fire Breathing+1"],"picked":"SKIP","floor":30.0},{"not_picked":["Feed","Fiend Fire"],"picked":"Juggernaut","floor":33.0},{"not_picked":["Dark Embrace","CutThroughFate","ClearTheMind+1","hubris:CleavingFinish"],"picked":"SKIP","floor":35.0},{"not_picked":["Cleave","ReachHeaven","Shrug It Off+1","ClearTheMind+1"],"picked":"SKIP","floor":35.0},{"not_picked":["EmptyFist+1","Pommel Strike","Corruption"],"picked":"PathToVictory+1","floor":36.0},{"not_picked":["Evaluate+1","Replay:BluntJabs","Perfected Strike","Rage+1"],"picked":"SKIP","floor":36.0},{"not_picked":["Perfected Strike+1","Thunderclap","Perseverance+1","StuffTheSpire:RockThrow"],"picked":"SKIP","floor":37.0},{"not_picked":["ReplayReversal+1","Battle Trance+1","Clash","MentalFortress+1"],"picked":"SKIP","floor":37.0},{"not_picked":["EmptyBody+1","Conclude","Heavy Blade+1"],"picked":"PathToVictory+1","floor":38.0},{"not_picked":["StuffTheSpire:Incineration","Prostrate+1","Warcry+1","ForeignInfluence+1"],"picked":"SKIP","floor":38.0},{"not_picked":["StuffTheSpire:Incineration","Prostrate+1","Warcry+1","ForeignInfluence+1"],"picked":"SKIP","floor":38.0}],"player_experience":861843,"relics_obtained":[{"floor":9.0,"key":"Darkstone Periapt"},{"floor":10.0,"key":"halation:BottledLove"},{"floor":11.0,"key":"StuffTheSpire:Gunfinga"},{"floor":12.0,"key":"Bird Faced Urn"},{"floor":24.0,"key":"halation:SwordOfLegend"},{"floor":26.0,"key":"hubris:GlazedTorus"},{"floor":27.0,"key":"StuffTheSpire:HeavyRock"}],"event_choices":[{"damage_healed":0.0,"max_hp_gain":0.0,"max_hp_loss":0.0,"gold_gain":0.0,"event_name":"Golden Idol","player_choice":"Take Wound","floor":6.0,"gold_loss":0.0,"damage_taken":0.0,"relics_obtained":["Golden Idol"],"cards_obtained":["Injury"]},{"damage_healed":0.0,"max_hp_gain":0.0,"max_hp_loss":0.0,"gold_gain":0.0,"event_name":"Wheel of Change","player_choice":"Relic","floor":12.0,"gold_loss":0.0,"damage_taken":0.0},{"cards_removed":["Injury"],"damage_healed":0.0,"max_hp_gain":0.0,"max_hp_loss":0.0,"gold_gain":0.0,"event_name":"Purifier","player_choice":"Purged","floor":22.0,"gold_loss":0.0,"damage_taken":0.0},{"damage_healed":0.0,"max_hp_gain":0.0,"max_hp_loss":0.0,"gold_gain":0.0,"event_name":"The Joust","player_choice":"Bet on Murderer","floor":31.0,"gold_loss":50.0,"damage_taken":0.0}],"is_beta":false,"boss_relics":[{"not_picked":["Painkiller Herb","Pandora\u0027s Box"],"picked":"halation:MonkeysPaw"},{"not_picked":["Busted Crown","Fusion Hammer"],"picked":"aspiration:WatcherSkillbook"}],"items_purged_floors":[25],"is_endless":false,"potions_floor_spawned":[1,7,13,21,24,33,35,37],"killed_by":"Giant Head","ascension_level":20}}