{"host":"qihv10mixs26xc23","time":1610400863,"event":{"mods":["AchievementEnabler","BaseMod","BetterRewards","Downfall","Googly Eyes","Hermit","Minty Spire (QoL Compilation)","Replay The Spire","Shop Mod","StSLib","The Marked"],"gold_per_floor":[118,136,97,111,61,61,136,154,154,179,195,195,213,52,52,149,149,167,167,35,50,68,68,157,157,180,455,468,468,494,514,514,514,514],"floor_reached":33,"playtime":1660,"items_purged":[],"score":267,"play_id":"315bfcd9-ad8b-4a14-9caa-774fdf3a05b0","local_time":"20210111163423","is_ascension_mode":false,"campfire_choices":[{"data":"Zap","floor":6,"key":"SMITH"},{"floor":12,"key":"REST"},{"floor":15,"key":"REST"},{"floor":23,"key":"REST"},{"floor":25,"key":"REST"},{"floor":29,"key":"REST"},{"floor":32,"key":"REST"}],"circlet_count":0,"master_deck":["Zap+1","Dualcast","Aggregate","Beam Cell+1","Barrage","Beam Cell","Beam Cell","Ball Lightning","ReplayTheSpireMod:Omega Cannon","Electrodynamics","FIFO Queue","Coolheaded","Fusion","Stack","ReplayTheSpireMod:Repulse","Chill","Gash","Barrage","All For One","Rebound","Sweeping Beam","Gash+1","Ball Lightning+1","Regret","Ball Lightning","Gash","Stack"],"relics":["Cracked Core","Bird Faced Urn","ReplayTheSpireMod:Shallot","Durian","Pandora\u0027s Box","Lantern","Pet Ghost","Vajra"],"acts_visited":["Exordium","TheCity"],"potions_floor_usage":[16,16,16,31,33],"damage_taken":[{"damage":1,"enemies":"Cultist","floor":1,"turns":3},{"damage":1,"enemies":"Jaw Worm","floor":2,"turns":3},{"damage":3,"enemies":"2 Louse","floor":4,"turns":2},{"damage":24,"enemies":"Gremlin Gang","floor":8,"turns":4},{"damage":21,"enemies":"Lagavulin","floor":10,"turns":5},{"damage":5,"enemies":"Exordium Wildlife","floor":11,"turns":4},{"damage":4,"enemies":"2 Fungi Beasts","floor":13,"turns":2},{"damage":40,"enemies":"The Guardian","floor":16,"turns":7},{"damage":12,"enemies":"3 Byrds","floor":18,"turns":2},{"damage":5,"enemies":"Chosen","floor":21,"turns":3},{"damage":42,"enemies":"Centurion and Healer","floor":22,"turns":4},{"damage":22,"enemies":"Snecko","floor":28,"turns":4},{"damage":15,"enemies":"Slavers","floor":30,"turns":2},{"damage":35,"enemies":"Shelled Parasite and Fungi","floor":31,"turns":3},{"damage":46,"enemies":"Collector","floor":33,"turns":6}],"seed_played":"666478178887788142","potions_obtained":[{"floor":1,"key":"SkillPotion"},{"floor":2,"key":"Elixir"},{"floor":11,"key":"EssenceOfSteel"},{"floor":18,"key":"Elixir"},{"floor":31,"key":"Toxic Potion"}],"is_trial":false,"path_per_floor":["M","M","$","M","?","R","?","M","T","E","M","R","M","$","R","B",null,"M","?","$","M","M","R","?","R","T","?","M","R","E","M","R","B"],"character_chosen":"DEFECT","items_purchased":["Beam Cell+1","ReplayTheSpireMod:Omega Cannon","All For One","Rebound"],"campfire_rested":6,"item_purchase_floors":[3,14,20,20],"current_hp_per_floor":[65,64,64,61,61,61,50,26,26,10,5,29,25,25,49,9,80,70,70,70,67,27,51,19,43,43,43,25,49,34,1,25,0,0],"gold":514,"neow_bonus":"","is_daily":false,"chose_seed":false,"campfire_upgraded":1,"win_rate":0.0,"timestamp":1610400863,"path_taken":["M","M","$","M","?","R","?","M","T","E","M","R","M","$","R","BOSS","M","?","$","?","M","R","?","R","T","?","M","R","E","M","R","BOSS"],"items_purchased_type":["Card","Card","Card","Card"],"build_version":"2020-12-22","purchased_purges":0,"victory":false,"max_hp_per_floor":[75,75,75,75,75,75,75,75,75,80,80,80,80,80,80,80,80,80,80,80,80,80,80,80,80,80,80,80,80,80,80,80,80,80],"card_choices":[{"not_picked":["ReplaySort","Gash"],"picked":"Aggregate","floor":1},{"not_picked":["Stack","Genetic Algorithm","Glacier"],"picked":"SKIP","floor":2},{"not_picked":["BasicCrystalCard","ReplaySolidLightProjector"],"picked":"Barrage","floor":4},{"not_picked":["Steam","Streamline"],"picked":"Beam Cell","floor":8},{"not_picked":["Go for the Eyes","Chaos","Steam"],"picked":"SKIP","floor":10},{"not_picked":["Consume","Go for the Eyes"],"picked":"Beam Cell","floor":11},{"not_picked":["Auto Shields","Sweeping Beam"],"picked":"Ball Lightning","floor":13},{"not_picked":["Rainbow","Amplify"],"picked":"Electrodynamics","floor":16},{"not_picked":["Blizzard","Fusion"],"picked":"Barrage","floor":18},{"not_picked":["Darkness","Beam Cell"],"picked":"Sweeping Beam","floor":21},{"not_picked":["Beam Cell","Streamline+1"],"picked":"Gash+1","floor":22},{"not_picked":["BasicCrystalCard","Redo+1"],"picked":"Ball Lightning+1","floor":24},{"not_picked":["Rip and Tear","Auto Shields+1"],"picked":"Ball Lightning","floor":28},{"not_picked":["Loop+1","BasicCrystalCard+1"],"picked":"Gash","floor":30},{"not_picked":["BasicCrystalCard","Heatsinks"],"picked":"Stack","floor":31}],"player_experience":80658,"relics_obtained":[{"floor":9,"key":"ReplayTheSpireMod:Shallot"},{"floor":10,"key":"Durian"},{"floor":24,"key":"Lantern"},{"floor":26,"key":"Pet Ghost"},{"floor":30,"key":"Vajra"}],"event_choices":[{"cards_removed":["Defend_B"],"damage_healed":0,"gold_gain":0,"player_choice":"Card Removal","damage_taken":0,"max_hp_gain":0,"max_hp_loss":0,"event_name":"The Cleric","floor":5,"gold_loss":50},{"damage_healed":0,"gold_gain":75,"player_choice":"Gather Gold","damage_taken":11,"max_hp_gain":0,"max_hp_loss":0,"event_name":"World of Goop","floor":7,"gold_loss":0},{"damage_healed":0,"gold_gain":0,"player_choice":"Bought 0 Potions","damage_taken":0,"max_hp_gain":0,"max_hp_loss":0,"event_name":"The Woman in Blue","floor":19,"gold_loss":0},{"damage_healed":0,"gold_gain":275,"player_choice":"Desecrate","damage_taken":0,"max_hp_gain":0,"max_hp_loss":0,"event_name":"Golden Shrine","floor":27,"gold_loss":0,"cards_obtained":["Regret"]}],"is_beta":false,"boss_relics":[{"not_picked":["Cursed Key","SlaversCollar"],"picked":"Pandora\u0027s Box"}],"items_purged_floors":[],"is_endless":false,"potions_floor_spawned":[1,2,11,18,31],"killed_by":"Collector","ascension_level":0}}