{"host":"0npau4al1ghjijrr","time":1610387019,"event":{"mods":["ATMod(阿瑾Mod)","Act Like it!","Aspiration","BaseMod","Conspire","Decade(王小明)","Downfall","Hallownest","Lobotomy","LobotomyExtend","Marisa（F雨　魔理沙）","Minty Spire (QoL Compilation)","MostiFishMod","Reimu（博丽灵梦）","Remilia（蕾米莉亚）","Replay The Spire","SOS（斯巴达之子）","Shop Mod","Spicy Shops","StSLib","The Administrix","The Bug Knight","The Construct","Yuri Mod","vexMod","【遗物卡牌】REMEMod"],"gold_per_floor":[109,109,125,125,144,144,192,209,209,227,227,227,266,321,321,419,419,435,425,444,543,543,543,598,598,598,651,651,668,19,29,29,74,74],"floor_reached":33,"playtime":1004,"items_purged":["Defend_RM"],"score":447,"play_id":"5e3e2e28-5fc1-41e9-a6df-f0d7635d3046","local_time":"20210112014339","is_ascension_mode":false,"campfire_choices":[{"data":"FavorOfDestiny","floor":6,"key":"SMITH"},{"floor":12,"key":"DIG"},{"floor":15,"key":"DIG"},{"floor":23,"key":"DIG"},{"floor":25,"key":"DIG"},{"floor":32,"key":"DIG"}],"circlet_count":0,"master_deck":["Strike_RM","Strike_RM","Strike_RM","Defend_RM","Defend_RM","Defend_RM","RedMoon","ScarletShoot","HellCatastrophe","AT_MachinaRedman","MastersStateliness","MastersStateliness","FavorOfDestiny+1","BloodHunter","DemonKingCradle","KillingBlow","ScarletImprint+1","TransientEternity","EquivalentExchange","MastersStateliness"],"relics":["ScarletHat","AT_ATBox","REME_ComplimentaryCards","DaveBox","MetatronsCube","aspiration:Nostalgia","sneckomod:SneckoSoul","SynthV:TestCard","LetterFromLob","aspiration:ChemicalBlood","Shovel","YidongShenshe:ReiMu","AT_ImmortalShieldbow","WingedGreaves","MealTicket","Omamori","ThornShield","HollowMod:LifeEnderRelic","Bottled Tornado","aspiration:SeaSaltIceCream","SynthV","vexMod:HeadHunter","MerchantsRug","CrazyTorch:ReiMu","REME_ArchaeologicalTools"],"acts_visited":["Exordium","TheCity"],"potions_floor_usage":[13,31,31,33,33],"damage_taken":[{"damage":0,"enemies":"Cultist","floor":1,"turns":2},{"damage":0,"enemies":"Jaw Worm","floor":3,"turns":2},{"damage":0,"enemies":"Small Slimes","floor":5,"turns":3},{"damage":0,"enemies":"3 Sentries","floor":7,"turns":4},{"damage":0,"enemies":"2 Fungi Beasts","floor":8,"turns":2},{"damage":0,"enemies":"Looter","floor":10,"turns":1},{"damage":4,"enemies":"Large Slime","floor":13,"turns":3},{"damage":0,"enemies":"Gremlin Nob","floor":14,"turns":3},{"damage":0,"enemies":"Slime Boss","floor":16,"turns":2},{"damage":19,"enemies":"3 Byrds","floor":18,"turns":3},{"damage":25,"enemies":"Shell Parasite","floor":19,"turns":4},{"damage":15,"enemies":"Snecko","floor":20,"turns":3},{"damage":15,"enemies":"Gremlin Leader","floor":24,"turns":6},{"damage":20,"enemies":"Book of Stabbing","floor":27,"turns":4},{"damage":52,"enemies":"Snake Plant","floor":29,"turns":1},{"damage":10,"enemies":"Shelled Parasite and Fungi","floor":31,"turns":2},{"damage":3,"enemies":"Automaton","floor":33,"turns":5}],"seed_played":"344630936455657967","potions_obtained":[{"floor":1,"key":"Weak Potion"},{"floor":7,"key":"Block Potion"},{"floor":13,"key":"REME_GoldPotion"},{"floor":14,"key":"Energy Potion"},{"floor":24,"key":"Adrenaline Potion"},{"floor":31,"key":"DestinyDice"},{"floor":31,"key":"Slimebound:ThreeZeroPotion"}],"is_trial":false,"path_per_floor":["M","?","M","?","M","R","E","M","T","M","?","R","M","E","R","B",null,"?","?","?","?","?","T","E","T","T","E","?","?","T","M","R","B"],"character_chosen":"REMILIA","items_purchased":["vexMod:HeadHunter","MerchantsRug","CrazyTorch:ReiMu"],"campfire_rested":0,"item_purchase_floors":[30,30,30],"current_hp_per_floor":[75,75,75,75,75,75,75,75,75,75,75,75,72,72,72,75,75,56,36,34,34,34,34,26,26,26,53,53,5,20,24,24,27,27],"gold":74,"neow_bonus":"NOSTALGIA","is_daily":false,"chose_seed":false,"campfire_upgraded":1,"win_rate":0.0,"timestamp":1610387019,"path_taken":["M","?","M","?","?","R","E","M","T","M","?","R","M","E","R","BOSS","?","?","?","?","?","T","E","T","T","E","?","?","T","M","R","BOSS"],"items_purchased_type":["Relic","Relic","Relic"],"build_version":"2020-12-22","purchased_purges":1,"victory":false,"max_hp_per_floor":[75,75,75,75,75,75,75,75,75,75,75,75,75,75,75,75,75,75,75,75,75,75,75,75,75,75,75,75,75,75,75,75,75,75],"card_choices":[{"not_picked":["NightDance","BlasphemousPunishment"],"picked":"MastersStateliness","floor":1},{"not_picked":["UltimateOffering","VampireKiss","NightDance","CharismaGuard"],"picked":"MastersStateliness","floor":3},{"not_picked":["MillenniumVampire","MastersStateliness","BloodAndWine","ScarletImprint"],"picked":"FavorOfDestiny","floor":5},{"not_picked":["EndlessAdversity","SuperhumanBloodyKnife","Septette","RedNightlessCastle","HellCatastrophe"],"picked":"SKIP","floor":7},{"not_picked":["SuperhumanBloodyKnife","Maim","ScarletImprint","BombardNight"],"picked":"BloodHunter","floor":8},{"not_picked":["StarOfDavid","EndlessAdversity","DiffusionOfMisfortune","FavorOfDestiny","UltimateOffering"],"picked":"SKIP","floor":10},{"not_picked":["HellCatastrophe","FavorOfDestiny","StarOfDavid","CharismaGuard","RedNightlessCastle"],"picked":"SKIP","floor":13},{"not_picked":["VampireClaw","StarOfDavid","NightLord","CharismaGuard"],"picked":"DemonKingCradle","floor":14},{"not_picked":["TricksterDevil","BloodyCatastrophe","CurseOfVladTepes","QueenOfMidnight"],"picked":"KillingBlow","floor":16},{"not_picked":["StarOfDavid","EndlessAdversity+1","NightLord","FavorOfDestiny+1"],"picked":"ScarletImprint+1","floor":18},{"not_picked":["BlasphemousPunishment","StarOfDavid","MastersStateliness","BloodyTrap"],"picked":"TransientEternity","floor":19},{"not_picked":["EndlessAdversity","FavorOfDestiny","UnstableMagic","Maim","LeisurelyOfLord"],"picked":"SKIP","floor":20},{"not_picked":["EndlessAdversity","FavorOfDestiny","UnstableMagic","Maim","LeisurelyOfLord"],"picked":"SKIP","floor":20},{"not_picked":["UnstableMagic","MastersStateliness","BlasphemousPunishment+1","ScarletDream"],"picked":"EquivalentExchange","floor":24},{"not_picked":["ChainGang","ScarletImprint","ForbiddenFruit","DevilSight"],"picked":"MastersStateliness","floor":27},{"not_picked":["Septette","MillenniumVampire","AfternoonTea+1","VampireKiss+1","VampireClaw+1"],"picked":"SKIP","floor":29},{"not_picked":["VampireKiss+1","NightLord","MillenniumVampire","ScarletNetherworld","LeisurelyOfLord"],"picked":"SKIP","floor":31}],"player_experience":233340,"relics_obtained":[{"floor":1,"key":"SynthV:TestCard"},{"floor":1,"key":"LetterFromLob"},{"floor":7,"key":"aspiration:ChemicalBlood"},{"floor":9,"key":"Shovel"},{"floor":12,"key":"AT_ImmortalShieldbow"},{"floor":14,"key":"WingedGreaves"},{"floor":15,"key":"MealTicket"},{"floor":23,"key":"Omamori"},{"floor":24,"key":"ThornShield"},{"floor":25,"key":"HollowMod:LifeEnderRelic"},{"floor":26,"key":"Bottled Tornado"},{"floor":27,"key":"aspiration:SeaSaltIceCream"},{"floor":32,"key":"REME_ArchaeologicalTools"}],"event_choices":[{"damage_healed":0,"gold_gain":0,"player_choice":"Leave","damage_taken":0,"max_hp_gain":0,"max_hp_loss":0,"event_name":"conspire:Investor","floor":2,"gold_loss":0},{"cards_removed":["Strike_RM"],"damage_healed":0,"gold_gain":0,"player_choice":"Offered Basic","damage_taken":0,"max_hp_gain":0,"max_hp_loss":0,"event_name":"Bonfire Elementals","floor":4,"gold_loss":0},{"damage_healed":0,"gold_gain":0,"player_choice":"带走神社","damage_taken":0,"relics_obtained":["YidongShenshe:ReiMu"],"max_hp_gain":0,"max_hp_loss":0,"event_name":"yidonshenshe","floor":11,"gold_loss":0,"cards_obtained":["Poor:ReiMu"]},{"damage_healed":0,"gold_gain":99,"player_choice":"Stole From Cult","damage_taken":0,"max_hp_gain":0,"max_hp_loss":0,"event_name":"Nest","floor":21,"gold_loss":0},{"damage_healed":0,"gold_gain":0,"player_choice":"Ignored","damage_taken":0,"max_hp_gain":0,"max_hp_loss":0,"event_name":"Ghosts","floor":22,"gold_loss":0},{"cards_removed":["Poor:ReiMu"],"damage_healed":0,"gold_gain":0,"player_choice":"Elegance","damage_taken":0,"max_hp_gain":0,"max_hp_loss":0,"event_name":"Back to Basics","floor":28,"gold_loss":0}],"is_beta":false,"boss_relics":[{"not_picked":["FrostBlade","Replay:Grab Bag"],"picked":"Painkiller Herb"}],"items_purged_floors":[30],"is_endless":false,"potions_floor_spawned":[1,7,13,14,18,20,24,29],"killed_by":"Automaton","ascension_level":0}}