{"host":"bzg9y3flbaqjj1j7","time":1610336312,"event":{"mods":["100% Spire Juice","AchievementEnabler","Act Like it!","Aspiration","Astrologer","BaseMod","Challenge The Spire","Dark Map","Elementarium","Gensokyo","Hallownest","Hubris","Infinite Spire","Lobotomy","LobotomyExtend","Marisa????????","Marked Mod","Minty Spire (QoL Compilation)","Permanent Neow","Poor People Problems","Prisma Mod","Quick Restart","Rare Cards Sparkle","Reimu??????","Remilia??????","Replay The Spire","RumiaBox-????????","Shop Mod","Spicy Shops","StSLib","The Animator","The Blue Laboratory","The Bug Knight","Waifu the Spire","vexMod"],"gold_per_floor":[112,60,20,20,20,20,47,64,64,64,64],"floor_reached":10,"playtime":296,"items_purged":[],"score":89,"play_id":"3b53b8ce-b1ee-49d7-a345-2b6670d9f469","local_time":"20210111000832","is_ascension_mode":false,"campfire_choices":[{"data":"HollowMod:FocusHealStart","floor":6.0,"key":"SMITH"}],"circlet_count":0,"master_deck":["HollowMod:NailStrikeStart","HollowMod:NailStrikeStart","HollowMod:NailStrikeStart","HollowMod:NailStrikeStart","HollowMod:QuickDashStart","HollowMod:QuickDashStart","HollowMod:QuickDashStart","HollowMod:QuickDashStart","HollowMod:FocusHealStart+1","HollowMod:PogoStrike","HollowMod:ShadowDash","HollowMod:SoulSplash","HollowMod:LifebloodCocoon+1","Writhe","HollowMod:SiblingsShadow"],"relics":["HollowMod:VesselMask","NeowsBlessing","LetterFromLob","Hallownest:DreamNailRelic","infinitespire:Joker Card","infinitespire:BottledMercury"],"acts_visited":["Exordium"],"potions_floor_usage":[],"damage_taken":[{"damage":0.0,"enemies":"Hallownest:monsterHuskGuard","floor":1.0,"turns":1.0},{"damage":0.0,"enemies":"Hallownest:eliteCrystalGuardian","floor":7.0,"turns":1.0},{"damage":0.0,"enemies":"Hallownest:monsterHuskWarrior","floor":8.0,"turns":1.0},{"damage":0,"enemies":"Hallownest:eliteMossKnight","floor":10,"turns":1}],"seed_played":"-8630625177489731214","potions_obtained":[{"floor":7.0,"key":"Explosive Potion"}],"is_trial":false,"path_per_floor":["M","$","$","?","?","R","E","M","T","E"],"character_chosen":"THE_BUGKNIGHT","items_purchased":["HollowMod:SoulSplash","HollowMod:LifebloodCocoon+1"],"campfire_rested":0,"item_purchase_floors":[2,3],"current_hp_per_floor":[75,75,75,84,84,84,84,84,84,84,84],"gold":64,"neow_bonus":"THREE_ENEMY_KILL","is_daily":false,"chose_seed":false,"campfire_upgraded":1,"win_rate":0.0,"timestamp":1610336312,"path_taken":["M","?","$","?","?","R","E","M","T","E"],"items_purchased_type":["Card","Card"],"build_version":"2020-12-22","purchased_purges":0,"victory":false,"max_hp_per_floor":[75,75,75,84,84,84,84,84,84,84,84],"card_choices":[{"not_picked":["HollowMod:DoubleDash","HollowMod:InfectedCysts"],"picked":"HollowMod:ShadowDash","floor":1.0},{"not_picked":["HollowMod:SharpenedNail","HollowMod:CornifersMapStart"],"picked":"HollowMod:SiblingsShadow","floor":7.0},{"not_picked":["HollowMod:InfectedCysts","HollowMod:NewGlowingWomb","HollowMod:RecoilStrike"],"picked":"SKIP","floor":8.0}],"player_experience":175347,"relics_obtained":[{"floor":1.0,"key":"LetterFromLob"},{"floor":7.0,"key":"infinitespire:Joker Card"},{"floor":9.0,"key":"infinitespire:BottledMercury"}],"event_choices":[],"is_beta":false,"boss_relics":[],"items_purged_floors":[],"is_endless":false,"potions_floor_spawned":[7],"killed_by":"Hallownest:eliteMossKnight","ascension_level":0}}