{"host":"kn32u0f2pym5bozc","time":1610359561,"event":{"mods":["2.2 Compatiblity","BaseMod","Better Third Choice","Minty Spire (QoL Compilation)","Permanent Neow","Relic Stats","StSLib","The Animator"],"gold_per_floor":[115,135,100,100,117,157,117,117,170,170,37,37,106,123,123,214,214,214,214,214,214,214,214,214,214,214,56,56,6,6,6,6,6,6],"floor_reached":33,"playtime":2154,"items_purged":["animator:Strike","animator:Defend"],"score":523,"play_id":"39a26f0e-75cf-46b3-a7e9-e10e9805a9e8","local_time":"20210111050601","is_ascension_mode":true,"campfire_choices":[{"floor":8,"key":"REST"},{"data":"animator:LeleiLaLalena","floor":10,"key":"SMITH"},{"data":"animator:Shion","floor":12,"key":"SMITH"},{"data":"animator:Benimaru","floor":15,"key":"SMITH"},{"floor":23,"key":"REST"},{"floor":32,"key":"REST"}],"circlet_count":0,"master_deck":["AscendersBane","animator:Strike_GATE","animator:Defend_GATE","animator:Strike","animator:Strike","animator:Defend","animator:Defend+1","animator:TukaLunaMarceau","animator:Kuribayashi","animator:Cocytus","animator:DolaCouronne","animator:LeleiLaLalena+1","animator:Shion+1","animator:Benimaru+1","animator:Arpeggio","animator:Kaijin","animator:Witch","animator:Emonzaemon","animator:Lu","animator:Mitsurugi+1","animator:YaoHaDucy","animator:Sebas","animator:Alexander","animator:Shalltear","animator:Berserker"],"relics":["animator:LivingPicture","animator:TheMissingPiece","animator:PurgingStone","animator:Hoodie","Strawberry","Ectoplasm","Gremlin Horn","Sundial"],"acts_visited":["Exordium","TheCity"],"potions_floor_usage":[6,19,20,21,24,25,25,31],"damage_taken":[{"damage":11.0,"enemies":"Jaw Worm","floor":1.0,"turns":5.0},{"damage":3.0,"enemies":"Small Slimes","floor":2.0,"turns":4.0},{"damage":10.0,"enemies":"2 Louse","floor":5.0,"turns":3.0},{"damage":42,"enemies":"Lagavulin","floor":6,"turns":11},{"damage":1,"enemies":"Looter","floor":7,"turns":4},{"damage":2,"enemies":"Gremlin Gang","floor":14,"turns":7},{"damage":5,"enemies":"Hexaghost","floor":16,"turns":8},{"damage":22,"enemies":"Chosen","floor":18,"turns":5},{"damage":10,"enemies":"Spheric Guardian","floor":19,"turns":4},{"damage":16,"enemies":"3 Cultists","floor":20,"turns":5},{"damage":15,"enemies":"Snake Plant","floor":21,"turns":5},{"damage":7,"enemies":"Centurion and Healer","floor":22,"turns":5},{"damage":22,"enemies":"3 Cultists","floor":24,"turns":5},{"damage":12,"enemies":"Book of Stabbing","floor":25,"turns":5},{"damage":0,"enemies":"Snecko","floor":28,"turns":5},{"damage":0,"enemies":"Snake Plant","floor":31,"turns":3},{"damage":43,"enemies":"Champ","floor":33,"turns":9}],"seed_played":"-7301165153791047200","potions_obtained":[{"floor":1.0,"key":"Dexterity Potion"},{"floor":6,"key":"Dexterity Potion"},{"floor":14,"key":"Regen Potion"},{"floor":19,"key":"FearPotion"},{"floor":21,"key":"SteroidPotion"},{"floor":24,"key":"Block Potion"},{"floor":28,"key":"AttackPotion"}],"is_trial":false,"path_per_floor":["M","M","?","?","M","E","M","R","T","R","$","R","?","M","R","B",null,"M","M","M","M","M","R","M","E","T","$","M","?","$","M","R","B"],"character_chosen":"THE_ANIMATOR","items_purchased":["animator:Benimaru","animator:Alexander"],"campfire_rested":3,"item_purchase_floors":[11,27],"current_hp_per_floor":[49,46,62,62,52,10,9,28,35,35,35,35,35,34,34,29,63,44,49,36,24,21,43,24,12,12,12,15,15,15,18,42,0,0],"gold":6,"neow_bonus":"TEN_PERCENT_HP_BONUS","is_daily":false,"chose_seed":false,"campfire_upgraded":3,"win_rate":0.0,"timestamp":1610359561,"path_taken":["M","M","?","?","M","E","M","R","T","R","$","R","?","M","R","BOSS","M","M","M","M","M","R","M","E","T","$","M","?","$","M","R","BOSS"],"items_purchased_type":["Card","Card"],"build_version":"2020-12-22","purchased_purges":2,"victory":false,"max_hp_per_floor":[66,66,66,66,66,66,66,66,73,73,73,73,73,74,74,74,74,74,74,74,74,75,75,75,75,75,75,78,78,78,81,81,81,81],"relic_stats":{"Gremlin Horn":[0,0],"counters":[17,93],"Sundial":[2],"Ectoplasm":277,"obtain_stats":[{"animator:Hoodie":6,"animator:PurgingStone":0,"Gremlin Horn":25,"Sundial":26,"animator:TheMissingPiece":0,"Strawberry":9,"animator:LivingPicture":0,"Ectoplasm":17},{"animator:Hoodie":4,"animator:PurgingStone":0,"Gremlin Horn":14,"Sundial":14,"animator:TheMissingPiece":0,"Strawberry":5,"animator:LivingPicture":0,"Ectoplasm":7},{"animator:Hoodie":23,"animator:PurgingStone":0,"Gremlin Horn":76,"Sundial":76,"animator:TheMissingPiece":0,"Strawberry":27,"animator:LivingPicture":0,"Ectoplasm":42}]},"card_choices":[{"not_picked":["animator:IzunaHatsuse","animator:Spearman"],"picked":"animator:Cocytus","floor":1.0},{"not_picked":["animator:IrohaTamaki","animator:SilverFang","animator:CowGirl"],"picked":"SKIP","floor":2.0},{"not_picked":["animator:SakuraMatou","animator:CowGirl"],"picked":"animator:DolaCouronne","floor":5.0},{"not_picked":["animator:Tyuule","animator:TukaLunaMarceau"],"picked":"animator:LeleiLaLalena","floor":6},{"not_picked":["animator:Sebas","animator:KrulTepes"],"picked":"animator:Shion","floor":7},{"not_picked":["animator:SilverFang","animator:UneriGinkaku"],"picked":"animator:Arpeggio","floor":14},{"not_picked":["animator:Saber","animator:Guren"],"picked":"animator:Eris","floor":16},{"not_picked":["animator:LizardPriest","animator:Ara+1"],"picked":"animator:Kaijin","floor":18},{"not_picked":["animator:Priestess","animator:HighElfArcher"],"picked":"animator:Witch","floor":19},{"not_picked":["animator:FielNirvalen","animator:Raven"],"picked":"animator:Emonzaemon","floor":20},{"not_picked":["animator:PandorasActor","animator:HiiragiShinya"],"picked":"animator:Lu","floor":21},{"not_picked":["animator:CrowleyEusford","animator:Shion"],"picked":"animator:Mitsurugi+1","floor":22},{"not_picked":["animator:Tyuule","animator:LeleiLaLalena"],"picked":"animator:YaoHaDucy","floor":24},{"not_picked":["animator:Kazuma+1","animator:Kaijin"],"picked":"animator:Sebas","floor":25},{"not_picked":["animator:Hitei","animator:YachiyoNanami"],"picked":"animator:Shalltear","floor":28},{"not_picked":["animator:SayakaMiki+1","animator:Shigure"],"picked":"animator:Berserker","floor":31}],"player_experience":817042,"relics_obtained":[{"floor":6,"key":"animator:Hoodie"},{"floor":9,"key":"Strawberry"},{"floor":25,"key":"Gremlin Horn"},{"floor":26,"key":"Sundial"}],"event_choices":[{"damage_healed":16.0,"max_hp_gain":0.0,"max_hp_loss":0.0,"gold_gain":0.0,"event_name":"The Cleric","player_choice":"Healed","floor":3.0,"gold_loss":35.0,"damage_taken":0.0},{"damage_healed":0,"gold_gain":69,"player_choice":"Gained Gold","damage_taken":0,"max_hp_gain":0,"max_hp_loss":0,"event_name":"Golden Wing","floor":13,"gold_loss":0},{"damage_healed":0,"gold_gain":100,"player_choice":"Bet on Murderer","damage_taken":0,"max_hp_gain":0,"max_hp_loss":0,"event_name":"The Joust","floor":29,"gold_loss":50}],"is_beta":false,"boss_relics":[{"not_picked":["animator:HolyGrailRelic","Cursed Key"],"picked":"Ectoplasm"}],"items_purged_floors":[11,27],"is_endless":false,"potions_floor_spawned":[1,6,14,16,19,21,24,28],"killed_by":"Champ","ascension_level":17}}