{"host":"dn6kke80v5f7isus","time":1610391603,"event":{"mods":["AchievementEnabler","Act Like it!","BaseMod","Colored Powertips","Custom Start","Defuse TimeMaze Blight","Downfall","Duelist Mod","Gremlin Skip","Highlight Path","Hubris","Infinite Spire","Minty Spire (QoL Compilation)","Rare Cards Sparkle","Replay The Spire","StSLib","Uncapped"],"gold_per_floor":[141,190,190,290,303,334,334,353,353,353,133,146,181,181,181,283,283,303,323,248,8957,8444,8444,8476,8476,8502,8522,8522,8541,8573,8573,8573,8674,8674,8691,8331,8331,8341,8341,8367,8386,8386,8386,8402,8402,8402,8431,8448,8448,8448],"floor_reached":51,"playtime":2362,"items_purged":["theDuelist:Sparks","theDuelist:JerryBeansMan"],"score":1230,"play_id":"cea98dd7-7ffd-42e9-8cea-4407b863872e","local_time":"20210111140003","is_ascension_mode":true,"campfire_choices":[{"floor":7.0,"key":"DIG"},{"floor":10.0,"key":"DIG"},{"floor":15.0,"key":"DIG"},{"floor":23,"key":"DIG"},{"floor":32,"key":"DIG"},{"floor":42,"key":"REST"}],"circlet_count":0,"master_deck":["theDuelist:AngelTrumpeter","theDuelist:CactusBouncer","theDuelist:DarkworldThorns","theDuelist:Inmato","theDuelist:WitchBlackRose+1","theDuelist:PredaplantChlamydosundew+1","theDuelist:BlackRoseDragon+1","theDuelist:BlackRoseDragon","theDuelist:RevivalRose+1","theDuelist:Invigoration+1","theDuelist:BlossomBombardment","theDuelist:WitchBlackRose","infinitespire:Collect","theDuelist:SuperSolarNutrient"],"relics":["theDuelist:MillenniumPuzzle","theDuelist:CardPoolRelic","theDuelist:CardPoolBasicRelic","theDuelist:BoosterPackPoolRelic","theDuelist:CardPoolAddRelic","theDuelist:CardPoolMinusRelic","theDuelist:CardPoolSaveRelic","theDuelist:CardPoolOptionsRelic","NeowsBlessing","theDuelist:BoosterExtraAllRaresRelic","Gambling Chip","Shovel","theDuelist:MillenniumPeriapt","hubris:Reverence","infinitespire:PuzzleCube","theDuelist:MillenniumArmor","Oddly Smooth Stone","infinitespire:BottledMercury","infinitespire:Satchel","Pandora\u0027s Box","Ancient Tea Set","Basket Of Snakes","ClockworkSouvenir","Frozen Egg 2","Akabeko","infinitespire:Beetle Shell","theDuelist:ZoneToken","Runic Cube","Membership Card","Replay:Ringing Soul","ReplayTheSpireMod:TigerMarble","ReplayTheSpireMod:Lightbulb","hubris:ToyBattleship","hubris:TenFootPole"],"acts_visited":["Exordium","TheCity","TheBeyond"],"potions_floor_usage":[29,29,39,41,50,50,50,50,50,50,50,50,50,50],"damage_taken":[{"damage":0.0,"enemies":"Jaw Worm","floor":1.0,"turns":1.0},{"damage":0.0,"enemies":"Jaw Worm","floor":2.0,"turns":1.0},{"damage":0.0,"enemies":"Small Slimes","floor":5.0,"turns":1.0},{"damage":15.0,"enemies":"Lagavulin","floor":6.0,"turns":4.0},{"damage":0.0,"enemies":"Cultist","floor":8.0,"turns":3.0},{"damage":0.0,"enemies":"Exordium Wildlife","floor":12.0,"turns":4.0},{"damage":7.0,"enemies":"3 Sentries","floor":13.0,"turns":4.0},{"damage":0.0,"enemies":"Fading Forest","floor":16.0,"turns":11.0},{"damage":4.0,"enemies":"Chosen","floor":18.0,"turns":3.0},{"damage":2.0,"enemies":"Shell Parasite","floor":19.0,"turns":3.0},{"damage":0,"enemies":"theDuelist:KaibaA2","floor":24,"turns":1},{"damage":0,"enemies":"Snake Plant","floor":27,"turns":3},{"damage":0,"enemies":"Centurion and Healer","floor":29,"turns":3},{"damage":17,"enemies":"Gremlin Leader","floor":30,"turns":4},{"damage":0,"enemies":"Automaton","floor":33,"turns":6},{"damage":0,"enemies":"3 Darklings","floor":35,"turns":3},{"damage":8,"enemies":"3 Shapes","floor":38,"turns":3},{"damage":0,"enemies":"Transient","floor":39,"turns":1},{"damage":88,"enemies":"Nightmare","floor":40,"turns":7},{"damage":23,"enemies":"Maw","floor":41,"turns":6},{"damage":0,"enemies":"4 Shapes","floor":44,"turns":3},{"damage":49,"enemies":"Giant Head","floor":47,"turns":7},{"damage":0,"enemies":"Sphere and 2 Shapes","floor":48,"turns":3},{"damage":0,"enemies":"Replay:Hell Engine","floor":50,"turns":4}],"seed_played":"3410334204611287704","potions_obtained":[{"floor":1.0,"key":"SkillPotion"},{"floor":6.0,"key":"BlessingOfTheForge"},{"floor":13.0,"key":"SmokeBomb"},{"floor":16.0,"key":"Guardian:BlockOnCardUsePotion"},{"floor":24,"key":"champ:CounterPotion"},{"floor":40,"key":"Fruit Juice"},{"floor":47,"key":"Energy Potion"},{"floor":48,"key":"theDuelist:FreezingPotion"},{"floor":49,"key":"EntropicBrew"},{"floor":49,"key":"theDuelist:ElectricPotion"}],"is_trial":false,"path_per_floor":["M","?","?","?","M","E","R","M","T","R","$","M","E","?","R","B",null,"M","M","?","$","?","R","E","?","T","M","?","M","E","?","R","B",null,"M","$","?","M","M","NM","M","R","T","M","?","?","E","M","R","B",null],"character_chosen":"THE_DUELIST","items_purchased":["Oddly Smooth Stone","Ancient Tea Set","Basket Of Snakes","ClockworkSouvenir","Membership Card","Replay:Ringing Soul","ReplayTheSpireMod:TigerMarble"],"campfire_rested":1,"item_purchase_floors":[11,21,21,21,36,36,36],"current_hp_per_floor":[72,72,72,72,72,57,57,57,57,57,57,57,50,50,50,58,75,71,69,69,169,169,169,169,169,169,169,169,169,152,152,152,152,170,170,170,170,165,165,80,62,118,118,118,121,121,72,72,72,72],"gold":8448,"neow_bonus":"THREE_ENEMY_KILL","is_daily":false,"chose_seed":false,"campfire_upgraded":0,"win_rate":0.0,"timestamp":1610391603,"path_taken":["M","?","?","?","?","E","R","M","T","R","$","M","E","?","R","BOSS","M","M","?","$","?","R","E","?","T","M","?","?","E","?","R","BOSS","M","$","?","M","M","NM","M","R","T","?","?","?","E","M","R","BOSS"],"items_purchased_type":["Relic","Relic","Relic","Relic","Relic","Relic","Relic"],"build_version":"2020-12-22","purchased_purges":2,"victory":true,"max_hp_per_floor":[80,80,80,80,80,80,80,80,80,80,80,80,80,80,80,80,80,80,80,80,180,180,180,180,180,180,180,180,180,180,176,176,176,176,176,176,176,179,179,182,187,187,187,187,190,190,190,190,190,190],"card_choices":[{"not_picked":["theDuelist:Fissure","theDuelist:FuryFire","theDuelist:LightningDarts","theDuelist:WingedKuriboh","theDuelist:SmashingGround"],"picked":"SKIP","floor":1.0},{"not_picked":["theDuelist:BattleOx","theDuelist:BattleguardKing","theDuelist:FuryFire","theDuelist:DestroyerGolem","theDuelist:WingedKuriboh"],"picked":"SKIP","floor":5.0},{"not_picked":["theDuelist:BattleOx","theDuelist:Polymerization","theDuelist:FlameTiger","theDuelist:HeavyStorm","theDuelist:GemArmadillo"],"picked":"SKIP","floor":6.0},{"not_picked":["theDuelist:BotanicalLion","theDuelist:CactusBouncer","theDuelist:Spore","theDuelist:LonefireBlossom"],"picked":"theDuelist:PredaplantChlamydosundew","floor":8.0},{"not_picked":["theDuelist:BlueRoseDragon","theDuelist:GreenGraveOni","theDuelist:GreyGreedOni","theDuelist:RainbowKuriboh"],"picked":"theDuelist:BlackRoseDragon","floor":12.0},{"not_picked":["theDuelist:WorldTree","theDuelist:VioletCrystal","theDuelist:BloomingDarkestRose","theDuelist:SplendidRose"],"picked":"SKIP","floor":13.0},{"not_picked":["theDuelist:SeedCannon","theDuelist:BlossomBombardment","theDuelist:RoseArcher","theDuelist:QueenAngelRoses"],"picked":"theDuelist:RevivalRose","floor":16.0},{"not_picked":["theDuelist:BlockGolem","theDuelist:RainbowKuriboh","theDuelist:RainbowOverdragon","theDuelist:WeepingIdol+1","theDuelist:KamionTimelord"],"picked":"SKIP","floor":18.0},{"not_picked":["theDuelist:CactusBouncer","theDuelist:WhiteRoseDragon","theDuelist:PredaplantFlytrap","theDuelist:CheerfulCoffin+1","theDuelist:WormApocalypse"],"picked":"SKIP","floor":19.0},{"not_picked":["ReplayTheSpireMod:Black Plague","hubris:Rewind"],"picked":"infinitespire:SealOfDarkness+","floor":22},{"not_picked":["theDuelist:BotanicalLion","theDuelist:JerryBeansMan","theDuelist:WhiteRoseDragon","theDuelist:PredaplantChlamydosundew","theDuelist:DarkworldThorns"],"picked":"SKIP","floor":24},{"not_picked":["theDuelist:JerryBeansMan","theDuelist:LonefireBlossom","theDuelist:CopyPlant","theDuelist:MiracleFertilizer","theDuelist:WitchBlackRose"],"picked":"SKIP","floor":27},{"not_picked":["theDuelist:KamionTimelord","theDuelist:DestroyerGolem","theDuelist:GraniteLoyalist","theDuelist:MudGolem","theDuelist:Blockman"],"picked":"SKIP","floor":29},{"not_picked":["theDuelist:KamionTimelord","theDuelist:Blockman","theDuelist:GraniteLoyalist","theDuelist:MagicHoleGolem","theDuelist:PotForbidden+1"],"picked":"SKIP","floor":30},{"not_picked":["theDuelist:KamionTimelord","theDuelist:RevivalRose","theDuelist:PredaplantChimerafflesia+1","theDuelist:Gigaplant"],"picked":"theDuelist:BlossomBombardment","floor":33},{"not_picked":["theDuelist:BattleguardKing+1","theDuelist:GauntletWarrior+1","theDuelist:Hinotama","theDuelist:MudGolem","theDuelist:Sangan"],"picked":"SKIP","floor":35},{"not_picked":["theDuelist:CactusBouncer+1","theDuelist:WorldCarrot+1","theDuelist:Spore","theDuelist:PredaplantChlamydosundew+1"],"picked":"theDuelist:WitchBlackRose","floor":38},{"not_picked":["infinitespire:FinalStrike","infinitespire:NeuralNetwork"],"picked":"infinitespire:Collect","floor":40},{"not_picked":["theDuelist:WhiteRoseDragon","theDuelist:GreyGreedOni","theDuelist:PurplePainOni","theDuelist:RainbowKuriboh+1","theDuelist:RedHeadedOni+1"],"picked":"SKIP","floor":40},{"not_picked":["theDuelist:BotanicalLion+1","theDuelist:SangaEarth","theDuelist:LordPoison+1","theDuelist:Reinforcements+1","theDuelist:Mudora"],"picked":"SKIP","floor":41},{"not_picked":["theDuelist:SangaEarth","theDuelist:PlantFoodChain+1","theDuelist:RosePaladin+1","theDuelist:AcidTrapHole","theDuelist:BlossomBombardment"],"picked":"SKIP","floor":44},{"not_picked":["theDuelist:VenomShot","theDuelist:WorldTree+1","theDuelist:VioletCrystal+1","theDuelist:FrozenRose+1"],"picked":"theDuelist:SuperSolarNutrient","floor":45},{"not_picked":["theDuelist:BigFire","theDuelist:DarklordSuperbia","theDuelist:EvilswarmHeliotrope+1","theDuelist:Mudora+1","theDuelist:Sangan+1"],"picked":"SKIP","floor":47},{"not_picked":["theDuelist:WhiteRoseDragon+1","theDuelist:BlueRoseDragon","theDuelist:BlackRoseMoonlight","theDuelist:BlackRoseDragon","theDuelist:KamionTimelord+1"],"picked":"SKIP","floor":48}],"player_experience":586608,"relics_obtained":[{"floor":2.0,"key":"theDuelist:BoosterExtraAllRaresRelic"},{"floor":2.0,"key":"Gambling Chip"},{"floor":2.0,"key":"Shovel"},{"floor":6.0,"key":"theDuelist:MillenniumPeriapt"},{"floor":7.0,"key":"hubris:Reverence"},{"floor":9.0,"key":"infinitespire:PuzzleCube"},{"floor":10.0,"key":"theDuelist:MillenniumArmor"},{"floor":13.0,"key":"infinitespire:BottledMercury"},{"floor":15.0,"key":"infinitespire:Satchel"},{"floor":23,"key":"Frozen Egg 2"},{"floor":24,"key":"Akabeko"},{"floor":26,"key":"infinitespire:Beetle Shell"},{"floor":32,"key":"theDuelist:ZoneToken"},{"floor":40,"key":"ReplayTheSpireMod:Lightbulb"},{"floor":43,"key":"hubris:ToyBattleship"},{"floor":47,"key":"hubris:TenFootPole"}],"event_choices":[{"damage_healed":0.0,"max_hp_gain":0.0,"max_hp_loss":0.0,"gold_gain":0.0,"event_name":"Battle City","player_choice":"Fight","duelist":true,"floor":2.0,"gold_loss":0.0,"damage_taken":0.0},{"damage_healed":0.0,"max_hp_gain":0.0,"max_hp_loss":0.0,"gold_gain":100.0,"event_name":"Golden Shrine","player_choice":"Pray","floor":4.0,"gold_loss":0.0,"damage_taken":0.0},{"damage_healed":0.0,"max_hp_gain":0.0,"max_hp_loss":0.0,"gold_gain":0.0,"cards_transformed":["theDuelist:CastleWalls"],"event_name":"Transmorgrifier","player_choice":"Transformed","floor":14.0,"gold_loss":0.0,"damage_taken":0.0,"cards_obtained":["theDuelist:BlackRoseDragon"]},{"cards_removed":["theDuelist:JerryBeansMan"],"damage_healed":0.0,"max_hp_gain":0.0,"max_hp_loss":0.0,"gold_gain":0.0,"event_name":"Beggar","player_choice":"Gave Gold","floor":20.0,"gold_loss":75.0,"damage_taken":0.0},{"total_magic_score":35,"gold_gain":0,"duelist":true,"damage_taken":0,"relics_obtained":[],"points":1,"max_hp_gain":0,"max_hp_loss":0,"spent_points":{"magic":0,"greed":0,"war":0,"power":0,"hunger":1},"event_name":"Nameless Tomb","floor":25,"gold_loss":0,"cards_obtained":[]},{"damage_healed":0,"gold_gain":0,"player_choice":"Ignored","damage_taken":0,"max_hp_gain":0,"max_hp_loss":0,"event_name":"Ghosts","floor":28,"gold_loss":0},{"damage_healed":0,"gold_gain":0,"player_choice":"Brew - 2x Potion Slots","duelist":true,"damage_taken":0,"max_hp_gain":0,"max_hp_loss":0,"event_name":"Aknamkanon\u0027s Tomb","floor":31,"gold_loss":0},{"damage_healed":0,"gold_gain":0,"player_choice":"0 cards matched","damage_taken":0,"max_hp_gain":0,"max_hp_loss":0,"event_name":"Match and Keep!","floor":37,"gold_loss":0,"cards_obtained":[]},{"damage_healed":0,"gold_gain":0,"player_choice":"Memory 1","damage_taken":0,"max_hp_gain":0,"max_hp_loss":0,"event_name":"SensoryStone","floor":45,"gold_loss":0},{"damage_healed":0,"gold_gain":0,"player_choice":"Leave","duelist":true,"damage_taken":0,"max_hp_gain":0,"max_hp_loss":0,"event_name":"Egyptian Village","floor":46,"gold_loss":0}],"is_beta":false,"boss_relics":[{"not_picked":["hubris:CrackedHourglass","Snecko Eye"],"picked":"Pandora\u0027s Box"},{"not_picked":["hubris:BlackHole","Coffee Dripper"],"picked":"Runic Cube"}],"items_purged_floors":[11,21],"is_endless":false,"potions_floor_spawned":[1,6,13,16,24,27,40,47,48],"ascension_level":10}}