{"host":"byizzf0lry06owoh","time":1610353384,"event":{"mods":["Act Like it!","Aspiration","BaseMod","BetterRewards","Card Forge","Conspire","Downfall","Friendly Minions","GifTheSpireLib","Hallownest","Hubris","Infinite Spire","Minty Spire (QoL Compilation)","Relic Sorter","Replay The Spire","StSLib","Wandering Minibosses"],"gold_per_floor":[116,116,86,98,117,117,49,63,63,91,108,108,128,142,142,239,289,307,327,327,339,349,349,374,374,374,374,374],"floor_reached":27,"playtime":4696,"items_purged":[],"score":237,"play_id":"010df4e8-1be7-4c0c-863b-c6560dacf1e2","local_time":"20210111002304","is_ascension_mode":false,"campfire_choices":[{"data":"Power Through","floor":6,"key":"SMITH"},{"data":"champ:BerserkersShout","floor":12,"key":"SMITH"},{"data":"champ:GutPunch","floor":15,"key":"SMITH"},{"data":"Armaments","floor":23,"key":"SMITH"},{"data":"Metallicize","floor":25,"key":"SMITH"}],"circlet_count":0,"master_deck":["Defend_R","Bash+1","Massacre","Power Through+1","Metallicize+1","Metallicize","champ:BerserkersShout+1","Heavy Blade+1","Iron Wave","Brutality","Hemogenesis","champ:BerserkersShout","Armaments+1","Iron Wave","Fire Breathing+1","Headbutt+1","Demon Form"],"relics":["Burning Blood","Seething Fire","Anvil of the Gods","Hammer of Thor","aspiration:Nostalgia","m_IronCrown","Bottled Lightning","ReplayTheSpireMod:Shallot","Tiny House","hubris:DisguiseKit","conspire:BottledYoYo","Toxic Egg 2"],"acts_visited":["Exordium","TheCity"],"potions_floor_usage":[5,8,16,16,18,19,24,27],"damage_taken":[{"damage":11,"enemies":"Jaw Worm","floor":1,"turns":4},{"damage":2,"enemies":"Small Slimes","floor":4,"turns":4},{"damage":1,"enemies":"Cultist","floor":5,"turns":4},{"damage":4,"enemies":"Red Slaver","floor":8,"turns":6},{"damage":47,"enemies":"3 Sentries","floor":10,"turns":11},{"damage":16,"enemies":"Exordium Thugs","floor":11,"turns":7},{"damage":15,"enemies":"Exordium Wildlife","floor":13,"turns":7},{"damage":20,"enemies":"Red Slaver","floor":14,"turns":5},{"damage":76,"enemies":"Hexaghost","floor":16,"turns":10},{"damage":64,"enemies":"Spheric Guardian","floor":18,"turns":10},{"damage":56,"enemies":"conspire:FuzzyDice","floor":19,"turns":9},{"damage":59,"enemies":"Centurion and Healer","floor":21,"turns":7},{"damage":35,"enemies":"Cultist and Chosen","floor":22,"turns":7},{"damage":75,"enemies":"Gremlin Leader","floor":24,"turns":9},{"damage":101,"enemies":"Book of Stabbing","floor":27,"turns":7}],"seed_played":"8088714737195125054","potions_obtained":[{"floor":1,"key":"sneckomod:MuddlingPotion"},{"floor":3,"key":"DistilledChaos"},{"floor":3,"key":"EssenceOfSteel"},{"floor":5,"key":"EssenceOfSteel"},{"floor":13,"key":"LiquidMemories"},{"floor":16,"key":"ColorlessPotion"},{"floor":17,"key":"CultistPotion"},{"floor":19,"key":"Fire Potion"},{"floor":21,"key":"Adrenaline Potion"},{"floor":22,"key":"Slimebound:ThreeZeroPotion"}],"is_trial":false,"path_per_floor":["M","?","?","M","M","R","$","M","T","E","M","R","M","M","R","B",null,"M","M","?","M","M","R","E","R","T","E"],"character_chosen":"IRONCLAD","items_purchased":["Metallicize"],"campfire_rested":0,"item_purchase_floors":[7],"current_hp_per_floor":[80,80,80,80,80,80,80,80,80,60,71,71,80,80,80,49,85,77,85,85,83,85,85,85,85,85,0,0],"gold":374,"neow_bonus":"NOSTALGIA","is_daily":false,"chose_seed":false,"campfire_upgraded":5,"win_rate":0.0,"timestamp":1610353384,"path_taken":["M","?","?","M","?","R","?","?","T","E","M","R","M","M","R","BOSS","M","M","?","?","M","R","E","R","T","E"],"items_purchased_type":["Card"],"build_version":"2020-12-22","purchased_purges":0,"victory":false,"max_hp_per_floor":[80,80,80,80,80,80,80,80,80,80,80,80,80,80,80,80,85,85,85,85,85,85,85,85,85,85,85,85],"card_choices":[{"not_picked":["Clash","Run Through"],"picked":"Massacre","floor":1},{"not_picked":["Replay:Undeath\u0027s Touch","Run Through"],"picked":"Power Through","floor":4},{"not_picked":["Run Through","champ:GutPunch"],"picked":"Metallicize","floor":5},{"not_picked":["Infernal Blade","Pommel Strike"],"picked":"champ:BerserkersShout","floor":8},{"not_picked":["Warcry","Headbutt"],"picked":"Heavy Blade","floor":10},{"not_picked":["Twin Strike","Sword Boomerang"],"picked":"Iron Wave","floor":11},{"not_picked":["Sword Boomerang","Combust"],"picked":"Brutality","floor":13},{"not_picked":["ReplayTheSpireMod:Muscle Training","Clothesline"],"picked":"champ:GutPunch","floor":14},{"not_picked":["Barricade","conspire:Purge"],"picked":"Hemogenesis","floor":16},{"not_picked":["Combust","Life Link"],"picked":"champ:BerserkersShout","floor":17},{"not_picked":["Shrug It Off","Clothesline"],"picked":"Armaments","floor":18},{"not_picked":["hubris:ReadiedAction","Perfected Strike"],"picked":"Iron Wave","floor":19},{"not_picked":["Flame Barrier+1","Metallicize","Beam Cell"],"picked":"Fire Breathing+1","floor":21},{"not_picked":["Perfected Strike","Impervious","Rip and Tear"],"picked":"Headbutt+1","floor":22},{"not_picked":["Thunderclap","Perfected Strike+1","Rebound"],"picked":"Demon Form","floor":24}],"player_experience":61174,"relics_obtained":[{"floor":9,"key":"Bottled Lightning"},{"floor":10,"key":"ReplayTheSpireMod:Shallot"},{"floor":24,"key":"conspire:BottledYoYo"},{"floor":26,"key":"Toxic Egg 2"}],"event_choices":[{"damage_healed":0,"gold_gain":0,"player_choice":"Leave","damage_taken":0,"max_hp_gain":0,"max_hp_loss":0,"event_name":"conspire:Investor","floor":2,"gold_loss":0},{"damage_healed":0,"gold_gain":0,"player_choice":"Bought 2 Potions","damage_taken":0,"max_hp_gain":0,"max_hp_loss":0,"event_name":"The Woman in Blue","floor":3,"gold_loss":0},{"damage_healed":0,"gold_gain":0,"player_choice":"Gave Potion","damage_taken":0,"relics_obtained":["hubris:DisguiseKit"],"max_hp_gain":0,"max_hp_loss":0,"event_name":"WeMeetAgain","floor":20,"gold_loss":0}],"is_beta":false,"boss_relics":[{"not_picked":["Coffee Dripper","hubris:BlackHole"],"picked":"Tiny House"}],"items_purged_floors":[],"is_endless":false,"potions_floor_spawned":[1,5,13,16,19,21,22],"killed_by":"Book of Stabbing","ascension_level":0}}