{"host":"7l2t4psy44vpcd9q","time":1610383797,"event":{"mods":["AchievementEnabler","BaseMod","DeckTracker","Minty Spire (QoL Compilation)","SuperFastMode"],"gold_per_floor":[119,136,136,159,176,176,190,190,190,115,135,135,146,173,173,247,247,265,265,265,276,276,276,276,308,335,346,346,361,375,375,375],"floor_reached":31,"playtime":1096,"items_purged":["Alpha"],"score":564,"play_id":"716ff8e8-9a81-4945-8fd2-03a32ebea04d","local_time":"20210112014957","is_ascension_mode":true,"campfire_choices":[{"floor":6,"key":"REST"},{"data":"Eruption","floor":8,"key":"SMITH"},{"data":"Vengeance","floor":12,"key":"SMITH"},{"floor":15,"key":"REST"},{"floor":23,"key":"REST"},{"data":"WaveOfTheHand","floor":28,"key":"SMITH"}],"circlet_count":0,"master_deck":["AscendersBane","Strike_P","Strike_P","Defend_P","Defend_P","Defend_P","Defend_P","Eruption+1","Vigilance","CutThroughFate","BattleHymn","Wireheading","Vengeance+1","ForeignInfluence","WaveOfTheHand+1","Ragnarok+1","LikeWater","Fasting2","Consecrate+1","InnerPeace","EmptyFist"],"relics":["HolyWater","Ancient Tea Set","Mercury Hourglass","Akabeko","Blood Vial","Nunchaku"],"acts_visited":["Exordium","TheCity"],"potions_floor_usage":[13,16,16,29,30],"damage_taken":[{"damage":18,"enemies":"Jaw Worm","floor":1,"turns":4},{"damage":16,"enemies":"2 Louse","floor":2,"turns":3},{"damage":4,"enemies":"Small Slimes","floor":5,"turns":4},{"damage":2,"enemies":"Red Slaver","floor":7,"turns":4},{"damage":3,"enemies":"3 Louse","floor":11,"turns":2},{"damage":0,"enemies":"Lots of Slimes","floor":13,"turns":2},{"damage":22,"enemies":"3 Sentries","floor":14,"turns":5},{"damage":9,"enemies":"The Guardian","floor":16,"turns":8},{"damage":30,"enemies":"Spheric Guardian","floor":18,"turns":5},{"damage":0,"enemies":"Chosen","floor":21,"turns":2},{"damage":0,"enemies":"Gremlin Leader","floor":25,"turns":3},{"damage":5,"enemies":"3 Cultists","floor":27,"turns":4},{"damage":18,"enemies":"Centurion and Healer","floor":29,"turns":2},{"damage":27,"enemies":"Snake Plant","floor":30,"turns":4},{"damage":14,"enemies":"Cultist and Chosen","floor":31,"turns":3}],"seed_played":"4518945754508170527","potions_obtained":[{"floor":2,"key":"Block Potion"},{"floor":5,"key":"ColorlessPotion"},{"floor":7,"key":"CultistPotion"},{"floor":14,"key":"Block Potion"},{"floor":21,"key":"DistilledChaos"},{"floor":27,"key":"EssenceOfSteel"}],"is_trial":false,"path_per_floor":["M","M","?","T","M","R","M","R","T","$","M","R","M","E","R","B",null,"M","?","?","M","?","R","?","E","T","M","R","M","M","M"],"character_chosen":"WATCHER","items_purchased":[],"campfire_rested":3,"item_purchase_floors":[],"current_hp_per_floor":[43,27,27,27,23,43,41,41,41,41,38,38,38,16,36,27,58,28,28,28,28,28,48,48,48,48,45,45,29,4,0,0],"gold":375,"neow_bonus":"ONE_RANDOM_RARE_CARD","is_daily":false,"chose_seed":false,"campfire_upgraded":3,"win_rate":0.0,"timestamp":1610383797,"path_taken":["M","M","?","?","M","R","M","R","T","$","M","R","M","E","R","BOSS","M","?","?","?","?","R","?","E","T","?","R","M","M","M"],"items_purchased_type":[],"build_version":"2020-12-22","purchased_purges":1,"victory":false,"max_hp_per_floor":[68,68,68,68,68,68,68,68,68,68,68,68,68,68,68,68,68,68,68,68,68,68,68,68,68,68,68,68,68,68,68,68],"card_choices":[{"not_picked":["Meditate","WaveOfTheHand"],"picked":"CutThroughFate","floor":1},{"not_picked":["Protect","Study"],"picked":"BattleHymn","floor":2},{"not_picked":["Fasting2","EmptyBody"],"picked":"Wireheading","floor":5},{"not_picked":["EmptyMind","Protect"],"picked":"Vengeance","floor":7},{"not_picked":["ClearTheMind","Pray"],"picked":"ForeignInfluence","floor":11},{"not_picked":["EmptyBody","Fasting2"],"picked":"WaveOfTheHand","floor":13},{"not_picked":["Worship","SignatureMove","Prostrate"],"picked":"SKIP","floor":14},{"not_picked":["Establishment","DevaForm"],"picked":"Ragnarok","floor":16},{"not_picked":["EmptyFist","FollowUp","Crescendo"],"picked":"SKIP","floor":18},{"not_picked":["CutThroughFate","Evaluate","Crescendo"],"picked":"SKIP","floor":21},{"not_picked":["ClearTheMind","FlyingSleeves"],"picked":"Consecrate+1","floor":25},{"not_picked":["Weave","Tantrum","Halt"],"picked":"SKIP","floor":27},{"not_picked":["Consecrate","Nirvana"],"picked":"InnerPeace","floor":29},{"not_picked":["BattleHymn","CrushJoints"],"picked":"EmptyFist","floor":30}],"player_experience":1200231,"relics_obtained":[{"floor":4,"key":"Ancient Tea Set"},{"floor":9,"key":"Mercury Hourglass"},{"floor":14,"key":"Akabeko"},{"floor":25,"key":"Blood Vial"},{"floor":26,"key":"Nunchaku"}],"event_choices":[{"damage_healed":0,"gold_gain":0,"player_choice":"Ignored","damage_taken":0,"max_hp_gain":0,"max_hp_loss":0,"event_name":"Liars Game","floor":3,"gold_loss":0},{"damage_healed":0,"gold_gain":0,"cards_transformed":["Strike_P","Strike_P"],"player_choice":"Became Test Subject","damage_taken":0,"max_hp_gain":0,"max_hp_loss":0,"event_name":"Drug Dealer","floor":19,"gold_loss":0,"cards_obtained":["LikeWater","Fasting2"]},{"damage_healed":0,"gold_gain":0,"player_choice":"Forge","damage_taken":0,"max_hp_gain":0,"max_hp_loss":0,"event_name":"Accursed Blacksmith","floor":20,"gold_loss":0,"cards_upgraded":["Ragnarok"]},{"damage_healed":0,"gold_gain":0,"player_choice":"Ignored","damage_taken":0,"max_hp_gain":0,"max_hp_loss":0,"event_name":"Ghosts","floor":22,"gold_loss":0},{"damage_healed":0,"gold_gain":0,"player_choice":"0 cards matched","damage_taken":0,"max_hp_gain":0,"max_hp_loss":0,"event_name":"Match and Keep!","floor":24,"gold_loss":0,"cards_obtained":[]}],"is_beta":false,"boss_relics":[{"not_picked":["Coffee Dripper","Busted Crown"],"picked":"HolyWater"}],"items_purged_floors":[10],"is_endless":false,"potions_floor_spawned":[2,5,7,14,21,27],"killed_by":"Cultist and Chosen","ascension_level":20}}