{"host":"0pl361p0raiipqb8","time":1610379037,"event":{"mods":["BaseMod","Downfall","Googly Eyes","Marisa????????","Minty Spire (QoL Compilation)","Replay The Spire","StSLib"],"gold_per_floor":[110,123,224,244,257,257,271,287,287,287,307,307,307,327,327,432,432,451,421,421],"floor_reached":19,"playtime":2403,"items_purged":[],"score":163,"play_id":"e8bf91a6-8e2c-413b-9b98-def91da1add1","local_time":"20210111183037","is_ascension_mode":false,"campfire_choices":[{"floor":6,"key":"REST"},{"data":"ManaRampage","floor":10,"key":"SMITH"},{"data":"Singularity","floor":13,"key":"SMITH"},{"floor":15,"key":"REST"}],"circlet_count":0,"master_deck":["Strike_MRS","Strike_MRS","Defend_MRS","Defend_MRS","Defend_MRS","MasterSpark","UpSweep","Singularity+1","AsteroidBelt","ShootingEcho","SporeBomb","AsteroidBelt","Occultation","ManaRampage+1","Acceleration","MagicChant","DC","BlazingStar","MagicAbsorber+1","ChargingUp+1","WitchLeyline+1","PropBag"],"relics":["MiniHakkero","Replay:Baseball","Nunchaku","Replay:Grab Bag","Painkiller Herb","RampagingMagicTools","Astrolabe"],"acts_visited":["Exordium","TheCity"],"potions_floor_usage":[16,16,16],"damage_taken":[{"damage":7,"enemies":"2 Louse","floor":1,"turns":2},{"damage":4,"enemies":"Small Slimes","floor":2,"turns":3},{"damage":0,"enemies":"Cultist","floor":4,"turns":3},{"damage":7,"enemies":"Exordium Thugs","floor":5,"turns":6},{"damage":0,"enemies":"Large Slime","floor":7,"turns":5},{"damage":6,"enemies":"Blue Slaver","floor":8,"turns":3},{"damage":0,"enemies":"3 Louse","floor":11,"turns":2},{"damage":5,"enemies":"2 Fungi Beasts","floor":14,"turns":3},{"damage":33,"enemies":"Hexaghost","floor":16,"turns":8},{"damage":4,"enemies":"Spheric Guardian","floor":18,"turns":3},{"damage":22,"enemies":"2 Thieves","floor":19,"turns":2}],"seed_played":"-616449340678813668","potions_obtained":[{"floor":2,"key":"BlessingOfTheForge"},{"floor":4,"key":"champ:CounterPotion"},{"floor":5,"key":"Guardian:BlockOnCardUsePotion"},{"floor":16,"key":"Weak Potion"}],"is_trial":false,"path_per_floor":["M","M","?","M","M","R","M","M","T","R","M","?","R","M","R","B",null,"?","?"],"character_chosen":"MARISA","items_purchased":[],"campfire_rested":2,"item_purchase_floors":[],"current_hp_per_floor":[75,71,51,51,44,68,68,62,62,62,62,62,62,57,81,48,82,78,56,56],"gold":421,"neow_bonus":"TEN_PERCENT_HP_BONUS","is_daily":false,"chose_seed":false,"campfire_upgraded":2,"win_rate":0.0,"timestamp":1610379037,"path_taken":["M","M","?","M","M","R","M","M","T","R","M","?","R","M","R","BOSS","?","?"],"items_purchased_type":[],"build_version":"2020-12-22","purchased_purges":0,"victory":false,"max_hp_per_floor":[82,82,82,82,82,82,82,82,82,82,82,82,82,82,82,82,82,82,82,82],"card_choices":[{"not_picked":["ShootingEcho","SprinkleStarSeal"],"picked":"Singularity","floor":1},{"not_picked":["GalacticHalo","PowerUp"],"picked":"AsteroidBelt","floor":2},{"not_picked":["Singularity","ChargingUp"],"picked":"ShootingEcho","floor":3},{"not_picked":["Robbery","SuperPerseids"],"picked":"SporeBomb","floor":3},{"not_picked":["MysteriousBeam","BlazeAway"],"picked":"AsteroidBelt","floor":4},{"not_picked":["UnstableBomb","PowerUp"],"picked":"Occultation","floor":5},{"not_picked":["UnstableBomb","GravityBeat"],"picked":"ManaRampage","floor":7},{"not_picked":["IllusionStar","Robbery"],"picked":"Acceleration","floor":8},{"not_picked":["GravityBeat","PowerUp"],"picked":"MagicChant","floor":11},{"not_picked":["OortCloud","AbsoluteMagnitude"],"picked":"DC","floor":14},{"not_picked":["ManaRampage","AbsoluteMagnitude"],"picked":"BlazingStar","floor":16},{"not_picked":["AsteroidBelt","SprinkleStarSeal+1"],"picked":"PropBag","floor":18}],"player_experience":193138,"relics_obtained":[{"floor":3,"key":"Replay:Baseball"},{"floor":9,"key":"Nunchaku"}],"event_choices":[{"damage_healed":0,"gold_gain":0,"player_choice":"Bought 0 Potions","damage_taken":0,"max_hp_gain":0,"max_hp_loss":0,"event_name":"The Woman in Blue","floor":12,"gold_loss":0}],"is_beta":false,"boss_relics":[{"not_picked":["Philosopher\u0027s Stone","Velvet Choker"],"picked":"Replay:Grab Bag"},{"not_picked":["Coffee Dripper","Runic Dome"],"picked":"Painkiller Herb"},{"not_picked":["Replay:Wanted Poster","Busted Crown"],"picked":"RampagingMagicTools"},{"not_picked":["SacredBark","Runic Pyramid"],"picked":"Astrolabe"}],"items_purged_floors":[],"is_endless":false,"potions_floor_spawned":[2,4,5,8,16],"killed_by":"2 Thieves","ascension_level":0}}