{"host":"61r95uy0hn86b9iu","time":1610406420,"event":{"mods":["AchievementEnabler","BaseMod","Better Vampires","BetterRewards","Colored Powertips","Hubris","Minty Spire (QoL Compilation)","Shop Mod","StSLib"],"gold_per_floor":[117,117,80,80,36,36,62,62,62,95,113,125,137,137,137,215,215,230,248,6,24,24,24],"floor_reached":22,"playtime":541,"items_purged":["Strike_B"],"score":588,"play_id":"8447ebdd-64e1-40fc-9dde-f2958130dea0","local_time":"20210111170700","is_ascension_mode":true,"campfire_choices":[{"floor":6.0,"key":"REST"},{"floor":8.0,"key":"REST"},{"floor":15,"key":"REST"}],"circlet_count":0,"master_deck":["AscendersBane","Strike_B+1","Strike_B","Strike_B","Defend_B","Defend_B","Defend_B","Defend_B","Zap","Dualcast","Static Discharge","Conserve Battery","Sunder","Streamline+1","Double Energy","Defragment","Capacitor","Coolheaded","Static Discharge","Reboot","Leap","Melter"],"relics":["Cracked Core","hubris:Towel","Tiny Chest","Lantern","Cables","SacredBark","Omamori"],"acts_visited":["Exordium","TheCity"],"potions_floor_usage":[16,18,21],"damage_taken":[{"damage":7.0,"enemies":"Jaw Worm","floor":1.0,"turns":4.0},{"damage":8.0,"enemies":"Gremlin Nob","floor":7.0,"turns":3.0},{"damage":40.0,"enemies":"Lagavulin","floor":10.0,"turns":6.0},{"damage":10.0,"enemies":"Small Slimes","floor":11.0,"turns":3.0},{"damage":3.0,"enemies":"2 Louse","floor":12.0,"turns":2.0},{"damage":4.0,"enemies":"Large Slime","floor":13.0,"turns":4.0},{"damage":16,"enemies":"Hexaghost","floor":16,"turns":8},{"damage":10,"enemies":"2 Thieves","floor":18,"turns":2},{"damage":6,"enemies":"Chosen","floor":19,"turns":4},{"damage":33,"enemies":"Snecko","floor":21,"turns":7},{"damage":11,"enemies":"Sentry and Sphere","floor":22,"turns":2}],"seed_played":"-8938060846670147265","potions_obtained":[{"floor":1.0,"key":"AttackPotion"},{"floor":10.0,"key":"Fire Potion"},{"floor":11.0,"key":"Strength Potion"},{"floor":16,"key":"Explosive Potion"},{"floor":19,"key":"Energy Potion"},{"floor":21,"key":"Strength Potion"}],"is_trial":false,"path_per_floor":["M","?","$","?","$","R","E","R","T","E","M","M","M","?","R","B",null,"M","M","$","M","M"],"character_chosen":"DEFECT","items_purchased":["Static Discharge","Conserve Battery","Sunder","Double Energy","Defragment","Omamori"],"campfire_rested":3,"item_purchase_floors":[0,0,0,3,5,20],"current_hp_per_floor":[57,36,36,36,36,57,49,70,70,30,20,17,13,13,34,18,58,48,42,42,9,0,0],"gold":24,"neow_bonus":"","is_daily":false,"chose_seed":false,"campfire_upgraded":0,"win_rate":0.0,"timestamp":1610406420,"path_taken":["M","?","$","?","?","R","E","R","T","E","M","M","M","?","R","BOSS","M","M","$","M","M"],"items_purchased_type":["Card","Card","Card","Card","Card","Relic"],"build_version":"2020-12-22","purchased_purges":1,"victory":false,"max_hp_per_floor":[71,71,71,71,71,71,71,71,71,71,71,71,71,71,71,71,71,71,71,71,71,71,71],"card_choices":[{"not_picked":["BootSequence","Turbo"],"picked":"Streamline","floor":1.0},{"not_picked":["Force Field","Storm"],"picked":"Capacitor","floor":7.0},{"not_picked":["Beam Cell","hubris:PowerSurge","Skim"],"picked":"SKIP","floor":10.0},{"not_picked":["Force Field","Turbo"],"picked":"Coolheaded","floor":11.0},{"not_picked":["Gash","Go for the Eyes","Rebound"],"picked":"SKIP","floor":12.0},{"not_picked":["Turbo","Force Field"],"picked":"Static Discharge","floor":13.0},{"not_picked":["All For One","Meteor Strike"],"picked":"Reboot","floor":16},{"not_picked":["Coolheaded","Sunder","Sweeping Beam"],"picked":"SKIP","floor":18},{"not_picked":["Rebound","Force Field"],"picked":"Leap","floor":19},{"not_picked":["Melter","hubris:Prefetch","Stack"],"picked":"SKIP","floor":21},{"not_picked":["hubris:Prefetch","Stack"],"picked":"Melter","floor":21}],"player_experience":3269383,"relics_obtained":[{"floor":7.0,"key":"Tiny Chest"},{"floor":9.0,"key":"Lantern"},{"floor":10.0,"key":"Cables"}],"event_choices":[{"damage_healed":0.0,"max_hp_gain":0.0,"max_hp_loss":0.0,"gold_gain":0.0,"event_name":"Shining Light","player_choice":"Entered Light","floor":2.0,"gold_loss":0.0,"damage_taken":21.0,"cards_upgraded":["Strike_B","Streamline"]},{"damage_healed":0,"gold_gain":0,"player_choice":"Searched \u00270\u0027 times","damage_taken":0,"max_hp_gain":0,"max_hp_loss":0,"event_name":"Dead Adventurer","floor":14,"gold_loss":0}],"is_beta":false,"boss_relics":[{"not_picked":["hubris:GrandSneckoEye","Snecko Eye"],"picked":"SacredBark"}],"items_purged_floors":[20],"is_endless":false,"potions_floor_spawned":[1,10,11,16,19,21],"killed_by":"Sentry and Sphere","ascension_level":20}}