{"host":"q8niu1x2pgv94o1d","time":1610401992,"event":{"mods":["AchievementEnabler","BaseMod","Colored Map","Colored Powertips","Minty Spire (QoL Compilation)","StSLib"],"gold_per_floor":[363,363,376,65,83,83,111,130,181,199,199,231,245,277,277,381,381,392,467,485,144,160,160,188,212,212,262,289,303,303,334,334,436,436,452,452,470,486,418,418,518,534,561,393,393,393,427,9,9,9,9],"floor_reached":50,"playtime":3017,"items_purged":["Strike_B","Strike_B","Strike_B"],"score":732,"play_id":"7e751ec6-f96b-4bdd-a878-94c4bea4c965","local_time":"20210111225312","is_ascension_mode":true,"campfire_choices":[{"data":"Genetic Algorithm","floor":6.0,"key":"SMITH"},{"data":"Fusion","floor":11.0,"key":"SMITH"},{"data":"Electrodynamics","floor":15.0,"key":"SMITH"},{"data":"Buffer","floor":23.0,"key":"SMITH"},{"data":"Capacitor","floor":30.0,"key":"SMITH"},{"data":"Tempest","floor":32.0,"key":"SMITH"},{"data":"Fusion","floor":40,"key":"SMITH"},{"data":"Fusion","floor":45,"key":"SMITH"},{"floor":49,"key":"REST"}],"circlet_count":0,"master_deck":["Strike_B","Defend_B","Defend_B","Defend_B","Zap+1","Dualcast","Redo+1","Genetic Algorithm+1","Ball Lightning","Doom and Gloom","Fusion+1","FTL","Capacitor+1","Buffer+1","Compile Driver","Tempest+1","Glacier","Lockon+1","Glacier+1","Coolheaded","Meteor Strike","Fusion+1","Biased Cognition+1","Chaos+1","Fusion+1","Rebound","Steam Power","Metamorphosis","Hello World+1"],"relics":["Cracked Core","War Paint","Lee\u0027s Waffle","Mercury Hourglass","PreservedInsect","Pen Nib","Sundial","Philosopher\u0027s Stone","ClockworkSouvenir","Blood Vial","Omamori","Frozen Egg 2","Orichalcum","StrikeDummy","Sozu","DataDisk","Girya"],"acts_visited":["Exordium","TheCity","TheBeyond"],"potions_floor_usage":[33,50],"damage_taken":[{"damage":0.0,"enemies":"2 Louse","floor":1.0,"turns":2.0},{"damage":1.0,"enemies":"Cultist","floor":3.0,"turns":4.0},{"damage":0.0,"enemies":"Small Slimes","floor":5.0,"turns":3.0},{"damage":8.0,"enemies":"Gremlin Nob","floor":7.0,"turns":3.0},{"damage":1.0,"enemies":"3 Louse","floor":8.0,"turns":2.0},{"damage":7.0,"enemies":"Blue Slaver","floor":10.0,"turns":2.0},{"damage":4.0,"enemies":"Lagavulin","floor":12.0,"turns":5.0},{"damage":0.0,"enemies":"2 Fungi Beasts","floor":13.0,"turns":2.0},{"damage":4.0,"enemies":"3 Sentries","floor":14.0,"turns":2.0},{"damage":0.0,"enemies":"Slime Boss","floor":16.0,"turns":5.0},{"damage":0.0,"enemies":"Spheric Guardian","floor":18.0,"turns":3.0},{"damage":6.0,"enemies":"Chosen","floor":20.0,"turns":4.0},{"damage":5.0,"enemies":"Centurion and Healer","floor":22.0,"turns":4.0},{"damage":9.0,"enemies":"Book of Stabbing","floor":24.0,"turns":4.0},{"damage":0.0,"enemies":"Slavers","floor":28.0,"turns":2.0},{"damage":1.0,"enemies":"Sentry and Sphere","floor":29.0,"turns":3.0},{"damage":0.0,"enemies":"Gremlin Leader","floor":31.0,"turns":3.0},{"damage":2,"enemies":"Champ","floor":33,"turns":9},{"damage":0,"enemies":"3 Darklings","floor":35,"turns":3},{"damage":0,"enemies":"Orb Walker","floor":37,"turns":4},{"damage":23,"enemies":"Maw","floor":38,"turns":8},{"damage":0,"enemies":"Spire Growth","floor":42,"turns":3},{"damage":0,"enemies":"Reptomancer","floor":47,"turns":4},{"damage":119,"enemies":"Time Eater","floor":50,"turns":11}],"seed_played":"722565728138785088","potions_obtained":[{"floor":1.0,"key":"Block Potion"},{"floor":10.0,"key":"Explosive Potion"},{"floor":12.0,"key":"Swift Potion"},{"floor":14.0,"key":"SpeedPotion"},{"floor":16.0,"key":"FairyPotion"},{"floor":18.0,"key":"ColorlessPotion"},{"floor":22.0,"key":"FocusPotion"},{"floor":31.0,"key":"FocusPotion"}],"is_trial":false,"path_per_floor":["M","?","M","$","M","R","E","M","T","M","R","E","M","E","R","B",null,"M","?","M","$","M","R","E","T","T","?","E","M","R","E","R","B",null,"M","?","M","M","$","R","?","M","T","$","R","?","E","$","R","B"],"character_chosen":"DEFECT","items_purchased":["War Paint","Lee\u0027s Waffle","Compile Driver","ClockworkSouvenir","Tempest","Biased Cognition+1","Fusion","Steam Power","Metamorphosis","Hello World+1"],"campfire_rested":1,"item_purchase_floors":[4,4,21,21,21,39,44,48,48,48],"current_hp_per_floor":[54,54,53,82,82,82,74,73,73,66,66,62,62,58,58,58,82,82,74,68,68,63,63,54,54,54,54,56,57,57,59,59,59,82,82,82,82,59,59,59,59,61,61,61,61,61,63,63,82,0,0],"gold":9,"neow_bonus":"TWO_FIFTY_GOLD","is_daily":false,"chose_seed":false,"campfire_upgraded":8,"win_rate":0.0,"timestamp":1610401992,"path_taken":["M","?","M","?","M","R","E","M","T","M","R","E","M","E","R","BOSS","M","?","M","$","?","R","E","?","T","?","E","M","R","E","R","BOSS","M","?","M","M","$","R","?","?","T","$","R","?","E","$","R","BOSS"],"items_purchased_type":["Relic","Relic","Card","Relic","Card","Card","Card","Card","Card","Card"],"build_version":"2020-12-22","purchased_purges":3,"victory":false,"max_hp_per_floor":[75,75,75,82,82,82,82,82,82,82,82,82,82,82,82,82,82,82,82,82,82,82,82,82,82,82,82,82,82,82,82,82,82,82,82,82,82,82,82,82,82,82,82,82,82,82,82,82,82,82,82],"card_choices":[{"not_picked":["Hello World","Steam"],"picked":"Redo","floor":1.0},{"not_picked":["Streamline","Stack"],"picked":"Genetic Algorithm","floor":3.0},{"not_picked":["FTL","Force Field"],"picked":"Ball Lightning","floor":5.0},{"not_picked":["Rip and Tear","Gash"],"picked":"Doom and Gloom","floor":7.0},{"not_picked":["Steam","Conserve Battery"],"picked":"Fusion","floor":8.0},{"not_picked":["Beam Cell","Compile Driver"],"picked":"FTL","floor":10.0},{"not_picked":["Cold Snap","Reprogram"],"picked":"Electrodynamics","floor":12.0},{"not_picked":["Redo","Doom and Gloom","Beam Cell"],"picked":"SKIP","floor":13.0},{"not_picked":["Tempest","Rebound"],"picked":"Capacitor","floor":14.0},{"not_picked":["All For One","Reboot"],"picked":"Buffer","floor":16.0},{"not_picked":["Doom and Gloom","Melter","Stack"],"picked":"SKIP","floor":18.0},{"not_picked":["Ball Lightning+1","Go for the Eyes+1","Streamline"],"picked":"SKIP","floor":20.0},{"not_picked":["Steam","Leap"],"picked":"Glacier","floor":22.0},{"not_picked":["Reinforced Body","Cold Snap"],"picked":"Lockon+1","floor":24.0},{"not_picked":["Sunder","Doom and Gloom"],"picked":"Glacier+1","floor":28.0},{"not_picked":["Go for the Eyes","Cold Snap"],"picked":"Coolheaded","floor":29.0},{"not_picked":["Lockon","Ball Lightning","Blizzard"],"picked":"SKIP","floor":31.0},{"not_picked":["Core Surge","Hyperbeam"],"picked":"Meteor Strike","floor":33},{"not_picked":["Rip and Tear+1","Ball Lightning","Steam+1"],"picked":"SKIP","floor":35},{"not_picked":["Double Energy","Skim+1"],"picked":"Fusion","floor":37},{"not_picked":["Steam+1","Leap+1","Lockon"],"picked":"SKIP","floor":38},{"not_picked":["Barrage","Ball Lightning"],"picked":"Chaos+1","floor":42},{"not_picked":["Stack","Gash+1"],"picked":"Rebound","floor":47}],"player_experience":1793654,"relics_obtained":[{"floor":7.0,"key":"Mercury Hourglass"},{"floor":9.0,"key":"PreservedInsect"},{"floor":12.0,"key":"Pen Nib"},{"floor":14.0,"key":"Sundial"},{"floor":24.0,"key":"Blood Vial"},{"floor":25.0,"key":"Omamori"},{"floor":26.0,"key":"Frozen Egg 2"},{"floor":28.0,"key":"Orichalcum"},{"floor":31.0,"key":"StrikeDummy"},{"floor":43,"key":"DataDisk"},{"floor":47,"key":"Girya"}],"event_choices":[{"cards_removed":["Defend_B"],"damage_healed":0.0,"max_hp_gain":0.0,"max_hp_loss":0.0,"gold_gain":0.0,"event_name":"Purifier","player_choice":"Purged","floor":2.0,"gold_loss":0.0,"damage_taken":0.0},{"damage_healed":0.0,"max_hp_gain":0.0,"max_hp_loss":0.0,"gold_gain":75.0,"event_name":"FaceTrader","player_choice":"Touch","floor":19.0,"gold_loss":0.0,"damage_taken":8.0},{"damage_healed":0.0,"max_hp_gain":0.0,"max_hp_loss":0.0,"gold_gain":100.0,"event_name":"The Joust","player_choice":"Bet on Murderer","floor":27.0,"gold_loss":50.0,"damage_taken":0.0},{"damage_healed":0,"gold_gain":0,"player_choice":"Ignored","damage_taken":0,"max_hp_gain":0,"max_hp_loss":0,"event_name":"Tomb of Lord Red Mask","floor":36,"gold_loss":0},{"damage_healed":0,"gold_gain":100,"player_choice":"Pray","damage_taken":0,"max_hp_gain":0,"max_hp_loss":0,"event_name":"Golden Shrine","floor":41,"gold_loss":0},{"cards_removed":["Electrodynamics"],"damage_healed":0,"gold_gain":0,"player_choice":"Removed Power","damage_taken":0,"max_hp_gain":0,"max_hp_loss":0,"event_name":"Falling","floor":46,"gold_loss":0}],"is_beta":false,"boss_relics":[{"not_picked":["SlaversCollar","Velvet Choker"],"picked":"Philosopher\u0027s Stone"},{"not_picked":["Calling Bell","Runic Dome"],"picked":"Sozu"}],"items_purged_floors":[21,44,48],"is_endless":false,"potions_floor_spawned":[1,10,12,14,16,18,22,28,31,35,47],"killed_by":"Time Eater","ascension_level":1}}