{"host":"roqztpbdbchtekes","time":1610368872,"event":{"mods":["A Magickal Journey","AchievementEnabler","BaseMod","Better Note","Better Third Choice","BetterRewards","Block Reminder","Colored Map","Colored Powertips","Curses Come First","DeckTracker","Minty Spire (QoL Compilation)","Relic Stats","Spicy Shops","StSLib"],"gold_per_floor":[117,67,67,15,15,15,15,65,88,88,122,47,74,85,85,190,190,208,59,77,77,77,107,125,155,155,174,193,193,222,222,222,320,320,332,351,365,365,365,393,393,19,19,19,36,49,67,117,117,117],"floor_reached":51,"playtime":2437,"items_purged":["Regret","Decay","Defend_B"],"score":1049,"play_id":"c9520de9-0809-46ae-9a9c-5d9580d38e31","local_time":"20210111134112","is_ascension_mode":true,"campfire_choices":[{"data":"Ball Lightning","floor":6,"key":"SMITH"},{"data":"Storm","floor":10,"key":"SMITH"},{"data":"Fission","floor":15,"key":"SMITH"},{"data":"Rainbow","floor":29,"key":"SMITH"},{"data":"Static Discharge","floor":32,"key":"SMITH"},{"data":"Static Discharge","floor":41,"key":"SMITH"},{"data":"Zap","floor":44,"key":"SMITH"},{"data":"Machine Learning","floor":49,"key":"SMITH"}],"circlet_count":0,"master_deck":["Strike_B","Strike_B","Defend_B","Defend_B","Defend_B","Zap+1","Dualcast+1","Storm+1","Ball Lightning+1","Fission+1","Reboot+1","Glacier+1","Leap+1","Static Discharge+1","Rainbow+1","Static Discharge+1","Machine Learning+1","Force Field+1","Redo+1"],"relics":["Cracked Core","NeowsBlessing","Happy Flower","Lantern","Bag of Preparation","Cables","HornCleat","Runic Pyramid","Bird Faced Urn","Singing Bowl","Vajra","DataDisk","Dream Catcher","Cursed Key","CaptainsWheel","War Paint","Ice Cream"],"acts_visited":["Exordium","TheCity","TheBeyond"],"potions_floor_usage":[16,18,24,33,33,36,47,50,50],"damage_taken":[{"damage":0,"enemies":"Small Slimes","floor":1,"turns":1},{"damage":0,"enemies":"3 Sentries","floor":11,"turns":2},{"damage":0,"enemies":"Lagavulin","floor":13,"turns":1},{"damage":0,"enemies":"2 Louse","floor":14,"turns":2},{"damage":0,"enemies":"Slime Boss","floor":16,"turns":6},{"damage":8,"enemies":"2 Thieves","floor":18,"turns":2},{"damage":0,"enemies":"Chosen","floor":20,"turns":3},{"damage":4,"enemies":"Book of Stabbing","floor":23,"turns":5},{"damage":10,"enemies":"Centurion and Healer","floor":24,"turns":5},{"damage":25,"enemies":"Slavers","floor":25,"turns":7},{"damage":0,"enemies":"Snecko","floor":27,"turns":4},{"damage":7,"enemies":"Shelled Parasite and Fungi","floor":28,"turns":3},{"damage":14,"enemies":"Gremlin Leader","floor":30,"turns":7},{"damage":31,"enemies":"Champ","floor":33,"turns":10},{"damage":0,"enemies":"3 Shapes","floor":35,"turns":3},{"damage":8,"enemies":"3 Darklings","floor":36,"turns":3},{"damage":15,"enemies":"Jaw Worm Horde","floor":37,"turns":3},{"damage":21,"enemies":"Reptomancer","floor":40,"turns":5},{"damage":6,"enemies":"Spire Growth","floor":45,"turns":3},{"damage":0,"enemies":"Sphere and 2 Shapes","floor":46,"turns":4},{"damage":0,"enemies":"Jaw Worm Horde","floor":47,"turns":2},{"damage":0,"enemies":"Mind Bloom Boss Battle","floor":48,"turns":2},{"damage":25,"enemies":"Awakened One","floor":50,"turns":14}],"seed_played":"-4060507581814074075","potions_obtained":[{"floor":11,"key":"Explosive Potion"},{"floor":16,"key":"Dexterity Potion"},{"floor":18,"key":"DuplicationPotion"},{"floor":23,"key":"SkillPotion"},{"floor":30,"key":"Weak Potion"},{"floor":33,"key":"PowerPotion"},{"floor":35,"key":"LiquidBronze"},{"floor":40,"key":"AttackPotion"},{"floor":47,"key":"Fruit Juice"}],"is_trial":false,"path_per_floor":["M","?","?","$","?","R","$","T","T","R","E","$","E","M","R","B",null,"M","$","M","?","?","E","M","E","T","M","M","R","E","T","R","B",null,"M","M","M","?","?","E","R","$","T","R","M","M","M","?","R","B",null],"character_chosen":"DEFECT","items_purchased":["Ball Lightning","Bird Faced Urn","War Paint"],"campfire_rested":0,"item_purchase_floors":[4,19,42],"current_hp_per_floor":[75,75,75,75,75,75,75,75,75,75,75,75,75,75,75,75,75,67,67,69,69,69,71,67,48,48,52,51,51,41,41,41,16,83,85,83,76,76,76,65,65,65,65,65,69,77,92,96,96,75],"gold":117,"neow_bonus":"THREE_ENEMY_KILL","is_daily":false,"chose_seed":false,"campfire_upgraded":8,"win_rate":0.0,"timestamp":1610368872,"path_taken":["M","?","?","$","?","R","?","?","T","R","E","$","E","?","R","BOSS","M","?","?","?","?","E","M","E","T","?","M","R","E","?","R","BOSS","M","?","M","?","?","E","R","$","T","R","M","?","M","?","R","BOSS"],"items_purchased_type":["Card","Relic","Relic"],"build_version":"2020-12-22","purchased_purges":3,"victory":true,"max_hp_per_floor":[75,75,75,75,75,75,75,75,75,75,75,75,75,75,75,75,75,75,75,75,75,75,77,79,81,81,81,83,83,83,83,83,83,83,85,87,89,85,85,87,87,87,87,87,89,89,96,96,96,96],"relic_stats":{"Dream Catcher":0,"Happy Flower":[32],"Singing Bowl":20,"counters":[75,290],"Bird Faced Urn":[82],"Bag of Preparation":[44],"War Paint":["Defend_B","Defend_B","Dualcast","Zap","Reboot","Dualcast"],"Cursed Key":0,"obtain_stats":[{"Ice Cream":45,"Tiny House":34,"Gremlin Horn":44,"Vajra":0,"Whetstone":43,"FrozenCore":17,"Blood Vial":0,"Centennial Puzzle":11,"Lizard Tail":46,"HornCleat":13,"Kunai":9,"Toxic Egg 2":29,"Girya":0,"Pear":11,"Happy Flower":54,"Dead Branch":0,"Letter Opener":42,"War Paint":44,"Cables":9,"Shuriken":0,"Bird Faced Urn":3,"Nloth\u0027s Gift":24,"Symbiotic Virus":0,"Pocketwatch":0,"Regal Pillow":23,"Lantern":8,"Singing Bowl":23,"Enchiridion":31,"Juzu Bracelet":29,"Bag of Preparation":9,"Empty Cage":17,"Cursed Key":34,"Emotion Chip":7,"Dream Catcher":42,"TheAbacus":29,"Mummified Hand":46,"Cracked Core":0,"Runic Pyramid":17,"Potion Belt":13,"NeowsBlessing":0,"Golden Idol":12,"Thread and Needle":0,"PreservedInsect":0,"Omamori":39,"Frozen Egg 2":24,"Medical Kit":0,"White Beast Statue":27,"Strange Spoon":0,"DataDisk":26,"CaptainsWheel":40,"Busted Crown":34,"Art of War":0,"Bag of Marbles":28,"Membership Card":39,"TungstenRod":0,"Toy Ornithopter":40},{"Ice Cream":24,"Tiny House":16,"Gremlin Horn":23,"Vajra":29,"Whetstone":45,"FrozenCore":36,"Blood Vial":29,"Centennial Puzzle":5,"Lizard Tail":24,"HornCleat":55,"Kunai":32,"Toxic Egg 2":42,"Girya":29,"Pear":33,"Happy Flower":28,"Dead Branch":48,"Letter Opener":45,"War Paint":46,"Cables":4,"Shuriken":29,"Bird Faced Urn":1,"Nloth\u0027s Gift":39,"Symbiotic Virus":0,"Pocketwatch":48,"Regal Pillow":39,"Lantern":53,"Singing Bowl":60,"Enchiridion":42,"Juzu Bracelet":42,"Bag of Preparation":53,"Empty Cage":8,"Cursed Key":66,"Emotion Chip":4,"Dream Catcher":22,"TheAbacus":42,"Mummified Hand":24,"Cracked Core":0,"Runic Pyramid":57,"Potion Belt":34,"NeowsBlessing":52,"Golden Idol":33,"Thread and Needle":0,"PreservedInsect":0,"Omamori":19,"Frozen Egg 2":11,"Medical Kit":29,"White Beast Statue":13,"Strange Spoon":0,"DataDisk":12,"CaptainsWheel":70,"Busted Crown":43,"Art of War":29,"Bag of Marbles":42,"Membership Card":19,"TungstenRod":0,"Toy Ornithopter":20},{"Ice Cream":86,"Tiny House":57,"Gremlin Horn":83,"Vajra":102,"Whetstone":170,"FrozenCore":124,"Blood Vial":102,"Centennial Puzzle":18,"Lizard Tail":86,"HornCleat":197,"Kunai":111,"Toxic Egg 2":150,"Girya":102,"Pear":113,"Happy Flower":96,"Dead Branch":178,"Letter Opener":170,"War Paint":175,"Cables":13,"Shuriken":102,"Bird Faced Urn":3,"Nloth\u0027s Gift":135,"Symbiotic Virus":0,"Pocketwatch":178,"Regal Pillow":135,"Lantern":194,"Singing Bowl":215,"Enchiridion":150,"Juzu Bracelet":150,"Bag of Preparation":194,"Empty Cage":27,"Cursed Key":251,"Emotion Chip":13,"Dream Catcher":80,"TheAbacus":150,"Mummified Hand":86,"Cracked Core":0,"Runic Pyramid":205,"Potion Belt":117,"NeowsBlessing":193,"Golden Idol":113,"Thread and Needle":0,"PreservedInsect":0,"Omamori":66,"Frozen Egg 2":39,"Medical Kit":102,"White Beast Statue":44,"Strange Spoon":0,"DataDisk":42,"CaptainsWheel":265,"Busted Crown":159,"Art of War":102,"Bag of Marbles":150,"Membership Card":66,"TungstenRod":0,"Toy Ornithopter":72}],"Cables":[68,48,18,2,0]},"card_choices":[{"not_picked":["Coolheaded","Rip and Tear"],"picked":"Storm","floor":1},{"not_picked":["All For One","Hyperbeam"],"picked":"Fission","floor":11},{"not_picked":["Recycle","Go for the Eyes","Turbo"],"picked":"SKIP","floor":13},{"not_picked":["Turbo","Rebound","Sweeping Beam"],"picked":"SKIP","floor":14},{"not_picked":["Buffer","Amplify"],"picked":"Reboot","floor":16},{"not_picked":["Hologram","Redo"],"picked":"Glacier+1","floor":18},{"not_picked":["Rebound","Sweeping Beam"],"picked":"Leap+1","floor":20},{"not_picked":["Static Discharge","Coolheaded+1","Beam Cell"],"picked":"Singing Bowl","floor":23},{"not_picked":["Sweeping Beam+1","Leap","Genetic Algorithm"],"picked":"Singing Bowl","floor":24},{"not_picked":["Chill+1","Cold Snap","Undo+1"],"picked":"Singing Bowl","floor":25},{"not_picked":["Lockon","Coolheaded"],"picked":"Rainbow","floor":27},{"not_picked":["Conserve Battery+1","Streamline","Lockon"],"picked":"Singing Bowl","floor":28},{"not_picked":["Melter","Ball Lightning"],"picked":"Static Discharge","floor":30},{"not_picked":["Thunder Strike","Biased Cognition"],"picked":"Machine Learning","floor":33},{"not_picked":["Rip and Tear+1","Redo","Rebound"],"picked":"Singing Bowl","floor":35},{"not_picked":["Glacier","Steam+1","Aggregate+1"],"picked":"Singing Bowl","floor":36},{"not_picked":["Streamline+1","Leap","Glacier+1"],"picked":"Singing Bowl","floor":37},{"not_picked":["Auto Shields","Sweeping Beam","Steam+1"],"picked":"Singing Bowl","floor":40},{"not_picked":["Beam Cell","Leap","Barrage"],"picked":"Singing Bowl","floor":45},{"not_picked":["Sweeping Beam","Go for the Eyes"],"picked":"Force Field+1","floor":46},{"not_picked":["Sweeping Beam","Aggregate","Gash+1"],"picked":"Singing Bowl","floor":47},{"not_picked":["Conserve Battery","Skim"],"picked":"Redo+1","floor":48}],"player_experience":303748,"relics_obtained":[{"floor":8,"key":"Lantern"},{"floor":9,"key":"Bag of Preparation"},{"floor":11,"key":"Cables"},{"floor":13,"key":"HornCleat"},{"floor":23,"key":"Singing Bowl"},{"floor":25,"key":"Vajra"},{"floor":26,"key":"DataDisk"},{"floor":30,"key":"Dream Catcher"},{"floor":40,"key":"CaptainsWheel"},{"floor":48,"key":"Ice Cream"}],"event_choices":[{"cards_removed":["Strike_B"],"damage_healed":0,"gold_gain":0,"player_choice":"Card Removal","damage_taken":0,"max_hp_gain":0,"max_hp_loss":0,"event_name":"The Cleric","floor":2,"gold_loss":50},{"damage_healed":0,"gold_gain":0,"player_choice":"Box","damage_taken":0,"relics_obtained":["Happy Flower"],"max_hp_gain":0,"max_hp_loss":0,"event_name":"Big Fish","floor":3,"gold_loss":0,"cards_obtained":["Regret"]},{"damage_healed":0,"gold_gain":0,"player_choice":"Ignored","damage_taken":15,"max_hp_gain":0,"max_hp_loss":0,"event_name":"betterThird:BetterSerpent","floor":5,"gold_loss":0},{"damage_healed":0,"gold_gain":0,"player_choice":"Read","damage_taken":0,"max_hp_gain":0,"max_hp_loss":0,"event_name":"The Library","floor":21,"gold_loss":0,"cards_obtained":["Static Discharge"]},{"cards_removed":["Strike_B"],"damage_healed":0,"gold_gain":0,"player_choice":"Offered Basic","damage_taken":0,"max_hp_gain":0,"max_hp_loss":0,"event_name":"Bonfire Elementals","floor":22,"gold_loss":0},{"damage_healed":0,"gold_gain":0,"player_choice":"Max HP","damage_taken":0,"max_hp_gain":0,"max_hp_loss":4,"event_name":"Winding Halls","floor":38,"gold_loss":0},{"damage_healed":0,"gold_gain":0,"player_choice":"Cursed","damage_taken":0,"max_hp_gain":0,"max_hp_loss":0,"event_name":"Wheel of Change","floor":39,"gold_loss":0,"cards_obtained":["Decay"]},{"damage_healed":0,"gold_gain":0,"player_choice":"Fight","damage_taken":0,"max_hp_gain":0,"max_hp_loss":0,"event_name":"MindBloom","floor":48,"gold_loss":0}],"is_beta":false,"boss_relics":[{"not_picked":["Calling Bell","Pandora\u0027s Box"],"picked":"Runic Pyramid"},{"not_picked":["Snecko Eye","Inserter"],"picked":"Cursed Key"}],"items_purged_floors":[12,42,42],"is_endless":false,"potions_floor_spawned":[11,16,18,23,30,33,35,40,47],"ascension_level":4}}