{"host":"akjsb4vg7478j4ls","time":1610382029,"event":{"mods":["BaseMod","Colored Map","Colored Powertips","Minty Spire (QoL Compilation)","Rare Cards Sparkle"],"gold_per_floor":[112,131,25,25,42,42,42,58,83,104,33,33,57,94,106,222,234,259,271,283,295,307,319,345,357,369,381,381],"floor_reached":27,"playtime":1925,"items_purged":[],"score":209,"play_id":"cc7978d7-0738-4050-a2d4-b69607b952c4","local_time":"20210111142029","is_ascension_mode":false,"campfire_choices":[{"floor":6,"key":"RECALL"},{"floor":15,"key":"REST"},{"floor":23,"key":"REST"},{"floor":25,"key":"REST"}],"circlet_count":0,"master_deck":["Strike_G","Strike_G","Strike_G","Strike_G","Strike_G","Defend_G","Defend_G","Defend_G","Defend_G","Defend_G","Survivor","Neutralize","CurseOfTheBell","Blade Dance","Slice","Footwork+1","All Out Attack","Backflip","Cloak And Dagger","Footwork","Footwork","Prepared","Adrenaline","A Thousand Cuts","Underhanded Strike","Cloak And Dagger"],"relics":["Calling Bell","Toy Ornithopter","Paper Crane","Thread and Needle","Happy Flower","Odd Mushroom","MawBank","Ancient Tea Set","Fusion Hammer","Enchiridion"],"acts_visited":["Exordium","TheCity"],"potions_floor_usage":[16,16,16],"damage_taken":[{"damage":0,"enemies":"2 Louse","floor":1,"turns":3},{"damage":0,"enemies":"Jaw Worm","floor":2,"turns":5},{"damage":0,"enemies":"Cultist","floor":5,"turns":4},{"damage":0,"enemies":"2 Fungi Beasts","floor":8,"turns":4},{"damage":0,"enemies":"The Mushroom Lair","floor":10,"turns":4},{"damage":2,"enemies":"Looter","floor":13,"turns":4},{"damage":15,"enemies":"3 Sentries","floor":14,"turns":17},{"damage":7,"enemies":"Slime Boss","floor":16,"turns":16},{"damage":22,"enemies":"3 Byrds","floor":18,"turns":5},{"damage":1,"enemies":"Shell Parasite","floor":24,"turns":6},{"damage":13,"enemies":"Colosseum Slavers","floor":27,"turns":4},{"damage":51,"enemies":"Colosseum Nobs","floor":27,"turns":6}],"seed_played":"1254643152292100797","potions_obtained":[{"floor":1,"key":"Block Potion"},{"floor":13,"key":"Poison Potion"},{"floor":14,"key":"DistilledChaos"}],"is_trial":false,"path_per_floor":["M","M","$","?","M","R","?","M","T","?","$","?","M","E","R","B",null,"M","?","?","$","?","R","M","R","T","?"],"character_chosen":"THE_SILENT","items_purchased":["Footwork","All Out Attack","Footwork"],"campfire_rested":3,"item_purchase_floors":[3,3,11],"current_hp_per_floor":[70,70,70,70,70,70,70,70,70,70,70,70,68,53,70,63,70,48,48,32,32,19,41,40,62,62,0,0],"gold":381,"neow_bonus":"BOSS_RELIC","is_daily":false,"chose_seed":false,"campfire_upgraded":0,"win_rate":0.0,"timestamp":1610382029,"path_taken":["M","M","$","?","M","R","?","M","T","?","$","?","M","E","R","BOSS","M","?","?","$","?","R","M","R","T","?"],"items_purchased_type":["Card","Card","Card"],"build_version":"2020-12-22","purchased_purges":0,"victory":false,"max_hp_per_floor":[70,70,70,70,70,70,70,70,70,70,70,70,70,70,70,70,70,70,70,70,70,75,75,75,75,75,75,75],"card_choices":[{"not_picked":["Dagger Throw","Well Laid Plans"],"picked":"Blade Dance","floor":1},{"not_picked":["Riddle With Holes","Prepared"],"picked":"Slice","floor":2},{"not_picked":["Deadly Poison","Poisoned Stab"],"picked":"Backflip","floor":5},{"not_picked":["Slice","Quick Slash"],"picked":"Cloak And Dagger","floor":8},{"not_picked":["Poisoned Stab","Infinite Blades"],"picked":"Footwork","floor":10},{"not_picked":["Bane","Deadly Poison"],"picked":"Prepared","floor":13},{"not_picked":["Flechettes","Backflip"],"picked":"Adrenaline","floor":14},{"not_picked":["Storm of Steel","Die Die Die"],"picked":"A Thousand Cuts","floor":16},{"not_picked":["All Out Attack","Endless Agony"],"picked":"Underhanded Strike","floor":18},{"not_picked":["Heel Hook","Sucker Punch"],"picked":"Cloak And Dagger","floor":24}],"player_experience":110468,"relics_obtained":[{"floor":0,"key":"Toy Ornithopter"},{"floor":0,"key":"Paper Crane"},{"floor":0,"key":"Thread and Needle"},{"floor":9,"key":"Happy Flower"},{"floor":10,"key":"Odd Mushroom"},{"floor":12,"key":"MawBank"},{"floor":14,"key":"Ancient Tea Set"},{"floor":20,"key":"Enchiridion"}],"event_choices":[{"damage_healed":0,"gold_gain":0,"player_choice":"Grow","damage_taken":0,"max_hp_gain":0,"max_hp_loss":0,"event_name":"Living Wall","floor":4,"gold_loss":0,"cards_upgraded":["Footwork"]},{"damage_healed":0,"gold_gain":0,"player_choice":"Leave","damage_taken":0,"max_hp_gain":0,"max_hp_loss":0,"event_name":"The Cleric","floor":7,"gold_loss":0},{"damage_healed":0,"gold_gain":0,"player_choice":"Fought Mushrooms","damage_taken":0,"max_hp_gain":0,"max_hp_loss":0,"event_name":"Mushrooms","floor":10,"gold_loss":0},{"damage_healed":0,"gold_gain":0,"player_choice":"Relic","damage_taken":0,"max_hp_gain":0,"max_hp_loss":0,"event_name":"Wheel of Change","floor":12,"gold_loss":0},{"damage_healed":0,"gold_gain":0,"player_choice":"Ignored","damage_taken":0,"max_hp_gain":0,"max_hp_loss":0,"event_name":"Beggar","floor":19,"gold_loss":0},{"damage_healed":0,"gold_gain":0,"player_choice":"Obtained Book","damage_taken":16,"max_hp_gain":0,"max_hp_loss":0,"event_name":"Cursed Tome","floor":20,"gold_loss":0},{"damage_healed":0,"gold_gain":0,"player_choice":"Shed Blood","damage_taken":18,"max_hp_gain":5,"max_hp_loss":0,"event_name":"Forgotten Altar","floor":22,"gold_loss":0},{"damage_healed":0,"gold_gain":0,"player_choice":"Fight","damage_taken":0,"max_hp_gain":0,"max_hp_loss":0,"event_name":"Colosseum","floor":27,"gold_loss":0},{"damage_healed":0,"gold_gain":0,"player_choice":"Fought Nobs","damage_taken":0,"max_hp_gain":0,"max_hp_loss":0,"event_name":"Colosseum","floor":27,"gold_loss":0}],"is_beta":false,"boss_relics":[{"not_picked":["Snecko Eye","SacredBark"],"picked":"Fusion Hammer"}],"items_purged_floors":[],"is_endless":false,"potions_floor_spawned":[1,13,14,27],"killed_by":"Colosseum Nobs","ascension_level":0}}