{"host":"s794kqxf2n1qz2yr","time":1610332269,"event":{"mods":["100% Spire Juice","2.2 Compatiblity","AchievementEnabler","Aspiration","BaseMod","ChefMod","Downfall","Friendly Minions","Hermit","Minty Spire (QoL Compilation)","Permanent Neow","StSLib","The Animator"],"gold_per_floor":[117,117,131,131,131,131,131,131],"floor_reached":6,"playtime":381,"items_purged":[],"score":59,"play_id":"42e8428f-ca6e-4479-b211-0d9d7048c0b2","local_time":"20210111023109","daily_mods":["SealedDeck"],"is_ascension_mode":false,"campfire_choices":[],"circlet_count":0,"master_deck":["Slimebound:SlimeSpikes","Slimebound:SlimeSpikes","Slimebound:Gluttony","Slimebound:Schlurp+1","Slimebound:Schlurp+1","Slimebound:Schlurp","Slimebound:Schlurp","Slimebound:RejuvenatingLick","Slimebound:RejuvenatingLick","Slimebound:LeechingTouch","Slimebound:Gluttony"],"relics":["Slimebound:AbsorbEndCombat"],"acts_visited":["Exordium"],"potions_floor_usage":[],"damage_taken":[{"damage":0,"enemies":"Cultist","floor":1,"turns":3},{"damage":4,"enemies":"Jaw Worm","floor":3,"turns":2},{"damage":98,"enemies":"Gremlin Nob","floor":6,"turns":5}],"seed_played":"2523051372047441270","potions_obtained":[],"is_trial":true,"path_per_floor":["M","?","M","?","?","E"],"character_chosen":"SLIMEBOUND","items_purchased":[],"campfire_rested":0,"item_purchase_floors":[],"current_hp_per_floor":[60,48,50,50,50,0,0,0],"gold":131,"neow_bonus":"","is_daily":false,"chose_seed":false,"campfire_upgraded":0,"win_rate":0.0,"timestamp":1610332269,"path_taken":["M","?","M","?","?","E"],"items_purchased_type":[],"build_version":"2020-12-22","purchased_purges":0,"victory":false,"max_hp_per_floor":[60,60,60,60,60,60,60,60],"card_choices":[{"not_picked":["Slimebound:FirmFortitude","Slimebound:GoopSpray","Slimebound:SplitBruiser"],"picked":"SKIP","floor":1},{"not_picked":["Slimebound:FirmFortitude","Slimebound:SlimeSpikes"],"picked":"Slimebound:Gluttony","floor":3}],"player_experience":341873,"relics_obtained":[],"event_choices":[{"damage_healed":0,"gold_gain":0,"player_choice":"Entered Light","damage_taken":12,"max_hp_gain":0,"max_hp_loss":0,"event_name":"Shining Light","floor":2,"gold_loss":0,"cards_upgraded":["Slimebound:Schlurp","Slimebound:Schlurp"]},{"damage_healed":0,"gold_gain":0,"player_choice":"Ignored","damage_taken":0,"max_hp_gain":0,"max_hp_loss":0,"event_name":"Liars Game","floor":4,"gold_loss":0},{"damage_healed":0,"gold_gain":0,"player_choice":"Ignored","damage_taken":0,"max_hp_gain":0,"max_hp_loss":0,"event_name":"Golden Wing","floor":5,"gold_loss":0}],"is_beta":false,"boss_relics":[],"items_purged_floors":[],"is_endless":false,"potions_floor_spawned":[],"killed_by":"Gremlin Nob","ascension_level":0}}