{"host":"q206iib20se9i6w7","time":1610407490,"event":{"mods":["AchievementEnabler","BaseMod","Block Reminder","Colored Map","Colored Powertips","Curses Come First","Highlight Path","Key Reminder","Minty Spire (QoL Compilation)","Quick Restart","Random Character Button","Relic Stats","StSLib","SuperFastMode","Unceasing Turn Reminder"],"gold_per_floor":[217,25,44,44,44,44,57,392,392,392,402,416,416,426,426,529,529,529,499,27,27,27,27,27,27,27,27,27,27,27,27,27,27,27,27,27,27,27,27,27,27,27,27,27,27,27,27,27,27,27],"floor_reached":51,"playtime":3402,"items_purged":[],"score":975,"play_id":"5612b124-a67f-49fd-a582-6a526f07d781","local_time":"20210111172450","is_ascension_mode":true,"campfire_choices":[{"data":"Fusion","floor":6,"key":"SMITH"},{"data":"Sunder","floor":10,"key":"SMITH"},{"data":"Fission","floor":13,"key":"SMITH"},{"data":"Defragment","floor":15,"key":"SMITH"},{"floor":24,"key":"REST"},{"data":"Echo Form","floor":29,"key":"SMITH"},{"data":"Ghostly","floor":32,"key":"SMITH"},{"floor":44,"key":"REST"},{"floor":46,"key":"REST"},{"data":"Ghostly","floor":49,"key":"SMITH"}],"circlet_count":0,"master_deck":["Strike_B+1","Strike_B+1","Strike_B+1","Defend_B+1","Defend_B+1","Defend_B+1","Defend_B+1","Zap","Dualcast","Coolheaded+1","Defragment+1","Sunder+1","Fusion+1","Conserve Battery","Chill","Fission+1","Reinforced Body","Ball Lightning","Echo Form+1","Beam Cell","Undo+1","Ball Lightning","Loop","Ghostly","Ghostly","Ghostly+1","Ghostly","Ghostly+1","Electrodynamics","Darkness+1","Creative AI","Loop+1","Hologram"],"relics":["Cracked Core","Old Coin","Ornamental Fan","Ectoplasm","Incense Burner","Medical Kit","Symbiotic Virus","keyreminder:keyreminder","Philosopher\u0027s Stone","Girya","Mummified Hand"],"acts_visited":["Exordium","TheCity","TheBeyond"],"potions_floor_usage":[16,18,25,42,48],"damage_taken":[{"damage":0,"enemies":"2 Louse","floor":1,"turns":1},{"damage":7,"enemies":"Jaw Worm","floor":3,"turns":3},{"damage":0,"enemies":"Cultist","floor":7,"turns":3},{"damage":14,"enemies":"3 Sentries","floor":8,"turns":10},{"damage":16,"enemies":"Large Slime","floor":11,"turns":5},{"damage":0,"enemies":"3 Louse","floor":12,"turns":3},{"damage":0,"enemies":"Blue Slaver","floor":14,"turns":3},{"damage":23,"enemies":"Slime Boss","floor":16,"turns":8},{"damage":0,"enemies":"3 Byrds","floor":18,"turns":4},{"damage":0,"enemies":"2 Thieves","floor":19,"turns":4},{"damage":16,"enemies":"Centurion and Healer","floor":21,"turns":6},{"damage":25,"enemies":"Gremlin Leader","floor":23,"turns":6},{"damage":29,"enemies":"Slavers","floor":25,"turns":7},{"damage":0,"enemies":"Shelled Parasite and Fungi","floor":31,"turns":4},{"damage":3,"enemies":"Collector","floor":33,"turns":11},{"damage":0,"enemies":"3 Shapes","floor":35,"turns":4},{"damage":0,"enemies":"3 Darklings","floor":37,"turns":4},{"damage":24,"enemies":"Reptomancer","floor":40,"turns":8},{"damage":1,"enemies":"Writhing Mass","floor":41,"turns":7},{"damage":2,"enemies":"Transient","floor":42,"turns":5},{"damage":0,"enemies":"3 Darklings","floor":48,"turns":1},{"damage":0,"enemies":"Donu and Deca","floor":50,"turns":10}],"seed_played":"6568307233252712950","potions_obtained":[{"floor":7,"key":"SkillPotion"},{"floor":14,"key":"Explosive Potion"},{"floor":16,"key":"Ancient Potion"},{"floor":21,"key":"Swift Potion"},{"floor":33,"key":"ColorlessPotion"},{"floor":42,"key":"SmokeBomb"}],"is_trial":false,"path_per_floor":["M","$","M","?","?","R","M","E","T","R","M","M","R","M","R","B",null,"M","M","$","M","?","E","R","E","T","?","?","R","$","M","R","B",null,"M","?","M","$","?","E","M","M","T","R","?","R","$","M","R","B",null],"character_chosen":"DEFECT","items_purchased":["Defragment","Sunder","Fusion","Incense Burner","Medical Kit"],"campfire_rested":3,"item_purchase_floors":[2,2,2,20,20],"current_hp_per_floor":[75,75,68,68,68,68,68,54,54,54,38,38,38,38,38,15,60,60,60,60,44,44,19,41,12,12,12,12,12,12,12,12,9,30,30,30,30,30,30,6,5,3,3,14,14,25,25,25,25,25],"gold":27,"neow_bonus":"HUNDRED_GOLD","is_daily":false,"chose_seed":false,"campfire_upgraded":7,"win_rate":0.0,"timestamp":1610407490,"path_taken":["M","$","M","?","?","R","M","E","T","R","M","M","R","M","R","BOSS","M","M","$","M","?","E","R","E","T","?","?","R","?","M","R","BOSS","M","?","M","?","?","E","M","?","T","R","?","R","?","M","R","BOSS"],"items_purchased_type":["Card","Card","Card","Relic","Relic"],"build_version":"2020-12-22","purchased_purges":0,"victory":true,"max_hp_per_floor":[75,75,75,75,75,75,75,75,75,75,75,75,75,75,75,75,75,75,75,75,75,75,75,75,75,75,37,37,37,37,37,37,37,37,37,37,37,37,37,37,37,37,37,37,37,37,37,37,37,37],"relic_stats":{"counters":[22,117],"Ornamental Fan":[88],"Mummified Hand":[17],"Ectoplasm":394,"Medical Kit":[8],"obtain_stats":[{"keyreminder:keyreminder":26,"Girya":40,"Ornamental Fan":9,"Mummified Hand":43,"Philosopher\u0027s Stone":34,"Ectoplasm":17,"Incense Burner":20,"Cracked Core":0,"Medical Kit":20,"Symbiotic Virus":23,"Old Coin":8},{"keyreminder:keyreminder":13,"Girya":18,"Ornamental Fan":4,"Mummified Hand":20,"Philosopher\u0027s Stone":15,"Ectoplasm":8,"Incense Burner":10,"Cracked Core":0,"Medical Kit":10,"Symbiotic Virus":12,"Old Coin":4},{"keyreminder:keyreminder":63,"Girya":94,"Ornamental Fan":17,"Mummified Hand":106,"Philosopher\u0027s Stone":78,"Ectoplasm":36,"Incense Burner":44,"Cracked Core":0,"Medical Kit":44,"Symbiotic Virus":56,"Old Coin":17}]},"card_choices":[{"not_picked":["Lockon","FTL"],"picked":"Coolheaded","floor":1},{"not_picked":["Go for the Eyes","Stack"],"picked":"Conserve Battery","floor":3},{"not_picked":["Steam","Fusion"],"picked":"Chill","floor":7},{"not_picked":["Consume","Steam Power"],"picked":"Fission","floor":8},{"not_picked":["Conserve Battery","Go for the Eyes"],"picked":"Reinforced Body","floor":11},{"not_picked":["Go for the Eyes","Fusion","Coolheaded"],"picked":"SKIP","floor":12},{"not_picked":["Leap","Blizzard"],"picked":"Ball Lightning","floor":14},{"not_picked":["Amplify","Reboot"],"picked":"Echo Form","floor":16},{"not_picked":["Barrage","BootSequence"],"picked":"Beam Cell","floor":18},{"not_picked":["Barrage","Streamline"],"picked":"Undo+1","floor":19},{"not_picked":["Gash","Stack"],"picked":"Ball Lightning","floor":21},{"not_picked":["Leap+1","Genetic Algorithm+1"],"picked":"Loop","floor":23},{"not_picked":["Rebound+1","BootSequence","Sunder"],"picked":"SKIP","floor":25},{"not_picked":["Beam Cell+1","Ball Lightning","Fusion"],"picked":"SKIP","floor":31},{"not_picked":["Reboot","Amplify"],"picked":"Electrodynamics","floor":33},{"not_picked":["Gash","Aggregate"],"picked":"Darkness+1","floor":35},{"not_picked":["Steam","Leap"],"picked":"Loop+1","floor":37},{"not_picked":["Go for the Eyes+1","Double Energy"],"picked":"Hologram","floor":40},{"not_picked":["All For One","Rebound","Streamline"],"picked":"SKIP","floor":41},{"not_picked":["Sweeping Beam","Force Field","Beam Cell"],"picked":"SKIP","floor":42}],"player_experience":231064,"relics_obtained":[{"floor":8,"key":"Old Coin"},{"floor":9,"key":"Ornamental Fan"},{"floor":23,"key":"Symbiotic Virus"},{"floor":40,"key":"Girya"},{"floor":43,"key":"Mummified Hand"}],"event_choices":[{"damage_healed":0,"gold_gain":0,"player_choice":"Ignored","damage_taken":0,"max_hp_gain":0,"max_hp_loss":0,"event_name":"Liars Game","floor":4,"gold_loss":0},{"damage_healed":0,"gold_gain":0,"player_choice":"Ignored","damage_taken":0,"max_hp_gain":0,"max_hp_loss":0,"event_name":"WeMeetAgain","floor":5,"gold_loss":0},{"damage_healed":0,"gold_gain":0,"player_choice":"Became a Ghost","damage_taken":0,"max_hp_gain":0,"max_hp_loss":38,"event_name":"Ghosts","floor":27,"gold_loss":0,"cards_obtained":["Ghostly","Ghostly","Ghostly","Ghostly","Ghostly"]},{"damage_healed":0,"gold_gain":0,"player_choice":"Simplicity","damage_taken":0,"max_hp_gain":0,"max_hp_loss":0,"event_name":"Back to Basics","floor":28,"gold_loss":0,"cards_upgraded":["Strike_B","Strike_B","Strike_B","Strike_B","Defend_B","Defend_B","Defend_B","Defend_B"]},{"damage_healed":0,"gold_gain":0,"player_choice":"1 cards matched","damage_taken":0,"max_hp_gain":0,"max_hp_loss":0,"event_name":"Match and Keep!","floor":36,"gold_loss":0,"cards_obtained":["Creative AI"]},{"damage_healed":0,"gold_gain":0,"player_choice":"Forge","damage_taken":0,"max_hp_gain":0,"max_hp_loss":0,"event_name":"Accursed Blacksmith","floor":39,"gold_loss":0,"cards_upgraded":["Coolheaded"]},{"cards_removed":["Strike_B"],"damage_healed":0,"gold_gain":0,"player_choice":"Offered Basic","damage_taken":0,"max_hp_gain":0,"max_hp_loss":0,"event_name":"Bonfire Elementals","floor":45,"gold_loss":0}],"is_beta":false,"boss_relics":[{"not_picked":["Sozu","Black Star"],"picked":"Ectoplasm"},{"not_picked":["Velvet Choker","Tiny House"],"picked":"Philosopher\u0027s Stone"}],"items_purged_floors":[],"is_endless":false,"potions_floor_spawned":[7,14,16,21,33,42,48],"ascension_level":5}}