{"host":"s2ap0bnrs90y0f0j","time":1610343786,"event":{"mods":["BaseMod","Minty Spire (QoL Compilation)","StSLib","TheArtist"],"gold_per_floor":[117,136,53,69,144,144,171,96,96,96,113,143,143,162,162,235,235,246,246,246,246,265,295,295,295,295],"floor_reached":25,"playtime":1089,"items_purged":[],"score":435,"play_id":"c5c69cda-0c8f-40af-b141-ef6293b72f0e","local_time":"20210111004306","is_ascension_mode":true,"campfire_choices":[{"data":"artistmod:DarkenDrawing","floor":10.0,"key":"SMITH"},{"data":"artistmod:YellowYearning","floor":13.0,"key":"SMITH"},{"floor":15.0,"key":"REST"},{"floor":24,"key":"REST"}],"circlet_count":0,"master_deck":["AscendersBane","artistmod:StrokeStrike","artistmod:StrokeStrike","artistmod:StrokeStrike","artistmod:DaringDefend","artistmod:DaringDefend","artistmod:DaringDefend","artistmod:DaringDefend","artistmod:BrushBash","artistmod:DarkenDrawing+1","artistmod:ResourceRampage","artistmod:ShinyShiv","artistmod:ShinyShiv","artistmod:GreenGreatness","artistmod:YellowYearning+1","artistmod:DoubleDraw","artistmod:RainbowRazor","Writhe","artistmod:PinkPurple"],"relics":["artistmod:BlueBrush","NeowsBlessing","PreservedInsect","Singing Bowl","Mummified Hand","Philosopher\u0027s Stone","Centennial Puzzle","Lantern","Happy Flower"],"acts_visited":["Exordium","TheCity"],"potions_floor_usage":[23],"damage_taken":[{"damage":0.0,"enemies":"2 Louse","floor":1.0,"turns":1.0},{"damage":0.0,"enemies":"Small Slimes","floor":2.0,"turns":1.0},{"damage":0.0,"enemies":"Jaw Worm","floor":4.0,"turns":1.0},{"damage":18.0,"enemies":"3 Sentries","floor":7.0,"turns":5.0},{"damage":0.0,"enemies":"2 Fungi Beasts","floor":11.0,"turns":3.0},{"damage":8.0,"enemies":"Lagavulin","floor":12.0,"turns":4.0},{"damage":8.0,"enemies":"Blue Slaver","floor":14.0,"turns":3.0},{"damage":11.0,"enemies":"Slime Boss","floor":16.0,"turns":6.0},{"damage":2.0,"enemies":"3 Byrds","floor":18.0,"turns":3.0},{"damage":0.0,"enemies":"Chosen","floor":22.0,"turns":2.0},{"damage":25,"enemies":"Gremlin Leader","floor":23,"turns":5},{"damage":40,"enemies":"Book of Stabbing","floor":25,"turns":4}],"seed_played":"8250175599456907507","potions_obtained":[{"floor":1.0,"key":"GamblersBrew"},{"floor":4.0,"key":"LiquidMemories"},{"floor":7.0,"key":"ColorlessPotion"},{"floor":14.0,"key":"Swift Potion"},{"floor":16.0,"key":"Ancient Potion"},{"floor":22.0,"key":"LiquidMemories"}],"is_trial":false,"path_per_floor":["M","M","$","M","?","?","E","?","T","R","M","E","R","M","R","B",null,"M","?","T","?","M","E","R","E"],"character_chosen":"THE_ARTIST","items_purchased":["artistmod:ShinyShiv"],"campfire_rested":2,"item_purchase_floors":[3],"current_hp_per_floor":[58,58,58,58,47,47,29,29,29,29,31,25,25,17,37,28,60,58,58,58,38,38,15,38,0,0],"gold":295,"neow_bonus":"THREE_ENEMY_KILL","is_daily":false,"chose_seed":false,"campfire_upgraded":2,"win_rate":0.0,"timestamp":1610343786,"path_taken":["M","M","$","M","?","?","E","?","T","R","M","E","R","M","R","BOSS","M","?","?","?","?","E","R","E"],"items_purchased_type":["Card"],"build_version":"2020-12-22","purchased_purges":0,"victory":false,"max_hp_per_floor":[64,64,64,64,64,64,64,64,64,64,66,68,68,68,68,70,70,70,70,70,75,75,77,77,77,77],"card_choices":[{"not_picked":["artistmod:ChromaCrash","artistmod:AquaAnnoyance"],"picked":"artistmod:ResourceRampage","floor":1.0},{"not_picked":["artistmod:InsaneInspiration","artistmod:ColorfulClobber"],"picked":"artistmod:ShinyShiv","floor":2.0},{"not_picked":["artistmod:SimpleStudies","artistmod:BlueBrews"],"picked":"artistmod:GreenGreatness","floor":4.0},{"not_picked":["artistmod:HorridHarvest","artistmod:ClearChroma"],"picked":"artistmod:YellowYearning","floor":7.0},{"not_picked":["artistmod:PurplePain","artistmod:ClearChroma","artistmod:MagentaMadness"],"picked":"Singing Bowl","floor":11.0},{"not_picked":["artistmod:RainbowRazor","artistmod:SuperbSchooling","artistmod:PrismaticPain"],"picked":"Singing Bowl","floor":12.0},{"not_picked":["artistmod:RedRage","artistmod:AquaAnnoyance"],"picked":"artistmod:DoubleDraw","floor":14.0},{"not_picked":["artistmod:PaintProfusion","artistmod:MysteriousMasterpiece","artistmod:AquaAnger"],"picked":"Singing Bowl","floor":16.0},{"not_picked":["artistmod:AmberAttack","artistmod:PurplePurpose"],"picked":"artistmod:RainbowRazor","floor":18.0},{"not_picked":["artistmod:CanvasCatapult","artistmod:PurplePain"],"picked":"artistmod:PinkPurple","floor":22.0},{"not_picked":["artistmod:CursedClash","artistmod:MysteriousMasterpiece","artistmod:PrismaticPain"],"picked":"Singing Bowl","floor":23}],"player_experience":646980,"relics_obtained":[{"floor":7.0,"key":"PreservedInsect"},{"floor":9.0,"key":"Singing Bowl"},{"floor":12.0,"key":"Mummified Hand"},{"floor":20.0,"key":"Lantern"},{"floor":23,"key":"Happy Flower"}],"event_choices":[{"damage_healed":0.0,"max_hp_gain":0.0,"max_hp_loss":0.0,"gold_gain":75.0,"event_name":"World of Goop","player_choice":"Gather Gold","floor":5.0,"gold_loss":0.0,"damage_taken":11.0},{"damage_healed":0.0,"max_hp_gain":0.0,"max_hp_loss":0.0,"gold_gain":0.0,"event_name":"Liars Game","player_choice":"Ignored","floor":6.0,"gold_loss":0.0,"damage_taken":0.0},{"cards_removed":["artistmod:StrokeStrike"],"damage_healed":0.0,"max_hp_gain":0.0,"max_hp_loss":0.0,"gold_gain":0.0,"event_name":"The Cleric","player_choice":"Card Removal","floor":8.0,"gold_loss":75.0,"damage_taken":0.0},{"damage_healed":0.0,"max_hp_gain":0.0,"max_hp_loss":0.0,"gold_gain":0.0,"event_name":"The Mausoleum","player_choice":"Opened","floor":19.0,"gold_loss":0.0,"damage_taken":0.0,"relics_obtained":["Centennial Puzzle"],"cards_obtained":["Writhe"]},{"damage_healed":0.0,"max_hp_gain":5.0,"max_hp_loss":0.0,"gold_gain":0.0,"event_name":"Forgotten Altar","player_choice":"Shed Blood","floor":21.0,"gold_loss":0.0,"damage_taken":25.0}],"is_beta":false,"boss_relics":[{"not_picked":["Runic Pyramid","Calling Bell"],"picked":"Philosopher\u0027s Stone"}],"items_purged_floors":[],"is_endless":false,"potions_floor_spawned":[1,4,7,14,16,22],"killed_by":"Book of Stabbing","ascension_level":18}}