{"host":"aj7el8l5kufbk20z","time":1610333326,"event":{"mods":["AchievementEnabler","BaseMod","Colored Map","Colored Powertips","Curses Come First","Downfall","Highlight Path","Minty Spire (QoL Compilation)","Permanent Neow","Poor People Problems","Quick Restart","Rare Cards Sparkle","Relic Stats","StSLib","SuperFastMode","Waifu the Spire"],"gold_per_floor":[212,6,6,6,24,24,47,47,47,47,47,86,86,107,107,205,205,174,99,99,124,147,147,147,147],"floor_reached":24,"playtime":886,"items_purged":["Strike_R"],"score":340,"play_id":"fe7a1d9e-f8b2-4344-a502-c55f915d42e2","local_time":"20210111104846","is_ascension_mode":true,"campfire_choices":[{"data":"Armaments","floor":6.0,"key":"SMITH"},{"data":"Demon Form","floor":13.0,"key":"SMITH"},{"floor":15.0,"key":"REST"},{"data":"expansioncontent:StudyTheSpire","floor":23.0,"key":"SMITH"}],"circlet_count":0,"master_deck":["AscendersBane","Strike_R","Strike_R","Strike_R","Strike_R","Defend_R","Defend_R","Defend_R","Defend_R","Bash","Heavy Blade","expansioncontent:StudyTheSpire+1","Body Slam","Armaments+1","Demon Form+1","Berserk","Shrug It Off","True Grit"],"relics":["Burning Blood","Golden Idol","Bronze Scales","Turnip","Cursed Key"],"acts_visited":["Exordium","TheCity"],"potions_floor_usage":[],"damage_taken":[{"damage":1.0,"enemies":"Cultist","floor":1.0,"turns":3.0},{"damage":4.0,"enemies":"2 Louse","floor":5.0,"turns":5.0},{"damage":9.0,"enemies":"Jaw Worm","floor":7.0,"turns":5.0},{"damage":29.0,"enemies":"Gremlin Nob","floor":12.0,"turns":4.0},{"damage":1.0,"enemies":"Looter","floor":14.0,"turns":4.0},{"damage":31.0,"enemies":"Hexaghost","floor":16.0,"turns":6.0},{"damage":39.0,"enemies":"2 Thieves","floor":18.0,"turns":5.0},{"damage":28.0,"enemies":"Chosen","floor":21.0,"turns":5.0},{"damage":22.0,"enemies":"Shelled Parasite and Fungi","floor":22.0,"turns":6.0},{"damage":30,"enemies":"Snake Plant","floor":24,"turns":3}],"seed_played":"-5029344407933588604","potions_obtained":[{"floor":5.0,"key":"LiquidMemories"},{"floor":7.0,"key":"Swift Potion"},{"floor":14.0,"key":"Slimebound:ThreeZeroPotion"},{"floor":21.0,"key":"Ancient Potion"}],"is_trial":false,"path_per_floor":["M","$","?","?","M","R","M","$","T","?","?","E","R","M","R","B",null,"M","$","?","M","M","R","M"],"character_chosen":"IRONCLAD","items_purchased":["expansioncontent:StudyTheSpire","Body Slam"],"campfire_rested":1,"item_purchase_floors":[2,2],"current_hp_per_floor":[73,73,47,36,38,38,35,35,35,53,46,23,23,28,49,24,60,27,27,27,46,30,30,0,0],"gold":147,"neow_bonus":"HUNDRED_GOLD","is_daily":false,"chose_seed":false,"campfire_upgraded":3,"win_rate":0.0,"timestamp":1610333326,"path_taken":["M","$","?","?","?","R","M","$","T","?","?","E","R","M","R","BOSS","M","$","?","M","M","R","M"],"items_purchased_type":["Card","Card"],"build_version":"2020-12-22","purchased_purges":1,"victory":false,"max_hp_per_floor":[75,75,75,75,75,75,75,75,75,75,72,72,72,72,72,72,72,72,72,72,72,72,72,72,72],"relic_stats":{"counters":[10,46],"Golden Idol":54,"Bronze Scales":[108],"Turnip":[4],"Cursed Key":0,"obtain_stats":[{"Golden Idol":3,"Bronze Scales":9,"Turnip":12,"Cursed Key":17,"Burning Blood":0},{"Golden Idol":1,"Bronze Scales":3,"Turnip":4,"Cursed Key":6,"Burning Blood":0},{"Golden Idol":3,"Bronze Scales":13,"Turnip":17,"Cursed Key":27,"Burning Blood":0}],"Burning Blood":54},"card_choices":[{"not_picked":["Dual Wield","True Grit"],"picked":"Heavy Blade","floor":1.0},{"not_picked":["Pommel Strike","True Grit"],"picked":"Armaments","floor":5.0},{"not_picked":["Twin Strike","Anger"],"picked":"Demon Form","floor":7.0},{"not_picked":["Body Slam","Heavy Blade","Reckless Charge"],"picked":"SKIP","floor":12.0},{"not_picked":["Anger","Hemokinesis","Clothesline"],"picked":"SKIP","floor":14.0},{"not_picked":["Immolate","Fiend Fire"],"picked":"Berserk","floor":16.0},{"not_picked":["Clothesline","Combust"],"picked":"Shrug It Off","floor":18.0},{"not_picked":["Twin Strike+1","Pommel Strike"],"picked":"True Grit","floor":21.0},{"not_picked":["Anger+1","Havoc","Dual Wield"],"picked":"SKIP","floor":22.0}],"player_experience":352904,"relics_obtained":[{"floor":9.0,"key":"Bronze Scales"},{"floor":12.0,"key":"Turnip"}],"event_choices":[{"damage_healed":0.0,"max_hp_gain":0.0,"max_hp_loss":0.0,"gold_gain":0.0,"event_name":"Golden Idol","player_choice":"Take Damage","floor":3.0,"gold_loss":0.0,"damage_taken":26.0,"relics_obtained":["Golden Idol"]},{"damage_healed":0.0,"max_hp_gain":0.0,"max_hp_loss":0.0,"gold_gain":0.0,"event_name":"Wheel of Change","player_choice":"Damaged","floor":4.0,"gold_loss":0.0,"damage_taken":11.0},{"damage_healed":18.0,"max_hp_gain":0.0,"max_hp_loss":0.0,"gold_gain":0.0,"event_name":"Mushrooms","player_choice":"Healed and dodged fight","floor":10.0,"gold_loss":0.0,"damage_taken":0.0,"cards_obtained":["Parasite"]},{"cards_removed":["Parasite"],"damage_healed":0.0,"max_hp_gain":0.0,"max_hp_loss":0.0,"gold_gain":0.0,"event_name":"Golden Wing","player_choice":"Card Removal","floor":11.0,"gold_loss":0.0,"damage_taken":7.0},{"damage_healed":0.0,"max_hp_gain":0.0,"max_hp_loss":0.0,"gold_gain":0.0,"event_name":"Ghosts","player_choice":"Ignored","floor":20.0,"gold_loss":0.0,"damage_taken":0.0}],"is_beta":false,"boss_relics":[{"not_picked":["SacredBark","Runic Cube"],"picked":"Cursed Key"}],"items_purged_floors":[19],"is_endless":false,"potions_floor_spawned":[5,7,14,21],"killed_by":"Snake Plant","ascension_level":15}}