{"host":"l97fnvmr74b5xfzs","time":1610405630,"event":{"mods":["AchievementEnabler","BaseMod","Better Third Choice","Downfall","Evolution","Hermit","Koishi","Marisa（霧雨　魔理沙）","Minty Spire (QoL Compilation)","Relic Stats","StSLib","The Marked"],"gold_per_floor":[99,99,99,99,274,287,287,287,287,287,302,329,329,72,92,92,92,92],"floor_reached":16,"playtime":2467,"items_purged":["Slimebound:Defend_Slimebound"],"score":96,"play_id":"9dbeac98-5013-438e-ac3f-785d49a436c2","local_time":"20210111175350","is_ascension_mode":false,"campfire_choices":[{"data":"Slimebound:CorrosiveSpit","floor":1,"key":"SMITH"},{"data":"Slimebound:LeadByExample","floor":9,"key":"SMITH"},{"data":"Slimebound:FirmFortitude","floor":13,"key":"SMITH"}],"circlet_count":0,"master_deck":["Slimebound:Strike_Slimebound","Slimebound:Strike_Slimebound","Slimebound:Tackle","Slimebound:Defend_Slimebound","Slimebound:Defend_Slimebound","Slimebound:Defend_Slimebound","Slimebound:Split","Slimebound:CorrosiveSpit+1","Slimebound:LeechEnergy","Slimebound:HauntingLick","Slimebound:LeadByExample+1","Doubt","Slimebound:GrowthPunch","Slimebound:SlimeBarrage","Slimebound:LivingWall","Slimebound:FirmFortitude+1","Slimebound:ViciousTackle","Slimebound:Equalize","Slimebound:Schlurp","Slimebound:Replication"],"relics":["Slimebound:AbsorbEndCombat","EVO:Axolotl","downfall:HeartsMalice","Kunai","Gremlin Horn"],"acts_visited":["Exordium"],"potions_floor_usage":[12,14,15,16,16],"damage_taken":[{"damage":0,"enemies":"2 Louse","floor":2,"turns":1},{"damage":0,"enemies":"Jaw Worm","floor":3,"turns":1},{"damage":0,"enemies":"Cultist","floor":4,"turns":1},{"damage":13,"enemies":"2 Fungi Beasts","floor":6,"turns":3},{"damage":4,"enemies":"Large Slime","floor":11,"turns":4},{"damage":24,"enemies":"Gremlin Nob","floor":12,"turns":4},{"damage":5,"enemies":"downfall:FleeingMerchant","floor":14,"turns":4},{"damage":13,"enemies":"Red Slaver","floor":15,"turns":2},{"damage":63,"enemies":"downfall:Defect","floor":16,"turns":5}],"seed_played":"3642279542056054517","potions_obtained":[{"floor":6,"key":"champ:CounterPotion"},{"floor":11,"key":"GamblersBrew"},{"floor":12,"key":"SteroidPotion"},{"floor":15,"key":"Slimebound:SlimedPotion"}],"is_trial":false,"path_per_floor":["R","M","M","M","?","M","T","?","R","?","M","E","R","$","M","B"],"character_chosen":"SLIMEBOUND","items_purchased":["Slimebound:Equalize","Slimebound:Schlurp","PowerPotion"],"campfire_rested":0,"item_purchase_floors":[14,14,14],"current_hp_per_floor":[60,60,60,60,60,53,53,53,53,53,60,46,46,55,47,0,0,0],"gold":92,"neow_bonus":"THREE_ENEMY_KILL","is_daily":false,"chose_seed":false,"campfire_upgraded":3,"win_rate":0.0,"timestamp":1610405630,"path_taken":["R","M","M","M","?","M","T","?","R","?","?","E","R","$","M","BOSS"],"items_purchased_type":["Card","Card","Potion"],"build_version":"2020-12-22","purchased_purges":1,"victory":false,"max_hp_per_floor":[60,60,60,60,60,60,60,60,60,60,60,60,60,60,60,60,60,60],"relic_stats":{"Gremlin Horn":[0,0],"counters":[9,22],"Kunai":[2],"obtain_stats":[{"Gremlin Horn":12,"downfall:HeartsMalice":0,"Slimebound:AbsorbEndCombat":0,"EVO:Axolotl":0,"Kunai":7},{"Gremlin Horn":6,"downfall:HeartsMalice":0,"Slimebound:AbsorbEndCombat":0,"EVO:Axolotl":0,"Kunai":4},{"Gremlin Horn":11,"downfall:HeartsMalice":0,"Slimebound:AbsorbEndCombat":0,"EVO:Axolotl":0,"Kunai":3}]},"card_choices":[{"not_picked":["Slimebound:SlimeSpikes","Slimebound:SplitMire"],"picked":"Slimebound:LeechEnergy","floor":2},{"not_picked":["Slimebound:BestDefense","Slimebound:LeechingTouch"],"picked":"Slimebound:HauntingLick","floor":3},{"not_picked":["Slimebound:FinishingTackle","Slimebound:LeechingTouch"],"picked":"Slimebound:LeadByExample","floor":4},{"not_picked":["Slimebound:PressTheAttack","Slimebound:Nibble"],"picked":"Slimebound:GrowthPunch","floor":6},{"not_picked":["Slimebound:SplitBruiser","Slimebound:Repurpose"],"picked":"Slimebound:LivingWall","floor":11},{"not_picked":["Slimebound:ComboTackle","Slimebound:SplitBruiser"],"picked":"Slimebound:FirmFortitude","floor":12},{"not_picked":["Slimebound:PrepareCrush","Slimebound:Grow"],"picked":"Slimebound:ViciousTackle","floor":14},{"not_picked":["Slimebound:SplitLeeching","Slimebound:RollThrough"],"picked":"Slimebound:Replication","floor":15}],"player_experience":286846,"relics_obtained":[{"floor":7,"key":"Kunai"},{"floor":12,"key":"Gremlin Horn"}],"event_choices":[],"is_beta":false,"boss_relics":[],"items_purged_floors":[14],"is_endless":false,"potions_floor_spawned":[6,11,12,15],"killed_by":"downfall:Defect","ascension_level":0}}