{"host":"ydb2tj77qwtn71sy","time":1610400768,"event":{"mods":["2.2 Compatiblity","AchievementEnabler","Aspiration","BaseMod","Bestiary","Better Note","Better Skull","Better Third Choice","BetterRewards","Colored Map","Colored Powertips","Conspire","DeckTracker","Displayed Cursed Tome","Infinite Spire","Lobotomy","Minty Spire (QoL Compilation)","Relic Stats","Replay The Spire","Spicy Shops","StSLib","The Blue Laboratory","Uncapped"],"gold_per_floor":[115,125,142,159,179,214,214,246,322,349,367,381,34,51,51,153,153,163,180,199,25,44,74,74,91,162,162,179,210,210,309,309,411,411,424,424,435,454,464,497,497,530,581,594,594,594],"floor_reached":45,"playtime":2962,"items_purged":[],"score":804,"play_id":"e3c3bc23-db66-487f-a440-1a45331eb36c","local_time":"20210112063248","is_ascension_mode":true,"campfire_choices":[{"data":"Fasting2","floor":7,"key":"SMITH"},{"data":"Crescendo","floor":15,"key":"SMITH"},{"floor":24,"key":"REST"},{"data":"Study","floor":27,"key":"SMITH"},{"data":"Eruption","floor":32,"key":"SMITH"},{"floor":41,"key":"REST"}],"circlet_count":0,"master_deck":["Strike_P","Strike_P","Strike_P","Strike_P","Defend_P","Defend_P","Defend_P","Defend_P","Eruption+1","Vigilance","Halt","Fasting2+1","Swift Strike","Study+1","EmptyFist","FollowUp","Weave","JustLucky","Crescendo+1","Prostrate","EmptyFist","ThirdEye","Doubt","Conclude","DevaForm","Consecrate","FlurryOfBlows","CrushJoints+1","Prostrate+1","FlurryOfBlows+1","SignatureMove+1","Worship","Evaluate+1","LessonLearned","ThirdEye+1","Replay:Battleflow+1","Tantrum+1","Adaptation+1","Sanctity","ReachHeaven","Replay:AtTheReady+1"],"relics":["HolyWater","Replay:Baseball","Bronze Scales","OrangePellets","MealTicket","Unceasing Top","White Beast Statue","infinitespire:FocusingShard","Membership Card","infinitespire:EmpoweringShard","Ice Cream","Counterbalance","infinitespire:Bottled Soul","infinitespire:Eraser","conspire:InfiniteJournal","aspiration:RunicSpoon","aspiration:StickyExplosives","Peace Pipe","Regal Pillow"],"acts_visited":["Exordium","TheCity","TheBeyond"],"potions_floor_usage":[33,40,44,45],"damage_taken":[{"damage":0,"enemies":"Jaw Worm","floor":1,"turns":3},{"damage":0,"enemies":"2 Louse","floor":2,"turns":2},{"damage":0,"enemies":"conspire:RoseBush","floor":3,"turns":2},{"damage":0,"enemies":"Exordium Thugs","floor":4,"turns":3},{"damage":4,"enemies":"Looter","floor":5,"turns":3},{"damage":2,"enemies":"Lagavulin","floor":6,"turns":5},{"damage":8,"enemies":"Gremlin Nob","floor":8,"turns":3},{"damage":2,"enemies":"3 Sentries","floor":10,"turns":3},{"damage":4,"enemies":"conspire:2 RoseBushes","floor":11,"turns":3},{"damage":0,"enemies":"Exordium Thugs","floor":12,"turns":4},{"damage":0,"enemies":"Exordium Wildlife","floor":14,"turns":2},{"damage":13,"enemies":"The Guardian","floor":16,"turns":8},{"damage":9,"enemies":"3 Byrds","floor":18,"turns":4},{"damage":1,"enemies":"2 Thieves","floor":19,"turns":3},{"damage":9,"enemies":"conspire:HollyBat","floor":20,"turns":7},{"damage":5,"enemies":"Centurion and Healer","floor":22,"turns":3},{"damage":19,"enemies":"Gremlin Leader","floor":23,"turns":5},{"damage":6,"enemies":"Snecko","floor":25,"turns":3},{"damage":0,"enemies":"Snake Plant","floor":28,"turns":2},{"damage":0,"enemies":"conspire:SneckoGhost","floor":29,"turns":2},{"damage":21,"enemies":"Collector","floor":33,"turns":7},{"damage":4,"enemies":"3 Darklings","floor":35,"turns":4},{"damage":16,"enemies":"Orb Walker","floor":37,"turns":3},{"damage":18,"enemies":"Jaw Worm Horde","floor":38,"turns":4},{"damage":0,"enemies":"3 Darklings","floor":39,"turns":3},{"damage":17,"enemies":"Giant Head","floor":40,"turns":7},{"damage":20,"enemies":"R_Hoarder","floor":42,"turns":6},{"damage":19,"enemies":"Sphere and 2 Shapes","floor":44,"turns":4},{"damage":13,"enemies":"Reptomancer","floor":45,"turns":2}],"seed_played":"-3283956809718343443","potions_obtained":[{"floor":1,"key":"blueLaboratory:FaithlessPotion"},{"floor":2,"key":"blueLaboratory:LouseDecoction"},{"floor":3,"key":"blueLaboratory:PyrophylliteBrew"},{"floor":8,"key":"DistilledChaos"},{"floor":19,"key":"PowerPotion"},{"floor":33,"key":"FairyPotion"},{"floor":40,"key":"blueLaboratory:MidnightOil"}],"is_trial":false,"path_per_floor":["M","M","M","M","M","E","R","E","T","E","M","M","$","M","R","B",null,"M","M","M","$","M","E","R","M","T","R","M","E","?","?","R","B",null,"M","?","M","M","M","E","R","E","T","M","E"],"character_chosen":"WATCHER","items_purchased":["Halt","Fasting2","Replay:Baseball","Bronze Scales","Swift Strike","OrangePellets","Membership Card","infinitespire:EmpoweringShard","Ice Cream","Counterbalance","Prostrate+1"],"campfire_rested":2,"item_purchase_floors":[0,0,0,0,0,0,13,13,13,21,21],"current_hp_per_floor":[72,72,72,72,68,66,66,58,58,56,52,52,67,67,67,54,72,63,62,53,68,63,44,65,59,59,59,59,59,59,59,59,38,72,68,72,56,38,38,21,42,22,22,3,0,0],"gold":594,"neow_bonus":"","is_daily":false,"chose_seed":false,"campfire_upgraded":4,"win_rate":0.0,"timestamp":1610400768,"path_taken":["M","M","M","M","M","E","R","E","T","E","M","M","$","M","R","BOSS","M","M","M","$","M","E","R","M","T","R","M","E","?","?","R","BOSS","M","?","M","M","M","E","R","E","T","M","E"],"items_purchased_type":["Card","Card","Relic","Relic","Card","Relic","Relic","Relic","Relic","Relic","Card"],"build_version":"2020-12-22","purchased_purges":0,"victory":false,"max_hp_per_floor":[72,72,72,72,72,72,72,72,72,72,72,72,72,72,72,72,72,72,72,72,72,72,72,72,72,72,72,72,72,72,72,72,72,72,72,72,72,72,72,72,72,72,72,72,72,72],"relic_stats":{"Peace Pipe":0,"OrangePellets":[25],"Regal Pillow":0,"counters":[154,672],"Bronze Scales":[258],"aspiration:RunicSpoon":[79],"MealTicket":30,"obtain_stats":[{"Ice Cream":13,"Gremlin Horn":0,"Vajra":12,"Whetstone":20,"Replay:Wanted Poster":34,"conspire:GlowingRock":40,"Strawberry":29,"MealTicket":26,"Fusion Hammer":34,"aspiration:StickyExplosives":40,"aspiration:Nostalgia":28,"Counterbalance":21,"Oddly Smooth Stone":6,"Guardian:ModeShifter":28,"Eternal Feather":4,"Pen Nib":27,"aspiration:SeaSaltIceCream":28,"OrangePellets":0,"Replay:Baseball":45,"ReplayTheSpireMod:Shallot":0,"Bronze Scales":21,"Simple Rune":9,"ReplayTheSpireMod:TigerMarble":23,"infinitespire:EmpoweringShard":44,"Unceasing Top":27,"infinitespire:Cupcake":34,"conspire:Flyswatter":11,"ReplayFunnel":13,"aspiration:Lifesprig":0,"Regal Pillow":43,"Singing Bowl":6,"SacredBark":47,"Replay:Purple Gloves":41,"Painkiller Herb":17,"Ancient Tea Set":42,"Cursed Key":17,"conspire:TopHat":12,"Replay:Rubber Ducky":39,"conspire:InfiniteJournal":29,"Chameleon Ring":43,"infinitespire:Bottled Soul":43,"Tiny Chest":24,"infinitespire:Eraser":26,"aspiration:RunicSpoon":34,"Damaru":39,"PreservedInsect":9,"infinitespire:FocusingShard":10,"aspiration:HummingbirdHeart":9,"Omamori":14,"aspiration:SecretTechniqueScroll":17,"White Beast Statue":26,"Peace Pipe":42,"Anchor":26,"HolyWater":24,"Membership Card":12,"PureWater":0,"infinitespire:Midas Blood":40},{"Ice Cream":135,"Gremlin Horn":71,"Vajra":79,"Whetstone":59,"Replay:Wanted Poster":118,"conspire:GlowingRock":94,"Strawberry":89,"MealTicket":87,"Fusion Hammer":63,"aspiration:StickyExplosives":151,"aspiration:Nostalgia":88,"Counterbalance":140,"Oddly Smooth Stone":77,"Guardian:ModeShifter":88,"Eternal Feather":50,"Pen Nib":61,"aspiration:SeaSaltIceCream":88,"OrangePellets":125,"Replay:Baseball":123,"ReplayTheSpireMod:Shallot":97,"Bronze Scales":85,"Simple Rune":53,"ReplayTheSpireMod:TigerMarble":87,"infinitespire:EmpoweringShard":122,"Unceasing Top":115,"infinitespire:Cupcake":90,"conspire:Flyswatter":105,"ReplayFunnel":107,"aspiration:Lifesprig":97,"Regal Pillow":152,"Singing Bowl":102,"SacredBark":69,"Replay:Purple Gloves":68,"Painkiller Herb":57,"Ancient Tea Set":94,"Cursed Key":108,"conspire:TopHat":55,"Replay:Rubber Ducky":93,"conspire:InfiniteJournal":145,"Chameleon Ring":68,"infinitespire:Bottled Soul":121,"Tiny Chest":114,"infinitespire:Eraser":143,"aspiration:RunicSpoon":146,"Damaru":93,"PreservedInsect":103,"infinitespire:FocusingShard":133,"aspiration:HummingbirdHeart":78,"Omamori":107,"aspiration:SecretTechniqueScroll":82,"White Beast Statue":61,"Peace Pipe":152,"Anchor":114,"HolyWater":60,"Membership Card":79,"PureWater":0,"infinitespire:Midas Blood":120},{"Ice Cream":588,"Gremlin Horn":312,"Vajra":337,"Whetstone":250,"Replay:Wanted Poster":506,"conspire:GlowingRock":407,"Strawberry":379,"MealTicket":374,"Fusion Hammer":272,"aspiration:StickyExplosives":655,"aspiration:Nostalgia":376,"Counterbalance":612,"Oddly Smooth Stone":333,"Guardian:ModeShifter":376,"Eternal Feather":208,"Pen Nib":262,"aspiration:SeaSaltIceCream":376,"OrangePellets":557,"Replay:Baseball":546,"ReplayTheSpireMod:Shallot":423,"Bronze Scales":364,"Simple Rune":221,"ReplayTheSpireMod:TigerMarble":374,"infinitespire:EmpoweringShard":533,"Unceasing Top":487,"infinitespire:Cupcake":389,"conspire:Flyswatter":447,"ReplayFunnel":451,"aspiration:Lifesprig":423,"Regal Pillow":661,"Singing Bowl":435,"SacredBark":300,"Replay:Purple Gloves":296,"Painkiller Herb":240,"Ancient Tea Set":407,"Cursed Key":462,"conspire:TopHat":227,"Replay:Rubber Ducky":400,"conspire:InfiniteJournal":627,"Chameleon Ring":296,"infinitespire:Bottled Soul":523,"Tiny Chest":482,"infinitespire:Eraser":623,"aspiration:RunicSpoon":634,"Damaru":400,"PreservedInsect":438,"infinitespire:FocusingShard":581,"aspiration:HummingbirdHeart":335,"Omamori":451,"aspiration:SecretTechniqueScroll":352,"White Beast Statue":262,"Peace Pipe":661,"Anchor":482,"HolyWater":259,"Membership Card":337,"PureWater":0,"infinitespire:Midas Blood":519}],"Unceasing Top":[13]},"card_choices":[{"not_picked":["Crescendo","Fasting2"],"picked":"Study","floor":1},{"not_picked":["JustLucky","Halt"],"picked":"EmptyFist","floor":2},{"not_picked":["CutThroughFate","Replay:AtTheReady"],"picked":"FollowUp","floor":3},{"not_picked":["Replay:Hum","Replay:Anticipation"],"picked":"Weave","floor":4},{"not_picked":["WheelKick","Establishment"],"picked":"JustLucky","floor":5},{"not_picked":["EmptyFist","MentalFortress"],"picked":"Crescendo","floor":6},{"not_picked":["Fasting2","Weave"],"picked":"Prostrate","floor":8},{"not_picked":["CarveReality","Brilliance"],"picked":"EmptyFist","floor":10},{"not_picked":["Replay:AtTheReady","Replay:Battleflow"],"picked":"ThirdEye","floor":11},{"not_picked":["Replay:ManipulateFuture","Replay:Vibes","Wireheading"],"picked":"SKIP","floor":12},{"not_picked":["MentalFortress","Replay:Hum"],"picked":"Conclude","floor":14},{"not_picked":["Scrawl","Ragnarok"],"picked":"DevaForm","floor":16},{"not_picked":["CrushJoints","JustLucky"],"picked":"Consecrate","floor":18},{"not_picked":["Vengeance","FearNoEvil"],"picked":"FlurryOfBlows","floor":19},{"not_picked":["Replay:BluntJabs","Halt"],"picked":"CrushJoints+1","floor":20},{"not_picked":["Nirvana","Replay:DivineShield"],"picked":"FlurryOfBlows+1","floor":22},{"not_picked":["Replay:Anticipation","FlyingSleeves"],"picked":"SignatureMove+1","floor":23},{"not_picked":["Protect","Study+1"],"picked":"Worship","floor":25},{"not_picked":["Pray","Indignation+1"],"picked":"Evaluate+1","floor":28},{"not_picked":["Replay:Battleflow+1","PathToVictory"],"picked":"LessonLearned","floor":29},{"not_picked":["Swivel","CutThroughFate"],"picked":"ThirdEye+1","floor":35},{"not_picked":["Collect+1","CutThroughFate"],"picked":"Replay:Battleflow+1","floor":37},{"not_picked":["ClearTheMind+1","Pray"],"picked":"Tantrum+1","floor":38},{"not_picked":["EmptyBody","Prostrate"],"picked":"Adaptation+1","floor":39},{"not_picked":["Adaptation","WheelKick"],"picked":"Sanctity","floor":40},{"not_picked":["LessonLearned","Perseverance"],"picked":"ReachHeaven","floor":42},{"not_picked":["Perseverance+1","EmptyMind"],"picked":"Replay:AtTheReady+1","floor":44}],"player_experience":406521,"relics_obtained":[{"floor":6,"key":"MealTicket"},{"floor":8,"key":"Unceasing Top"},{"floor":9,"key":"White Beast Statue"},{"floor":10,"key":"infinitespire:FocusingShard"},{"floor":23,"key":"infinitespire:Bottled Soul"},{"floor":26,"key":"infinitespire:Eraser"},{"floor":29,"key":"conspire:InfiniteJournal"},{"floor":40,"key":"aspiration:StickyExplosives"},{"floor":42,"key":"Peace Pipe"},{"floor":43,"key":"Regal Pillow"}],"event_choices":[{"damage_healed":0,"gold_gain":0,"player_choice":"Ignored","damage_taken":0,"max_hp_gain":0,"max_hp_loss":0,"event_name":"Ghosts","floor":30,"gold_loss":0},{"damage_healed":0,"gold_gain":99,"player_choice":"Steal","damage_taken":0,"max_hp_gain":0,"max_hp_loss":0,"event_name":"betterThird:BetterNest","floor":31,"gold_loss":0},{"damage_healed":4,"gold_gain":0,"player_choice":"Full Heal","damage_taken":0,"max_hp_gain":0,"max_hp_loss":0,"event_name":"Wheel of Change","floor":36,"gold_loss":0}],"is_beta":false,"boss_relics":[{"not_picked":["Ring of Chaos","Calling Bell"],"picked":"HolyWater"},{"not_picked":["Painkiller Herb","aspiration:SecretTechniqueScroll"],"picked":"aspiration:RunicSpoon"}],"items_purged_floors":[],"is_endless":false,"potions_floor_spawned":[1,2,3,8,10,11,12,14,16,18,19,20,22,23,25,28,29,33,35,37,38,39,40,42,44],"killed_by":"Reptomancer","ascension_level":1}}