{"host":"hwgw78dblb98i0ci","time":1610380697,"event":{"mods":["Arknights The Spire","BaseMod","Better Note","Better Third Choice","Hubris","Minty Spire (QoL Compilation)","StSLib","The Cursed"],"gold_per_floor":[118,118,137,149,168,168,43,43,43,43,54,54,131,149,149,251,251,269,289,289,289,289,289,307,307,307,307,318,344,356,476,476,579,579,594,594,91,91,91,121,121,138,138,170,190,209,224,344,344,344],"floor_reached":51,"playtime":4560,"items_purged":["ats:Strike V","ats:Guardian Obelisk"],"score":696,"play_id":"defc8b79-740c-4176-967f-0fbbae6fbf58","local_time":"20210111105817","is_ascension_mode":false,"campfire_choices":[{"data":"ats:Emotion Absorption","floor":6.0,"key":"SMITH"},{"data":"ats:Shell Defense","floor":12.0,"key":"SMITH"},{"data":"ats:Hammer On","floor":15.0,"key":"SMITH"},{"data":"ats:Magnetic Hammer","floor":23.0,"key":"SMITH"},{"data":"ats:Ambush","floor":27.0,"key":"SMITH"},{"data":"ats:Armor Crushing Shot","floor":32.0,"key":"SMITH"},{"data":"ats:Ignite","floor":41.0,"key":"SMITH"},{"data":"ats:Cat Scratch","floor":49,"key":"SMITH"}],"circlet_count":0,"master_deck":["ats:Armor Crushing Shot+1","ats:Emotion Absorption+1","ats:Healing Drone","ats:Hammer On+1","ats:Shell Defense+1","ats:Ambush+1","ats:Ignite+1","ats:Magnetic Hammer+1","ats:Neurotoxin","ats:Thorns+1","ats:Wolf Pack","ats:Poison Spread","ats:Cat Scratch+1","ats:Flame Of Heaven","ats:Durian","ats:Sword Rain","Deep Breath+1","ats:Very Hot Blade+1","ats:Poison Spread+1","ats:Burning Ground+1"],"relics":["ats:Sanity","hubris:Towel","hubris:Icosahedron","Happy Flower","ats:Bonebreaker","Coffee Dripper","hubris:64BitClover","ats:Ability Aura","ats:Originium","hubris:SphereOfDissonance","Pandora\u0027s Box","Ornamental Fan","Mercury Hourglass","HornCleat","hubris:Reverence","Bronze Scales","hubris:PeanutButter"],"acts_visited":["Exordium","TheCity","TheBeyond"],"potions_floor_usage":[47,50,50,50,50],"damage_taken":[{"damage":7.0,"enemies":"Small Slimes","floor":1.0,"turns":4.0},{"damage":14.0,"enemies":"2 Louse","floor":3.0,"turns":6.0},{"damage":1.0,"enemies":"Cultist","floor":4.0,"turns":3.0},{"damage":5.0,"enemies":"Looter","floor":5.0,"turns":4.0},{"damage":1.0,"enemies":"Gremlin Gang","floor":11.0,"turns":3.0},{"damage":0.0,"enemies":"Exordium Wildlife","floor":14.0,"turns":5.0},{"damage":53.0,"enemies":"The Guardian","floor":16.0,"turns":18.0},{"damage":4.0,"enemies":"Spheric Guardian","floor":18.0,"turns":5.0},{"damage":2.0,"enemies":"Chosen","floor":19.0,"turns":5.0},{"damage":45.0,"enemies":"Shelled Parasite and Fungi","floor":24.0,"turns":9.0},{"damage":24.0,"enemies":"Chosen and Byrds","floor":28.0,"turns":10.0},{"damage":34.0,"enemies":"Slavers","floor":29.0,"turns":8.0},{"damage":10.0,"enemies":"Snake Plant","floor":30.0,"turns":4.0},{"damage":13.0,"enemies":"Cultist and Chosen","floor":31.0,"turns":6.0},{"damage":32.0,"enemies":"Collector","floor":33.0,"turns":17.0},{"damage":29.0,"enemies":"3 Shapes","floor":35.0,"turns":9.0},{"damage":3.0,"enemies":"Reptomancer","floor":40.0,"turns":6.0},{"damage":0.0,"enemies":"Orb Walker","floor":42.0,"turns":2.0},{"damage":0.0,"enemies":"Nemesis","floor":44.0,"turns":6.0},{"damage":0.0,"enemies":"Writhing Mass","floor":45.0,"turns":4.0},{"damage":7.0,"enemies":"Sphere and 2 Shapes","floor":46.0,"turns":4.0},{"damage":7,"enemies":"3 Darklings","floor":47,"turns":3},{"damage":0,"enemies":"Transient","floor":48,"turns":5},{"damage":21,"enemies":"Donu and Deca","floor":50,"turns":9}],"seed_played":"6978226419940494624","potions_obtained":[{"floor":4.0,"key":"LiquidBronze"},{"floor":14.0,"key":"Weak Potion"},{"floor":16.0,"key":"EntropicBrew"},{"floor":28.0,"key":"GamblersBrew"},{"floor":29.0,"key":"SkillPotion"},{"floor":31.0,"key":"Dexterity Potion"},{"floor":42.0,"key":"Weak Potion"},{"floor":44.0,"key":"Energy Potion"}],"is_trial":false,"path_per_floor":["M","?","M","M","M","R","$","?","T","?","M","R","T","M","R","B",null,"M","M","?","T","?","R","M","?","T","R","M","E","M","M","R","B",null,"M","?","$","?","T","E","R","M","T","E","M","M","M","M","R","B",null],"character_chosen":"DOCTOR_CLASS","items_purchased":["ats:Shell Defense","Ornamental Fan","DistilledChaos","Deep Breath"],"campfire_rested":0,"item_purchase_floors":[7,37,37,37],"current_hp_per_floor":[72,72,76,75,76,76,76,76,76,76,75,75,75,79,79,55,79,79,77,77,77,77,77,52,52,52,52,57,46,47,47,47,79,79,77,77,77,77,77,79,79,79,79,79,79,78,71,79,79,67],"gold":344,"neow_bonus":"TEN_PERCENT_HP_BONUS","is_daily":false,"chose_seed":false,"campfire_upgraded":8,"win_rate":0.0,"timestamp":1610380697,"path_taken":["M","?","M","M","M","R","$","?","T","?","M","R","?","?","R","BOSS","M","M","?","?","?","R","M","?","T","R","?","E","M","M","R","BOSS","M","?","$","?","?","E","R","?","T","E","M","M","M","M","R","BOSS"],"items_purchased_type":["Card","Relic","Potion","Card"],"build_version":"2020-12-22","purchased_purges":2,"victory":true,"max_hp_per_floor":[79,79,79,79,79,79,79,79,79,79,79,79,79,79,79,79,79,79,79,79,79,79,79,79,79,79,79,79,79,79,79,79,79,79,79,79,79,79,79,79,79,79,79,79,79,79,79,79,79,79],"card_choices":[{"not_picked":["ats:Cat Scratch","ats:Shadow Raid"],"picked":"ats:Healing Drone","floor":1.0},{"not_picked":["ats:Consecutive Shot Auto","ats:Flexible Camouflage"],"picked":"ats:Hammer On","floor":3.0},{"not_picked":["ats:Guardian Obelisk","ats:Powerful Strike","ats:Explosion Area Strengthen"],"picked":"SKIP","floor":4.0},{"not_picked":["ats:Consecutive Shot Auto","ats:Cat Scratch","ats:Explosion Area Strengthen"],"picked":"SKIP","floor":5.0},{"not_picked":["ats:Childhood Dance","ats:Flame Of Heaven","ats:Rapid Magazine"],"picked":"SKIP","floor":11.0},{"not_picked":["ats:Healing Drone","ats:Explosion Area Strengthen","ats:Powerful Strike"],"picked":"SKIP","floor":14.0},{"not_picked":["ats:Dogmatic Field","ats:Nebulous Foxfire"],"picked":"ats:Ambush","floor":16.0},{"not_picked":["ats:Flame Of Heaven","ats:Assault Order+1"],"picked":"ats:Ignite","floor":18.0},{"not_picked":["ats:Leaping Hammer","ats:Powerful Strike"],"picked":"ats:Magnetic Hammer","floor":19.0},{"not_picked":["ats:LN2 Cannon+1","ats:Demon Strength","ats:Charging Defense"],"picked":"SKIP","floor":24.0},{"not_picked":["ats:Poison Spread","ats:Apocalypse","ats:Assault Order"],"picked":"SKIP","floor":28.0},{"not_picked":["ats:Support Order+1","ats:Ignite"],"picked":"ats:Neurotoxin","floor":29.0},{"not_picked":["ats:Cat Scratch+1","ats:Shadow Raid"],"picked":"ats:Thorns+1","floor":30.0},{"not_picked":["ats:Shell Defense","ats:Revitalization","ats:Sword Rain+1"],"picked":"SKIP","floor":31.0},{"not_picked":["ats:Echo Reverb","ats:Roar Of Ursus"],"picked":"ats:Wolf Pack","floor":33.0},{"not_picked":["ats:Explosion Area Strengthen","ats:Leaping Hammer","ats:Sunburst+1"],"picked":"SKIP","floor":35.0},{"not_picked":["ats:Leaping Hammer","ats:Apocalypse+1"],"picked":"ats:Very Hot Blade+1","floor":40.0},{"not_picked":["ats:Powerful Strike+1","ats:Assault Order+1"],"picked":"ats:Poison Spread+1","floor":42.0},{"not_picked":["ats:Ignite+1","ats:Flame Of Heaven+1","ats:Very Hot Blade"],"picked":"SKIP","floor":44.0},{"not_picked":["ats:Explosion Area Strengthen","ats:Ignite+1"],"picked":"ats:Burning Ground+1","floor":45.0},{"not_picked":["ats:Demon Strength","ats:Defend Order+1","ats:Consecutive Shot Auto"],"picked":"SKIP","floor":46.0},{"not_picked":["ats:Healing Strengthening+1","ats:Sunburst+1","ats:Explosion Area Strengthen"],"picked":"SKIP","floor":47},{"not_picked":["ats:Hammer On+1","ats:Ignite+1","ats:Thermite Blade+1"],"picked":"SKIP","floor":48}],"player_experience":230070,"relics_obtained":[{"floor":9.0,"key":"Happy Flower"},{"floor":13.0,"key":"ats:Bonebreaker"},{"floor":21.0,"key":"hubris:64BitClover"},{"floor":26.0,"key":"ats:Ability Aura"},{"floor":29.0,"key":"ats:Originium"},{"floor":29.0,"key":"hubris:SphereOfDissonance"},{"floor":39.0,"key":"Mercury Hourglass"},{"floor":40.0,"key":"ats:Originium"},{"floor":40.0,"key":"HornCleat"},{"floor":42.0,"key":"hubris:Reverence"},{"floor":43.0,"key":"Bronze Scales"},{"floor":44.0,"key":"ats:Originium"},{"floor":44.0,"key":"hubris:PeanutButter"}],"event_choices":[{"damage_healed":0.0,"max_hp_gain":0.0,"max_hp_loss":0.0,"gold_gain":0.0,"event_name":"The Cleric","player_choice":"Leave","floor":10.0,"gold_loss":0.0,"damage_taken":0.0},{"cards_removed":["ats:Emotion Absorption"],"damage_healed":0.0,"max_hp_gain":0.0,"max_hp_loss":0.0,"gold_gain":0.0,"event_name":"betterNote:BetterNote","player_choice":"Give","floor":20.0,"gold_loss":0.0,"damage_taken":0.0,"cards_obtained":["None"]},{"damage_healed":0.0,"max_hp_gain":0.0,"max_hp_loss":0.0,"gold_gain":0.0,"event_name":"Vampires","player_choice":"Ignored","floor":25.0,"gold_loss":0.0,"damage_taken":0.0},{"cards_removed":["ats:Roar Of Ursus"],"damage_healed":0.0,"max_hp_gain":0.0,"max_hp_loss":0.0,"gold_gain":0.0,"event_name":"Falling","player_choice":"Removed Power","floor":36.0,"gold_loss":0.0,"damage_taken":0.0}],"is_beta":false,"boss_relics":[{"not_picked":["Busted Crown","hubris:BlackHole"],"picked":"Coffee Dripper"},{"not_picked":["Astrolabe","hubris:HollowSoul"],"picked":"Pandora\u0027s Box"}],"items_purged_floors":[7,37],"is_endless":false,"potions_floor_spawned":[4,14,16,24,28,29,31,42,44,45],"ascension_level":0}}