{"host":"htqwg582tjjtn9p7","time":1610380018,"event":{"mods":["2.2 Compatiblity","AchievementEnabler","Act Like it!","Aspiration","BaseMod","Better Third Choice","Colored Map","Conspire","Curses Come First","Displayed Cursed Tome","Energized Spire","Force Act Four","GifTheSpireLib","Hermit","Highlight Path","JesterMod","Mad Scientist","Minty Spire (QoL Compilation)","Pale of the Ancients","Permanent Neow","Random Character Button","Relic Stats","Replay The Spire","Robot Space Explorer","Somnambulant","Spicy Shops","Spikes Relics","StSLib","Stuff the Spire","The Blue Laboratory","The Bug Knight","The Forsaken","The Gatherer","The Judge","The Jungle","The Marked","The Runesmith","The Servant 0.9.4","Uncapped"],"gold_per_floor":[115,180,193,211,261,261,287,287,287,287,300,300,325,177,177,251,351,364,384,384,400,400,400,411,411,411,411,411,411,437,453,453,524,574,586,861,409,422,448,473,473,473,473,473,473,490,490,510,510,510,510],"floor_reached":50,"playtime":1973,"items_purged":["Regret"],"score":893,"play_id":"00842f0e-fa41-463a-b749-4f3d812aaa6c","local_time":"20210111164658","is_ascension_mode":true,"campfire_choices":[{"floor":6,"key":"REST"},{"data":"Bash","floor":8,"key":"SMITH"},{"data":"StuffTheSpire:Slingshot","floor":10,"key":"SMITH"},{"data":"Pommel Strike","floor":12,"key":"SMITH"},{"floor":15,"key":"REST"},{"floor":23,"key":"REST"},{"floor":25,"key":"REST"},{"floor":27,"key":"REST"},{"data":"Demon Form","floor":29,"key":"SMITH"},{"floor":32,"key":"REST"},{"floor":42,"key":"REST"},{"data":"True Grit","floor":45,"key":"SMITH"},{"floor":49,"key":"REST"}],"circlet_count":0,"master_deck":["AscendersBane","Strike_R","Strike_R+1","Defend_R+1","Defend_R","Defend_R","Bash+1","Twin Strike","Pommel Strike+1","Flame Barrier","StuffTheSpire:Slingshot+1","Twin Strike","Defy Death","Fire Breathing","Fire Breathing","Shrug It Off","Seeing Red","Demon Form+1","True Grit+1","theForsaken:FatRoll+1","Twin Strike","Replay:Many Hands","Aggregate","Pot Of Greed","Pot Of Greed","Pot Of Greed","Gatherer:Frenzy+1","hermit:LowProfile+1","Gatherer:Overflowing","Feel No Pain","Limit Break","WordoMod:LanternFlame+1"],"relics":["Burning Blood","aspiration:DSix","Simple Rune","ZombieTooth","CrustySpines","Orrery","Replay:Wanted Poster","PrismaticShard","Grinning Jar","FossilizedHelix","Tiny House","Centennial Puzzle","MiniBlackHole","Replay:Wax Seal"],"acts_visited":["Exordium","TheCity","TheBeyond"],"potions_floor_usage":[7,11,30,33,35,38,38,40,48],"damage_taken":[{"damage":1,"enemies":"conspire:RoseBush","floor":1,"turns":5},{"damage":0,"enemies":"Cultist","floor":3,"turns":3},{"damage":12,"enemies":"Jaw Worm","floor":4,"turns":2},{"damage":19,"enemies":"Gremlin Nob","floor":7,"turns":4},{"damage":12,"enemies":"Exordium Thugs","floor":11,"turns":3},{"damage":49,"enemies":"HollowMod:MossKnight","floor":13,"turns":10},{"damage":40,"enemies":"Hexaghost","floor":16,"turns":10},{"damage":21,"enemies":"Chosen","floor":18,"turns":5},{"damage":12,"enemies":"conspire:FuzzyDice","floor":19,"turns":7},{"damage":12,"enemies":"conspire:HollyBat","floor":21,"turns":7},{"damage":37,"enemies":"Chosen and Byrds","floor":24,"turns":5},{"damage":21,"enemies":"Book of Stabbing","floor":30,"turns":5},{"damage":18,"enemies":"Snake Plant","floor":31,"turns":4},{"damage":16,"enemies":"Collector","floor":33,"turns":10},{"damage":29,"enemies":"3 Darklings","floor":35,"turns":7},{"damage":0,"enemies":"3 Shapes","floor":38,"turns":3},{"damage":42,"enemies":"Giant Head","floor":40,"turns":7},{"damage":30,"enemies":"Transient","floor":46,"turns":5},{"damage":22,"enemies":"Jaw Worm Horde","floor":48,"turns":5},{"damage":75,"enemies":"conspire:OrnateMirror","floor":50,"turns":8}],"seed_played":"-8541703964537309399","potions_obtained":[{"floor":2,"key":"FairyPotion"},{"floor":3,"key":"blueLaboratory:IronCompound"},{"floor":7,"key":"Toxic Potion"},{"floor":24,"key":"Adrenaline Potion"},{"floor":31,"key":"blueLaboratory:SmithPotion"},{"floor":33,"key":"SpeedPotion"},{"floor":34,"key":"blueLaboratory:PolymorphPotion"},{"floor":35,"key":"SteroidPotion"},{"floor":38,"key":"blueLaboratory:BottleOfVodka"},{"floor":46,"key":"Adrenaline Potion"}],"is_trial":false,"path_per_floor":["M","?","M","M","?","R","E","R","T","R","M","R","E","$","R","B",null,"M","M","?","M","?","R","M","R","T","R","$","R","E","M","R","B",null,"M","?","$","M","T","E","?","R","T","?","R","M","?","M","R","B"],"character_chosen":"IRONCLAD","items_purchased":["Orrery","Feel No Pain","blueLaboratory:FruitPunch","Limit Break"],"campfire_rested":8,"item_purchase_floors":[14,37,37,37],"current_hp_per_floor":[73,49,55,49,49,71,58,58,58,58,52,52,9,9,31,23,62,47,41,29,23,23,45,14,36,36,58,58,58,43,31,53,43,72,49,49,49,57,57,21,21,44,44,88,88,64,64,48,74,0,0],"gold":510,"neow_bonus":"DSIX","is_daily":false,"chose_seed":false,"campfire_upgraded":5,"win_rate":0.0,"timestamp":1610380018,"path_taken":["M","?","M","?","?","R","E","R","T","R","M","R","E","$","R","BOSS","M","M","?","M","?","R","M","R","T","R","$","R","E","?","R","BOSS","M","?","$","?","?","E","?","R","T","?","R","?","?","M","R","BOSS"],"items_purchased_type":["Relic","Card","Potion","Card"],"build_version":"2020-12-22","purchased_purges":1,"victory":false,"max_hp_per_floor":[75,75,75,75,75,75,75,75,75,75,75,75,75,75,75,75,75,75,75,75,75,75,75,75,75,75,75,75,75,75,75,75,75,80,80,80,80,82,82,82,78,78,78,88,88,88,88,88,88,88,88],"relic_stats":{"Centennial Puzzle":[12],"counters":[20,115],"obtain_stats":[{"Tiny House":34,"PrismaticShard":20,"Burning Blood":0,"Replay:Wanted Poster":17,"ZombieTooth":7,"Centennial Puzzle":39,"Orrery":14,"MiniBlackHole":40,"Simple Rune":2,"Grinning Jar":26,"Replay:Wax Seal":43,"aspiration:DSix":0,"CrustySpines":13,"FossilizedHelix":30},{"Tiny House":14,"PrismaticShard":9,"Burning Blood":0,"Replay:Wanted Poster":7,"ZombieTooth":4,"Centennial Puzzle":16,"Orrery":6,"MiniBlackHole":17,"Simple Rune":1,"Grinning Jar":11,"Replay:Wax Seal":17,"aspiration:DSix":0,"CrustySpines":6,"FossilizedHelix":12},{"Tiny House":80,"PrismaticShard":49,"Burning Blood":0,"Replay:Wanted Poster":37,"ZombieTooth":14,"Centennial Puzzle":90,"Orrery":27,"MiniBlackHole":97,"Simple Rune":5,"Grinning Jar":61,"Replay:Wax Seal":97,"aspiration:DSix":0,"CrustySpines":27,"FossilizedHelix":66}],"Burning Blood":114},"card_choices":[{"not_picked":["Sentinel","Clothesline"],"picked":"Twin Strike","floor":1},{"not_picked":["Flex","ReplayTheSpireMod:Strike From Hell"],"picked":"Pommel Strike","floor":2},{"not_picked":["Pommel Strike","Intimidate"],"picked":"Flame Barrier","floor":2},{"not_picked":["ReplayTheSpireMod:Strike From Hell","Warcry"],"picked":"StuffTheSpire:Slingshot","floor":3},{"not_picked":["Invigoration","ReplayTheSpireMod:Strike From Hell"],"picked":"conspire:Purge","floor":4},{"not_picked":["Replay:Undeath\u0027s Touch","Body Slam"],"picked":"Twin Strike","floor":7},{"not_picked":["Whirlwind","Replay:Undeath\u0027s Touch","Reckless Charge"],"picked":"SKIP","floor":11},{"not_picked":["Whirlwind","Replay:Undeath\u0027s Touch","Reckless Charge"],"picked":"SKIP","floor":11},{"not_picked":["Sentinel","Shrug It Off"],"picked":"Defy Death","floor":13},{"not_picked":["Pommel Strike","ReplayTheSpireMod:Strike From Hell"],"picked":"Fire Breathing","floor":14},{"not_picked":["Life Link","Run Through"],"picked":"Fire Breathing","floor":14},{"not_picked":["Dual Wield","Cleave"],"picked":"Shrug It Off","floor":14},{"not_picked":["StuffTheSpire:RockThrow","StuffTheSpire:Incineration"],"picked":"Seeing Red","floor":14},{"not_picked":["Juggernaut","Brutality"],"picked":"Demon Form","floor":16},{"not_picked":["ReplayReversal","ReplayTheSpireMod:LeadingStrike","Hemokinesis+1"],"picked":"SKIP","floor":18},{"not_picked":["Pummel","StuffTheSpire:Pyroclast"],"picked":"True Grit","floor":19},{"not_picked":["somnambulantmod: SickeningSwathe","MadScienceMod:Retarget"],"picked":"theForsaken:FatRoll","floor":21},{"not_picked":["Redo","jesterMod:OblivionStrike"],"picked":"Aggregate","floor":24},{"not_picked":["Runesmith:HeatExchange","SashWhip+1"],"picked":"Gatherer:Frenzy+1","floor":30},{"not_picked":["StuffTheSpire:Incantation","jesterMod:Taunt"],"picked":"hermit:LowProfile+1","floor":31},{"not_picked":["theMarked:SoldierForm","Solidify"],"picked":"Gatherer:Overflowing","floor":33},{"not_picked":["WordoMod:Vulgarity","Runesmith:HeatedChisel","MadScienceMod:GattlingGun+1"],"picked":"SKIP","floor":35},{"not_picked":["theForsaken:WardingHymn","MadScienceMod:FlameCannon","theForsaken:CreepingInfection"],"picked":"SKIP","floor":38},{"not_picked":["MadScienceMod:BandageBot","Compile Driver","ReplayTheSpireMod:Muscle Training+1"],"picked":"SKIP","floor":40},{"not_picked":["theForsaken:BlindFaith","theForsaken:Preservation+1","Gatherer:Polymorphism"],"picked":"SKIP","floor":46},{"not_picked":["Gatherer:Solidify","MadScienceMod:Strafe"],"picked":"WordoMod:LanternFlame+1","floor":48}],"player_experience":1929771,"relics_obtained":[{"floor":2,"key":"Simple Rune"},{"floor":7,"key":"ZombieTooth"},{"floor":13,"key":"CrustySpines"},{"floor":20,"key":"PrismaticShard"},{"floor":26,"key":"Grinning Jar"},{"floor":30,"key":"FossilizedHelix"},{"floor":39,"key":"Centennial Puzzle"},{"floor":40,"key":"MiniBlackHole"},{"floor":43,"key":"Replay:Wax Seal"}],"event_choices":[{"damage_healed":0,"gold_gain":50,"player_choice":"Pray","damage_taken":0,"max_hp_gain":0,"max_hp_loss":0,"event_name":"Golden Shrine","floor":5,"gold_loss":0},{"damage_healed":0,"gold_gain":0,"cards_transformed":["Strike_R","Strike_R"],"player_choice":"Became Test Subject","damage_taken":0,"max_hp_gain":0,"max_hp_loss":0,"event_name":"Drug Dealer","floor":22,"gold_loss":0,"cards_obtained":["Twin Strike","Replay:Many Hands"]},{"damage_healed":0,"gold_gain":275,"player_choice":"Desecrate","damage_taken":0,"max_hp_gain":0,"max_hp_loss":0,"event_name":"Golden Shrine","floor":36,"gold_loss":0,"cards_obtained":["Regret"]},{"damage_healed":0,"gold_gain":0,"player_choice":"Max HP","damage_taken":0,"max_hp_gain":0,"max_hp_loss":4,"event_name":"Winding Halls","floor":41,"gold_loss":0},{"cards_removed":["conspire:Purge"],"damage_healed":34,"gold_gain":0,"player_choice":"Offered Rare","damage_taken":0,"max_hp_gain":10,"max_hp_loss":0,"event_name":"Bonfire Elementals","floor":44,"gold_loss":0},{"damage_healed":0,"gold_gain":0,"player_choice":"Ignored","damage_taken":0,"max_hp_gain":0,"max_hp_loss":0,"event_name":"Tomb of Lord Red Mask","floor":47,"gold_loss":0}],"is_beta":false,"boss_relics":[{"not_picked":["energizedSpire:OgreHead","Runic Dome"],"picked":"Replay:Wanted Poster"},{"not_picked":["energizedSpire:DecayingSkull","Sozu"],"picked":"Tiny House"}],"items_purged_floors":[37],"is_endless":false,"potions_floor_spawned":[3,4,7,13,24,31,33,35,38,46],"killed_by":"conspire:OrnateMirror","ascension_level":15}}