{"host":"tj57avznel0uzvp6","time":1610401971,"event":{"mods":["BaseMod","Downfall","Glutton Mod","Minty Spire (QoL Compilation)","Remove Card Discount Mod","Replay The Spire","StSLib"],"gold_per_floor":[119,119,134,34,34,34,45,45,45,45,71,135,109,32,32,137,137,156,156,156,166,146,146,163,163,163,183,183,0,0,0,0,0,0],"floor_reached":33,"playtime":1309,"items_purged":[],"score":354,"play_id":"eb894def-6c88-47d3-bbc6-9fd2ffa1a3bf","local_time":"20210111145251","daily_mods":["Blue Cards","Colorless Cards","Time Dilation","Flight"],"is_ascension_mode":false,"campfire_choices":[{"floor":6,"key":"REST"},{"floor":8,"key":"REST"},{"data":"Echo Form","floor":10,"key":"SMITH"},{"floor":15,"key":"REST"},{"floor":23,"key":"REST"},{"floor":25,"key":"REST"},{"floor":28,"key":"REST"},{"data":"Zap","floor":30,"key":"SMITH"},{"data":"Glutton:StarvationMode","floor":32,"key":"SMITH"}],"circlet_count":0,"master_deck":["Demon Form","Wraith Form v2","Echo Form+1","DevaForm","Glutton:StarvationMode+1","Guardian:ConstructionForm","hexamod:ParanormalForm","Slimebound:DuplicatedForm","sneckomod:SerpentMind","Strike_B","Strike_B","Strike_B","Strike_B","Defend_B","Defend_B","Defend_B","Defend_B","Zap+1","Dualcast","Chill","Echo Form","Loop","Coolheaded","ReplayTheSpireMod:Splinters","Chill","Leap","FIFO Queue","Barrage","Stack","Defragment","Secret Technique","Stack","Conserve Battery+1","Redo","expansioncontent:DecasProtection","Ball Lightning"],"relics":["Cracked Core","replay:Trail_Library","GremlinMask","ReplayTheSpireMod:Ring of Collecting","ReplayTheSpireMod:Ring of Exchange","ReplayTheSpireMod:Ring of Challenge","Gremlin Horn","Ring of Fury","Regal Pillow","Mango","Inserter","InkBottle","Ring of Peace","Oddly Smooth Stone"],"acts_visited":["Exordium","TheCity"],"potions_floor_usage":[16,24,27,33],"damage_taken":[{"damage":18,"enemies":"Cultist","floor":1,"turns":6},{"damage":16,"enemies":"Small Slimes","floor":3,"turns":5},{"damage":39,"enemies":"Jaw Worm","floor":7,"turns":5},{"damage":39,"enemies":"Gremlin Nob","floor":12,"turns":8},{"damage":8,"enemies":"Slime Boss","floor":16,"turns":7},{"damage":14,"enemies":"Shell Parasite","floor":18,"turns":8},{"damage":68,"enemies":"3 Byrds","floor":21,"turns":6},{"damage":36,"enemies":"Cultist and Chosen","floor":24,"turns":6},{"damage":25,"enemies":"Snecko","floor":27,"turns":6},{"damage":102,"enemies":"Collector","floor":33,"turns":6}],"seed_played":"-6417311693963391455","potions_obtained":[{"floor":3,"key":"SkillPotion"},{"floor":12,"key":"FearPotion"},{"floor":16,"key":"Adrenaline Potion"},{"floor":22,"key":"PowerPotion"},{"floor":27,"key":"CultistPotion"}],"is_trial":true,"path_per_floor":["M","?","M","$","?","R","M","R","T","R","T","?","$","$","R","B",null,"M","$","?","M","?","R","M","R","T","M","R","?","R","$","R","B"],"character_chosen":"DEFECT","items_purchased":["Loop","Coolheaded","Stack","Defragment"],"campfire_rested":6,"item_purchase_floors":[4,4,13,14],"current_hp_per_floor":[57,57,56,56,56,75,51,73,73,73,73,48,48,48,89,81,89,75,75,75,22,22,63,27,68,68,58,89,89,89,89,89,0,0],"gold":0,"neow_bonus":"","is_daily":false,"chose_seed":false,"campfire_upgraded":3,"win_rate":0.0,"timestamp":1610401971,"path_taken":["M","?","?","$","?","R","M","R","T","R","?","?","$","$","R","BOSS","M","$","?","?","?","R","M","R","T","?","R","?","R","?","R","BOSS"],"items_purchased_type":["Card","Card","Card","Card"],"build_version":"2020-12-22","purchased_purges":0,"victory":false,"max_hp_per_floor":[75,75,75,75,75,75,75,75,75,75,75,89,89,89,89,89,89,89,89,89,89,89,89,89,89,89,89,89,89,89,89,89,89,89],"card_choices":[{"not_picked":["Gash","Conserve Battery"],"picked":"Chill","floor":1},{"not_picked":["Streamline","PanicButton"],"picked":"Echo Form","floor":3},{"not_picked":["Gash","Steam"],"picked":"Chill","floor":7},{"not_picked":["expansioncontent:TimeRipple","expansioncontent:LastStand"],"picked":"Barrage","floor":12},{"not_picked":["Secret Weapon","Multi-Cast"],"picked":"Secret Technique","floor":16},{"not_picked":["Ball Lightning","Gash"],"picked":"Stack","floor":18},{"not_picked":["Cold Snap+1","Stack"],"picked":"Conserve Battery+1","floor":21},{"not_picked":["expansioncontent:FaceSlap","Fission"],"picked":"Redo","floor":24},{"not_picked":["Beam Cell","BasicCrystalCard"],"picked":"expansioncontent:DecasProtection","floor":27}],"player_experience":589930,"relics_obtained":[{"floor":5,"key":"ReplayTheSpireMod:Ring of Collecting"},{"floor":5,"key":"ReplayTheSpireMod:Ring of Exchange"},{"floor":9,"key":"ReplayTheSpireMod:Ring of Challenge"},{"floor":9,"key":"Gremlin Horn"},{"floor":11,"key":"Ring of Fury"},{"floor":11,"key":"Regal Pillow"},{"floor":12,"key":"Mango"},{"floor":20,"key":"InkBottle"},{"floor":26,"key":"Ring of Peace"},{"floor":26,"key":"Oddly Smooth Stone"}],"event_choices":[{"damage_healed":0,"gold_gain":0,"player_choice":"Trade","damage_taken":0,"relics_obtained":["GremlinMask"],"max_hp_gain":0,"max_hp_loss":0,"event_name":"FaceTrader","floor":2,"gold_loss":0},{"damage_healed":0,"gold_gain":0,"player_choice":"Searched \u00271\u0027 times","damage_taken":0,"max_hp_gain":0,"max_hp_loss":0,"event_name":"Dead Adventurer","floor":12,"gold_loss":0},{"damage_healed":0,"gold_gain":0,"player_choice":"Relic","damage_taken":0,"max_hp_gain":0,"max_hp_loss":0,"event_name":"Wheel of Change","floor":20,"gold_loss":0},{"damage_healed":0,"gold_gain":0,"player_choice":"Bought 1 Potion","damage_taken":0,"max_hp_gain":0,"max_hp_loss":0,"event_name":"The Woman in Blue","floor":22,"gold_loss":0},{"damage_healed":0,"gold_gain":0,"player_choice":"Paid Fearfully","damage_taken":0,"max_hp_gain":0,"max_hp_loss":0,"event_name":"Masked Bandits","floor":29,"gold_loss":183}],"is_beta":false,"boss_relics":[{"not_picked":["Replay:Grab Bag","Runic Pyramid"],"picked":"Inserter"}],"items_purged_floors":[],"is_endless":true,"potions_floor_spawned":[3,12,16,27],"killed_by":"Collector","ascension_level":0}}