{"host":"ovxa65d68iy9l57e","time":1610401843,"event":{"mods":["AchievementEnabler","BaseMod","Better Altar","Better Skull","Better Vampires","Colored Map","Curses Come First","Minty Spire (QoL Compilation)","Relic Stats","StSLib"],"gold_per_floor":[110,127,146,146,146,174,190,215,215,228,248,248,265,282,282,385,385,402,37,51,68,68,68,96,96,96,116,129,151,195,207,207,321,321,343,371,380,409,409,409,451,143,143,169,182,182,202,238,238,238],"floor_reached":51,"playtime":6006,"items_purged":["Strike_G","Writhe"],"score":946,"play_id":"009050ec-4e76-4ec1-95dd-5cdb13851784","local_time":"20210111225043","is_ascension_mode":true,"campfire_choices":[{"data":"Skewer","floor":12.0,"key":"SMITH"},{"floor":15.0,"key":"REST"},{"data":"Noxious Fumes","floor":23.0,"key":"SMITH"},{"data":"Bullet Time","floor":32.0,"key":"SMITH"},{"data":"Neutralize","floor":40.0,"key":"SMITH"},{"floor":46,"key":"REST"},{"floor":49,"key":"REST"}],"circlet_count":0,"master_deck":["Strike_G","Strike_G","Strike_G","Strike_G","Defend_G","Defend_G","Defend_G","Defend_G","Defend_G","Survivor","Neutralize+1","Noxious Fumes+1","Quick Slash","Bullet Time+1","Catalyst+1","Skewer+1","Deadly Poison+1","Malaise+1","Acrobatics+1","Calculated Gamble+1","Leg Sweep+1","Dagger Spray+1","Concentrate+1","Backflip+1","Underhanded Strike+1","Acrobatics+1","Night Terror+1","Expertise+1","Reflex+1","Bane+1","Footwork+1","Blur+1","Adrenaline+1","Deflect+1","Dash"],"relics":["Ring of the Snake","Singing Bowl","Snake Skull","Toxic Egg 2","Philosopher\u0027s Stone","Meat on the Bone","Ginger","CeramicFish","PreservedInsect","HoveringKite","Bottled Tornado","Bronze Scales","Pear","Letter Opener"],"acts_visited":["Exordium","TheCity","TheBeyond"],"potions_floor_usage":[50,50,50],"damage_taken":[{"damage":0.0,"enemies":"2 Louse","floor":1.0,"turns":3.0},{"damage":9.0,"enemies":"Jaw Worm","floor":2.0,"turns":7.0},{"damage":0.0,"enemies":"Cultist","floor":3.0,"turns":4.0},{"damage":20.0,"enemies":"Gremlin Nob","floor":6.0,"turns":4.0},{"damage":9.0,"enemies":"Large Slime","floor":7.0,"turns":5.0},{"damage":16.0,"enemies":"3 Sentries","floor":8.0,"turns":7.0},{"damage":1.0,"enemies":"Looter","floor":10.0,"turns":4.0},{"damage":3.0,"enemies":"Blue Slaver","floor":11.0,"turns":4.0},{"damage":0.0,"enemies":"Exordium Wildlife","floor":13.0,"turns":2.0},{"damage":4.0,"enemies":"Looter","floor":14.0,"turns":3.0},{"damage":17.0,"enemies":"Hexaghost","floor":16.0,"turns":6.0},{"damage":25.0,"enemies":"Spheric Guardian","floor":18.0,"turns":4.0},{"damage":5.0,"enemies":"3 Byrds","floor":20.0,"turns":4.0},{"damage":8.0,"enemies":"Centurion and Healer","floor":21.0,"turns":5.0},{"damage":10.0,"enemies":"Slavers","floor":24.0,"turns":5.0},{"damage":4.0,"enemies":"Snecko","floor":27.0,"turns":5.0},{"damage":11.0,"enemies":"Shelled Parasite and Fungi","floor":28.0,"turns":4.0},{"damage":12.0,"enemies":"Chosen and Byrds","floor":29.0,"turns":9.0},{"damage":0.0,"enemies":"Gremlin Leader","floor":30.0,"turns":4.0},{"damage":9.0,"enemies":"Centurion and Healer","floor":31.0,"turns":5.0},{"damage":39.0,"enemies":"Automaton","floor":33.0,"turns":9.0},{"damage":3.0,"enemies":"3 Darklings","floor":35.0,"turns":4.0},{"damage":32.0,"enemies":"3 Shapes","floor":36.0,"turns":4.0},{"damage":28.0,"enemies":"Jaw Worm Horde","floor":38.0,"turns":6.0},{"damage":0.0,"enemies":"Giant Head","floor":41.0,"turns":5.0},{"damage":44,"enemies":"Spire Growth","floor":44,"turns":4},{"damage":5,"enemies":"Writhing Mass","floor":45,"turns":5},{"damage":2,"enemies":"3 Darklings","floor":47,"turns":5},{"damage":0,"enemies":"Reptomancer","floor":48,"turns":4},{"damage":16,"enemies":"Donu and Deca","floor":50,"turns":8}],"seed_played":"-450055881056070947","potions_obtained":[{"floor":2.0,"key":"Dexterity Potion"},{"floor":6.0,"key":"GamblersBrew"},{"floor":7.0,"key":"Strength Potion"},{"floor":8.0,"key":"DistilledChaos"},{"floor":18.0,"key":"Dexterity Potion"},{"floor":21.0,"key":"LiquidMemories"},{"floor":29.0,"key":"Fire Potion"},{"floor":31.0,"key":"Explosive Potion"},{"floor":33.0,"key":"BlessingOfTheForge"},{"floor":35.0,"key":"GhostInAJar"},{"floor":36.0,"key":"Dexterity Potion"},{"floor":45,"key":"SteroidPotion"}],"is_trial":false,"path_per_floor":["M","M","M","?","?","E","M","E","T","M","M","R","M","M","R","B",null,"M","$","M","M","?","R","E","?","T","M","M","M","E","M","R","B",null,"M","M","?","M","?","R","E","$","T","M","M","R","M","E","R","B",null],"character_chosen":"THE_SILENT","items_purchased":["Meat on the Bone","Calculated Gamble+1","Blur+1","Bronze Scales"],"campfire_rested":3,"item_purchase_floors":[19,19,42,42],"current_hp_per_floor":[77,68,68,73,73,53,46,32,32,31,28,28,28,26,52,35,88,63,63,58,50,50,50,52,52,52,48,51,51,51,56,56,29,92,89,57,80,52,52,52,52,52,62,30,39,70,68,68,99,83],"gold":238,"neow_bonus":"TEN_PERCENT_HP_BONUS","is_daily":false,"chose_seed":false,"campfire_upgraded":4,"win_rate":0.0,"timestamp":1610401843,"path_taken":["M","M","M","?","?","E","M","E","T","?","M","R","M","M","R","BOSS","M","$","M","M","?","R","E","?","T","M","M","M","E","M","R","BOSS","M","M","?","M","?","R","E","$","T","M","M","R","M","E","R","BOSS"],"items_purchased_type":["Relic","Card","Card","Relic"],"build_version":"2020-12-22","purchased_purges":2,"victory":true,"max_hp_per_floor":[77,77,77,82,82,82,84,86,86,86,86,86,86,88,88,88,88,88,88,88,88,88,88,88,88,88,88,90,90,90,92,92,92,92,92,92,92,92,92,92,92,92,102,102,104,104,104,104,104,104],"relic_stats":{"Singing Bowl":12,"counters":[30,148],"CeramicFish":117,"Bronze Scales":[75],"HoveringKite":[25],"Snake Skull":[170],"PreservedInsect":183,"Ginger":[10],"Letter Opener":[50],"obtain_stats":[{"Pear":43,"Singing Bowl":6,"CeramicFish":26,"HoveringKite":34,"Snake Skull":8,"PreservedInsect":30,"Ginger":24,"Letter Opener":48,"Bottled Tornado":41,"Bronze Scales":42,"Philosopher\u0027s Stone":17,"Toxic Egg 2":9,"Ring of the Snake":0,"Meat on the Bone":19},{"Pear":25,"Singing Bowl":4,"CeramicFish":15,"HoveringKite":21,"Snake Skull":6,"PreservedInsect":19,"Ginger":15,"Letter Opener":29,"Bottled Tornado":25,"Bronze Scales":25,"Philosopher\u0027s Stone":11,"Toxic Egg 2":6,"Ring of the Snake":0,"Meat on the Bone":12},{"Pear":122,"Singing Bowl":18,"CeramicFish":67,"HoveringKite":103,"Snake Skull":30,"PreservedInsect":89,"Ginger":67,"Letter Opener":140,"Bottled Tornado":122,"Bronze Scales":122,"Philosopher\u0027s Stone":49,"Toxic Egg 2":30,"Ring of the Snake":0,"Meat on the Bone":53}],"Ring of the Snake":[60],"Meat on the Bone":84},"card_choices":[{"not_picked":["Blade Dance","PiercingWail"],"picked":"Bane","floor":1.0},{"not_picked":["Backflip","Blur"],"picked":"Noxious Fumes","floor":2.0},{"not_picked":["Deflect","Prepared"],"picked":"Quick Slash","floor":3.0},{"not_picked":["Slice","Malaise"],"picked":"Bullet Time","floor":6.0},{"not_picked":["Eviscerate","Heel Hook","Endless Agony"],"picked":"Singing Bowl","floor":7.0},{"not_picked":["Heel Hook","Deflect","Eviscerate"],"picked":"Singing Bowl","floor":8.0},{"not_picked":["Masterful Stab","Tactician+1"],"picked":"Catalyst+1","floor":10.0},{"not_picked":["Poisoned Stab","Eviscerate"],"picked":"Skewer","floor":11.0},{"not_picked":["Eviscerate","All Out Attack"],"picked":"Deadly Poison+1","floor":13.0},{"not_picked":["Calculated Gamble+1","Quick Slash","Sucker Punch"],"picked":"Singing Bowl","floor":14.0},{"not_picked":["Tools of the Trade","Venomology+1"],"picked":"Malaise+1","floor":16.0},{"not_picked":["Outmaneuver+1","Distraction+1"],"picked":"Acrobatics+1","floor":18.0},{"not_picked":["Poisoned Stab","Noxious Fumes"],"picked":"Leg Sweep+1","floor":20.0},{"not_picked":["Prepared+1","Outmaneuver+1"],"picked":"Dagger Spray+1","floor":21.0},{"not_picked":["Acrobatics+1","Envenom"],"picked":"Concentrate+1","floor":24.0},{"not_picked":["Quick Slash","Distraction+1"],"picked":"Backflip+1","floor":27.0},{"not_picked":["Flying Knee+1","Underhanded Strike+1","Dagger Spray"],"picked":"Singing Bowl","floor":28.0},{"not_picked":["Endless Agony","Poisoned Stab+1"],"picked":"Underhanded Strike+1","floor":29.0},{"not_picked":["Deadly Poison+1","Well Laid Plans"],"picked":"Acrobatics+1","floor":30.0},{"not_picked":["Cloak And Dagger+1","Dagger Spray","Bane"],"picked":"Singing Bowl","floor":31.0},{"not_picked":["Malaise+1","Phantasmal Killer+1"],"picked":"Night Terror+1","floor":33.0},{"not_picked":["Quick Slash","Eviscerate+1"],"picked":"Expertise+1","floor":35.0},{"not_picked":["Sucker Punch","Prepared+1"],"picked":"Reflex+1","floor":36.0},{"not_picked":["Prepared+1","Underhanded Strike+1"],"picked":"Bane+1","floor":38.0},{"not_picked":["Blade Dance+1","Poisoned Stab+1"],"picked":"Footwork+1","floor":41.0},{"not_picked":["Blur+1","PiercingWail+1"],"picked":"Adrenaline+1","floor":44},{"not_picked":["Skewer","Underhanded Strike","Backstab"],"picked":"Singing Bowl","floor":45},{"not_picked":["Dagger Spray+1","Masterful Stab+1"],"picked":"Deflect+1","floor":47},{"not_picked":["Choke+1","Bane+1"],"picked":"Dash","floor":48}],"player_experience":256830,"relics_obtained":[{"floor":6.0,"key":"Singing Bowl"},{"floor":8.0,"key":"Snake Skull"},{"floor":9.0,"key":"Toxic Egg 2"},{"floor":24.0,"key":"Ginger"},{"floor":26.0,"key":"CeramicFish"},{"floor":30.0,"key":"PreservedInsect"},{"floor":41.0,"key":"Bottled Tornado"},{"floor":43,"key":"Pear"},{"floor":48,"key":"Letter Opener"}],"event_choices":[{"damage_healed":0.0,"max_hp_gain":5.0,"max_hp_loss":0.0,"gold_gain":0.0,"event_name":"Big Fish","player_choice":"Donut","floor":4.0,"gold_loss":0.0,"damage_taken":0.0},{"damage_healed":0.0,"max_hp_gain":0.0,"max_hp_loss":0.0,"gold_gain":0.0,"event_name":"Accursed Blacksmith","player_choice":"Forge","floor":5.0,"gold_loss":0.0,"damage_taken":0.0,"cards_upgraded":["Bane"]},{"damage_healed":0.0,"max_hp_gain":0.0,"max_hp_loss":0.0,"gold_gain":0.0,"event_name":"Ghosts","player_choice":"Ignored","floor":25.0,"gold_loss":0.0,"damage_taken":0.0},{"damage_healed":23.0,"max_hp_gain":0.0,"max_hp_loss":0.0,"gold_gain":0.0,"event_name":"Winding Halls","player_choice":"Writhe","floor":37.0,"gold_loss":0.0,"damage_taken":0.0,"cards_obtained":["Writhe"]},{"cards_removed":["Bane"],"damage_healed":0.0,"max_hp_gain":0.0,"max_hp_loss":0.0,"gold_gain":0.0,"event_name":"Falling","player_choice":"Removed Attack","floor":39.0,"gold_loss":0.0,"damage_taken":0.0}],"is_beta":false,"boss_relics":[{"not_picked":["Ring of the Serpent","Runic Dome"],"picked":"Philosopher\u0027s Stone"},{"not_picked":["Tiny House","SacredBark"],"picked":"HoveringKite"}],"items_purged_floors":[19,42],"is_endless":false,"potions_floor_spawned":[2,6,7,8,10,11,18,21,29,31,33,35,36,45],"ascension_level":2}}