{"host":"6azrrw3tf7wb0f4b","time":1610366175,"event":{"mods":["BaseMod","DeckTracker","Minty Spire (QoL Compilation)","SuperFastMode"],"gold_per_floor":[30,30,105,138,154,154,194,194,221,285,285,327,327,6,6,133,133,193,205,205,304,155,155,209,209,209],"floor_reached":25,"playtime":1312,"items_purged":["Defend_B"],"score":338,"play_id":"e6fb1933-3b4b-4e8c-89e6-58df7c267ec9","local_time":"20210111205615","is_ascension_mode":true,"campfire_choices":[{"data":"HandOfGreed","floor":6,"key":"SMITH"},{"data":"Dualcast","floor":8,"key":"SMITH"},{"data":"Zap","floor":13,"key":"SMITH"},{"data":"Undo","floor":15,"key":"SMITH"},{"data":"Chaos","floor":23,"key":"SMITH"}],"circlet_count":0,"master_deck":["AscendersBane","Strike_B+1","Strike_B","Defend_B","Defend_B","Zap+1","Dualcast+1","HandOfGreed+1","Melter+1","Fission","Ball Lightning","Conserve Battery","Self Repair","Undo+1","Reboot","Chaos+1","Beam Cell","Storm"],"relics":["Cracked Core","Whetstone","Akabeko","Mummified Hand","Cursed Key","Juzu Bracelet"],"acts_visited":["Exordium","TheCity"],"potions_floor_usage":[16,18,24,25],"damage_taken":[{"damage":4,"enemies":"Small Slimes","floor":1,"turns":4},{"damage":2,"enemies":"Jaw Worm","floor":4,"turns":5},{"damage":0,"enemies":"2 Louse","floor":5,"turns":1},{"damage":8,"enemies":"Blue Slaver","floor":7,"turns":3},{"damage":5,"enemies":"Gremlin Gang","floor":10,"turns":5},{"damage":7,"enemies":"Exordium Wildlife","floor":12,"turns":3},{"damage":9,"enemies":"Hexaghost","floor":16,"turns":9},{"damage":20,"enemies":"3 Byrds","floor":18,"turns":6},{"damage":18,"enemies":"Shell Parasite","floor":19,"turns":4},{"damage":33,"enemies":"Slavers","floor":24,"turns":4},{"damage":14,"enemies":"3 Cultists","floor":25,"turns":3}],"seed_played":"-522877513596182088","potions_obtained":[{"floor":1,"key":"SpeedPotion"},{"floor":5,"key":"Dexterity Potion"},{"floor":19,"key":"EssenceOfDarkness"},{"floor":24,"key":"LiquidMemories"}],"is_trial":false,"path_per_floor":["M","?","?","M","M","R","M","R","T","M","?","M","R","$","R","B",null,"M","M","?","?","$","R","E","M"],"character_chosen":"DEFECT","items_purchased":["Mummified Hand","Undo","Storm"],"campfire_rested":0,"item_purchase_floors":[14,14,22],"current_hp_per_floor":[64,64,53,51,51,51,43,43,43,45,27,27,27,27,27,25,63,50,39,39,39,39,39,6,0,0],"gold":209,"neow_bonus":"RANDOM_COLORLESS_2","is_daily":false,"chose_seed":false,"campfire_upgraded":5,"win_rate":0.0,"timestamp":1610366175,"path_taken":["M","?","?","M","M","R","M","R","T","M","?","M","R","?","R","BOSS","M","?","?","?","$","R","E","M"],"items_purchased_type":["Relic","Card","Card"],"build_version":"2020-12-22","purchased_purges":1,"victory":false,"max_hp_per_floor":[75,75,75,75,75,75,75,75,75,75,75,75,75,75,75,75,75,75,75,75,75,75,75,75,75,75],"card_choices":[{"not_picked":["Violence","Mayhem"],"picked":"HandOfGreed","floor":0},{"not_picked":["Rebound","Go for the Eyes"],"picked":"Melter","floor":1},{"not_picked":["Sweeping Beam","Streamline"],"picked":"Ball Lightning","floor":4},{"not_picked":["Streamline","Cold Snap"],"picked":"Conserve Battery","floor":5},{"not_picked":["Steam Power","Capacitor"],"picked":"Self Repair","floor":7},{"not_picked":["FTL","Hologram","Go for the Eyes"],"picked":"SKIP","floor":10},{"not_picked":["Conserve Battery","Ball Lightning","Hologram"],"picked":"SKIP","floor":12},{"not_picked":["Rainbow","All For One"],"picked":"Reboot","floor":16},{"not_picked":["Hologram","Go for the Eyes","Cold Snap"],"picked":"SKIP","floor":18},{"not_picked":["Beam Cell","Compile Driver+1","Leap"],"picked":"SKIP","floor":19},{"not_picked":["Steam Power+1","Beam Cell","Gash"],"picked":"SKIP","floor":24}],"player_experience":693795,"relics_obtained":[{"floor":9,"key":"Whetstone"},{"floor":24,"key":"Juzu Bracelet"}],"event_choices":[{"damage_healed":0,"gold_gain":0,"cards_transformed":["Strike_B"],"player_choice":"Change","damage_taken":0,"max_hp_gain":0,"max_hp_loss":0,"event_name":"Living Wall","floor":2,"gold_loss":0,"cards_obtained":["Fission"]},{"damage_healed":0,"gold_gain":75,"player_choice":"Gather Gold","damage_taken":11,"max_hp_gain":0,"max_hp_loss":0,"event_name":"World of Goop","floor":3,"gold_loss":0},{"damage_healed":0,"gold_gain":0,"player_choice":"Success","damage_taken":18,"relics_obtained":["Akabeko"],"max_hp_gain":0,"max_hp_loss":0,"event_name":"Scrap Ooze","floor":11,"gold_loss":0},{"damage_healed":0,"gold_gain":0,"cards_transformed":["Strike_B","Defend_B"],"player_choice":"Became Test Subject","damage_taken":0,"max_hp_gain":0,"max_hp_loss":0,"event_name":"Drug Dealer","floor":20,"gold_loss":0,"cards_obtained":["Chaos","Beam Cell"]},{"damage_healed":0,"gold_gain":99,"player_choice":"Stole From Cult","damage_taken":0,"max_hp_gain":0,"max_hp_loss":0,"event_name":"Nest","floor":21,"gold_loss":0}],"is_beta":false,"boss_relics":[{"not_picked":["FrozenCore","Nuclear Battery"],"picked":"Cursed Key"}],"items_purged_floors":[22],"is_endless":false,"potions_floor_spawned":[1,5,19,24],"killed_by":"3 Cultists","ascension_level":12}}