{"host":"sdl5b0uiznq00owb","time":1610328998,"event":{"mods":["BaseMod","Minty Spire (QoL Compilation)","Permanent Neow","Relic Stats"],"gold_per_floor":[110,110,128,146,161,201,201,220,220,263,263,298,298,337,337,466,466,489,82,100,100,100,141,164,197,220,220,245,41,91,114,114,244,244,277,277,21,0,0,36,36,58,104,138,138,156,190,228,228,228],"floor_reached":51,"playtime":7962,"items_purged":["Strike_P","Strike_P"],"score":1312,"play_id":"d1b4a0d9-96c8-4168-aa79-3d376676cc0a","local_time":"20210110193638","is_ascension_mode":true,"campfire_choices":[{"floor":7.0,"key":"REST"},{"data":"Consecrate","floor":11.0,"key":"SMITH"},{"data":"SashWhip","floor":15.0,"key":"SMITH"},{"floor":27.0,"key":"REST"},{"floor":32.0,"key":"REST"},{"data":"1","floor":41.0,"key":"LIFT"},{"floor":45.0,"key":"REST"},{"floor":49,"key":"REST"}],"circlet_count":0,"master_deck":["Strike_P","Strike_P","Defend_P","Defend_P","Defend_P+1","Defend_P","Eruption","Vigilance","CurseOfTheBell","FlurryOfBlows","ThirdEye+1","Tantrum","SashWhip+1","Consecrate+1","Protect","Nirvana","DevaForm","ClearTheMind+1","MentalFortress","FearNoEvil","TalkToTheHand","TalkToTheHand","MentalFortress","Wallop+1","Scrawl","Wallop","Halt+1","Parasite","EmptyMind+1"],"relics":["Calling Bell","Regal Pillow","StrikeDummy","Du-Vu Doll","Golden Idol","Akabeko","Gremlin Horn","Bag of Preparation","Pear","Sundial","SlaversCollar","White Beast Statue","Girya","Letter Opener","Bottled Lightning","CeramicFish","DollysMirror","Question Card","Black Star","War Paint","Red Mask","Molten Egg 2","Mango","Art of War","Bottled Flame","Nunchaku","InkBottle","Anchor"],"acts_visited":["Exordium","TheCity","TheBeyond"],"potions_floor_usage":[47,48,50,50,50,50,50],"damage_taken":[{"damage":0.0,"enemies":"Small Slimes","floor":1.0,"turns":3.0},{"damage":2.0,"enemies":"Jaw Worm","floor":3.0,"turns":2.0},{"damage":2.0,"enemies":"Cultist","floor":4.0,"turns":3.0},{"damage":10.0,"enemies":"Large Slime","floor":5.0,"turns":3.0},{"damage":10.0,"enemies":"3 Sentries","floor":6.0,"turns":4.0},{"damage":0.0,"enemies":"2 Fungi Beasts","floor":8.0,"turns":2.0},{"damage":0.0,"enemies":"Gremlin Nob","floor":10.0,"turns":2.0},{"damage":0.0,"enemies":"3 Sentries","floor":12.0,"turns":2.0},{"damage":0.0,"enemies":"Gremlin Nob","floor":14.0,"turns":1.0},{"damage":32.0,"enemies":"The Guardian","floor":16.0,"turns":8.0},{"damage":0.0,"enemies":"Shell Parasite","floor":18.0,"turns":1.0},{"damage":20.0,"enemies":"Chosen","floor":20.0,"turns":7.0},{"damage":29.0,"enemies":"Gremlin Leader","floor":23.0,"turns":5.0},{"damage":6.0,"enemies":"3 Cultists","floor":24.0,"turns":4.0},{"damage":9.0,"enemies":"Book of Stabbing","floor":25.0,"turns":4.0},{"damage":0.0,"enemies":"Chosen and Byrds","floor":28.0,"turns":3.0},{"damage":20.0,"enemies":"Slavers","floor":30.0,"turns":2.0},{"damage":5.0,"enemies":"Snake Plant","floor":31.0,"turns":4.0},{"damage":56.0,"enemies":"Automaton","floor":33.0,"turns":8.0},{"damage":28.0,"enemies":"Orb Walker","floor":35.0,"turns":5.0},{"damage":70.0,"enemies":"Giant Head","floor":40.0,"turns":9.0},{"damage":17.0,"enemies":"3 Darklings","floor":42.0,"turns":3.0},{"damage":0.0,"enemies":"Reptomancer","floor":44.0,"turns":4.0},{"damage":6.0,"enemies":"Sphere and 2 Shapes","floor":46.0,"turns":3.0},{"damage":40,"enemies":"Writhing Mass","floor":47,"turns":11},{"damage":0,"enemies":"Giant Head","floor":48,"turns":6},{"damage":41,"enemies":"Time Eater","floor":50,"turns":7}],"seed_played":"-3865648686113045583","potions_obtained":[{"floor":1.0,"key":"SkillPotion"},{"floor":3.0,"key":"BlessingOfTheForge"},{"floor":12.0,"key":"FairyPotion"},{"floor":14.0,"key":"Fire Potion"},{"floor":16.0,"key":"Dexterity Potion"},{"floor":18.0,"key":"BottledMiracle"},{"floor":23.0,"key":"AttackPotion"},{"floor":24.0,"key":"StancePotion"},{"floor":25.0,"key":"EssenceOfSteel"},{"floor":28.0,"key":"CultistPotion"},{"floor":30.0,"key":"BlessingOfTheForge"},{"floor":31.0,"key":"Swift Potion"},{"floor":33.0,"key":"DuplicationPotion"},{"floor":40.0,"key":"StancePotion"},{"floor":47,"key":"EntropicBrew"},{"floor":48,"key":"Ancient Potion"}],"is_trial":false,"path_per_floor":["M","?","M","M","M","E","R","M","T","E","R","E","?","E","R","B",null,"M","$","M","?","T","E","M","E","T","R","M","$","E","M","R","B",null,"M","?","$","?","?","E","R","M","T","E","R","M","M","E","R","B",null],"character_chosen":"WATCHER","items_purchased":["MentalFortress","White Beast Statue","DollysMirror","MentalFortress","War Paint"],"campfire_rested":5,"item_purchase_floors":[19,19,29,29,37],"current_hp_per_floor":[65,47,45,43,33,23,59,59,59,59,59,69,74,74,74,42,76,76,76,56,56,56,27,21,12,12,53,53,53,33,28,69,13,69,41,41,41,41,41,38,38,21,21,21,65,59,19,19,63,22],"gold":228,"neow_bonus":"BOSS_RELIC","is_daily":false,"chose_seed":false,"campfire_upgraded":2,"win_rate":0.0,"timestamp":1610328998,"path_taken":["M","?","M","M","M","E","R","M","T","E","R","E","?","E","R","BOSS","M","$","M","?","?","E","?","E","T","R","M","?","E","M","R","BOSS","M","?","$","?","?","E","R","M","T","E","R","M","M","E","R","BOSS"],"items_purchased_type":["Card","Relic","Relic","Card","Relic"],"build_version":"2020-12-22","purchased_purges":2,"victory":true,"max_hp_per_floor":[72,72,72,72,72,72,72,72,72,72,72,82,87,87,87,87,87,87,87,87,87,87,87,87,87,87,87,87,87,87,87,87,87,87,87,83,83,83,83,97,97,97,97,97,97,97,97,97,97,97],"relic_stats":{"Regal Pillow":75,"Gremlin Horn":[21,21],"counters":[27,116],"Golden Idol":204,"CeramicFish":81,"Bag of Preparation":[40],"Letter Opener":[44],"War Paint":["ThirdEye","Defend_P"],"Question Card":10,"Nunchaku":[7],"Sundial":[12],"Black Star":3,"Art of War":[2],"obtain_stats":[{"Regal Pillow":0,"Gremlin Horn":9,"CeramicFish":26,"Mango":40,"Bag of Preparation":10,"Nunchaku":44,"Sundial":14,"DollysMirror":29,"Red Mask":38,"InkBottle":48,"Girya":22,"Pear":12,"Golden Idol":2,"Letter Opener":23,"War Paint":37,"Question Card":30,"Akabeko":6,"White Beast Statue":19,"Calling Bell":0,"Du-Vu Doll":0,"SlaversCollar":17,"Bottled Flame":44,"Anchor":48,"Molten Egg 2":40,"Black Star":34,"Art of War":43,"Bottled Lightning":25,"PureWater":0,"StrikeDummy":0},{"Regal Pillow":0,"Gremlin Horn":6,"CeramicFish":15,"Mango":21,"Bag of Preparation":7,"Nunchaku":23,"Sundial":9,"DollysMirror":16,"Red Mask":20,"InkBottle":26,"Girya":12,"Pear":8,"Golden Idol":1,"Letter Opener":13,"War Paint":20,"Question Card":17,"Akabeko":5,"White Beast Statue":11,"Calling Bell":0,"Du-Vu Doll":0,"SlaversCollar":10,"Bottled Flame":23,"Anchor":26,"Molten Egg 2":21,"Black Star":19,"Art of War":22,"Bottled Lightning":15,"PureWater":0,"StrikeDummy":0},{"Regal Pillow":0,"Gremlin Horn":17,"CeramicFish":51,"Mango":82,"Bag of Preparation":19,"Nunchaku":89,"Sundial":22,"DollysMirror":54,"Red Mask":73,"InkBottle":109,"Girya":38,"Pear":21,"Golden Idol":3,"Letter Opener":43,"War Paint":73,"Question Card":56,"Akabeko":15,"White Beast Statue":31,"Calling Bell":0,"Du-Vu Doll":0,"SlaversCollar":30,"Bottled Flame":89,"Anchor":109,"Molten Egg 2":82,"Black Star":68,"Art of War":85,"Bottled Lightning":51,"PureWater":0,"StrikeDummy":0}],"InkBottle":[3]},"card_choices":[{"not_picked":["FlyingSleeves","EmptyFist"],"picked":"FlurryOfBlows","floor":1.0},{"not_picked":["WindmillStrike","Crescendo"],"picked":"ThirdEye","floor":3.0},{"not_picked":["ThirdEye","Evaluate"],"picked":"Tantrum","floor":4.0},{"not_picked":["BowlingBash","Omniscience","Indignation"],"picked":"SKIP","floor":5.0},{"not_picked":["FollowUp","Evaluate"],"picked":"SashWhip","floor":6.0},{"not_picked":["Crescendo","WindmillStrike","JustLucky"],"picked":"SKIP","floor":8.0},{"not_picked":["WaveOfTheHand","DeceiveReality"],"picked":"Consecrate","floor":10.0},{"not_picked":["BowlingBash","SandsOfTime"],"picked":"Protect","floor":12.0},{"not_picked":["Vengeance","Evaluate"],"picked":"Nirvana","floor":14.0},{"not_picked":["MasterReality","Omniscience"],"picked":"DevaForm","floor":16.0},{"not_picked":["Consecrate","Protect"],"picked":"ClearTheMind+1","floor":18.0},{"not_picked":["Wireheading","Pray","Evaluate+1"],"picked":"SKIP","floor":20.0},{"not_picked":["SignatureMove","ThirdEye+1","Study"],"picked":"SKIP","floor":23.0},{"not_picked":["ClearTheMind","Fasting2"],"picked":"FearNoEvil","floor":24.0},{"not_picked":["DeceiveReality","BowlingBash","Consecrate"],"picked":"SKIP","floor":25.0},{"not_picked":["ClearTheMind","InnerPeace"],"picked":"TalkToTheHand","floor":28.0},{"not_picked":["CutThroughFate","Consecrate+1"],"picked":"Wallop+1","floor":30.0},{"not_picked":["Protect+1","PathToVictory","Prostrate","Consecrate"],"picked":"SKIP","floor":31.0},{"not_picked":["LessonLearned","Devotion","Vault"],"picked":"Scrawl","floor":33.0},{"not_picked":["ThirdEye","BattleHymn+1","Perseverance+1"],"picked":"Wallop","floor":35.0},{"not_picked":["ClearTheMind","EmptyFist+1","PathToVictory","Protect"],"picked":"SKIP","floor":40.0},{"not_picked":["Sanctity","FlyingSleeves+1","Devotion"],"picked":"Halt+1","floor":42.0},{"not_picked":["SashWhip+1","CrushJoints+1","ThirdEye+1","Consecrate+1"],"picked":"SKIP","floor":44.0},{"not_picked":["Halt","Consecrate+1","Crescendo+1","Indignation+1"],"picked":"SKIP","floor":46.0},{"not_picked":["Study","Nirvana","BowlingBash+1"],"picked":"EmptyMind+1","floor":47},{"not_picked":["FlyingSleeves+1","FearNoEvil+1","Judgement","FollowUp+1"],"picked":"SKIP","floor":48}],"player_experience":778038,"relics_obtained":[{"floor":0.0,"key":"Regal Pillow"},{"floor":0.0,"key":"StrikeDummy"},{"floor":0.0,"key":"Du-Vu Doll"},{"floor":6.0,"key":"Akabeko"},{"floor":9.0,"key":"Gremlin Horn"},{"floor":10.0,"key":"Bag of Preparation"},{"floor":12.0,"key":"Pear"},{"floor":14.0,"key":"Sundial"},{"floor":22.0,"key":"Girya"},{"floor":23.0,"key":"Letter Opener"},{"floor":25.0,"key":"Bottled Lightning"},{"floor":26.0,"key":"CeramicFish"},{"floor":30.0,"key":"Question Card"},{"floor":40.0,"key":"Molten Egg 2"},{"floor":40.0,"key":"Mango"},{"floor":43.0,"key":"Art of War"},{"floor":44.0,"key":"Bottled Flame"},{"floor":44.0,"key":"Nunchaku"},{"floor":48,"key":"InkBottle"},{"floor":48,"key":"Anchor"}],"event_choices":[{"damage_healed":0.0,"max_hp_gain":0.0,"max_hp_loss":0.0,"gold_gain":0.0,"event_name":"Golden Idol","player_choice":"Take Damage","floor":2.0,"gold_loss":0.0,"damage_taken":18.0,"relics_obtained":["Golden Idol"]},{"damage_healed":0.0,"max_hp_gain":5.0,"max_hp_loss":0.0,"gold_gain":0.0,"event_name":"Big Fish","player_choice":"Donut","floor":13.0,"gold_loss":0.0,"damage_taken":0.0},{"damage_healed":0.0,"max_hp_gain":0.0,"max_hp_loss":0.0,"gold_gain":0.0,"event_name":"Cursed Tome","player_choice":"Ignored","floor":21.0,"gold_loss":0.0,"damage_taken":0.0},{"damage_healed":0.0,"max_hp_gain":0.0,"max_hp_loss":4.0,"gold_gain":0.0,"event_name":"Winding Halls","player_choice":"Max HP","floor":36.0,"gold_loss":0.0,"damage_taken":0.0},{"damage_healed":0.0,"max_hp_gain":0.0,"max_hp_loss":0.0,"gold_gain":0.0,"event_name":"Tomb of Lord Red Mask","player_choice":"Paid","floor":38.0,"gold_loss":21.0,"damage_taken":0.0,"relics_obtained":["Red Mask"]},{"damage_healed":0.0,"max_hp_gain":0.0,"max_hp_loss":0.0,"gold_gain":0.0,"event_name":"SensoryStone","player_choice":"Memory 1","floor":39.0,"gold_loss":0.0,"damage_taken":0.0}],"is_beta":false,"boss_relics":[{"not_picked":["Tiny House","Astrolabe"],"picked":"SlaversCollar"},{"not_picked":["Coffee Dripper","Velvet Choker"],"picked":"Black Star"}],"items_purged_floors":[19,37],"is_endless":false,"potions_floor_spawned":[1,3,12,14,16,18,20,23,24,25,28,30,31,33,35,40,42,44,46,47,48],"ascension_level":7}}