{"host":"oiw60b5ins9fyx34","time":1610362022,"event":{"mods":["BaseMod","Colored Map","Colored Powertips","Minty Spire (QoL Compilation)","Permanent Neow","Quick Restart","Relic Stats","StSLib"],"gold_per_floor":[116,116,136,148,66,85,85,85,85,102,102,122,152,172,172,274,274,286,62,62,62,37,57,83,83,83,96,124,141,172,185,185,289,289,302,313,331,344,361,386,404,404,404,418,447,348,348,362,362,362,362,362,20,52,52],"floor_reached":56,"playtime":6305,"items_purged":["Strike_B","Defend_B","Defend_B"],"score":1300,"play_id":"665efbed-adba-416a-a966-4b99835d7657","local_time":"20210111194702","is_ascension_mode":false,"campfire_choices":[{"data":"Genetic Algorithm","floor":8,"key":"SMITH"},{"data":"Ball Lightning","floor":15,"key":"SMITH"},{"data":"Defragment","floor":25,"key":"SMITH"},{"data":"Reinforced Body","floor":32,"key":"SMITH"},{"floor":42,"key":"REST"},{"floor":47,"key":"REST"},{"floor":49,"key":"RECALL"},{"data":"Barrage","floor":52,"key":"SMITH"}],"circlet_count":0,"master_deck":["Defend_B","Zap","Dualcast","Go for the Eyes+1","Genetic Algorithm+1","Seek","Chill","Hologram","FTL","Ball Lightning+1","Reinforced Body+1","Melter","Machine Learning","Electrodynamics","Cold Snap+1","Defragment+1","Doom and Gloom+1","Leap+1","Redo+1","Redo+1","BootSequence+1","Compile Driver+1","Coolheaded+1","Genetic Algorithm+1","Core Surge","Reinforced Body+1","Auto Shields+1","Reinforced Body+1","Loop+1","Barrage+1","Barrage+1","Glacier+1","Barrage","Defragment+1","Barrage+1"],"relics":["Inserter","Ornamental Fan","Akabeko","Toxic Egg 2","Sozu","Bag of Preparation","Matryoshka","Smiling Mask","Sundial","Question Card","Whetstone","Astrolabe","Singing Bowl","Oddly Smooth Stone","Bronze Scales","Lantern","OrangePellets","Bottled Lightning"],"acts_visited":["Exordium","TheCity","TheBeyond","TheEnding"],"potions_floor_usage":[13,16,55],"damage_taken":[{"damage":10,"enemies":"Cultist","floor":1,"turns":4},{"damage":11,"enemies":"2 Louse","floor":3,"turns":2},{"damage":11,"enemies":"Small Slimes","floor":4,"turns":4},{"damage":4,"enemies":"Red Slaver","floor":6,"turns":4},{"damage":0,"enemies":"Looter","floor":10,"turns":4},{"damage":3,"enemies":"Large Slime","floor":12,"turns":6},{"damage":7,"enemies":"Gremlin Nob","floor":13,"turns":4},{"damage":0,"enemies":"Exordium Thugs","floor":14,"turns":5},{"damage":19,"enemies":"Hexaghost","floor":16,"turns":12},{"damage":0,"enemies":"Spheric Guardian","floor":18,"turns":1},{"damage":0,"enemies":"3 Byrds","floor":23,"turns":3},{"damage":16,"enemies":"Book of Stabbing","floor":24,"turns":6},{"damage":0,"enemies":"Snake Plant","floor":27,"turns":4},{"damage":0,"enemies":"Slavers","floor":28,"turns":5},{"damage":5,"enemies":"Centurion and Healer","floor":29,"turns":5},{"damage":22,"enemies":"Gremlin Leader","floor":30,"turns":6},{"damage":1,"enemies":"Cultist and Chosen","floor":31,"turns":7},{"damage":30,"enemies":"Champ","floor":33,"turns":13},{"damage":0,"enemies":"Orb Walker","floor":35,"turns":3},{"damage":1,"enemies":"3 Darklings","floor":36,"turns":6},{"damage":22,"enemies":"Maw","floor":37,"turns":7},{"damage":0,"enemies":"4 Shapes","floor":38,"turns":3},{"damage":0,"enemies":"Writhing Mass","floor":39,"turns":8},{"damage":44,"enemies":"Giant Head","floor":40,"turns":12},{"damage":3,"enemies":"Spire Growth","floor":41,"turns":6},{"damage":5,"enemies":"Maw","floor":44,"turns":9},{"damage":22,"enemies":"Nemesis","floor":45,"turns":7},{"damage":0,"enemies":"Writhing Mass","floor":48,"turns":8},{"damage":3,"enemies":"Time Eater","floor":50,"turns":11},{"damage":6,"enemies":"Shield and Spear","floor":54,"turns":7},{"damage":53,"enemies":"The Heart","floor":55,"turns":12}],"seed_played":"5997391253575408136","potions_obtained":[{"floor":3,"key":"LiquidBronze"},{"floor":11,"key":"Dexterity Potion"},{"floor":11,"key":"Block Potion"},{"floor":11,"key":"DistilledChaos"},{"floor":12,"key":"PowerPotion"},{"floor":13,"key":"FairyPotion"},{"floor":16,"key":"ColorlessPotion"}],"is_trial":false,"path_per_floor":["M","T","M","M","$","M","?","R","T","M","?","M","E","M","R","B",null,"M","$","?","?","$","M","E","R","T","M","E","M","E","M","R","B",null,"M","M","M","M","M","E","M","R","T","M","E","$","R","M","R","B",null,"R","$","E","B",null],"character_chosen":"DEFECT","items_purchased":["Chill","Defragment","Doom and Gloom","Leap+1","Barrage","Lantern","OrangePellets"],"campfire_rested":2,"item_purchase_floors":[5,19,19,22,46,53,53],"current_hp_per_floor":[65,65,54,43,43,39,39,39,39,39,39,36,29,29,29,10,75,75,75,75,75,75,75,59,59,59,59,59,54,32,31,31,1,75,75,74,52,52,52,8,7,30,30,25,3,3,26,26,26,23,77,77,77,71,18],"gold":52,"neow_bonus":"BOSS_RELIC","is_daily":false,"chose_seed":false,"campfire_upgraded":5,"win_rate":0.0,"timestamp":1610362022,"path_taken":["M","?","M","M","$","M","?","R","T","?","?","M","E","M","R","BOSS","M","?","?","?","$","M","E","R","T","M","E","M","E","M","R","BOSS","M","M","M","M","M","E","M","R","T","M","E","$","R","M","R","BOSS","R","$","E","BOSS"],"items_purchased_type":["Card","Card","Card","Card","Card","Relic","Relic"],"build_version":"2020-12-22","purchased_purges":3,"victory":true,"max_hp_per_floor":[75,75,75,75,75,75,75,75,75,75,75,75,75,75,75,75,75,75,75,75,75,75,75,75,75,75,75,75,75,75,75,75,75,75,75,75,75,75,75,75,77,77,77,77,77,77,77,77,77,77,77,77,77,77,77],"relic_stats":{"Inserter":[97],"Singing Bowl":2,"counters":[31,193],"Astrolabe":["Reinforced Body","Auto Shields","Reinforced Body"],"Bag of Preparation":[42],"Whetstone":["Go for the Eyes","Doom and Gloom"],"Smiling Mask":125,"Question Card":15,"Sozu":9,"OrangePellets":[1],"Ornamental Fan":[156],"Sundial":[16],"Bronze Scales":[240],"obtain_stats":[{"Lantern":53,"Inserter":0,"Singing Bowl":40,"Astrolabe":34,"Oddly Smooth Stone":43,"Bag of Preparation":21,"Whetstone":30,"Smiling Mask":26,"Question Card":28,"Akabeko":9,"Sozu":17,"OrangePellets":53,"Matryoshka":24,"Ornamental Fan":2,"Sundial":26,"Bronze Scales":45,"Bottled Lightning":54,"Toxic Egg 2":13,"Cracked Core":0},{"Lantern":29,"Inserter":0,"Singing Bowl":24,"Astrolabe":18,"Oddly Smooth Stone":25,"Bag of Preparation":10,"Whetstone":16,"Smiling Mask":12,"Question Card":14,"Akabeko":4,"Sozu":9,"OrangePellets":29,"Matryoshka":12,"Ornamental Fan":1,"Sundial":12,"Bronze Scales":27,"Bottled Lightning":30,"Toxic Egg 2":7,"Cracked Core":0},{"Lantern":174,"Inserter":0,"Singing Bowl":133,"Astrolabe":95,"Oddly Smooth Stone":139,"Bag of Preparation":46,"Whetstone":75,"Smiling Mask":55,"Question Card":64,"Akabeko":14,"Sozu":45,"OrangePellets":174,"Matryoshka":55,"Ornamental Fan":4,"Sundial":55,"Bronze Scales":155,"Bottled Lightning":181,"Toxic Egg 2":28,"Cracked Core":0}]},"card_choices":[{"not_picked":["Conserve Battery","Gash"],"picked":"Go for the Eyes","floor":1},{"not_picked":["Coolheaded","Gash"],"picked":"Genetic Algorithm","floor":3},{"not_picked":["Compile Driver","Scrape"],"picked":"Seek","floor":4},{"not_picked":["Turbo","Storm"],"picked":"Hologram","floor":6},{"not_picked":["Chill","Storm"],"picked":"Ball Lightning","floor":10},{"not_picked":["Coolheaded","Beam Cell"],"picked":"Reinforced Body","floor":12},{"not_picked":["Gash","Auto Shields+1"],"picked":"Melter","floor":13},{"not_picked":["Steam Power+1","Turbo+1"],"picked":"Machine Learning","floor":14},{"not_picked":["Seek+1","Reboot+1"],"picked":"Electrodynamics","floor":16},{"not_picked":["Leap+1","Go for the Eyes"],"picked":"Cold Snap+1","floor":18},{"not_picked":["Aggregate+1","Storm"],"picked":"Redo+1","floor":23},{"not_picked":["White Noise+1","Thunder Strike"],"picked":"Redo+1","floor":24},{"not_picked":["Streamline","Sweeping Beam+1"],"picked":"BootSequence+1","floor":27},{"not_picked":["Skim+1","Storm","Doom and Gloom"],"picked":"SKIP","floor":28},{"not_picked":["Static Discharge","Turbo+1","Stack+1"],"picked":"Compile Driver+1","floor":29},{"not_picked":["Conserve Battery+1","Go for the Eyes","Beam Cell"],"picked":"Coolheaded+1","floor":30},{"not_picked":["Streamline","Gash","Fission+1"],"picked":"Genetic Algorithm+1","floor":31},{"not_picked":["Thunder Strike","Machine Learning","Creative AI"],"picked":"Core Surge","floor":33},{"not_picked":["Hologram+1","Turbo+1","Conserve Battery+1"],"picked":"Loop+1","floor":35},{"not_picked":["Leap+1","Turbo+1","Coolheaded+1","Force Field+1"],"picked":"SKIP","floor":36},{"not_picked":["Gash+1","Leap+1","Coolheaded+1","Electrodynamics"],"picked":"SKIP","floor":37},{"not_picked":["Sweeping Beam+1","Conserve Battery+1","Ball Lightning+1","Turbo+1"],"picked":"SKIP","floor":38},{"not_picked":["Gash+1","Beam Cell+1","Sweeping Beam+1","White Noise+1"],"picked":"SKIP","floor":39},{"not_picked":["Static Discharge","Rebound","Compile Driver"],"picked":"Barrage+1","floor":40},{"not_picked":["Heatsinks","Hologram+1","Coolheaded+1","Tempest+1"],"picked":"Singing Bowl","floor":41},{"not_picked":["Rebound","Chill+1","Storm"],"picked":"Barrage","floor":44},{"not_picked":["BootSequence+1","All For One","Conserve Battery+1"],"picked":"Glacier+1","floor":45},{"not_picked":["Loop+1","Doom and Gloom+1","Force Field+1"],"picked":"Defragment+1","floor":48},{"not_picked":["Doom and Gloom","Loop","Rebound","Barrage+1"],"picked":"SKIP","floor":54},{"not_picked":["Doom and Gloom","Loop","Rebound"],"picked":"Barrage+1","floor":54}],"player_experience":619722,"relics_obtained":[{"floor":2,"key":"Ornamental Fan"},{"floor":9,"key":"Akabeko"},{"floor":13,"key":"Toxic Egg 2"},{"floor":24,"key":"Matryoshka"},{"floor":26,"key":"Smiling Mask"},{"floor":26,"key":"Sundial"},{"floor":28,"key":"Question Card"},{"floor":30,"key":"Whetstone"},{"floor":40,"key":"Singing Bowl"},{"floor":43,"key":"Oddly Smooth Stone"},{"floor":45,"key":"Bronze Scales"},{"floor":54,"key":"Bottled Lightning"}],"event_choices":[{"damage_healed":0,"gold_gain":0,"cards_transformed":["Strike_B"],"player_choice":"Transformed","damage_taken":0,"max_hp_gain":0,"max_hp_loss":0,"event_name":"Transmorgrifier","floor":7,"gold_loss":0,"cards_obtained":["FTL"]},{"damage_healed":0,"gold_gain":0,"player_choice":"Got Potions","damage_taken":0,"max_hp_gain":0,"max_hp_loss":0,"event_name":"Lab","floor":11,"gold_loss":0},{"damage_healed":0,"gold_gain":0,"player_choice":"Ignored","damage_taken":0,"max_hp_gain":0,"max_hp_loss":0,"event_name":"Vampires","floor":20,"gold_loss":0},{"damage_healed":0,"gold_gain":0,"player_choice":"Gave Potion","damage_taken":0,"relics_obtained":["Bag of Preparation"],"max_hp_gain":0,"max_hp_loss":0,"event_name":"WeMeetAgain","floor":21,"gold_loss":0}],"is_beta":false,"boss_relics":[{"not_picked":["SacredBark","Empty Cage"],"picked":"Sozu"},{"not_picked":["Philosopher\u0027s Stone","Calling Bell"],"picked":"Astrolabe"}],"items_purged_floors":[19,46,53],"is_endless":false,"potions_floor_spawned":[3,12,13,16,23,27,28,31,33,37,38,44,45],"ascension_level":0}}