{"host":"1c52r9kaxdyo25eq","time":1610375958,"event":{"mods":["AchievementEnabler","BaseMod","Minty Spire (QoL Compilation)","Rare Cards Sparkle","SuperFastMode","everything is the same but u backflip on backflip"],"gold_per_floor":[112,112,112,132,207,207,236,236,310,310,86,99,13,29,29,125,125,146,146,10,24,24,24,40,40,40],"floor_reached":25,"playtime":397,"items_purged":["Defend_G","Defend_G"],"score":448,"play_id":"bedbe3f3-35e5-461c-afd9-6adfd6835a6d","local_time":"20210111233918","is_ascension_mode":true,"campfire_choices":[{"data":"Blade Dance","floor":6.0,"key":"SMITH"},{"data":"Poisoned Stab","floor":8.0,"key":"SMITH"},{"data":"Neutralize","floor":15.0,"key":"SMITH"},{"data":"Calculated Gamble","floor":23.0,"key":"SMITH"}],"circlet_count":0,"master_deck":["AscendersBane","Strike_G","Strike_G","Strike_G","Defend_G","Defend_G","Defend_G","Survivor","Neutralize+1","Poisoned Stab+1","Blade Dance+1","Noxious Fumes","Well Laid Plans","Eviscerate","Footwork","Corpse Explosion","Calculated Gamble+1","Prepared+1"],"relics":["Ring of the Snake","NeowsBlessing","Singing Bowl","Matryoshka","Golden Idol","Membership Card","HoveringKite","Strawberry"],"acts_visited":["Exordium","TheCity"],"potions_floor_usage":[24],"damage_taken":[{"damage":0.0,"enemies":"Jaw Worm","floor":1.0,"turns":1.0},{"damage":0.0,"enemies":"Small Slimes","floor":4.0,"turns":1.0},{"damage":0.0,"enemies":"3 Sentries","floor":7.0,"turns":1.0},{"damage":0.0,"enemies":"Cultist","floor":12.0,"turns":3.0},{"damage":7.0,"enemies":"3 Louse","floor":14.0,"turns":3.0},{"damage":11.0,"enemies":"The Guardian","floor":16.0,"turns":9.0},{"damage":31.0,"enemies":"2 Thieves","floor":18.0,"turns":3.0},{"damage":22.0,"enemies":"Chosen","floor":21.0,"turns":4.0},{"damage":10,"enemies":"Snecko","floor":24,"turns":5},{"damage":9,"enemies":"Cultist and Chosen","floor":25,"turns":3}],"seed_played":"955679118694022940","potions_obtained":[{"floor":4.0,"key":"CunningPotion"},{"floor":7.0,"key":"CunningPotion"},{"floor":21.0,"key":"Strength Potion"},{"floor":24,"key":"LiquidBronze"}],"is_trial":false,"path_per_floor":["M","?","?","M","?","R","E","R","T","?","$","M","$","M","R","B",null,"M","?","$","M","?","R","M","M"],"character_chosen":"THE_SILENT","items_purchased":["Membership Card","Noxious Fumes","Well Laid Plans","Eviscerate","Strawberry"],"campfire_rested":0,"item_purchase_floors":[11,11,13,13,20],"current_hp_per_floor":[59,64,64,64,53,53,55,55,55,55,55,57,57,50,50,39,61,30,30,37,17,17,17,7,0,0],"gold":40,"neow_bonus":"THREE_ENEMY_KILL","is_daily":false,"chose_seed":false,"campfire_upgraded":4,"win_rate":0.0,"timestamp":1610375958,"path_taken":["M","?","?","?","?","R","E","R","T","?","?","M","$","M","R","BOSS","M","?","$","M","?","R","?","M"],"items_purchased_type":["Relic","Card","Card","Card","Relic"],"build_version":"2020-12-22","purchased_purges":2,"victory":false,"max_hp_per_floor":[66,71,71,71,71,71,73,73,73,66,66,68,68,68,68,68,68,68,68,75,77,77,77,77,77,77],"card_choices":[{"not_picked":["Poisoned Stab","Cloak And Dagger","Endless Agony"],"picked":"SKIP","floor":1.0},{"not_picked":["Cloak And Dagger","Endless Agony"],"picked":"Poisoned Stab","floor":1.0},{"not_picked":["Concentrate","PiercingWail"],"picked":"Blade Dance","floor":4.0},{"not_picked":["Sucker Punch","Cloak And Dagger","Eviscerate"],"picked":"Singing Bowl","floor":7.0},{"not_picked":["Blade Dance","Sucker Punch","Outmaneuver"],"picked":"Singing Bowl","floor":12.0},{"not_picked":["Die Die Die","Sucker Punch"],"picked":"Footwork","floor":14.0},{"not_picked":["Die Die Die","Tools of the Trade"],"picked":"Corpse Explosion","floor":16.0},{"not_picked":["Sucker Punch+1","Flechettes"],"picked":"Calculated Gamble","floor":18.0},{"not_picked":["Choke+1","Flying Knee","Bane"],"picked":"Singing Bowl","floor":21.0},{"not_picked":["Wraith Form v2","Dash"],"picked":"Prepared+1","floor":24}],"player_experience":574918,"relics_obtained":[{"floor":7.0,"key":"Singing Bowl"},{"floor":9.0,"key":"Matryoshka"}],"event_choices":[{"damage_healed":0.0,"max_hp_gain":5.0,"max_hp_loss":0.0,"gold_gain":0.0,"event_name":"Big Fish","player_choice":"Donut","floor":2.0,"gold_loss":0.0,"damage_taken":0.0},{"cards_removed":["Strike_G"],"damage_healed":0.0,"max_hp_gain":0.0,"max_hp_loss":0.0,"gold_gain":0.0,"event_name":"Bonfire Elementals","player_choice":"Offered Basic","floor":3.0,"gold_loss":0.0,"damage_taken":0.0},{"damage_healed":0.0,"max_hp_gain":0.0,"max_hp_loss":0.0,"gold_gain":75.0,"event_name":"World of Goop","player_choice":"Gather Gold","floor":5.0,"gold_loss":0.0,"damage_taken":11.0},{"damage_healed":0.0,"max_hp_gain":0.0,"max_hp_loss":7.0,"gold_gain":0.0,"event_name":"Golden Idol","player_choice":"Lose Max HP","floor":10.0,"gold_loss":0.0,"damage_taken":0.0,"relics_obtained":["Golden Idol"]},{"damage_healed":0.0,"max_hp_gain":0.0,"max_hp_loss":0.0,"gold_gain":0.0,"event_name":"Cursed Tome","player_choice":"Ignored","floor":19.0,"gold_loss":0.0,"damage_taken":0.0},{"cards_removed":["Strike_G"],"damage_healed":0.0,"max_hp_gain":0.0,"max_hp_loss":0.0,"gold_gain":0.0,"event_name":"Back to Basics","player_choice":"Elegance","floor":22.0,"gold_loss":0.0,"damage_taken":0.0}],"is_beta":false,"boss_relics":[{"not_picked":["Fusion Hammer","Cursed Key"],"picked":"HoveringKite"}],"items_purged_floors":[11,20],"is_endless":false,"potions_floor_spawned":[4,7,14,21,24],"killed_by":"Cultist and Chosen","ascension_level":20}}