{"host":"qvl114e0jmbc6yhm","time":1610351444,"event":{"mods":["Act Like it!","BaseMod","Hermit","Highlight Path","Hubris","Jedi Mod","Marisa????????","Marked Mod","Minty Spire (QoL Compilation)","Permanent Neow","Random Character Button","Relic Sorter","Relic Stats","Replay The Spire","Shop Mod","Spicy Shops","StSLib","The Jungle","The Runesmith"],"gold_per_floor":[111,122,122,122,135,165,165,193,193,193,232,232,257,286,286,396,396,440,440,52,83,8,57,86,128,128,172,23,50,89,117,117,197,197,235,258,258,287,314,363,363,407,407,463,497,523,551,39,39,55],"floor_reached":51,"playtime":2511,"items_purged":["Strike_R","jedi:bloodyhammer"],"score":1696,"play_id":"cef1b8ae-0a92-4d33-9689-4519332cd02c","local_time":"20210111025044","is_ascension_mode":true,"campfire_choices":[{"data":"Whirlwind","floor":7,"key":"SMITH"},{"floor":10,"key":"REST"},{"data":"Spot Weakness","floor":12,"key":"SMITH"},{"data":"Clothesline","floor":15,"key":"SMITH"},{"data":"Pommel Strike","floor":32,"key":"SMITH"},{"data":"Havoc","floor":41,"key":"SMITH"},{"data":"Limit Break","floor":49,"key":"SMITH"}],"circlet_count":0,"master_deck":["AscendersBane","Defend_R","Defend_R","Bash","Spot Weakness+1","Impervious+1","Pommel Strike+1","Whirlwind+1","Heavy Blade+1","Disarm+1","Replay:Undeath\u0027s Touch","Clothesline+1","hubris:StunningStrike+1","Flex","Reaper","Headbutt","CutThroughFate+1","Shrug It Off+1","Burning Pact","Fiend Fire+1","Limit Break+1","Replay:Undeath\u0027s Touch","Heavy Blade+1","Havoc+1","Disarm+1","Uppercut","Fire Breathing","WaveOfTheHand","CutThroughFate+1","Seeing Red","True Grit","ConjureBlade","jedi:forcepush","Replay:Sssssssssshield","ReplayUltimateDefense","Shrug It Off","Shrug It Off"],"relics":["Burning Blood","Runesmith:AutoHammer","Runesmith:Nanobots","Replay:Bandana","Pen Nib","Velvet Choker","FossilizedHelix","ReplayTheSpireMod:Spearhead","Replay:PocketPolymizer","hubris:DisguiseKit","jedi:gremlinknob","Orrery","HornCleat","Honey Jar","Blood Vial","Bag of Preparation","Ginger","hubris:SphereOfDissonance","BargainBundle","ReplayTheSpireMod:ShopPack","Strawberry","PreservedInsect","hubris:BottledRain"],"acts_visited":["Exordium","TheCity","TheBeyond"],"potions_floor_usage":[6,16,21,23,24,29,46,50,50],"damage_taken":[{"damage":8,"enemies":"Jaw Worm","floor":1,"turns":5},{"damage":3,"enemies":"2 Louse","floor":2,"turns":3},{"damage":6,"enemies":"Cultist","floor":5,"turns":5},{"damage":25,"enemies":"Gremlin Nob","floor":6,"turns":5},{"damage":25,"enemies":"3 Sentries","floor":8,"turns":8},{"damage":8,"enemies":"Gremlin Nob","floor":11,"turns":4},{"damage":0,"enemies":"3 Louse","floor":13,"turns":2},{"damage":0,"enemies":"Large Slime","floor":14,"turns":3},{"damage":0,"enemies":"Slime Boss","floor":16,"turns":5},{"damage":1,"enemies":"3 Byrds","floor":18,"turns":5},{"damage":0,"enemies":"2 Thieves","floor":21,"turns":3},{"damage":9,"enemies":"Slavers","floor":23,"turns":4},{"damage":0,"enemies":"Snake Plant","floor":24,"turns":3},{"damage":27,"enemies":"Book of Stabbing","floor":25,"turns":8},{"damage":34,"enemies":"Replay:Snechameleon","floor":27,"turns":7},{"damage":13,"enemies":"Snecko","floor":29,"turns":5},{"damage":32,"enemies":"Slavers","floor":30,"turns":6},{"damage":14,"enemies":"Cultist and Chosen","floor":31,"turns":4},{"damage":43,"enemies":"hubris:MusketHawk","floor":33,"turns":8},{"damage":0,"enemies":"3 Darklings","floor":35,"turns":1},{"damage":0,"enemies":"Orb Walker","floor":36,"turns":1},{"damage":0,"enemies":"3 Darklings","floor":38,"turns":4},{"damage":0,"enemies":"Sphere and 2 Shapes","floor":39,"turns":3},{"damage":0,"enemies":"Giant Head","floor":40,"turns":5},{"damage":0,"enemies":"Nemesis","floor":42,"turns":3},{"damage":0,"enemies":"R_Hoarder","floor":44,"turns":4},{"damage":0,"enemies":"4 Shapes","floor":45,"turns":3},{"damage":0,"enemies":"Writhing Mass","floor":46,"turns":3},{"damage":0,"enemies":"Sphere and 2 Shapes","floor":47,"turns":3},{"damage":3,"enemies":"Donu and Deca","floor":50,"turns":7}],"seed_played":"1567712787648111165","potions_obtained":[{"floor":0,"key":"BlessingOfTheForge"},{"floor":0,"key":"Weak Potion"},{"floor":1,"key":"FearPotion"},{"floor":6,"key":"GamblersBrew"},{"floor":14,"key":"jedi:StrikingPotion"},{"floor":18,"key":"AttackPotion"},{"floor":23,"key":"Adrenaline Potion"},{"floor":24,"key":"Regen Potion"},{"floor":31,"key":"Languid Potion"},{"floor":36,"key":"ElixirPotion"},{"floor":38,"key":"BloodPotion"},{"floor":39,"key":"DuplicationPotion"},{"floor":40,"key":"LifebloodPotion"},{"floor":47,"key":"Ancient Potion"}],"is_trial":false,"path_per_floor":["M","M","?","?","M","E","R","E","T","R","E","R","M","M","R","B",null,"M","?","$","M","?","E","M","E","T","E","$","M","E","M","R","B",null,"M","M","?","M","M","E","R","E","T","E","M","M","M","$","R","B",null],"character_chosen":"IRONCLAD","items_purchased":["FossilizedHelix","Orrery","BargainBundle","ReplayTheSpireMod:ShopPack","Strawberry","DuplicationPotion","Shrug It Off","PreservedInsect","hubris:BottledRain"],"campfire_rested":1,"item_purchase_floors":[20,28,48,48,48,48,48,48,48],"current_hp_per_floor":[66,69,62,62,62,43,43,24,24,46,44,44,50,56,56,62,72,75,75,75,75,75,72,75,54,54,30,30,61,75,75,75,47,68,74,75,75,75,75,75,75,75,75,75,75,75,75,82,82,82],"gold":55,"neow_bonus":"THREE_SMALL_POTIONS","is_daily":false,"chose_seed":false,"campfire_upgraded":6,"win_rate":0.0,"timestamp":1610351444,"path_taken":["M","M","?","?","M","E","R","E","T","R","E","R","?","M","R","BOSS","M","?","$","M","?","E","M","E","T","E","?","M","E","?","R","BOSS","M","?","?","M","M","E","R","E","T","E","?","M","M","$","R","BOSS"],"items_purchased_type":["Relic","Relic","Relic","Relic","Relic","Potion","Card","Relic","Relic"],"build_version":"2020-12-22","purchased_purges":2,"victory":true,"max_hp_per_floor":[75,75,75,75,75,75,75,75,75,75,75,75,75,75,75,75,75,75,75,75,75,75,75,75,75,75,75,75,75,75,75,75,75,75,75,75,75,75,75,75,75,75,75,75,75,75,75,82,82,82],"relic_stats":{"Blood Vial":0,"counters":[30,130],"Pen Nib":[16],"PreservedInsect":0,"Bag of Preparation":[10],"Ginger":[2],"obtain_stats":[{"hubris:DisguiseKit":26,"Runesmith:Nanobots":8,"BargainBundle":48,"Replay:PocketPolymizer":25,"Velvet Choker":17,"jedi:gremlinknob":27,"hubris:SphereOfDissonance":44,"Pen Nib":11,"PreservedInsect":48,"Bag of Preparation":42,"Ginger":43,"Burning Blood":0,"Blood Vial":40,"Replay:Bandana":9,"ReplayTheSpireMod:Spearhead":23,"HornCleat":30,"Strawberry":48,"Orrery":28,"Honey Jar":34,"WingedGreaves":9,"Runesmith:AutoHammer":6,"FossilizedHelix":20,"ReplayTheSpireMod:ShopPack":48,"hubris:BottledRain":48},{"hubris:DisguiseKit":14,"Runesmith:Nanobots":5,"BargainBundle":29,"Replay:PocketPolymizer":14,"Velvet Choker":9,"jedi:gremlinknob":15,"hubris:SphereOfDissonance":26,"Pen Nib":6,"PreservedInsect":29,"Bag of Preparation":25,"Ginger":25,"Burning Blood":0,"Blood Vial":24,"Replay:Bandana":5,"ReplayTheSpireMod:Spearhead":12,"HornCleat":17,"Strawberry":29,"Orrery":15,"Honey Jar":19,"WingedGreaves":5,"Runesmith:AutoHammer":4,"FossilizedHelix":10,"ReplayTheSpireMod:ShopPack":29,"hubris:BottledRain":29},{"hubris:DisguiseKit":63,"Runesmith:Nanobots":26,"BargainBundle":123,"Replay:PocketPolymizer":63,"Velvet Choker":40,"jedi:gremlinknob":70,"hubris:SphereOfDissonance":114,"Pen Nib":30,"PreservedInsect":123,"Bag of Preparation":110,"Ginger":110,"Burning Blood":0,"Blood Vial":107,"Replay:Bandana":26,"ReplayTheSpireMod:Spearhead":52,"HornCleat":81,"Strawberry":123,"Orrery":70,"Honey Jar":93,"WingedGreaves":26,"Runesmith:AutoHammer":18,"FossilizedHelix":45,"ReplayTheSpireMod:ShopPack":123,"hubris:BottledRain":123}],"Burning Blood":106},"card_choices":[{"not_picked":["Flex","Heavy Blade"],"picked":"Spot Weakness","floor":1},{"not_picked":["ReplayTheSpireMod:Corrosion Curse","ReplayTheSpireMod:Strike From Hell","jedi:suffering"],"picked":"SKIP","floor":2},{"not_picked":["Hemogenesis","Perfected Strike"],"picked":"Pommel Strike","floor":5},{"not_picked":["ReplayTheSpireMod:Strike From Hell","Berserk"],"picked":"Whirlwind","floor":6},{"not_picked":["Intimidate","Inflame"],"picked":"Heavy Blade","floor":8},{"not_picked":["Ghostly Armor","Searing Blow"],"picked":"Disarm","floor":11},{"not_picked":["Anger","Defy Death"],"picked":"Replay:Undeath\u0027s Touch","floor":13},{"not_picked":["hubris:ReadiedAction","Clash"],"picked":"Clothesline","floor":14},{"not_picked":["Bludgeon","Hemogenesis"],"picked":"hubris:StunningStrike","floor":16},{"not_picked":["Whirlwind","Heavy Blade"],"picked":"Flex","floor":18},{"not_picked":["Second Wind","ReplayTheSpireMod:Strike From Hell","Flex"],"picked":"SKIP","floor":21},{"not_picked":["hubris:ReadiedAction","ReplayTheSpireMod:Muscle Training"],"picked":"Reaper","floor":23},{"not_picked":["Burning Pact","Wild Strike","Dual Wield"],"picked":"SKIP","floor":24},{"not_picked":["Power Through","Fire Breathing+1"],"picked":"jedi:bloodyhammer","floor":25},{"not_picked":["Headbutt","Heavy Blade","Fire Breathing","Replay:Vibes"],"picked":"SKIP","floor":27},{"not_picked":["Heavy Blade","Fire Breathing","Replay:Vibes"],"picked":"Headbutt","floor":27},{"not_picked":["hubris:ReadiedAction","Rupture","True Grit+1"],"picked":"CutThroughFate","floor":28},{"not_picked":["Havoc","Pommel Strike","Worship"],"picked":"Shrug It Off+1","floor":28},{"not_picked":["Thunderclap","Dual Wield","FollowUp"],"picked":"Burning Pact","floor":28},{"not_picked":["Replay:Undeath\u0027s Touch","Twin Strike","ReplayTheSpireMod:Corrosion Curse","FlurryOfBlows"],"picked":"SKIP","floor":29},{"not_picked":["Headbutt","Perfected Strike","Armaments","ForeignInfluence"],"picked":"SKIP","floor":30},{"not_picked":["Wild Strike","Infernal Blade","hubris:ReadiedAction","Sanctity"],"picked":"SKIP","floor":31},{"not_picked":["Double Tap","Impervious","Vault"],"picked":"Limit Break","floor":33},{"not_picked":["ReplayTheSpireMod:Corrosion Curse","Twin Strike","True Grit","MarkedMod:Acupuncture"],"picked":"Replay:Undeath\u0027s Touch","floor":35},{"not_picked":["Wild Strike","Rupture+1","Sentinel+1","MarkedMod:GracefulMovements"],"picked":"Heavy Blade+1","floor":36},{"not_picked":["Clothesline+1","Whirlwind+1","Run Through","EmptyBody"],"picked":"Havoc","floor":38},{"not_picked":["ReplayTheSpireMod:Corrosion Curse+1","Shockwave","Warcry","Collect"],"picked":"Disarm+1","floor":39},{"not_picked":["Carnage","Sword Boomerang","Bloodletting","Evaluate"],"picked":"Uppercut","floor":40},{"not_picked":["Armaments","jedi:hate","Berserk","Whirlwind"],"picked":"WaveOfTheHand","floor":42},{"not_picked":["Entrench","Thunderclap","Cleave","Armaments"],"picked":"CutThroughFate","floor":44},{"not_picked":["Iron Wave","Twin Strike","Run Through","Halt"],"picked":"Seeing Red","floor":45},{"not_picked":["Armaments","Wild Strike+1","Thunderclap","MarkedMod:FirstStrike"],"picked":"True Grit","floor":46},{"not_picked":["Hemokinesis+1","Headbutt","Thunderclap","Havoc"],"picked":"ConjureBlade","floor":47},{"not_picked":["hubris:Insight","Replay:Sssssssssstrike","Mayhem","PanicButton"],"picked":"jedi:forcepush","floor":48},{"not_picked":["Secret Weapon","Replay:Bootleg Shield Generator","Magnetism","Discovery"],"picked":"Replay:Sssssssssshield","floor":48},{"not_picked":["Master of Strategy","jedi:cleanse","Mayhem","Panache"],"picked":"ReplayUltimateDefense","floor":48}],"player_experience":2442152,"relics_obtained":[{"floor":6,"key":"Runesmith:AutoHammer"},{"floor":8,"key":"Runesmith:Nanobots"},{"floor":9,"key":"Replay:Bandana"},{"floor":11,"key":"Pen Nib"},{"floor":23,"key":"ReplayTheSpireMod:Spearhead"},{"floor":25,"key":"Replay:PocketPolymizer"},{"floor":26,"key":"hubris:DisguiseKit"},{"floor":27,"key":"jedi:gremlinknob"},{"floor":30,"key":"HornCleat"},{"floor":40,"key":"Blood Vial"},{"floor":42,"key":"Bag of Preparation"},{"floor":43,"key":"Ginger"},{"floor":44,"key":"hubris:SphereOfDissonance"}],"event_choices":[{"cards_removed":["Strike_R"],"damage_healed":0,"gold_gain":0,"player_choice":"Card Removal","damage_taken":7,"max_hp_gain":0,"max_hp_loss":0,"event_name":"Golden Wing","floor":3,"gold_loss":0},{"damage_healed":0,"gold_gain":0,"cards_transformed":["Strike_R"],"player_choice":"Transformed","damage_taken":0,"max_hp_gain":0,"max_hp_loss":0,"event_name":"Transmorgrifier","floor":4,"gold_loss":0,"cards_obtained":["Impervious"]},{"cards_removed":["Strike_R"],"damage_healed":0,"gold_gain":0,"player_choice":"Gave Gold","damage_taken":0,"max_hp_gain":0,"max_hp_loss":0,"event_name":"Beggar","floor":22,"gold_loss":75},{"damage_healed":0,"gold_gain":0,"player_choice":"Upgraded","damage_taken":0,"max_hp_gain":0,"max_hp_loss":0,"event_name":"Upgrade Shrine","floor":37,"gold_loss":0,"cards_upgraded":["Disarm"]}],"is_beta":false,"boss_relics":[{"not_picked":["jedi:battlestandard","Kintsugi"],"picked":"Velvet Choker"},{"not_picked":["Runic Pyramid","hubris:VirtuousBlindfold"],"picked":"Honey Jar"}],"items_purged_floors":[20,48],"is_endless":false,"potions_floor_spawned":[1,6,14,18,23,24,31,36,38,39,40,47],"ascension_level":14}}