{"host":"qdfumeom6htv8yxl","time":1610385273,"event":{"mods":["AchievementEnabler","BaseMod","Bestiary","Block Reminder","Minty Spire (QoL Compilation)","Quick Restart","Relic Stats"],"gold_per_floor":[365,365,365,385,45,45,58,58,83,83,99,125,137,157,157,235,235,246,266,283,14,14,14,41,41,113,144,144,194,227,36,36,107,157,172,186,39,39,56,87,112,141,141,141,170,170,184,213,222,222],"floor_reached":51,"playtime":2424,"items_purged":["Strike_B+1"],"score":1381,"play_id":"7f66feb0-09cf-443a-9acc-c73da1595f87","local_time":"20210111111433","is_ascension_mode":true,"campfire_choices":[{"data":"Biased Cognition","floor":6.0,"key":"SMITH"},{"data":"Zap","floor":8.0,"key":"SMITH"},{"data":"Ball Lightning","floor":10.0,"key":"SMITH"},{"floor":15.0,"key":"REST"},{"floor":23.0,"key":"REST"},{"floor":25.0,"key":"REST"},{"floor":32,"key":"REST"},{"floor":44,"key":"REST"},{"floor":46,"key":"REST"},{"floor":49,"key":"REST"}],"circlet_count":0,"master_deck":["AscendersBane","Strike_B+1","Strike_B+1","Strike_B+1","Defend_B+1","Defend_B+1","Defend_B+1","Defend_B+1","Zap+1","Dualcast","Defragment+1","Rebound","Biased Cognition+1","Cold Snap","Ball Lightning+1","Ball Lightning","Conserve Battery","Chill","Leap","Seek","Capacitor+1","Doom and Gloom+1","Cold Snap+1","Machine Learning","Ball Lightning+1","Coolheaded","Redo+1","Hologram"],"relics":["Cracked Core","Girya","OrangePellets","Bronze Scales","Molten Egg 2","Fusion Hammer","Mummified Hand","Regal Pillow","Pantograph","Orichalcum","Dream Catcher","Letter Opener","Tiny House","Runic Capacitor","Prayer Wheel","Turnip","Happy Flower","Ornamental Fan","CeramicFish"],"acts_visited":["Exordium","TheCity","TheBeyond"],"potions_floor_usage":[30,48,48,50],"damage_taken":[{"damage":8.0,"enemies":"Small Slimes","floor":1.0,"turns":4.0},{"damage":4.0,"enemies":"Jaw Worm","floor":4.0,"turns":3.0},{"damage":0.0,"enemies":"Cultist","floor":7.0,"turns":3.0},{"damage":17.0,"enemies":"Lots of Slimes","floor":11.0,"turns":2.0},{"damage":14.0,"enemies":"Lagavulin","floor":12.0,"turns":4.0},{"damage":0.0,"enemies":"Gremlin Gang","floor":13.0,"turns":4.0},{"damage":6.0,"enemies":"Blue Slaver","floor":14.0,"turns":2.0},{"damage":4.0,"enemies":"Slime Boss","floor":16.0,"turns":6.0},{"damage":16.0,"enemies":"2 Thieves","floor":18.0,"turns":4.0},{"damage":15.0,"enemies":"3 Byrds","floor":19.0,"turns":3.0},{"damage":24.0,"enemies":"Snecko","floor":20.0,"turns":4.0},{"damage":13.0,"enemies":"Slavers","floor":24.0,"turns":5.0},{"damage":4.0,"enemies":"Book of Stabbing","floor":27.0,"turns":5.0},{"damage":5,"enemies":"Gremlin Leader","floor":30,"turns":6},{"damage":28,"enemies":"Champ","floor":33,"turns":8},{"damage":14,"enemies":"3 Darklings","floor":35,"turns":4},{"damage":3,"enemies":"Orb Walker","floor":36,"turns":2},{"damage":26,"enemies":"3 Darklings","floor":39,"turns":3},{"damage":5,"enemies":"Giant Head","floor":40,"turns":8},{"damage":18,"enemies":"Mind Bloom Boss Battle","floor":41,"turns":5},{"damage":13,"enemies":"Nemesis","floor":42,"turns":7},{"damage":0,"enemies":"Giant Head","floor":45,"turns":7},{"damage":23,"enemies":"Jaw Worm Horde","floor":47,"turns":4},{"damage":7,"enemies":"Transient","floor":48,"turns":5},{"damage":60,"enemies":"Awakened One","floor":50,"turns":10}],"seed_played":"8496549808509865094","potions_obtained":[{"floor":1.0,"key":"Block Potion"},{"floor":4.0,"key":"SpeedPotion"},{"floor":12.0,"key":"Ancient Potion"},{"floor":13.0,"key":"Regen Potion"},{"floor":18.0,"key":"Weak Potion"},{"floor":19.0,"key":"SneckoOil"},{"floor":27.0,"key":"AttackPotion"},{"floor":34,"key":"Energy Potion"},{"floor":36,"key":"EntropicBrew"},{"floor":45,"key":"AttackPotion"}],"is_trial":false,"path_per_floor":["M","?","?","M","$","R","M","R","T","R","M","E","M","M","R","B",null,"M","M","M","$","?","R","E","R","T","E","?","T","E","$","R","B",null,"M","M","$","?","M","E","?","E","T","R","E","R","M","M","R","B",null],"character_chosen":"DEFECT","items_purchased":["OrangePellets","Biased Cognition","Cold Snap","Mummified Hand","Leap","Capacitor","Doom and Gloom+1","Runic Capacitor"],"campfire_rested":7,"item_purchase_floors":[5,5,5,21,21,31,31,37],"current_hp_per_floor":[56,56,56,52,52,52,52,52,52,52,35,21,21,15,34,45,59,43,28,4,4,4,23,10,44,44,40,40,40,35,35,64,36,62,48,45,45,45,19,14,21,8,8,43,43,69,46,39,69,9],"gold":222,"neow_bonus":"TWO_FIFTY_GOLD","is_daily":false,"chose_seed":false,"campfire_upgraded":3,"win_rate":0.0,"timestamp":1610385273,"path_taken":["M","?","?","?","$","R","M","R","T","R","M","E","?","M","R","BOSS","M","M","?","$","?","R","E","R","T","E","?","?","E","$","R","BOSS","M","M","$","?","M","E","?","E","T","R","E","R","M","M","R","BOSS"],"items_purchased_type":["Relic","Card","Card","Relic","Card","Card","Card","Relic"],"build_version":"2020-12-22","purchased_purges":1,"victory":true,"max_hp_per_floor":[64,64,64,64,64,64,64,64,64,64,64,64,64,64,64,64,64,64,64,64,64,64,64,64,64,64,64,64,64,64,64,64,64,69,69,69,69,69,69,69,69,69,69,69,69,69,69,69,69,69],"relic_stats":{"Regal Pillow":56,"Happy Flower":[8],"counters":[25,118],"CeramicFish":18,"Letter Opener":[131],"Orichalcum":[42],"OrangePellets":[25],"Dream Catcher":4,"Mummified Hand":[42],"Ornamental Fan":[36],"Bronze Scales":[383],"Pantograph":25,"Prayer Wheel":2,"Turnip":[0],"obtain_stats":[{"Girya":3,"Regal Pillow":24,"Tiny House":34,"Happy Flower":42,"CeramicFish":45,"Runic Capacitor":37,"Letter Opener":30,"Orichalcum":27,"OrangePellets":5,"Dream Catcher":29,"Mummified Hand":21,"Ornamental Fan":43,"Bronze Scales":9,"Pantograph":26,"Molten Egg 2":12,"Prayer Wheel":40,"Fusion Hammer":17,"Turnip":41,"Cracked Core":0},{"Girya":1,"Regal Pillow":12,"Tiny House":15,"Happy Flower":21,"CeramicFish":22,"Runic Capacitor":17,"Letter Opener":14,"Orichalcum":13,"OrangePellets":2,"Dream Catcher":13,"Mummified Hand":11,"Ornamental Fan":21,"Bronze Scales":3,"Pantograph":12,"Molten Egg 2":5,"Prayer Wheel":19,"Fusion Hammer":8,"Turnip":20,"Cracked Core":0},{"Girya":4,"Regal Pillow":44,"Tiny House":63,"Happy Flower":92,"CeramicFish":99,"Runic Capacitor":69,"Letter Opener":55,"Orichalcum":49,"OrangePellets":7,"Dream Catcher":49,"Mummified Hand":39,"Ornamental Fan":92,"Bronze Scales":10,"Pantograph":44,"Molten Egg 2":16,"Prayer Wheel":80,"Fusion Hammer":28,"Turnip":85,"Cracked Core":0}]},"card_choices":[{"not_picked":["Self Repair","Glacier"],"picked":"Defragment","floor":1.0},{"not_picked":["Stack","Tempest"],"picked":"Rebound","floor":4.0},{"not_picked":["Steam Power","Chill"],"picked":"Ball Lightning","floor":7.0},{"not_picked":["Melter","Turbo"],"picked":"Ball Lightning","floor":11.0},{"not_picked":["Steam","Go for the Eyes+1","Rainbow"],"picked":"SKIP","floor":12.0},{"not_picked":["White Noise","Streamline+1","Go for the Eyes+1"],"picked":"SKIP","floor":13.0},{"not_picked":["Rebound+1","Stack","Tempest"],"picked":"SKIP","floor":14.0},{"not_picked":["Beam Cell+1","Leap"],"picked":"Conserve Battery","floor":18.0},{"not_picked":["Auto Shields","Streamline+1"],"picked":"Chill","floor":19.0},{"not_picked":["Doom and Gloom+1","Streamline+1","Compile Driver+1"],"picked":"SKIP","floor":20.0},{"not_picked":["Ball Lightning+1","Barrage+1"],"picked":"Seek","floor":24.0},{"not_picked":["Redo","Leap","Multi-Cast"],"picked":"SKIP","floor":27.0},{"not_picked":["Redo","Leap"],"picked":"Multi-Cast","floor":27.0},{"not_picked":["Skim","Conserve Battery","Compile Driver+1"],"picked":"SKIP","floor":30},{"not_picked":["Chill","Ball Lightning+1"],"picked":"Cold Snap+1","floor":32},{"not_picked":["Creative AI","Amplify"],"picked":"Machine Learning","floor":33},{"not_picked":["Genetic Algorithm","Streamline+1"],"picked":"Ball Lightning+1","floor":34},{"not_picked":["BootSequence+1","Steam","Blizzard+1"],"picked":"SKIP","floor":35},{"not_picked":["Fusion","Cold Snap+1","Rebound+1"],"picked":"SKIP","floor":36},{"not_picked":["Beam Cell+1","Sunder+1"],"picked":"Coolheaded","floor":39},{"not_picked":["Melter+1","Barrage+1","Cold Snap+1"],"picked":"SKIP","floor":40},{"not_picked":["Sweeping Beam+1","Steam","Reprogram"],"picked":"SKIP","floor":42},{"not_picked":["Ball Lightning+1","Creative AI","Compile Driver+1"],"picked":"SKIP","floor":45},{"not_picked":["Double Energy+1","Conserve Battery+1","Aggregate"],"picked":"SKIP","floor":47},{"not_picked":["BootSequence+1","Turbo","Stack"],"picked":"SKIP","floor":47},{"not_picked":["Sweeping Beam+1","Rebound+1"],"picked":"Redo+1","floor":48},{"not_picked":["Auto Shields+1","Cold Snap+1","Loop+1"],"picked":"SKIP","floor":48},{"not_picked":["FTL+1","Redo"],"picked":"Hologram","floor":49}],"player_experience":1785510,"relics_obtained":[{"floor":9.0,"key":"Bronze Scales"},{"floor":12.0,"key":"Molten Egg 2"},{"floor":24.0,"key":"Regal Pillow"},{"floor":26.0,"key":"Pantograph"},{"floor":27.0,"key":"Orichalcum"},{"floor":29,"key":"Dream Catcher"},{"floor":30,"key":"Letter Opener"},{"floor":40,"key":"Prayer Wheel"},{"floor":41,"key":"Turnip"},{"floor":42,"key":"Happy Flower"},{"floor":43,"key":"Ornamental Fan"},{"floor":45,"key":"CeramicFish"}],"event_choices":[{"damage_healed":0.0,"max_hp_gain":0.0,"max_hp_loss":0.0,"gold_gain":0.0,"event_name":"Living Wall","player_choice":"Grow","floor":2.0,"gold_loss":0.0,"damage_taken":0.0,"cards_upgraded":["Defragment"]},{"damage_healed":0.0,"max_hp_gain":0.0,"max_hp_loss":0.0,"gold_gain":0.0,"event_name":"WeMeetAgain","player_choice":"Gave Potion","floor":3.0,"gold_loss":0.0,"damage_taken":0.0,"relics_obtained":["Girya"]},{"damage_healed":0.0,"max_hp_gain":0.0,"max_hp_loss":0.0,"gold_gain":0.0,"event_name":"Back to Basics","player_choice":"Simplicity","floor":22.0,"gold_loss":0.0,"damage_taken":0.0,"cards_upgraded":["Strike_B","Strike_B","Strike_B","Strike_B","Defend_B","Defend_B","Defend_B","Defend_B"]},{"damage_healed":0,"gold_gain":0,"player_choice":"Ignored","damage_taken":0,"max_hp_gain":0,"max_hp_loss":0,"event_name":"Cursed Tome","floor":28,"gold_loss":0},{"cards_removed":["Multi-Cast"],"damage_healed":0,"gold_gain":0,"player_choice":"Removed Skill","damage_taken":0,"max_hp_gain":0,"max_hp_loss":0,"event_name":"Falling","floor":38,"gold_loss":0},{"damage_healed":0,"gold_gain":0,"player_choice":"Fight","damage_taken":0,"max_hp_gain":0,"max_hp_loss":0,"event_name":"MindBloom","floor":41,"gold_loss":0}],"is_beta":false,"boss_relics":[{"not_picked":["Empty Cage","Calling Bell"],"picked":"Fusion Hammer"},{"not_picked":["Runic Pyramid","Snecko Eye"],"picked":"Tiny House"}],"items_purged_floors":[31],"is_endless":false,"potions_floor_spawned":[1,4,12,13,14,18,19,27,36,42,45],"ascension_level":14}}