{"host":"oehe2dxjvdgux73m","time":1610336111,"event":{"mods":["AchievementEnabler","BaseMod","Colored Map","Colored Powertips","DeckTracker","Keyboard Shortcuts","Minty Spire (QoL Compilation)","Permanent Neow","Quick Restart","StSLib","SuperFastMode"],"gold_per_floor":[359,359,333,347,347,347,385,399,399,440,440,471,471,494,494,494,494],"floor_reached":16,"playtime":464,"items_purged":[],"score":124,"play_id":"3817f653-0ae9-44dc-88e0-fdeedcdb42c6","local_time":"20210111123511","is_ascension_mode":true,"campfire_choices":[{"data":"Pommel Strike","floor":6.0,"key":"SMITH"},{"floor":11.0,"key":"REST"},{"data":"Searing Blow","floor":15,"key":"SMITH"}],"circlet_count":0,"master_deck":["Strike_R","Strike_R","Strike_R","Strike_R","Strike_R","Defend_R","Defend_R","Defend_R","Bash","Cleave","Warcry","Pommel Strike+1","Dual Wield","Inflame","Searing Blow+1"],"relics":["Burning Blood","Golden Idol","Prayer Wheel","StoneCalendar","Letter Opener","Ice Cream"],"acts_visited":["Exordium"],"potions_floor_usage":[12],"damage_taken":[{"damage":7.0,"enemies":"Small Slimes","floor":1.0,"turns":3.0},{"damage":1.0,"enemies":"Cultist","floor":4.0,"turns":3.0},{"damage":24.0,"enemies":"Gremlin Nob","floor":7.0,"turns":4.0},{"damage":6.0,"enemies":"Jaw Worm","floor":8.0,"turns":3.0},{"damage":21.0,"enemies":"Lagavulin","floor":10.0,"turns":7.0},{"damage":18,"enemies":"3 Sentries","floor":12,"turns":5},{"damage":0,"enemies":"3 Louse","floor":14,"turns":3},{"damage":49,"enemies":"Hexaghost","floor":16,"turns":7}],"seed_played":"2835757221297012899","potions_obtained":[{"floor":1.0,"key":"Energy Potion"},{"floor":7.0,"key":"SteroidPotion"},{"floor":8.0,"key":"Ancient Potion"}],"is_trial":false,"path_per_floor":["M","?","$","M","?","R","E","M","T","E","R","E","?","M","R","B"],"character_chosen":"IRONCLAD","items_purchased":["Warcry"],"campfire_rested":1,"item_purchase_floors":[3],"current_hp_per_floor":[55,55,55,60,60,60,42,42,42,27,49,37,37,43,43,0,0],"gold":494,"neow_bonus":"TWO_FIFTY_GOLD","is_daily":false,"chose_seed":false,"campfire_upgraded":2,"win_rate":0.0,"timestamp":1610336111,"path_taken":["M","?","$","?","?","R","E","M","T","E","R","E","?","M","R","BOSS"],"items_purchased_type":["Card"],"build_version":"2020-12-22","purchased_purges":0,"victory":false,"max_hp_per_floor":[80,80,80,80,74,74,74,74,74,74,74,74,74,74,74,74,74],"card_choices":[{"not_picked":["Searing Blow","Wild Strike"],"picked":"Cleave","floor":1.0},{"not_picked":["Burning Pact","Disarm"],"picked":"Pommel Strike","floor":4.0},{"not_picked":["Heavy Blade","Dropkick","Anger"],"picked":"SKIP","floor":7.0},{"not_picked":["Perfected Strike","True Grit"],"picked":"Dual Wield","floor":8.0},{"not_picked":["Blood for Blood","Twin Strike"],"picked":"Inflame","floor":8.0},{"not_picked":["Cleave","Entrench"],"picked":"Searing Blow","floor":10.0},{"not_picked":["Heavy Blade","Dual Wield","Headbutt"],"picked":"SKIP","floor":12},{"not_picked":["Reckless Charge","True Grit","Pummel"],"picked":"SKIP","floor":14},{"not_picked":["Twin Strike","Battle Trance","Fiend Fire"],"picked":"SKIP","floor":14},{"not_picked":["Reckless Charge","True Grit","Pummel"],"picked":"SKIP","floor":14},{"not_picked":["Twin Strike","Battle Trance","Fiend Fire"],"picked":"SKIP","floor":14}],"player_experience":88141,"relics_obtained":[{"floor":7.0,"key":"Prayer Wheel"},{"floor":9.0,"key":"StoneCalendar"},{"floor":10.0,"key":"Letter Opener"},{"floor":12,"key":"Ice Cream"}],"event_choices":[{"cards_removed":["Defend_R"],"damage_healed":0.0,"max_hp_gain":0.0,"max_hp_loss":0.0,"gold_gain":0.0,"event_name":"Purifier","player_choice":"Purged","floor":2.0,"gold_loss":0.0,"damage_taken":0.0},{"damage_healed":0.0,"max_hp_gain":0.0,"max_hp_loss":6.0,"gold_gain":0.0,"event_name":"Golden Idol","player_choice":"Lose Max HP","floor":5.0,"gold_loss":0.0,"damage_taken":0.0,"relics_obtained":["Golden Idol"]},{"damage_healed":0,"gold_gain":0,"player_choice":"Ignored","damage_taken":0,"max_hp_gain":0,"max_hp_loss":0,"event_name":"Liars Game","floor":13,"gold_loss":0}],"is_beta":false,"boss_relics":[],"items_purged_floors":[],"is_endless":false,"potions_floor_spawned":[1,7,8],"killed_by":"Hexaghost","ascension_level":1}}