{"host":"g200jza2br9hmesm","time":1610337434,"event":{"mods":["AchievementEnabler","BaseMod","Colored Map","Downfall","Minty Spire (QoL Compilation)","Quick Restart","Relic Stats","StSLib"],"gold_per_floor":[119,119,5,18,18,18,44,44,44,78,6,6,20,39,39,137,137,147,161,86,86,103,134,151,151,151,151,5,335,335,1,1,96,96,111,1110,1110,1129,1129,1129,1129,1129],"floor_reached":41,"playtime":1013,"items_purged":["Strike_B","Defend_B"],"score":600,"play_id":"33b5604e-ba55-49cc-aba8-c68cb5a01127","local_time":"20210110225714","is_ascension_mode":true,"campfire_choices":[{"data":"Zap","floor":6,"key":"SMITH"},{"data":"Static Discharge","floor":8,"key":"SMITH"},{"data":"Storm","floor":12,"key":"SMITH"},{"floor":15,"key":"REST"},{"floor":25,"key":"REST"},{"data":"Capacitor","floor":30,"key":"SMITH"},{"data":"Dualcast","floor":32,"key":"SMITH"},{"data":"Amplify","floor":40,"key":"SMITH"}],"circlet_count":0,"master_deck":["Defend_B","Defend_B","Zap+1","Hello World","Capacitor+1","Static Discharge+1","Storm+1","Biased Cognition+1","Static Discharge","Defragment+1","Amplify+1","Normality","Guardian:Aged"],"relics":["Cracked Core","NeowsBlessing","InkBottle","FaceOfCleric","Orichalcum","Meat on the Bone","Akabeko","Empty Cage","Anchor","Matryoshka","Membership Card","Old Coin","Dead Branch","Bottled Tornado","Inserter"],"acts_visited":["Exordium","TheCity","TheBeyond"],"potions_floor_usage":[23,23,33,33],"damage_taken":[{"damage":0,"enemies":"Jaw Worm","floor":1,"turns":1},{"damage":0,"enemies":"2 Louse","floor":4,"turns":1},{"damage":0,"enemies":"3 Sentries","floor":7,"turns":1},{"damage":26,"enemies":"Gremlin Nob","floor":10,"turns":4},{"damage":0,"enemies":"Cultist","floor":13,"turns":2},{"damage":17,"enemies":"Exordium Wildlife","floor":14,"turns":3},{"damage":36,"enemies":"Hexaghost","floor":16,"turns":5},{"damage":6,"enemies":"Shell Parasite","floor":18,"turns":3},{"damage":6,"enemies":"3 Byrds","floor":19,"turns":3},{"damage":22,"enemies":"Shelled Parasite and Fungi","floor":22,"turns":3},{"damage":30,"enemies":"Slavers","floor":23,"turns":3},{"damage":11,"enemies":"Sentry and Sphere","floor":24,"turns":3},{"damage":24,"enemies":"Gremlin Leader","floor":29,"turns":3},{"damage":22,"enemies":"Automaton","floor":33,"turns":4},{"damage":15,"enemies":"3 Shapes","floor":35,"turns":3},{"damage":13,"enemies":"3 Darklings","floor":38,"turns":3},{"damage":52,"enemies":"Jaw Worm Horde","floor":41,"turns":3}],"seed_played":"-8607586765291477517","potions_obtained":[{"floor":1,"key":"EssenceOfSteel"},{"floor":14,"key":"SpeedPotion"},{"floor":16,"key":"PotionOfCapacity"},{"floor":23,"key":"Energy Potion"},{"floor":33,"key":"PowerPotion"}],"is_trial":false,"path_per_floor":["M","?","$","M","?","R","E","R","T","E","$","R","M","M","R","B",null,"M","M","?","?","M","E","M","R","T","?","$","E","R","$","R","B",null,"M","?","?","M","?","R","M"],"character_chosen":"DEFECT","items_purchased":["Capacitor","Storm","Membership Card","Dead Branch","Bottled Tornado"],"campfire_rested":2,"item_purchase_floors":[3,11,28,31,31],"current_hp_per_floor":[75,63,63,63,63,63,64,64,64,51,51,51,52,48,71,48,72,67,62,62,62,53,36,38,63,63,63,63,52,52,52,52,43,76,62,62,62,50,50,50,0,0],"gold":1129,"neow_bonus":"THREE_ENEMY_KILL","is_daily":false,"chose_seed":false,"campfire_upgraded":6,"win_rate":0.0,"timestamp":1610337434,"path_taken":["M","?","$","M","?","R","E","R","T","E","$","R","M","M","R","BOSS","M","?","?","?","?","E","M","R","T","?","?","E","R","$","R","BOSS","M","?","?","M","?","R","M"],"items_purchased_type":["Card","Card","Relic","Relic","Relic"],"build_version":"2020-12-22","purchased_purges":2,"victory":false,"max_hp_per_floor":[75,75,75,75,75,75,76,76,76,77,77,77,78,79,79,80,80,81,82,82,82,83,84,85,85,85,85,85,86,86,86,86,87,87,88,88,88,89,89,89,89,89],"relic_stats":{"Inserter":[4],"FaceOfCleric":14,"counters":[17,48],"Dead Branch":[5],"Orichalcum":[174],"obtain_stats":[{"Inserter":34,"NeowsBlessing":0,"Dead Branch":31,"Orichalcum":7,"Bottled Tornado":31,"Empty Cage":17,"Akabeko":10,"Old Coin":29,"Anchor":23,"Matryoshka":26,"FaceOfCleric":5,"Membership Card":28,"Cracked Core":0,"InkBottle":2,"Meat on the Bone":9},{"Inserter":14,"NeowsBlessing":0,"Dead Branch":13,"Orichalcum":3,"Bottled Tornado":13,"Empty Cage":7,"Akabeko":4,"Old Coin":13,"Anchor":11,"Matryoshka":12,"FaceOfCleric":2,"Membership Card":12,"Cracked Core":0,"InkBottle":1,"Meat on the Bone":3},{"Inserter":39,"NeowsBlessing":0,"Dead Branch":35,"Orichalcum":3,"Bottled Tornado":35,"Empty Cage":17,"Akabeko":7,"Old Coin":35,"Anchor":29,"Matryoshka":32,"FaceOfCleric":2,"Membership Card":32,"Cracked Core":0,"InkBottle":1,"Meat on the Bone":3}],"InkBottle":[14],"Meat on the Bone":96},"card_choices":[{"not_picked":["Hologram","Cold Snap"],"picked":"Hello World","floor":1},{"not_picked":["Sweeping Beam","Turbo","Gash"],"picked":"SKIP","floor":4},{"not_picked":["Conserve Battery","Lockon"],"picked":"Static Discharge","floor":7},{"not_picked":["BootSequence","Compile Driver","Coolheaded"],"picked":"SKIP","floor":10},{"not_picked":["Barrage","Gash","Compile Driver"],"picked":"SKIP","floor":13},{"not_picked":["Steam Power","Coolheaded","Cold Snap"],"picked":"SKIP","floor":14},{"not_picked":["Rainbow","Fission"],"picked":"Biased Cognition","floor":16},{"not_picked":["Conserve Battery","Leap+1","Stack"],"picked":"SKIP","floor":18},{"not_picked":["Conserve Battery","Double Energy"],"picked":"Static Discharge","floor":19},{"not_picked":["Blizzard","FTL","Coolheaded"],"picked":"SKIP","floor":22},{"not_picked":["Sweeping Beam","Ball Lightning"],"picked":"Defragment+1","floor":23},{"not_picked":["Turbo","Sweeping Beam","Stack"],"picked":"SKIP","floor":24},{"not_picked":["Consume","Auto Shields","Reinforced Body+1"],"picked":"SKIP","floor":29},{"not_picked":["Thunder Strike","Machine Learning"],"picked":"Amplify","floor":33},{"not_picked":["Rebound","Hologram+1","Coolheaded"],"picked":"SKIP","floor":35},{"not_picked":["Coolheaded","Leap+1","Gash+1"],"picked":"SKIP","floor":38}],"player_experience":515729,"relics_obtained":[{"floor":7,"key":"Orichalcum"},{"floor":9,"key":"Meat on the Bone"},{"floor":10,"key":"Akabeko"},{"floor":23,"key":"Anchor"},{"floor":26,"key":"Matryoshka"},{"floor":29,"key":"Old Coin"}],"event_choices":[{"damage_healed":0,"gold_gain":0,"player_choice":"Success","damage_taken":12,"relics_obtained":["InkBottle"],"max_hp_gain":0,"max_hp_loss":0,"event_name":"Scrap Ooze","floor":2,"gold_loss":0},{"damage_healed":0,"gold_gain":0,"player_choice":"Trade","damage_taken":0,"relics_obtained":["FaceOfCleric"],"max_hp_gain":0,"max_hp_loss":0,"event_name":"FaceTrader","floor":5,"gold_loss":0},{"cards_removed":["Strike_B"],"damage_healed":0,"gold_gain":0,"player_choice":"Gave Gold","damage_taken":0,"max_hp_gain":0,"max_hp_loss":0,"event_name":"Beggar","floor":20,"gold_loss":75},{"damage_healed":0,"gold_gain":0,"player_choice":"Forge","damage_taken":0,"max_hp_gain":0,"max_hp_loss":0,"event_name":"Accursed Blacksmith","floor":21,"gold_loss":0,"cards_upgraded":["Biased Cognition"]},{"cards_removed":["Defend_B"],"damage_healed":0,"gold_gain":0,"player_choice":"Purged","damage_taken":0,"max_hp_gain":0,"max_hp_loss":0,"event_name":"Purifier","floor":27,"gold_loss":0},{"damage_healed":0,"gold_gain":999,"player_choice":"Gold","damage_taken":0,"max_hp_gain":0,"max_hp_loss":0,"event_name":"MindBloom","floor":36,"gold_loss":0,"cards_obtained":["Normality","Normality"]},{"cards_removed":["Dualcast"],"damage_healed":0,"gold_gain":0,"player_choice":"Removed Skill","damage_taken":0,"max_hp_gain":0,"max_hp_loss":0,"event_name":"Falling","floor":37,"gold_loss":0},{"damage_healed":0,"gold_gain":0,"cards_transformed":["Normality"],"player_choice":"Transformed","damage_taken":0,"max_hp_gain":0,"max_hp_loss":0,"event_name":"Transmorgrifier","floor":39,"gold_loss":0,"cards_obtained":["Guardian:Aged"]}],"is_beta":false,"boss_relics":[{"not_picked":["Runic Pyramid","FrozenCore"],"picked":"Empty Cage"},{"not_picked":["Velvet Choker","SacredBark"],"picked":"Inserter"}],"items_purged_floors":[3,31],"is_endless":false,"potions_floor_spawned":[1,14,16,19,22,23,33],"killed_by":"Jaw Worm Horde","ascension_level":5}}