{"host":"3j2m8n0ywf988fwb","time":1610399602,"event":{"mods":["2.2 Compatiblity","Aspiration","BaseMod","Better Altar","Better Match","Better Note","Better Sensory Stone","Better Skull","Better Third Choice","CCEM","Colored Map","Colored Powertips","Dark Map","GifTheSpireLib","Halation","HexUI Lib","Highlight Path","Hubris","Infinite Spire","Jedi Mod","Mimic Mod","Minty Spire (QoL Compilation)","Random Character Button","Replay The Spire","StSLib","Stuff the Spire","The Animator","Unceasing Turn Reminder","everything is the same but u backflip on backflip"],"gold_per_floor":[113,42,42,42,53,87,87,116,155,59,76,115,125,125,125,225,225,247,9,9,9,20,20,20],"floor_reached":23,"playtime":1032,"items_purged":[],"score":235,"play_id":"f164d657-fc37-45a9-a815-6af2b591d046","local_time":"20210111151322","is_ascension_mode":true,"campfire_choices":[{"data":"Regret","floor":7,"key":"SMITH"}],"circlet_count":0,"master_deck":["animator:Strike_FullmetalAlchemist","animator:Defend_FullmetalAlchemist","animator:Strike+1","animator:Defend","animator:Defend","animator:Defend","animator:ElricEdward","animator:ElricAlphonse","animator:FielNirvalen+1","animator:Sloth+1","animator:PandorasActor","animator:IchigoKurosaki+1","animator:Jibril","animator:Envy","animator:Scar","animator:IchigoKurosaki","animator:ElricAlphonse"],"relics":["animator:LivingPicture","animator:TheMissingPiece","NeowsBlessing","StuffTheSpire:RedRose","halation:PrussianBluePaint","Toy Ornithopter","Empty Cage","DollysMirror"],"acts_visited":["Exordium","TheCity"],"potions_floor_usage":[12,16],"damage_taken":[{"damage":0,"enemies":"Small Slimes","floor":1,"turns":1},{"damage":0,"enemies":"Jaw Worm","floor":5,"turns":1},{"damage":0,"enemies":"Lagavulin","floor":6,"turns":1},{"damage":1,"enemies":"Cultist","floor":8,"turns":3},{"damage":0,"enemies":"Blue Slaver","floor":9,"turns":7},{"damage":1,"enemies":"Blue Slaver","floor":11,"turns":4},{"damage":34,"enemies":"Gremlin Nob","floor":12,"turns":5},{"damage":13,"enemies":"Lots of Slimes","floor":13,"turns":4},{"damage":21,"enemies":"The Guardian","floor":16,"turns":9},{"damage":6,"enemies":"Spheric Guardian","floor":18,"turns":5},{"damage":34,"enemies":"2 Thieves","floor":22,"turns":5},{"damage":33,"enemies":"Slavers","floor":23,"turns":2}],"seed_played":"3589314301232141651","potions_obtained":[{"floor":5,"key":"Weak Potion"},{"floor":8,"key":"DuplicationPotion"},{"floor":11,"key":"Adrenaline Potion"},{"floor":13,"key":"jedi:StrikingPotion"},{"floor":16,"key":"Weak Potion"},{"floor":18,"key":"Weak Potion"}],"is_trial":false,"path_per_floor":["M","$","?","?","M","E","R","M","MIM","$","M","E","M","?","R_BF","B",null,"M","$","$","?","M","E"],"character_chosen":"THE_ANIMATOR","items_purchased":["animator:FielNirvalen","animator:IchigoKurosaki","animator:IchigoKurosaki","DollysMirror"],"campfire_rested":0,"item_purchase_floors":[2,10,19,19],"current_hp_per_floor":[66,66,66,66,66,66,66,65,65,65,64,30,17,17,36,21,67,61,61,61,61,27,0,0],"gold":20,"neow_bonus":"THREE_ENEMY_KILL","is_daily":false,"chose_seed":false,"campfire_upgraded":1,"win_rate":0.0,"timestamp":1610399602,"path_taken":["M","$","?","?","M","E","R","M","MIM","?","?","E","?","?","R_BF","BOSS","M","?","$","?","M","E"],"items_purchased_type":["Card","Card","Card","Relic"],"build_version":"2020-12-22","purchased_purges":0,"victory":false,"max_hp_per_floor":[66,66,66,66,66,66,66,66,66,66,66,66,66,66,66,67,67,67,67,67,67,67,67,67],"card_choices":[{"not_picked":["animator:Hakurou","animator:Vanir","animator:Benimaru"],"picked":"SKIP","floor":1},{"not_picked":["animator:ChlammyZell","animator:Genos","animator:Shuna"],"picked":"SKIP","floor":5},{"not_picked":["animator:DolaRiku","animator:DwarfShaman","animator:Priestess"],"picked":"SKIP","floor":6},{"not_picked":["animator:Pride","animator:Scar"],"picked":"animator:Sloth","floor":8},{"not_picked":["animator:LizardPriest","animator:Shion"],"picked":"animator:PandorasActor","floor":9},{"not_picked":["animator:Benimaru","animator:LizardPriest","animator:Shion"],"picked":"SKIP","floor":11},{"not_picked":["animator:PandorasActor","animator:Verdia"],"picked":"animator:Jibril","floor":12},{"not_picked":["animator:CowGirl","animator:DolaRiku","animator:Vanir"],"picked":"SKIP","floor":13},{"not_picked":["animator:Boros","animator:Shizu"],"picked":"animator:Envy","floor":16},{"not_picked":["animator:ElricAlphonse","animator:Sloth"],"picked":"animator:Scar","floor":18},{"not_picked":["animator:Cocytus","animator:HighElfArcher+1","animator:Genos"],"picked":"SKIP","floor":22}],"player_experience":782439,"relics_obtained":[{"floor":6,"key":"halation:PrussianBluePaint"},{"floor":12,"key":"Toy Ornithopter"}],"event_choices":[{"damage_healed":0,"gold_gain":0,"player_choice":"Grow","damage_taken":0,"max_hp_gain":0,"max_hp_loss":0,"event_name":"Living Wall","floor":3,"gold_loss":0,"cards_upgraded":["animator:FielNirvalen"]},{"damage_healed":0,"gold_gain":0,"player_choice":"Upgraded","damage_taken":0,"max_hp_gain":0,"max_hp_loss":0,"event_name":"Upgrade Shrine","floor":14,"gold_loss":0,"cards_upgraded":["animator:Sloth"]},{"damage_healed":0,"gold_gain":0,"player_choice":"Ignored","damage_taken":0,"max_hp_gain":0,"max_hp_loss":0,"event_name":"betterNote:BetterNote","floor":21,"gold_loss":0,"cards_obtained":["Cleave"]}],"is_beta":false,"boss_relics":[{"not_picked":["hubris:Stopwatch","halation:PlatinumPhoenix"],"picked":"Empty Cage"}],"items_purged_floors":[],"is_endless":false,"potions_floor_spawned":[5,8,11,13,16,18],"killed_by":"Slavers","ascension_level":1}}