{"host":"56ghxnzsglgdq727","time":1610329687,"event":{"mods":["AchievementEnabler","BaseMod","Downfall","Duelist Mod","Minty Spire (QoL Compilation)","Rare Cards Sparkle","StSLib","The Bug Knight","The Exalted","The Senshi","The Wild Card"],"gold_per_floor":[142,157,157,1,15,46,46,66,92,104,116,138,150,172,184,295,307,336,348,373,385,397,397],"floor_reached":22,"playtime":1039,"items_purged":[],"score":186,"play_id":"b0deef00-6b87-4f61-850d-ed5e0493ceab","local_time":"20210110204807","is_ascension_mode":false,"campfire_choices":[{"data":"theDuelist:VendreadStriges","floor":7.0,"key":"SMITH"},{"floor":15,"key":"REST"}],"circlet_count":0,"master_deck":["theDuelist:ArmoredZombie","theDuelist:ArmoredZombie","theDuelist:ClownZombie","theDuelist:ClownZombie","theDuelist:ShallowGrave+1","theDuelist:SkullConductor","theDuelist:TutanMask","theDuelist:RevendreadEvolution","theDuelist:VendreadCharge","theDuelist:VendreadStriges+1","theDuelist:FusionTag","theDuelist:LichLord","theDuelist:CustomResummonCard","theDuelist:VendreadReunion","theDuelist:VendreadNightmare","theDuelist:VendreadRevenants+1"],"relics":["theDuelist:MillenniumPuzzle","theDuelist:CardPoolRelic","theDuelist:CardPoolBasicRelic","theDuelist:BoosterPackPoolRelic","theDuelist:CardPoolAddRelic","theDuelist:CardPoolMinusRelic","theDuelist:CardPoolSaveRelic","theDuelist:CardPoolOptionsRelic","champ:Barbells","Art of War","MawBank","Inserter","MutagenicStrength"],"acts_visited":["Exordium","TheCity"],"potions_floor_usage":[16,16,16],"damage_taken":[{"damage":3.0,"enemies":"Cultist","floor":1.0,"turns":4.0},{"damage":0.0,"enemies":"2 Louse","floor":2.0,"turns":2.0},{"damage":12.0,"enemies":"Jaw Worm","floor":5.0,"turns":3.0},{"damage":27.0,"enemies":"Gremlin Nob","floor":6.0,"turns":4.0},{"damage":15.0,"enemies":"2 Fungi Beasts","floor":8.0,"turns":3.0},{"damage":17.0,"enemies":"Gremlin Gang","floor":12.0,"turns":6.0},{"damage":2,"enemies":"Large Slime","floor":14,"turns":7},{"damage":5,"enemies":"Slime Boss","floor":16,"turns":8},{"damage":26,"enemies":"Chosen","floor":18,"turns":6},{"damage":34,"enemies":"2 Thieves","floor":20,"turns":4},{"damage":15,"enemies":"Shelled Parasite and Fungi","floor":22,"turns":3}],"seed_played":"472807335310933602","potions_obtained":[{"floor":1.0,"key":"DistilledChaos"},{"floor":2.0,"key":"theDuelist:FusionPotion"},{"floor":8.0,"key":"Weak Potion"},{"floor":12.0,"key":"Dexterity Potion"},{"floor":14,"key":"AttackPotion"},{"floor":18,"key":"Weak Potion"}],"is_trial":false,"path_per_floor":["M","M","?","$","M","E","R","M","T","$","?","M","?","M","R","B",null,"M","?","M","?","M"],"character_chosen":"THE_DUELIST","items_purchased":["champ:Barbells"],"campfire_rested":1,"item_purchase_floors":[4],"current_hp_per_floor":[77,77,77,77,65,38,38,23,23,23,23,6,6,4,28,23,80,54,54,20,20,5,5],"gold":397,"neow_bonus":"THREE_CARDS","is_daily":false,"chose_seed":false,"campfire_upgraded":1,"win_rate":0.0,"timestamp":1610329687,"path_taken":["M","M","?","$","M","E","R","M","T","$","?","M","?","?","R","BOSS","M","?","M","?","M"],"items_purchased_type":["Relic"],"build_version":"2020-12-22","purchased_purges":0,"victory":false,"max_hp_per_floor":[80,80,80,80,80,80,80,80,80,80,80,80,80,80,80,80,80,80,80,80,80,80,80],"card_choices":[{"not_picked":["theDuelist:Polymerization","theDuelist:Chewbone"],"picked":"theDuelist:RevendreadEvolution","floor":0.0},{"not_picked":["theDuelist:PrematureBurial","theDuelist:MayakashiReturn","theDuelist:DimensionFusion","theDuelist:Wasteland"],"picked":"theDuelist:VendreadCharge","floor":1.0},{"not_picked":["theDuelist:ZombieMaster","theDuelist:YukiOnnaAbsolute","theDuelist:VendreadDaybreak","theDuelist:MayakashiWinter"],"picked":"theDuelist:VendreadStriges","floor":2.0},{"not_picked":["theDuelist:FossilSkullknight","theDuelist:VampireFraulein","theDuelist:Mezuki","theDuelist:GhostBelle"],"picked":"theDuelist:FusionTag","floor":5.0},{"not_picked":["theDuelist:ShiranuiSwordmaster","theDuelist:BurningSkullHead","theDuelist:SeaMonsterTheseus","theDuelist:ShiftingShadows","theDuelist:CallHaunted"],"picked":"SKIP","floor":6.0},{"not_picked":["theDuelist:GhostrickJackfrost","theDuelist:GhostReaper","theDuelist:DarkDustSpirit","theDuelist:BoneMouse","theDuelist:Wightprincess"],"picked":"SKIP","floor":8.0},{"not_picked":["theDuelist:ZombieMaster","theDuelist:Scapeghost","theDuelist:MonsterReborn","theDuelist:DecayedCommander"],"picked":"theDuelist:BookLife","floor":12.0},{"not_picked":["theDuelist:BookMoon","theDuelist:EndlessDecay","theDuelist:GhostrickScare"],"picked":"theDuelist:VendreadReunion","floor":14},{"not_picked":["theDuelist:BookLife","theDuelist:RobbinZombie","theDuelist:VampireGrace","theDuelist:ZombieMaster"],"picked":"theDuelist:VendreadNightmare","floor":16},{"not_picked":["theDuelist:RevendreadSlayer","theDuelist:VendreadAnima","theDuelist:VendreadBattlelord","theDuelist:VendreadChimera"],"picked":"theDuelist:VendreadRevenants+1","floor":18},{"not_picked":["theDuelist:DecayedCommander","theDuelist:GhostrickStein","theDuelist:ZombieMaster"],"picked":"SKIP","floor":20}],"player_experience":215263,"relics_obtained":[{"floor":6.0,"key":"Art of War"},{"floor":9.0,"key":"MawBank"}],"event_choices":[{"damage_healed":0.0,"max_hp_gain":0.0,"max_hp_loss":0.0,"gold_gain":0.0,"event_name":"Egyptian Village","player_choice":"Leave","duelist":true,"floor":3.0,"gold_loss":0.0,"damage_taken":0.0},{"total_magic_score":21.0,"gold_gain":0.0,"duelist":true,"damage_taken":0.0,"relics_obtained":[],"points":2.0,"max_hp_gain":0.0,"max_hp_loss":0.0,"spent_points":{"magic":0.0,"greed":0.0,"war":0.0,"power":0.0,"hunger":0.0},"event_name":"Nameless Tomb","floor":11.0,"gold_loss":0.0,"cards_obtained":[]},{"damage_healed":0.0,"max_hp_gain":0.0,"max_hp_loss":0.0,"gold_gain":0.0,"cards_transformed":["theDuelist:ArchfiendZombieSkull"],"event_name":"Transmorgrifier","player_choice":"Transformed","floor":13.0,"gold_loss":0.0,"damage_taken":0.0,"cards_obtained":["theDuelist:LichLord"]},{"damage_healed":0,"gold_gain":0,"player_choice":"Inject Mutagens","damage_taken":0,"relics_obtained":["MutagenicStrength"],"max_hp_gain":0,"max_hp_loss":0,"event_name":"Drug Dealer","floor":19,"gold_loss":0},{"damage_healed":0,"gold_gain":0,"player_choice":"Leave","duelist":true,"damage_taken":0,"max_hp_gain":0,"max_hp_loss":0,"event_name":"Battle City","floor":21,"gold_loss":0}],"is_beta":false,"boss_relics":[{"not_picked":["Philosopher\u0027s Stone","Mark of Pain"],"picked":"Inserter"}],"items_purged_floors":[],"is_endless":false,"potions_floor_spawned":[1,2,8,12,14,18],"killed_by":"Shelled Parasite and Fungi","ascension_level":0}}