{"host":"d9m9v0h6vo0edadb","time":1610356545,"event":{"mods":["BaseMod","Hermit","Keyboard Shortcuts","Minty Spire (QoL Compilation)","StSLib","SuperFastMode","The Cursed"],"gold_per_floor":[16,28,43,43,53,80,80,115,115,115,134,134,134],"floor_reached":12,"playtime":217,"items_purged":[],"score":140,"play_id":"f776a873-8dcf-4674-9f25-b801d2fd00ef","local_time":"20210111181545","is_ascension_mode":true,"campfire_choices":[{"data":"TheCursedMod:CollectTribute","floor":7.0,"key":"SMITH"}],"circlet_count":0,"master_deck":["AscendersBane","TheCursedMod:Strike_TheCursed","TheCursedMod:Strike_TheCursed","TheCursedMod:Strike_TheCursed","TheCursedMod:Strike_TheCursed","TheCursedMod:Defend_TheCursed+1","TheCursedMod:Defend_TheCursed","TheCursedMod:Defend_TheCursed","TheCursedMod:Defend_TheCursed","TheCursedMod:CursedWand","TheCursedMod:CleanUpWorkshop","TheCursedMod:Dregs","TheCursedMod:CollectTribute+1","TheCursedMod:SpitefulStrike","TheCursedMod:DemonSword+1","TheCursedMod:CursedBlade","TheCursedMod:CursedShiv"],"relics":["TheCursedMod:BlackMagic101","Art of War","Sundial","Question Card"],"acts_visited":["Exordium"],"potions_floor_usage":[],"damage_taken":[{"damage":6.0,"enemies":"Jaw Worm","floor":1.0,"turns":4.0},{"damage":0.0,"enemies":"2 Louse","floor":2.0,"turns":3.0},{"damage":1.0,"enemies":"Cultist","floor":3.0,"turns":3.0},{"damage":0.0,"enemies":"Exordium Wildlife","floor":5.0,"turns":3.0},{"damage":15.0,"enemies":"3 Sentries","floor":6.0,"turns":6.0},{"damage":11.0,"enemies":"Gremlin Nob","floor":8.0,"turns":3.0},{"damage":1.0,"enemies":"Large Slime","floor":11.0,"turns":4.0},{"damage":25,"enemies":"Lagavulin","floor":12,"turns":4}],"seed_played":"-6343155466919603521","potions_obtained":[{"floor":2.0,"key":"AttackPotion"},{"floor":5.0,"key":"Explosive Potion"},{"floor":6.0,"key":"Explosive Potion"},{"floor":8.0,"key":"TheCursedMod:DregsPotion"}],"is_trial":false,"path_per_floor":["M","M","M","?","M","E","R","E","T","?","M","E"],"character_chosen":"THE_CURSED","items_purchased":[],"campfire_rested":0,"item_purchase_floors":[],"current_hp_per_floor":[62,62,61,61,61,46,46,35,35,20,19,0,0],"gold":134,"neow_bonus":"THREE_RARE_CARDS","is_daily":false,"chose_seed":false,"campfire_upgraded":1,"win_rate":0.0,"timestamp":1610356545,"path_taken":["M","M","M","?","M","E","R","E","T","?","M","E"],"items_purchased_type":[],"build_version":"2020-12-22","purchased_purges":0,"victory":false,"max_hp_per_floor":[75,75,75,75,75,75,75,75,75,75,75,75,75],"card_choices":[{"not_picked":["TheCursedMod:DemonicPact","TheCursedMod:UltimatePain"],"picked":"TheCursedMod:CollectTribute","floor":0.0},{"not_picked":["TheCursedMod:RavingStaff","TheCursedMod:Torture"],"picked":"TheCursedMod:SpitefulStrike","floor":1.0},{"not_picked":["TheCursedMod:CursedBlade","TheCursedMod:LuckyCharm"],"picked":"TheCursedMod:DemonSword","floor":2.0},{"not_picked":["TheCursedMod:CursedShiv","TheCursedMod:CircleOfCorruption"],"picked":"TheCursedMod:CursedBlade","floor":3.0},{"not_picked":["TheCursedMod:CursedMace","TheCursedMod:CircleOfFlame"],"picked":"TheCursedMod:CursedShiv","floor":5.0},{"not_picked":["TheCursedMod:Stretching","TheCursedMod:VitalStrike","TheCursedMod:Stigma"],"picked":"SKIP","floor":6.0},{"not_picked":["TheCursedMod:CircleOfCorruption","TheCursedMod:ForbiddenAlchemy","TheCursedMod:CircleOfFlame"],"picked":"SKIP","floor":8.0},{"not_picked":["TheCursedMod:Stretching","TheCursedMod:SpitefulStrike","TheCursedMod:Obscuration","TheCursedMod:CursedStaff"],"picked":"SKIP","floor":11.0}],"player_experience":962265,"relics_obtained":[{"floor":6.0,"key":"Art of War"},{"floor":8.0,"key":"Sundial"},{"floor":9.0,"key":"Question Card"}],"event_choices":[{"damage_healed":0.0,"max_hp_gain":0.0,"max_hp_loss":0.0,"gold_gain":0.0,"event_name":"Liars Game","player_choice":"Ignored","floor":4.0,"gold_loss":0.0,"damage_taken":0.0},{"damage_healed":0.0,"max_hp_gain":0.0,"max_hp_loss":0.0,"gold_gain":0.0,"event_name":"Shining Light","player_choice":"Entered Light","floor":10.0,"gold_loss":0.0,"damage_taken":15.0,"cards_upgraded":["TheCursedMod:Defend_TheCursed","TheCursedMod:DemonSword"]}],"is_beta":false,"boss_relics":[],"items_purged_floors":[],"is_endless":false,"potions_floor_spawned":[2,5,6,8],"killed_by":"Lagavulin","ascension_level":11}}