{"host":"llpusn9usp8rznkj","time":1610329767,"event":{"mods":["2.2 Compatiblity","Aspiration","BaseMod","Colored Map","Colored Powertips","Conspire","Hubris","Minty Spire (QoL Compilation)","Quick Restart","Rare Cards Sparkle","Replay The Spire","StSLib","The Cursed"],"gold_per_floor":[113,213,5,5,5,5,16,16,69,95,95,128,128,141,141,141,141],"floor_reached":16,"playtime":562,"items_purged":[],"score":192,"play_id":"1e18fa1a-1062-4291-ae9e-22d2135b303f","local_time":"20210110204927","is_ascension_mode":true,"campfire_choices":[{"data":"Secret Technique","floor":6,"key":"SMITH"},{"data":"Poisoned Stab","floor":8,"key":"SMITH"},{"data":"Cloak And Dagger","floor":13,"key":"SMITH"},{"floor":15,"key":"REST"}],"circlet_count":0,"master_deck":["AscendersBane","Strike_G","Strike_G","Strike_G","Strike_G","Strike_G","Defend_G","Defend_G","Defend_G","Defend_G","Defend_G","Survivor","Neutralize","Poisoned Stab+1","Secret Technique+1","Prepared","Footwork","Cloak And Dagger+1","Poisoned Stab"],"relics":["Ring of the Snake","aspiration:Nostalgia","PureWater","FossilizedHelix","PreservedInsect","Odd Mushroom","aspiration:Lifesprig"],"acts_visited":["Exordium"],"potions_floor_usage":[10,12],"damage_taken":[{"damage":0,"enemies":"Jaw Worm","floor":1,"turns":4},{"damage":0,"enemies":"Cultist","floor":7,"turns":4},{"damage":6,"enemies":"The Mushroom Lair","floor":10,"turns":3},{"damage":20,"enemies":"3 Sentries","floor":12,"turns":5},{"damage":0,"enemies":"2 Louse","floor":14,"turns":2},{"damage":52,"enemies":"Hexaghost","floor":16,"turns":11}],"seed_played":"-6219823658117025182","potions_obtained":[{"floor":7,"key":"Explosive Potion"},{"floor":10,"key":"SteroidPotion"},{"floor":12,"key":"Ancient Potion"}],"is_trial":false,"path_per_floor":["M","?","$","T","$","R","M","R","T","?","$","E","R","M","R","B"],"character_chosen":"THE_SILENT","items_purchased":["Secret Technique"],"campfire_rested":1,"item_purchase_floors":[3],"current_hp_per_floor":[59,59,59,59,59,59,59,59,59,53,53,33,33,33,52,0,0],"gold":141,"neow_bonus":"NOSTALGIA","is_daily":false,"chose_seed":false,"campfire_upgraded":3,"win_rate":0.0,"timestamp":1610329767,"path_taken":["M","?","?","?","$","R","M","R","T","?","?","E","R","?","R","BOSS"],"items_purchased_type":["Card"],"build_version":"2020-12-22","purchased_purges":0,"victory":false,"max_hp_per_floor":[66,66,66,66,66,66,66,66,66,66,66,66,66,66,66,66,66],"card_choices":[{"not_picked":["Hidden Blade","Slice"],"picked":"Poisoned Stab","floor":1},{"not_picked":["Choke","hubris:SlightOfHand"],"picked":"Prepared","floor":7},{"not_picked":["hubris:SlightOfHand","Expertise"],"picked":"Footwork","floor":10},{"not_picked":["Flying Knee","Outmaneuver"],"picked":"Cloak And Dagger","floor":12},{"not_picked":["Hidden Blade","Quick Slash"],"picked":"Poisoned Stab","floor":14}],"player_experience":1133698,"relics_obtained":[{"floor":4,"key":"FossilizedHelix"},{"floor":9,"key":"PreservedInsect"},{"floor":10,"key":"Odd Mushroom"},{"floor":12,"key":"aspiration:Lifesprig"}],"event_choices":[{"damage_healed":0,"gold_gain":100,"player_choice":"Gold","damage_taken":0,"max_hp_gain":0,"max_hp_loss":0,"event_name":"Wheel of Change","floor":2,"gold_loss":0},{"damage_healed":0,"gold_gain":0,"player_choice":"Fought Mushrooms","damage_taken":0,"max_hp_gain":0,"max_hp_loss":0,"event_name":"Mushrooms","floor":10,"gold_loss":0}],"is_beta":false,"boss_relics":[],"items_purged_floors":[],"is_endless":false,"potions_floor_spawned":[7,10,12],"killed_by":"Hexaghost","ascension_level":20}}