{"host":"wjw2tk2y2rycscg9","time":1610407542,"event":{"mods":["2.2 Compatiblity","Act Like it!","Aspiration","BaseMod","Colored Map","Dota2Spire","Downfall","Hallownest","Hubris","Infinite Spire","Marisa????????","Minty Spire (QoL Compilation)","Relic Stats","Replay The Spire","Shade Mod","StSLib","The Alterego","The Servant 0.9.4","Unceasing Turn Reminder"],"gold_per_floor":[118,118,118,131,94,94,112,139,166,178,178,178,191,171,171,276,276,296,296,96,141,141,204,216,228,240,252,264,276,345,357,369,512,524,582,594,646,658,683,756,768,821,833,17,64,121,139,246,246,380,480,500,500,434,133,58,58,98,98,98,98,137,67,76,726,726,826,826,832,529,563,572,580,609,609,581,581],"floor_reached":76,"playtime":3739,"items_purged":["Looming Evil","Parasite","sneckomod:Unknown1Cost"],"score":1329,"play_id":"bd77b2ef-35f6-4c57-86b6-dd1b9d16035b","local_time":"20210111162542","is_ascension_mode":false,"campfire_choices":[{"data":"alterego_mod:Punishment","floor":6.0,"key":"SMITH"},{"data":"hexamod:EmpoweringStance","floor":15.0,"key":"SMITH"},{"data":"hexamod:WildfireWeapon","floor":25.0,"key":"SMITH"},{"floor":27.0,"key":"REST"},{"data":"alterego_mod:Undulate","floor":29.0,"key":"SMITH"},{"data":"alterego_mod:BigMeatyClaws","floor":32.0,"key":"SMITH"},{"data":"hexamod:HexaLevel","floor":41.0,"key":"SMITH"},{"floor":49.0,"key":"REST"},{"data":"alterego_mod:BrynhildrRomantia","floor":57,"key":"SMITH"},{"data":"hexamod:CrushingStance","floor":57,"key":"SMITH"},{"data":"infinitespire:Execution","floor":66,"key":"SMITH"},{"data":"alterego_mod:Strike","floor":66,"key":"SMITH"},{"data":"hexamod:TimeOfNeed","floor":75,"key":"SMITH"},{"data":"infinitespire:FutureSight","floor":75,"key":"SMITH"}],"circlet_count":0,"master_deck":["alterego_mod:Strike","alterego_mod:Strike","alterego_mod:Strike","alterego_mod:Strike","alterego_mod:Defend","alterego_mod:Defend","alterego_mod:Defend","alterego_mod:Impale+1","alterego_mod:BigMeatyClaws+1","alterego_mod:BrynhildrsRune+1","alterego_mod:Punishment+1","alterego_mod:Pet+1","alterego_mod:Undulate+1","hexamod:EmpoweringStance+1","hexamod:WildfireWeapon+1","Replay:SS_forest_6+1","hexamod:AdvancingGuard+1","hexamod:HexaLevel+1","alterego_mod:BrynhildrRomantia+1","hexamod:HauntingEcho","expansioncontent:FaceSlap","alterego_mod:Rake+1","hexamod:CrushingStance+1","Hallownest:skillGreenpathMap+1","infinitespire:Execution+1","hexamod:WildfireWeapon","infinitespire:FutureSight+1","alterego_mod:Mirror","Writhe","hexamod:ParanormalForm","hexamod:TimeOfNeed+1"],"relics":["alterego_mod:MasochisticConstitution","hubris:Towel","infinitespire:CheckeredPen","aspiration:ChemicalBlood","PrismaticShard","aspiration:PoetsPen_weak","Dota2Spire:HandOfMidas","Ring of Misfortune","Ring of Hypnosis","MawBank","hubris:Icosahedron","Dota2Spire:MantaStyle","Simple Rune","Runic Pyramid","hubris:DisguiseKit","Mirror","Dota2Spire:Bloodstone","Juzu Bracelet","Dota2Spire:LinkenSphere","Replay:Arrowhead","CeramicFish","aspiration:Nostalgia","Iron Core","ReplayTheSpireMod:TigerMarble","Replay:Wanted Poster","hubris:Reverence","Philosopher\u0027s Stone","Simple Rune","champ:Barbells","Hallownest:BankAccountRelic","Blood Vial","Hallownest:DreamNailRelic","White Beast Statue","Hallownest:StagBellRelic1","infinitespire:Cupcake","HandDrill","sneckomod:BlankCard","Happy Flower","Tiny Chest"],"acts_visited":["Exordium","TheCity","TheBeyond","TheBeyond","TheCity"],"potions_floor_usage":[62,67,67,67,69,73,73,76,76,76,76],"damage_taken":[{"damage":3.0,"enemies":"Jaw Worm","floor":1.0,"turns":6.0},{"damage":1.0,"enemies":"2 Louse","floor":4.0,"turns":3.0},{"damage":0.0,"enemies":"Small Slimes","floor":7.0,"turns":3.0},{"damage":24.0,"enemies":"3 Sentries","floor":8.0,"turns":11.0},{"damage":5.0,"enemies":"2 Fungi Beasts","floor":10.0,"turns":4.0},{"damage":3.0,"enemies":"Red Slaver","floor":13.0,"turns":5.0},{"damage":14.0,"enemies":"The Guardian","floor":16.0,"turns":10.0},{"damage":4.0,"enemies":"3 Byrds","floor":18.0,"turns":5.0},{"damage":4.0,"enemies":"Shell Parasite","floor":21.0,"turns":7.0},{"damage":20.0,"enemies":"Nightmare","floor":23.0,"turns":7.0},{"damage":12.0,"enemies":"Gremlin Leader","floor":30.0,"turns":6.0},{"damage":6.0,"enemies":"Automaton","floor":33.0,"turns":5.0},{"damage":6.0,"enemies":"3 Shapes","floor":35.0,"turns":5.0},{"damage":9.0,"enemies":"3 Darklings","floor":37.0,"turns":5.0},{"damage":18.0,"enemies":"4 Shapes","floor":39.0,"turns":4.0},{"damage":19.0,"enemies":"Reptomancer","floor":40.0,"turns":5.0},{"damage":6.0,"enemies":"Writhing Mass","floor":42.0,"turns":5.0},{"damage":0.0,"enemies":"Maw","floor":45.0,"turns":5.0},{"damage":12.0,"enemies":"R_Hoarder","floor":46.0,"turns":5.0},{"damage":16.0,"enemies":"4 Shapes","floor":47.0,"turns":3.0},{"damage":44.0,"enemies":"Donu and Deca","floor":50.0,"turns":4.0},{"damage":0,"enemies":"Hallownest:2_Baldur","floor":52,"turns":2},{"damage":5,"enemies":"Hallownest:eliteCrystalGuardian","floor":62,"turns":2},{"damage":4,"enemies":"Hallownest:BossHornet","floor":67,"turns":2},{"damage":0,"enemies":"Spheric Guardian","floor":69,"turns":2},{"damage":6,"enemies":"2 Thieves","floor":71,"turns":2},{"damage":0,"enemies":"Snecko","floor":73,"turns":2},{"damage":0,"enemies":"Replay:Snechameleon","floor":74,"turns":1},{"damage":105,"enemies":"Nightmare","floor":76,"turns":5}],"seed_played":"-6295572706947896545","potions_obtained":[{"floor":1.0,"key":"LifebloodPotion"},{"floor":4.0,"key":"SteroidPotion"},{"floor":14.0,"key":"GamblersBrew"},{"floor":16.0,"key":"Block Potion"},{"floor":21.0,"key":"Fire Potion"},{"floor":33.0,"key":"sneckomod:MuddlingPotion"},{"floor":35.0,"key":"Adrenaline Potion"},{"floor":37.0,"key":"Fire Potion"},{"floor":39.0,"key":"Elixir"},{"floor":39.0,"key":"PowerPotion"},{"floor":40.0,"key":"Fire Potion"},{"floor":47.0,"key":"FearPotion"},{"floor":62,"key":"sneckomod:MuddlingPotion"},{"floor":67,"key":"Strength Potion"},{"floor":67,"key":"Languid Potion"},{"floor":69,"key":"champ:CounterPotion"},{"floor":71,"key":"Cursed Concoction"},{"floor":73,"key":"Milkshake"},{"floor":74,"key":"DuplicationPotion"}],"is_trial":true,"path_per_floor":["M","?","?","M","$","R","M","E","T","M","?","?","M","?","R","B",null,"M","T","?","M","?","NM","?","R","T","R","AVR","R","E","T","R","B",null,"M","?","M","?","M","E","R","M","T","$","M","E","M","?","R","B",null,"M","AVR","?","$","?","R","$","?","T","?","E","?","?","?","R","B",null,"M","$","M","?","M","E","R","NM"],"character_chosen":"The_Alterego","items_purchased":["alterego_mod:Pet+1","Replay:Arrowhead","CeramicFish","aspiration:Nostalgia","alterego_mod:BrynhildrRomantia","Simple Rune","champ:Barbells","HandDrill","sneckomod:BlankCard","alterego_mod:Mirror"],"campfire_rested":2,"item_purchase_floors":[5,44,44,44,44,55,55,70,70,70],"current_hp_per_floor":[71,71,71,71,71,71,71,62,62,65,65,65,63,63,63,50,76,73,73,73,70,70,51,51,51,51,74,74,74,63,63,63,58,81,76,76,68,68,65,66,66,61,61,61,71,77,79,43,70,39,91,93,93,93,93,93,93,93,93,93,93,89,89,66,66,66,65,95,95,95,96,96,96,96,96,0,0],"gold":581,"neow_bonus":"","is_daily":false,"chose_seed":false,"campfire_upgraded":12,"win_rate":0.0,"timestamp":1610407542,"path_taken":["M","?","?","M","?","R","M","E","T","M","?","?","M","?","R","BOSS","M","?","?","M","?","NM","?","R","T","R","AVR","R","E","?","R","BOSS","M","?","?","?","M","E","R","M","T","$","M","E","M","?","R","BOSS","M","AVR","?","$","?","R","$","?","T","?","E","?","?","?","R","BOSS","M","$","M","?","M","E","R","NM"],"items_purchased_type":["Card","Relic","Relic","Relic","Card","Relic","Relic","Relic","Relic","Card"],"build_version":"2020-12-22","purchased_purges":3,"victory":false,"max_hp_per_floor":[71,71,71,72,72,72,72,73,73,74,74,74,75,75,75,76,76,77,77,77,78,78,79,79,79,79,79,79,79,80,80,80,81,81,82,82,83,83,84,85,85,86,86,83,86,87,90,90,90,91,91,93,93,93,93,93,93,93,93,93,93,94,94,94,94,94,95,95,95,95,96,96,96,96,96,96,96],"relic_stats":{"Blood Vial":2,"Happy Flower":[2],"counters":[29,131],"CeramicFish":117,"Tiny Chest":0,"Juzu Bracelet":1,"HandDrill":[8],"MawBank":252,"obtain_stats":[{"Iron Core":44,"Hallownest:StagBellRelic1":63,"CeramicFish":44,"sneckomod:BlankCard":70,"aspiration:PoetsPen_weak":17,"Juzu Bracelet":40,"Hallownest:DreamNailRelic":61,"PrismaticShard":11,"Replay:Wanted Poster":51,"Blood Vial":60,"hubris:Icosahedron":24,"Philosopher\u0027s Stone":53,"Tiny Chest":74,"HandDrill":70,"aspiration:ChemicalBlood":9,"Runic Pyramid":28,"Dota2Spire:HandOfMidas":19,"hubris:DisguiseKit":30,"champ:Barbells":55,"alterego_mod:MasochisticConstitution":0,"Dota2Spire:MantaStyle":26,"Ring of Hypnosis":22,"Happy Flower":72,"aspiration:Nostalgia":44,"Dota2Spire:Bloodstone":34,"infinitespire:CheckeredPen":8,"hubris:Towel":3,"MawBank":23,"Replay:Arrowhead":44,"White Beast Statue":62,"Hallownest:BankAccountRelic":56,"Ring of Misfortune":22,"Simple Rune":28,"Dota2Spire:LinkenSphere":43,"ReplayTheSpireMod:TigerMarble":46,"Mirror":31,"hubris:Reverence":53,"infinitespire:Cupcake":68},{"Iron Core":17,"Hallownest:StagBellRelic1":23,"CeramicFish":17,"sneckomod:BlankCard":25,"aspiration:PoetsPen_weak":7,"Juzu Bracelet":16,"Hallownest:DreamNailRelic":22,"PrismaticShard":5,"Replay:Wanted Poster":21,"Blood Vial":22,"hubris:Icosahedron":10,"Philosopher\u0027s Stone":22,"Tiny Chest":28,"HandDrill":25,"aspiration:ChemicalBlood":4,"Runic Pyramid":10,"Dota2Spire:HandOfMidas":8,"hubris:DisguiseKit":11,"champ:Barbells":22,"alterego_mod:MasochisticConstitution":0,"Dota2Spire:MantaStyle":10,"Ring of Hypnosis":9,"Happy Flower":26,"aspiration:Nostalgia":17,"Dota2Spire:Bloodstone":12,"infinitespire:CheckeredPen":4,"hubris:Towel":1,"MawBank":10,"Replay:Arrowhead":17,"White Beast Statue":23,"Hallownest:BankAccountRelic":22,"Ring of Misfortune":9,"Simple Rune":10,"Dota2Spire:LinkenSphere":17,"ReplayTheSpireMod:TigerMarble":19,"Mirror":11,"hubris:Reverence":22,"infinitespire:Cupcake":24},{"Iron Core":96,"Hallownest:StagBellRelic1":117,"CeramicFish":96,"sneckomod:BlankCard":121,"aspiration:PoetsPen_weak":42,"Juzu Bracelet":91,"Hallownest:DreamNailRelic":115,"PrismaticShard":27,"Replay:Wanted Poster":113,"Blood Vial":115,"hubris:Icosahedron":61,"Philosopher\u0027s Stone":115,"Tiny Chest":126,"HandDrill":121,"aspiration:ChemicalBlood":23,"Runic Pyramid":61,"Dota2Spire:HandOfMidas":47,"hubris:DisguiseKit":67,"champ:Barbells":115,"alterego_mod:MasochisticConstitution":0,"Dota2Spire:MantaStyle":61,"Ring of Hypnosis":54,"Happy Flower":123,"aspiration:Nostalgia":96,"Dota2Spire:Bloodstone":72,"infinitespire:CheckeredPen":23,"hubris:Towel":6,"MawBank":61,"Replay:Arrowhead":96,"White Beast Statue":117,"Hallownest:BankAccountRelic":115,"Ring of Misfortune":54,"Simple Rune":61,"Dota2Spire:LinkenSphere":96,"ReplayTheSpireMod:TigerMarble":106,"Mirror":67,"hubris:Reverence":115,"infinitespire:Cupcake":119}]},"card_choices":[{"not_picked":["alterego_mod:Skirt","alterego_mod:1TonWallop","alterego_mod:PurpleHair"],"picked":"SKIP","floor":1.0},{"not_picked":["alterego_mod:BiFurious","alterego_mod:1TonWallop"],"picked":"alterego_mod:Punishment","floor":4.0},{"not_picked":["alterego_mod:Complex","alterego_mod:Punishment"],"picked":"alterego_mod:Undulate","floor":7.0},{"not_picked":["alterego_mod:BiFurious","alterego_mod:RocketPunch","alterego_mod:TrashNCrash"],"picked":"SKIP","floor":8.0},{"not_picked":["alterego_mod:Complex","alterego_mod:Maid","alterego_mod:Punishment"],"picked":"SKIP","floor":10.0},{"not_picked":["Acceleration","Wild Strike"],"picked":"hexamod:EmpoweringStance","floor":13.0},{"not_picked":["Guardian:Gem_Synthetic","champ:SwordThrow"],"picked":"hexamod:WildfireWeapon","floor":16.0},{"not_picked":["Mirror_FormAndEmptin_purple+1","Guardian:ShieldCharger"],"picked":"Replay:SS_forest_6+1","floor":18.0},{"not_picked":["Guardian:RollAttack","MysteriousBeam","Spin"],"picked":"SKIP","floor":21.0},{"not_picked":["champ:TornadoPunch+1","alterego_mod:Cycle","hexamod:ThermalTransfer"],"picked":"SKIP","floor":23.0},{"not_picked":["champ:TornadoPunch+1","alterego_mod:Cycle","hexamod:ThermalTransfer"],"picked":"SKIP","floor":23.0},{"not_picked":["MysteriousBeam+1","Outmaneuver"],"picked":"hexamod:AdvancingGuard+1","floor":30.0},{"not_picked":["blazmod:DawnflutterDance","Multi-Cast","Eclipse"],"picked":"hexamod:HexaLevel","floor":33.0},{"not_picked":["ShatteredReality+1","FlurryOfBlows","champ:ShieldSigil+1","hexamod:SpectralAdrenaline"],"picked":"SKIP","floor":35.0},{"not_picked":["alterego_mod:Collar","Deadline+1","Slimebound:LeechingTouch","hexamod:SpectersWail"],"picked":"SKIP","floor":37.0},{"not_picked":["sneckomod:DiceCrush","Slimebound:DivideAndConquer","Slimebound:FormOfPuddle+1","hexamod:GhostShield"],"picked":"SKIP","floor":39.0},{"not_picked":["InstantArmor","champ:DefensiveShout","Shade:LastGasp","hexamod:ThermalTransfer"],"picked":"SKIP","floor":40.0},{"not_picked":["ExistenceContinue_purple+1","blazmod:PureOfSoul","hexamod:ThermalTransfer"],"picked":"sneckomod:Unknown1Cost","floor":42.0},{"not_picked":["PowerUp+1","Shade:TouchOfTheGrave+1","Good Instincts","hexamod:FastForward"],"picked":"SKIP","floor":45.0},{"not_picked":["Havoc","Halt+1","Cold Snap+1","hexamod:SpectersWail"],"picked":"SKIP","floor":46.0},{"not_picked":["Shallow_ocean_purpleEX+1","alterego_mod:Bounce+1","ReplayTheSpireMod:The Works","hexamod:BurningTouch"],"picked":"SKIP","floor":47.0},{"not_picked":["SporeBomb+1","Slimebound:TagTeam","Slimebound:AcidTongue"],"picked":"hexamod:HauntingEcho","floor":48.0},{"not_picked":["Shade:ClawBack","Beam Cell+1","hexamod:BacktrackSmack"],"picked":"expansioncontent:FaceSlap","floor":48.0},{"not_picked":["Malaise","PendulumOfEternity","hexamod:SixthSeal"],"picked":"alterego_mod:Rake","floor":50.0},{"not_picked":["hexamod:ThermalTransfer","Guardian:Gem_Crimson","Shade:GreyBargain"],"picked":"hexamod:CrushingStance","floor":52},{"not_picked":["Guardian:Gem_Lightblue","Crippling Poison","hubris:ReadiedAction","hexamod:StepThrough"],"picked":"SKIP","floor":62},{"not_picked":["infinitespire:SevenWalls","infinitespire:Punishment"],"picked":"infinitespire:Execution","floor":64},{"not_picked":["alterego_mod:Venus","alterego_mod:Rake","aspiration:Lunge"],"picked":"hexamod:WildfireWeapon","floor":67},{"not_picked":["ReplayTheSpireMod:Echoes of Time","hubris:Fate"],"picked":"infinitespire:FutureSight","floor":67},{"not_picked":["Wallop","True Grit+1","Shade:Brains","hexamod:GhostLash"],"picked":"SKIP","floor":69},{"not_picked":["ReplaySort","sneckomod:UnknownClassSILVER+1","Steam","hexamod:HeatMetal"],"picked":"SKIP","floor":71},{"not_picked":["Slimebound:PressTheAttack","Shade:DangerousRitual","Shade:Excise"],"picked":"hexamod:ParanormalForm","floor":73},{"not_picked":["LuminesStrike+1","alterego_mod:Lingerie","Shade:FreshBones"],"picked":"hexamod:TimeOfNeed","floor":74}],"player_experience":1180626,"relics_obtained":[{"floor":8.0,"key":"infinitespire:CheckeredPen"},{"floor":9.0,"key":"aspiration:ChemicalBlood"},{"floor":19.0,"key":"Dota2Spire:HandOfMidas"},{"floor":22.0,"key":"Ring of Misfortune"},{"floor":22.0,"key":"Ring of Hypnosis"},{"floor":23.0,"key":"MawBank"},{"floor":26.0,"key":"Dota2Spire:MantaStyle"},{"floor":30.0,"key":"hubris:DisguiseKit"},{"floor":31.0,"key":"Mirror"},{"floor":40.0,"key":"Juzu Bracelet"},{"floor":43.0,"key":"Dota2Spire:LinkenSphere"},{"floor":46.0,"key":"ReplayTheSpireMod:TigerMarble"},{"floor":60,"key":"Blood Vial"},{"floor":62,"key":"White Beast Statue"},{"floor":74,"key":"Tiny Chest"}],"event_choices":[{"damage_healed":0.0,"max_hp_gain":0.0,"max_hp_loss":0.0,"gold_gain":0.0,"event_name":"The Woman in Blue","player_choice":"Bought 1 Potion","floor":14.0,"gold_loss":0.0,"damage_taken":0.0},{"cards_removed":["Amnesia"],"damage_healed":0.0,"max_hp_gain":0.0,"max_hp_loss":0.0,"gold_gain":0.0,"event_name":"Purifier","player_choice":"Purged","floor":36.0,"gold_loss":0.0,"damage_taken":0.0},{"damage_healed":0,"gold_gain":0,"player_choice":"Opened","damage_taken":0,"relics_obtained":["Happy Flower"],"max_hp_gain":0,"max_hp_loss":0,"event_name":"The Mausoleum","floor":72,"gold_loss":0,"cards_obtained":["Writhe"]}],"is_beta":false,"boss_relics":[{"not_picked":["expansioncontent:StudyCardRelic","aspiration:RitualDagger"],"picked":"aspiration:PoetsPen_weak"},{"not_picked":["Cursed Key","Tiny House"],"picked":"Dota2Spire:Bloodstone"},{"not_picked":["hubris:CrackedHourglass","ReplayTheSpireMod:SealedPack"],"picked":"Replay:Wanted Poster"},{"not_picked":["Abe\u0027s Treasure","hubris:VirtuousBlindfold"],"picked":"infinitespire:Cupcake"}],"items_purged_floors":[28,44,53],"is_endless":true,"potions_floor_spawned":[1,4,16,21,33,35,39,40,47,52,62,67,69,71,73,74],"killed_by":"Nightmare","ascension_level":0}}