{"host":"y3h3n3f7seyagppx","time":1610391594,"event":{"mods":["AlwaysNeverKeys","BaseMod","Better Vampires","Colored Powertips","DeckTracker","Emptier Cage","Minty Spire (QoL Compilation)","Permanent Neow","Quick Restart","Rare Cards Sparkle","Relic Sorter","Relic Stats","StSLib","Transform Curses"],"gold_per_floor":[113,124,137,62,72,72,97,97,121,121,157,157,172,0,0,98,98,119,299,317,53,253,253,253,304,304,304,347,16,36,70,70,160,160,184,234,249,268,268,306,321,361,361,404,145,478,269,287,287,287,287,287,287,33,67,67],"floor_reached":57,"playtime":6046,"items_purged":["Strike_R","Strike_R"],"score":2747,"play_id":"700da7ad-daaa-49a2-8187-d4e906a9324b","local_time":"20210111135954","is_ascension_mode":true,"campfire_choices":[{"data":"Hemokinesis","floor":6.0,"key":"SMITH"},{"data":"Bash","floor":8.0,"key":"SMITH"},{"data":"Spot Weakness","floor":15.0,"key":"SMITH"},{"data":"Intimidate","floor":23.0,"key":"SMITH"},{"data":"Body Slam","floor":32.0,"key":"SMITH"},{"data":"Heavy Blade","floor":49,"key":"SMITH"},{"data":"Shrug It Off","floor":53,"key":"SMITH"}],"circlet_count":0,"master_deck":["AscendersBane","Strike_R","Strike_R","Defend_R+1","Defend_R","Defend_R+1","Defend_R","Bash+1","Hemokinesis+1","Ghostly Armor","Spot Weakness+1","Evolve","Anger","Reaper","Intimidate+1","RitualDagger","Spot Weakness","Body Slam+1","Exhume","Bloodletting+1","Shrug It Off+1","Flame Barrier","Heavy Blade+1","Dark Shackles","Shrug It Off+1","Shockwave+1","Feel No Pain","Disarm"],"relics":["Burning Blood","War Paint","Juzu Bracelet","Happy Flower","Strawberry","Bag of Preparation","Runic Pyramid","Medical Kit","Boot","Girya","Thread and Needle","ClockworkSouvenir","Anchor","Lantern","SlaversCollar","Mango","Bag of Marbles","Pantograph","Dream Catcher","Pen Nib","TheAbacus","Vajra","Ornamental Fan"],"acts_visited":["Exordium","TheCity","TheBeyond","TheEnding"],"potions_floor_usage":[56,56],"damage_taken":[{"damage":17.0,"enemies":"Jaw Worm","floor":1.0,"turns":4.0},{"damage":2.0,"enemies":"Small Slimes","floor":2.0,"turns":3.0},{"damage":2.0,"enemies":"Cultist","floor":3.0,"turns":3.0},{"damage":14.0,"enemies":"Large Slime","floor":5.0,"turns":7.0},{"damage":19.0,"enemies":"3 Sentries","floor":7.0,"turns":8.0},{"damage":4.0,"enemies":"Lagavulin","floor":11.0,"turns":7.0},{"damage":6.0,"enemies":"Red Slaver","floor":13.0,"turns":2.0},{"damage":24.0,"enemies":"Slime Boss","floor":16.0,"turns":8.0},{"damage":13.0,"enemies":"Spheric Guardian","floor":18.0,"turns":4.0},{"damage":35.0,"enemies":"2 Thieves","floor":20.0,"turns":5.0},{"damage":38.0,"enemies":"Book of Stabbing","floor":28.0,"turns":5.0},{"damage":6.0,"enemies":"Snake Plant","floor":30.0,"turns":4.0},{"damage":5.0,"enemies":"Gremlin Leader","floor":31.0,"turns":4.0},{"damage":68.0,"enemies":"Collector","floor":33.0,"turns":8.0},{"damage":10.0,"enemies":"Orb Walker","floor":35.0,"turns":5.0},{"damage":29.0,"enemies":"3 Darklings","floor":37.0,"turns":6.0},{"damage":18.0,"enemies":"Jaw Worm Horde","floor":38.0,"turns":4.0},{"damage":38.0,"enemies":"Reptomancer","floor":40.0,"turns":5.0},{"damage":0.0,"enemies":"4 Shapes","floor":41.0,"turns":7.0},{"damage":11.0,"enemies":"Nemesis","floor":42.0,"turns":5.0},{"damage":72.0,"enemies":"Reptomancer","floor":44.0,"turns":8.0},{"damage":9,"enemies":"Transient","floor":48,"turns":6},{"damage":53,"enemies":"Donu and Deca","floor":50,"turns":7},{"damage":10,"enemies":"Time Eater","floor":51,"turns":7},{"damage":19,"enemies":"Shield and Spear","floor":55,"turns":5},{"damage":147,"enemies":"The Heart","floor":56,"turns":11}],"seed_played":"2711067081967618335","potions_obtained":[{"floor":1.0,"key":"ElixirPotion"},{"floor":3.0,"key":"DuplicationPotion"},{"floor":7.0,"key":"Weak Potion"},{"floor":11.0,"key":"DistilledChaos"},{"floor":40.0,"key":"SpeedPotion"}],"is_trial":false,"path_per_floor":["M","M","M","$","M","R","E","R","T","?","E","?","M","$","R","B",null,"M","?","M","$","?","R","?","T","T","?","E","$","M","E","R","B",null,"M","?","M","M","?","E","M","E","T","E","$","?","$","M","R","B","B",null,"R","$","E","B",null],"character_chosen":"IRONCLAD","items_purchased":["Bag of Preparation","Medical Kit","ClockworkSouvenir","Anchor","Pen Nib","Dark Shackles","TheAbacus","Shrug It Off","Vajra","Feel No Pain"],"campfire_rested":0,"item_purchase_floors":[14,21,29,29,45,45,47,47,54,54],"current_hp_per_floor":[57,61,65,65,57,57,44,44,44,44,53,58,58,58,58,40,70,75,50,41,41,41,41,41,41,41,35,15,15,27,77,77,46,72,79,79,80,80,80,83,94,94,94,94,94,94,94,94,94,93,94,94,94,94,94,7],"gold":67,"neow_bonus":"RANDOM_COMMON_RELIC","is_daily":false,"chose_seed":false,"campfire_upgraded":7,"win_rate":0.0,"timestamp":1610391594,"path_taken":["M","M","M","$","M","R","E","R","T","?","E","?","M","?","R","BOSS","M","?","M","?","?","R","?","?","T","?","E","$","M","E","R","BOSS","M","?","M","M","?","E","M","E","T","E","$","?","$","M","R","BOSS","BOSS","R","$","E","BOSS"],"items_purchased_type":["Relic","Relic","Relic","Relic","Relic","Card","Relic","Card","Relic","Card"],"build_version":"2020-12-22","purchased_purges":2,"victory":true,"max_hp_per_floor":[75,75,75,75,75,75,75,75,75,68,75,80,80,80,80,80,80,80,80,80,80,80,80,80,80,80,80,80,80,80,80,80,80,80,80,80,80,80,80,94,94,94,94,94,94,94,94,94,94,94,94,94,94,94,94,94],"relic_stats":{"Happy Flower":[41],"counters":[26,148],"Pen Nib":[6],"Juzu Bracelet":2,"Bag of Preparation":[38],"War Paint":["Defend_R","Defend_R"],"Medical Kit":[15],"Boot":[11],"Burning Blood":113,"Dream Catcher":0,"TheAbacus":[30],"Ornamental Fan":[8],"Pantograph":1,"obtain_stats":[{"Girya":26,"Lantern":31,"Happy Flower":9,"Golden Idol":10,"Vajra":54,"Thread and Needle":28,"Mango":40,"Pen Nib":45,"Juzu Bracelet":7,"Bag of Preparation":14,"War Paint":0,"Medical Kit":21,"Boot":25,"Burning Blood":0,"ClockworkSouvenir":29,"SlaversCollar":34,"Anchor":29,"Dream Catcher":44,"TheAbacus":47,"Ornamental Fan":55,"Strawberry":11,"Pantograph":43,"Bag of Marbles":42,"Runic Pyramid":17},{"Girya":10,"Lantern":13,"Happy Flower":5,"Golden Idol":5,"Vajra":24,"Thread and Needle":11,"Mango":18,"Pen Nib":21,"Juzu Bracelet":5,"Bag of Preparation":7,"War Paint":0,"Medical Kit":10,"Boot":10,"Burning Blood":0,"ClockworkSouvenir":11,"SlaversCollar":14,"Anchor":11,"Dream Catcher":21,"TheAbacus":21,"Ornamental Fan":25,"Strawberry":6,"Pantograph":20,"Bag of Marbles":20,"Runic Pyramid":8},{"Girya":51,"Lantern":64,"Happy Flower":25,"Golden Idol":25,"Vajra":132,"Thread and Needle":56,"Mango":92,"Pen Nib":112,"Juzu Bracelet":25,"Bag of Preparation":34,"War Paint":0,"Medical Kit":51,"Boot":51,"Burning Blood":0,"ClockworkSouvenir":56,"SlaversCollar":72,"Anchor":56,"Dream Catcher":112,"TheAbacus":112,"Ornamental Fan":137,"Strawberry":32,"Pantograph":104,"Bag of Marbles":104,"Runic Pyramid":42}]},"card_choices":[{"not_picked":["Pummel","Second Wind"],"picked":"Hemokinesis","floor":1.0},{"not_picked":["Wild Strike","Seeing Red"],"picked":"Ghostly Armor","floor":2.0},{"not_picked":["Twin Strike","Armaments"],"picked":"Spot Weakness","floor":3.0},{"not_picked":["Rampage","Cleave"],"picked":"Evolve","floor":5.0},{"not_picked":["Rupture","Reckless Charge"],"picked":"Anger","floor":7.0},{"not_picked":["Clothesline","Rage","Rampage"],"picked":"SKIP","floor":11.0},{"not_picked":["Juggernaut","Headbutt","Twin Strike"],"picked":"SKIP","floor":13.0},{"not_picked":["Berserk","Barricade"],"picked":"Reaper","floor":16.0},{"not_picked":["Warcry","Pommel Strike","True Grit"],"picked":"SKIP","floor":18.0},{"not_picked":["Pommel Strike","Iron Wave"],"picked":"Intimidate","floor":20.0},{"not_picked":["Searing Blow","Inflame","Uppercut"],"picked":"SKIP","floor":28.0},{"not_picked":["Fire Breathing","Warcry+1"],"picked":"Spot Weakness","floor":30.0},{"not_picked":["Battle Trance","Anger"],"picked":"Body Slam","floor":31.0},{"not_picked":["Barricade","Immolate"],"picked":"Exhume","floor":33.0},{"not_picked":["Wild Strike","Havoc","Cleave"],"picked":"SKIP","floor":35.0},{"not_picked":["Heavy Blade","Thunderclap+1"],"picked":"Bloodletting+1","floor":37.0},{"not_picked":["Wild Strike","Perfected Strike","Pommel Strike"],"picked":"SKIP","floor":38.0},{"not_picked":["Thunderclap","Pummel","Cleave"],"picked":"SKIP","floor":40.0},{"not_picked":["Twin Strike","Bludgeon"],"picked":"Shrug It Off+1","floor":41.0},{"not_picked":["Thunderclap","Wild Strike+1"],"picked":"Flame Barrier","floor":42.0},{"not_picked":["Sever Soul","Fire Breathing"],"picked":"Heavy Blade","floor":44.0},{"not_picked":["Disarm","Pommel Strike+1"],"picked":"Shockwave+1","floor":48},{"not_picked":["Searing Blow+1","Second Wind+1"],"picked":"Disarm","floor":55}],"player_experience":20695958,"relics_obtained":[{"floor":7.0,"key":"Juzu Bracelet"},{"floor":9.0,"key":"Happy Flower"},{"floor":11.0,"key":"Strawberry"},{"floor":25.0,"key":"Boot"},{"floor":26.0,"key":"Girya"},{"floor":28.0,"key":"Thread and Needle"},{"floor":31.0,"key":"Lantern"},{"floor":40.0,"key":"Mango"},{"floor":42.0,"key":"Bag of Marbles"},{"floor":43.0,"key":"Pantograph"},{"floor":44.0,"key":"Dream Catcher"},{"floor":55,"key":"Ornamental Fan"}],"event_choices":[{"damage_healed":0.0,"max_hp_gain":0.0,"max_hp_loss":7.0,"gold_gain":0.0,"event_name":"Golden Idol","player_choice":"Lose Max HP","floor":10.0,"gold_loss":0.0,"damage_taken":0.0,"relics_obtained":["Golden Idol"]},{"damage_healed":0.0,"max_hp_gain":5.0,"max_hp_loss":0.0,"gold_gain":0.0,"event_name":"Big Fish","player_choice":"Donut","floor":12.0,"gold_loss":0.0,"damage_taken":0.0},{"damage_healed":0.0,"max_hp_gain":0.0,"max_hp_loss":0.0,"gold_gain":180.0,"event_name":"Knowing Skull","player_choice":"POTION GOLD GOLD ","floor":19.0,"potions_obtained":["GamblersBrew"],"gold_loss":0.0,"damage_taken":25.0,"cards_obtained":[]},{"damage_healed":0.0,"max_hp_gain":0.0,"max_hp_loss":0.0,"gold_gain":200.0,"event_name":"Wheel of Change","player_choice":"Gold","floor":22.0,"gold_loss":0.0,"damage_taken":0.0},{"cards_removed":["Strike_R"],"damage_healed":0.0,"max_hp_gain":0.0,"max_hp_loss":0.0,"gold_gain":0.0,"event_name":"Purifier","player_choice":"Purged","floor":24.0,"gold_loss":0.0,"damage_taken":0.0},{"damage_healed":0.0,"max_hp_gain":0.0,"max_hp_loss":0.0,"gold_gain":0.0,"event_name":"Nest","player_choice":"Joined the Cult","floor":27.0,"gold_loss":0.0,"damage_taken":6.0,"cards_obtained":["RitualDagger"]},{"damage_healed":0.0,"max_hp_gain":0.0,"max_hp_loss":0.0,"gold_gain":50.0,"event_name":"Golden Shrine","player_choice":"Pray","floor":36.0,"gold_loss":0.0,"damage_taken":0.0},{"damage_healed":0.0,"max_hp_gain":0.0,"max_hp_loss":0.0,"gold_gain":0.0,"event_name":"Tomb of Lord Red Mask","player_choice":"Ignored","floor":39.0,"gold_loss":0.0,"damage_taken":0.0},{"damage_healed":0,"gold_gain":333,"player_choice":"Gave Idol","damage_taken":0,"max_hp_gain":0,"max_hp_loss":0,"event_name":"The Moai Head","floor":46,"relics_lost":["Golden Idol"],"gold_loss":0}],"is_beta":false,"boss_relics":[{"not_picked":["Astrolabe","Philosopher\u0027s Stone"],"picked":"Runic Pyramid"},{"not_picked":["Black Star","Velvet Choker"],"picked":"SlaversCollar"}],"items_purged_floors":[4,21],"is_endless":false,"potions_floor_spawned":[1,3,7,11,20,33,35,37,40,44],"ascension_level":20}}