{"host":"ir0ygq3hjehmr2i8","time":1610354823,"event":{"mods":["BaseMod","BetterRewards","Downfall","Hermit","Hubris","Marisa????????","Minty Spire (QoL Compilation)","Replay The Spire","Shop Mod","StSLib","The Animator","The Bug Knight","The Construct","The Cursed","The Disciple","The Mystic","The Necromancer","The Servant 0.9.4"],"gold_per_floor":[110,110,128,128,128,128,158,173,253,269,280,40,56,17,68,166,166,185,205,221,221,221,221,221],"floor_reached":23,"playtime":2157,"items_purged":[],"score":193,"play_id":"42e95402-c62f-4db0-84e0-e40dccd0eae5","local_time":"20210111004703","is_ascension_mode":false,"campfire_choices":[{"floor":6,"key":"RECALL"}],"circlet_count":0,"master_deck":["Strike_W","Strike_W","Strike_W","Strike_W","Defend_W","Defend_W","Defend_W","Negative_Energy_Arrows","Bone_Wall","Epidemic","Negative_Energy_Sphere","Death_March_Dance","Bone_Armor","Bone_Bullets","Whirlwind_of_Bones","Scare","Negative_Energy_Mist","Summon_Undead_Army","Negative_Energy_Sphere","Exploit+1","Skeleton_Dragon","Bone_Armor","Negative_Energy_Burst","Bones_to_Steel","J.A.X."],"relics":["Vampire_Amulet","hubris:Towel","Bag of Marbles","HollowMod:StagPassRelic","hubris:HerbalPaste","hubris:VirtuousBlindfold","hubris:Icosahedron"],"acts_visited":["Exordium","TheCity"],"potions_floor_usage":[16],"damage_taken":[{"damage":0,"enemies":"Small Slimes","floor":1,"turns":4},{"damage":5,"enemies":"Cultist","floor":3,"turns":3},{"damage":29,"enemies":"Replay:BlueRogue","floor":7,"turns":11},{"damage":5,"enemies":"2 Louse","floor":8,"turns":4},{"damage":0,"enemies":"Gremlin Gang","floor":10,"turns":7},{"damage":7,"enemies":"Lots of Slimes","floor":11,"turns":5},{"damage":9,"enemies":"3 Louse","floor":13,"turns":5},{"damage":51,"enemies":"Hexaghost","floor":16,"turns":13},{"damage":18,"enemies":"Chosen","floor":18,"turns":6},{"damage":14,"enemies":"Centurion and Healer","floor":19,"turns":10},{"damage":60,"enemies":"Snecko","floor":20,"turns":7},{"damage":20,"enemies":"Slavers","floor":23,"turns":1}],"seed_played":"-5298795310326948358","potions_obtained":[{"floor":1,"key":"SpeedPotion"},{"floor":3,"key":"Flashbang"},{"floor":10,"key":"Ancient Potion"},{"floor":13,"key":"Strength Potion"},{"floor":18,"key":"Energy Potion"}],"is_trial":false,"path_per_floor":["M","?","M","?","?","R","E","M","T","M","M","$","M","$","R","B",null,"M","M","M","?","?","E"],"character_chosen":"NECROMANCER","items_purchased":["Negative_Energy_Mist","hubris:HerbalPaste","Summon_Undead_Army","Exploit"],"campfire_rested":0,"item_purchase_floors":[12,12,12,14],"current_hp_per_floor":[82,82,79,79,79,79,52,51,51,59,62,62,65,65,65,22,82,66,62,10,10,10,0,0],"gold":221,"neow_bonus":"TEN_PERCENT_HP_BONUS","is_daily":false,"chose_seed":false,"campfire_upgraded":0,"win_rate":0.0,"timestamp":1610354823,"path_taken":["M","?","?","?","?","R","E","?","T","M","M","?","M","$","R","BOSS","M","M","M","?","?","E"],"items_purchased_type":["Card","Relic","Card","Card"],"build_version":"2020-12-22","purchased_purges":0,"victory":false,"max_hp_per_floor":[82,82,82,82,82,82,82,82,82,82,82,82,82,82,82,82,82,82,82,82,82,82,82,82],"card_choices":[{"not_picked":["Scare","Consume_Illness"],"picked":"Epidemic","floor":1},{"not_picked":["Slay_Living","Vampiric_Strike"],"picked":"Death_March_Dance","floor":3},{"not_picked":["Negative_Energy_Sphere","Death_Coil"],"picked":"Bone_Armor","floor":7},{"not_picked":["Negative_Energy_Shield","Blood_Magic"],"picked":"Bone_Bullets","floor":8},{"not_picked":["Exploit","Vampiric_Strike"],"picked":"Whirlwind_of_Bones","floor":10},{"not_picked":["Deaths_Shadow","Life_Tap"],"picked":"Scare","floor":11},{"not_picked":["Consume_Illness","Toxic_Smoke_Screen"],"picked":"Negative_Energy_Sphere","floor":13},{"not_picked":["Blood_Magic","Cloudkill"],"picked":"Skeleton_Dragon","floor":16},{"not_picked":["Epidemic","Bone_Spikes"],"picked":"Bone_Armor","floor":18},{"not_picked":["Negative_Energy_Sphere+1","Blood_Is_Power+1"],"picked":"Negative_Energy_Burst","floor":19},{"not_picked":["Bone_Shift","Negative_Energy_Javelin"],"picked":"Bones_to_Steel","floor":20}],"player_experience":14487,"relics_obtained":[{"floor":7,"key":"Bag of Marbles"},{"floor":9,"key":"HollowMod:StagPassRelic"}],"event_choices":[{"damage_healed":0,"gold_gain":0,"cards_transformed":["Defend_W"],"player_choice":"Transformed","damage_taken":0,"max_hp_gain":0,"max_hp_loss":0,"event_name":"Transmorgrifier","floor":2,"gold_loss":0,"cards_obtained":["Negative_Energy_Sphere"]},{"damage_healed":0,"gold_gain":0,"player_choice":"Bought 0 Potions","damage_taken":0,"max_hp_gain":0,"max_hp_loss":0,"event_name":"The Woman in Blue","floor":5,"gold_loss":0},{"damage_healed":0,"gold_gain":0,"player_choice":"Obtain J.A.X.","damage_taken":0,"max_hp_gain":0,"max_hp_loss":0,"event_name":"Drug Dealer","floor":21,"gold_loss":0,"cards_obtained":["J.A.X."]}],"is_beta":false,"boss_relics":[{"not_picked":["Philosopher\u0027s Stone","Replay:Wanted Poster"],"picked":"hubris:VirtuousBlindfold"}],"items_purged_floors":[],"is_endless":false,"potions_floor_spawned":[1,3,10,13,18],"killed_by":"Slavers","ascension_level":0}}