{"host":"oi6p1guiqfwwvxym","time":1610406000,"event":{"mods":["BaseMod","Colored Map","Minty Spire (QoL Compilation)"],"gold_per_floor":[110,60,80,155,166,197,216,216,240,20,35,35,69,83,83,187,187,203,218,317,62,62,96,114,114,114,131,147,158,158,192,192,296,296,311,17,17,30,40,40,90,90,117,151,26,57,57,73,73,73],"floor_reached":51,"playtime":4309,"items_purged":["Strike_G","Strike_G","Writhe"],"score":954,"play_id":"3e973f35-930a-4c11-8df5-50a58e4dd18c","local_time":"20210111150000","is_ascension_mode":true,"campfire_choices":[{"floor":8,"key":"REST"},{"floor":15,"key":"REST"},{"floor":25,"key":"REST"},{"floor":30,"key":"REST"},{"floor":32,"key":"RECALL"},{"floor":40,"key":"REST"},{"floor":42,"key":"REST"},{"data":"Pain","floor":49,"key":"PURGE"}],"circlet_count":0,"master_deck":["Defend_G","Defend_G","Defend_G","Defend_G","Survivor","Neutralize","Cloak And Dagger","Quick Slash","Crippling Poison","Poisoned Stab","Leg Sweep+1","Catalyst","Well Laid Plans+1","Deadly Poison","PiercingWail","Flying Knee","Burst","Setup+1","Heel Hook+1","Tactician+1","Acrobatics","Deadly Poison+1","Choke+1","Masterful Stab","Slice+1","Wraith Form v2","Dagger Spray+1","Malaise","Backflip+1","Bandage Up","Terror+1"],"relics":["Fusion Hammer","Regal Pillow","Snake Skull","Bag of Marbles","Astrolabe","Bronze Scales","Blue Candle","Ornamental Fan","Pantograph","InkBottle","Busted Crown","Pear","Dead Branch","Potion Belt","Ninja Scroll","Peace Pipe","WarpedTongs"],"acts_visited":["Exordium","TheCity","TheBeyond"],"potions_floor_usage":[23,24,24,31,33,33,33,46,46,50,50],"damage_taken":[{"damage":4,"enemies":"2 Louse","floor":1,"turns":3},{"damage":2,"enemies":"Small Slimes","floor":3,"turns":5},{"damage":1,"enemies":"Jaw Worm","floor":5,"turns":4},{"damage":33,"enemies":"3 Sentries","floor":6,"turns":14},{"damage":0,"enemies":"Exordium Wildlife","floor":7,"turns":4},{"damage":1,"enemies":"Large Slime","floor":11,"turns":6},{"damage":10,"enemies":"Lagavulin","floor":13,"turns":5},{"damage":4,"enemies":"2 Fungi Beasts","floor":14,"turns":3},{"damage":4,"enemies":"Hexaghost","floor":16,"turns":8},{"damage":2,"enemies":"3 Byrds","floor":18,"turns":5},{"damage":0,"enemies":"Spheric Guardian","floor":19,"turns":2},{"damage":35,"enemies":"Book of Stabbing","floor":23,"turns":6},{"damage":1,"enemies":"Snecko","floor":24,"turns":4},{"damage":16,"enemies":"Centurion and Healer","floor":27,"turns":7},{"damage":14,"enemies":"3 Cultists","floor":28,"turns":4},{"damage":3,"enemies":"Snecko","floor":29,"turns":5},{"damage":14,"enemies":"Gremlin Leader","floor":31,"turns":4},{"damage":44,"enemies":"Champ","floor":33,"turns":11},{"damage":15,"enemies":"3 Darklings","floor":35,"turns":6},{"damage":18,"enemies":"Orb Walker","floor":38,"turns":5},{"damage":9,"enemies":"Maw","floor":39,"turns":8},{"damage":4,"enemies":"Mind Bloom Boss Battle","floor":41,"turns":6},{"damage":5,"enemies":"Giant Head","floor":44,"turns":7},{"damage":51,"enemies":"Reptomancer","floor":46,"turns":6},{"damage":3,"enemies":"Sphere and 2 Shapes","floor":48,"turns":4},{"damage":55,"enemies":"Donu and Deca","floor":50,"turns":10}],"seed_played":"1226318815817296019","potions_obtained":[{"floor":3,"key":"BlessingOfTheForge"},{"floor":7,"key":"Ancient Potion"},{"floor":11,"key":"Block Potion"},{"floor":13,"key":"SkillPotion"},{"floor":18,"key":"Energy Potion"},{"floor":23,"key":"BlessingOfTheForge"},{"floor":24,"key":"Regen Potion"},{"floor":27,"key":"ColorlessPotion"},{"floor":31,"key":"Weak Potion"},{"floor":35,"key":"ColorlessPotion"},{"floor":38,"key":"Regen Potion"},{"floor":48,"key":"Block Potion"}],"is_trial":false,"path_per_floor":["M","?","M","?","M","E","M","R","T","$","M","?","E","M","R","B",null,"M","M","?","$","?","E","M","R","T","M","M","M","R","E","R","B",null,"M","$","?","M","M","R","?","R","T","E","$","E","?","M","R","B",null],"character_chosen":"THE_SILENT","items_purchased":["Catalyst","Well Laid Plans","Bronze Scales","Pear","Fire Potion"],"campfire_rested":6,"item_purchase_floors":[10,10,21,36,36],"current_hp_per_floor":[59,59,57,46,45,12,12,48,48,48,47,33,23,19,55,51,65,63,63,63,63,63,28,27,63,63,47,33,30,66,52,52,41,63,48,58,58,44,39,78,77,80,80,79,79,32,32,29,29,18],"gold":73,"neow_bonus":"BOSS_RELIC","is_daily":false,"chose_seed":false,"campfire_upgraded":0,"win_rate":0.0,"timestamp":1610406000,"path_taken":["M","?","M","?","M","E","M","R","T","$","M","?","E","M","R","BOSS","M","M","?","$","?","E","M","R","T","M","M","M","R","E","R","BOSS","M","$","?","M","M","R","?","R","T","E","?","E","?","M","R","BOSS"],"items_purchased_type":["Card","Card","Relic","Relic","Potion"],"build_version":"2020-12-22","purchased_purges":3,"victory":true,"max_hp_per_floor":[70,70,70,70,70,70,70,70,70,70,70,70,70,70,70,70,70,70,70,70,70,70,70,70,70,70,70,70,70,70,70,70,70,70,70,80,80,80,80,80,80,80,80,80,80,80,80,80,80,80],"card_choices":[{"not_picked":["Backflip","Accuracy"],"picked":"Cloak And Dagger","floor":1},{"not_picked":["Blade Dance","Underhanded Strike"],"picked":"Quick Slash","floor":3},{"not_picked":["Calculated Gamble","Underhanded Strike"],"picked":"Crippling Poison","floor":5},{"not_picked":["Underhanded Strike","A Thousand Cuts"],"picked":"Poisoned Stab","floor":6},{"not_picked":["All Out Attack","Underhanded Strike"],"picked":"Leg Sweep","floor":7},{"not_picked":["Choke","Dagger Throw"],"picked":"Deadly Poison","floor":11},{"not_picked":["Deflect","Dodge and Roll"],"picked":"PiercingWail","floor":13},{"not_picked":["Tactician","Well Laid Plans"],"picked":"Flying Knee","floor":14},{"not_picked":["Glass Knife","Doppelganger"],"picked":"Burst","floor":16},{"not_picked":["All Out Attack","Poisoned Stab"],"picked":"Acrobatics","floor":18},{"not_picked":["Distraction","Acrobatics"],"picked":"Deadly Poison+1","floor":19},{"not_picked":["Slice","Backflip"],"picked":"Choke+1","floor":23},{"not_picked":["Eviscerate","Deflect"],"picked":"Masterful Stab","floor":24},{"not_picked":["Quick Slash","Reflex"],"picked":"Slice+1","floor":27},{"not_picked":["Leg Sweep","Dagger Throw"],"picked":"Wraith Form v2","floor":28},{"not_picked":["Dodge and Roll","Flying Knee"],"picked":"Dagger Spray+1","floor":29},{"not_picked":["Bullet Time","Bane","Deadly Poison"],"picked":"SKIP","floor":31},{"not_picked":["Adrenaline","Burst"],"picked":"Malaise","floor":33},{"not_picked":[],"picked":"Backflip+1","floor":35},{"not_picked":[],"picked":"Bandage Up","floor":37},{"not_picked":["Quick Slash"],"picked":"SKIP","floor":38},{"not_picked":[],"picked":"Terror+1","floor":39},{"not_picked":["Slice"],"picked":"SKIP","floor":44},{"not_picked":["Dagger Throw"],"picked":"SKIP","floor":46},{"not_picked":["Flying Knee+1"],"picked":"SKIP","floor":48}],"player_experience":355776,"relics_obtained":[{"floor":6,"key":"Regal Pillow"},{"floor":9,"key":"Snake Skull"},{"floor":13,"key":"Bag of Marbles"},{"floor":23,"key":"Ornamental Fan"},{"floor":26,"key":"Pantograph"},{"floor":31,"key":"InkBottle"},{"floor":41,"key":"Dead Branch"},{"floor":43,"key":"Potion Belt"},{"floor":44,"key":"Ninja Scroll"},{"floor":46,"key":"Peace Pipe"}],"event_choices":[{"cards_removed":["Strike_G"],"damage_healed":0,"gold_gain":0,"player_choice":"Card Removal","damage_taken":0,"max_hp_gain":0,"max_hp_loss":0,"event_name":"The Cleric","floor":2,"gold_loss":50},{"damage_healed":0,"gold_gain":75,"player_choice":"Gather Gold","damage_taken":11,"max_hp_gain":0,"max_hp_loss":0,"event_name":"World of Goop","floor":4,"gold_loss":0},{"damage_healed":0,"gold_gain":0,"player_choice":"Entered Light","damage_taken":14,"max_hp_gain":0,"max_hp_loss":0,"event_name":"Shining Light","floor":12,"gold_loss":0,"cards_upgraded":["Well Laid Plans","Leg Sweep"]},{"damage_healed":0,"gold_gain":99,"player_choice":"Stole From Cult","damage_taken":0,"max_hp_gain":0,"max_hp_loss":0,"event_name":"Nest","floor":20,"gold_loss":0},{"damage_healed":0,"gold_gain":0,"player_choice":"Opened","damage_taken":0,"relics_obtained":["Blue Candle"],"max_hp_gain":0,"max_hp_loss":0,"event_name":"The Mausoleum","floor":22,"gold_loss":0,"cards_obtained":["Writhe"]},{"damage_healed":0,"gold_gain":0,"player_choice":"Memory 1","damage_taken":0,"max_hp_gain":0,"max_hp_loss":0,"event_name":"SensoryStone","floor":37,"gold_loss":0},{"damage_healed":0,"gold_gain":0,"player_choice":"Fight","damage_taken":0,"max_hp_gain":0,"max_hp_loss":0,"event_name":"MindBloom","floor":41,"gold_loss":0},{"damage_healed":0,"gold_gain":0,"player_choice":"Rummage","damage_taken":0,"relics_obtained":["WarpedTongs"],"max_hp_gain":0,"max_hp_loss":0,"event_name":"Accursed Blacksmith","floor":47,"gold_loss":0,"cards_obtained":["Pain"]}],"is_beta":false,"boss_relics":[{"not_picked":["Empty Cage","SacredBark"],"picked":"Astrolabe"},{"not_picked":["Calling Bell","Coffee Dripper"],"picked":"Busted Crown"}],"items_purged_floors":[10,21,45],"is_endless":false,"potions_floor_spawned":[3,7,11,13,16,18,23,24,27,31,35,38,48],"ascension_level":7}}