{"host":"vmjjgffn5jm19cfo","time":1610365549,"event":{"mods":["BaseMod","Minty Spire (QoL Compilation)","Shop Mod"],"gold_per_floor":[117,128,128,128,146,185,39,52,134,134,134],"floor_reached":10,"playtime":302,"items_purged":["Defend_R"],"score":68,"play_id":"8ca2f4ee-a9a1-44e2-b169-fac8670e69a5","local_time":"20210111194549","is_ascension_mode":false,"campfire_choices":[],"circlet_count":0,"master_deck":["Strike_R","Strike_R","Strike_R","Strike_R","Defend_R","Defend_R","Defend_R","Bash","Seeing Red","Feed"],"relics":["Burning Blood","NeowsBlessing","Golden Idol","Ice Cream","Gremlin Horn"],"acts_visited":["Exordium"],"potions_floor_usage":[8],"damage_taken":[{"damage":0,"enemies":"Jaw Worm","floor":1,"turns":1},{"damage":0,"enemies":"2 Louse","floor":2,"turns":1},{"damage":0,"enemies":"Cultist","floor":5,"turns":1},{"damage":32,"enemies":"Gremlin Nob","floor":6,"turns":4},{"damage":26,"enemies":"Large Slime","floor":8,"turns":6},{"damage":23,"enemies":"3 Sentries","floor":10,"turns":2}],"seed_played":"-1050541590649168449","potions_obtained":[{"floor":5,"key":"CultistPotion"},{"floor":6,"key":"ElixirPotion"}],"is_trial":false,"path_per_floor":["M","M","?","?","M","E","$","M","T","E"],"character_chosen":"IRONCLAD","items_purchased":["Feed"],"campfire_rested":0,"item_purchase_floors":[7],"current_hp_per_floor":[80,80,73,53,59,33,33,16,16,0,0],"gold":134,"neow_bonus":"THREE_ENEMY_KILL","is_daily":false,"chose_seed":false,"campfire_upgraded":0,"win_rate":0.0,"timestamp":1610365549,"path_taken":["M","M","?","?","M","E","$","M","T","E"],"items_purchased_type":["Card"],"build_version":"2020-12-22","purchased_purges":1,"victory":false,"max_hp_per_floor":[80,80,80,80,80,80,80,83,83,83,83],"card_choices":[{"not_picked":["Perfected Strike","Rage","Thunderclap"],"picked":"SKIP","floor":1},{"not_picked":["Pommel Strike","Warcry","Havoc"],"picked":"SKIP","floor":2},{"not_picked":["Pommel Strike","Headbutt"],"picked":"Seeing Red","floor":5},{"not_picked":["Dropkick","Rampage","Warcry"],"picked":"SKIP","floor":6},{"not_picked":["Heavy Blade","Havoc","Combust"],"picked":"SKIP","floor":8}],"player_experience":323358,"relics_obtained":[{"floor":6,"key":"Ice Cream"},{"floor":9,"key":"Gremlin Horn"}],"event_choices":[{"cards_removed":["Strike_R"],"damage_healed":0,"gold_gain":0,"player_choice":"Card Removal","damage_taken":7,"max_hp_gain":0,"max_hp_loss":0,"event_name":"Golden Wing","floor":3,"gold_loss":0},{"damage_healed":0,"gold_gain":0,"player_choice":"Take Damage","damage_taken":20,"relics_obtained":["Golden Idol"],"max_hp_gain":0,"max_hp_loss":0,"event_name":"Golden Idol","floor":4,"gold_loss":0}],"is_beta":false,"boss_relics":[],"items_purged_floors":[7],"is_endless":false,"potions_floor_spawned":[5,6],"killed_by":"3 Sentries","ascension_level":0}}