{"host":"3rj1dc1g3sucuw9t","time":1610361538,"event":{"mods":["BaseMod","Colored Powertips","Downfall","Hermit","Minty Spire (QoL Compilation)","Replay The Spire","StSLib","The Bug Knight","The Cursed"],"gold_per_floor":[119,119,137,153,169,198,213,238,238],"floor_reached":8,"playtime":597,"items_purged":[],"score":70,"play_id":"474e37a3-c5d1-48b8-bfc4-b729fae8052a","local_time":"20210111113858","is_ascension_mode":false,"campfire_choices":[],"circlet_count":0,"master_deck":["HollowMod:NailStrikeStart","HollowMod:NailStrikeStart","HollowMod:NailStrikeStart","HollowMod:NailStrikeStart","HollowMod:QuickDashStart","HollowMod:QuickDashStart","HollowMod:QuickDashStart","HollowMod:QuickDashStart","HollowMod:FocusHealStart","HollowMod:PogoStrike","HollowMod:SharpenedNail+1","HollowMod:DashSlash","HollowMod:QuirrelsAssistance","HollowMod:WraithStrike","HollowMod:SharpenedShadows","HollowMod:GoodIntentions","HollowMod:VengefulVoid"],"relics":["HollowMod:VesselMask","NeowsBlessing","Ice Cream","HollowMod:LifeEnderRelic"],"acts_visited":["Exordium"],"potions_floor_usage":[8],"damage_taken":[{"damage":0,"enemies":"Small Slimes","floor":1,"turns":2},{"damage":0,"enemies":"Cultist","floor":3,"turns":1},{"damage":0,"enemies":"Jaw Worm","floor":4,"turns":1},{"damage":5,"enemies":"3 Louse","floor":5,"turns":3},{"damage":21,"enemies":"3 Sentries","floor":6,"turns":10},{"damage":0,"enemies":"Looter","floor":7,"turns":3},{"damage":11,"enemies":"HollowMod:MossKnight","floor":8,"turns":11}],"seed_played":"-9194206341090224303","potions_obtained":[{"floor":3,"key":"Slimebound:ThreeZeroPotion"},{"floor":7,"key":"ColorlessPotion"},{"floor":8,"key":"DuplicationPotion"}],"is_trial":false,"path_per_floor":["M","?","M","M","M","E","M","E"],"character_chosen":"THE_BUGKNIGHT","items_purchased":[],"campfire_rested":0,"item_purchase_floors":[],"current_hp_per_floor":[75,75,75,75,75,64,64,59,59],"gold":238,"neow_bonus":"THREE_ENEMY_KILL","is_daily":false,"chose_seed":false,"campfire_upgraded":0,"win_rate":0.0,"timestamp":1610361538,"path_taken":["M","?","M","?","M","E","M","E"],"items_purchased_type":[],"build_version":"2020-12-22","purchased_purges":0,"victory":false,"max_hp_per_floor":[75,75,75,75,75,75,75,75,75],"card_choices":[{"not_picked":["HollowMod:InfectedAttack","HollowMod:InfectedCysts"],"picked":"HollowMod:SharpenedNail","floor":1},{"not_picked":["HollowMod:InfectedCysts","HollowMod:DoubleDash"],"picked":"HollowMod:DashSlash","floor":3},{"not_picked":["HollowMod:SiblingsShadow","HollowMod:SoulStrike"],"picked":"HollowMod:QuirrelsAssistance","floor":4},{"not_picked":["HollowMod:HowlingWraiths","HollowMod:SiblingsShadow"],"picked":"HollowMod:WraithStrike","floor":5},{"not_picked":["HollowMod:NewGlowingWomb","HollowMod:NewInfectedGuardian"],"picked":"HollowMod:SharpenedShadows","floor":6},{"not_picked":["HollowMod:SharpenedNail","HollowMod:InfectedCysts"],"picked":"HollowMod:GoodIntentions","floor":7},{"not_picked":["HollowMod:GreatSlash","HollowMod:FallenFury"],"picked":"HollowMod:VengefulVoid","floor":8}],"player_experience":415323,"relics_obtained":[{"floor":6,"key":"Ice Cream"},{"floor":8,"key":"HollowMod:LifeEnderRelic"}],"event_choices":[{"damage_healed":0,"gold_gain":0,"player_choice":"Upgraded","damage_taken":0,"max_hp_gain":0,"max_hp_loss":0,"event_name":"Upgrade Shrine","floor":2,"gold_loss":0,"cards_upgraded":["HollowMod:SharpenedNail"]}],"is_beta":false,"boss_relics":[],"items_purged_floors":[],"is_endless":false,"potions_floor_spawned":[3,7,8],"killed_by":"HollowMod:MossKnight","ascension_level":0}}