{"host":"tlqi7e8l7c1qc0dn","time":1610388332,"event":{"mods":["Aspiration","BaseMod","Colored Map","Colored Powertips","Conspire","Curses Come First","Dark Map","Displayed Cursed Tome","Fox Events","Halation","Infinite Spire","Minty Spire (QoL Compilation)","Relic Sorter","Replay The Spire","Shop Mod","StSLib","Trackpad","??????REMEMod"],"gold_per_floor":[119,135,30,45,45,77,91,91,91,91,33,33,33],"floor_reached":12,"playtime":345,"items_purged":[],"score":86,"play_id":"86827f3d-243e-49a1-afd8-c0370c9f2a24","local_time":"20210111130532","is_ascension_mode":true,"campfire_choices":[{"data":"Vigilance","floor":8,"key":"SMITH"},{"data":"Protect","floor":10,"key":"SMITH"}],"circlet_count":0,"master_deck":["Strike_P","Strike_P+1","Strike_P","Strike_P","Defend_P","Defend_P","Defend_P","Defend_P","Eruption+1","Vigilance+1","REME_Shoggoth","BowlingBash","EmptyFist","Replay:Anticipation+1","Protect+1","Prostrate","Devotion","Sanctity","Adaptation+1"],"relics":["PureWater","REME_ComplimentaryCards","aspiration:DSix","Anchor"],"acts_visited":["Exordium"],"potions_floor_usage":[],"damage_taken":[{"damage":5,"enemies":"Cultist","floor":1,"turns":4},{"damage":7,"enemies":"Jaw Worm","floor":2,"turns":4},{"damage":9,"enemies":"2 Louse","floor":4,"turns":2},{"damage":13,"enemies":"Replay:BlueRogue","floor":6,"turns":3},{"damage":14,"enemies":"2 Fungi Beasts","floor":7,"turns":3},{"damage":10,"enemies":"Gremlin Nob","floor":12,"turns":2}],"seed_played":"597939435093890407","potions_obtained":[{"floor":1,"key":"Strength Potion"}],"is_trial":false,"path_per_floor":["M","M","$","M","?","E","M","R","T","R","$","E"],"character_chosen":"WATCHER","items_purchased":["Replay:Anticipation+1","Protect","Adaptation+1"],"campfire_rested":0,"item_purchase_floors":[3,3,11],"current_hp_per_floor":[67,60,60,51,37,24,10,10,10,10,10,0,0],"gold":33,"neow_bonus":"DSIX","is_daily":false,"chose_seed":false,"campfire_upgraded":2,"win_rate":0.0,"timestamp":1610388332,"path_taken":["M","M","?","M","?","E","M","R","T","R","$","E"],"items_purchased_type":["Card","Card","Card"],"build_version":"2020-12-22","purchased_purges":0,"victory":false,"max_hp_per_floor":[72,72,72,72,72,72,72,72,72,72,72,72,72],"card_choices":[{"not_picked":["Pray","REME_Repentance"],"picked":"BowlingBash","floor":1},{"not_picked":["ThirdEye","EmptyBody"],"picked":"EmptyFist","floor":2},{"not_picked":["FlyingSleeves","DeceiveReality"],"picked":"Prostrate","floor":4},{"not_picked":["ThirdEye","Consecrate"],"picked":"Devotion","floor":6},{"not_picked":["Protect","DeceiveReality"],"picked":"Sanctity","floor":7}],"player_experience":846321,"relics_obtained":[{"floor":6,"key":"Anchor"}],"event_choices":[{"damage_healed":0,"gold_gain":0,"player_choice":"Entered Light","damage_taken":14,"max_hp_gain":0,"max_hp_loss":0,"event_name":"Shining Light","floor":5,"gold_loss":0,"cards_upgraded":["Strike_P","Eruption"]}],"is_beta":false,"boss_relics":[],"items_purged_floors":[],"is_endless":false,"potions_floor_spawned":[1],"killed_by":"Gremlin Nob","ascension_level":2}}