{"host":"cv77zuuuekizn3ic","time":1610361938,"event":{"mods":["AchievementEnabler","BaseMod","Marisa£®ÏF”Í°°ƒß¿Ì…≥£©","Minty Spire (QoL Compilation)","StSLib","Waifu the Spire","everything is the same but u backflip on backflip","slay the spire mod where everything is the same but ironclad has a cowboy hat"],"gold_per_floor":[119,119,119,5,26,49,69,69,94,94,109,145,145,183,183,183,183],"floor_reached":16,"playtime":706,"items_purged":["Strike_G"],"score":187,"play_id":"b15cd5ca-cd0e-4edb-b4f6-8db84e7dbbee","local_time":"20210111184538","is_ascension_mode":true,"campfire_choices":[{"data":"Neutralize","floor":10.0,"key":"SMITH"},{"data":"Skewer","floor":13.0,"key":"SMITH"},{"data":"Burst","floor":15,"key":"SMITH"}],"circlet_count":0,"master_deck":["AscendersBane","Strike_G","Strike_G","Strike_G","Strike_G","Defend_G","Defend_G","Defend_G","Defend_G","Defend_G","Survivor","Neutralize+1","Tactician","Concentrate","Tools of the Trade","Blade Dance+1","Dagger Throw","Skewer+1","Burst+1"],"relics":["Ring of the Snake","Torii","Golden Idol","Happy Flower","Ancient Tea Set","White Beast Statue"],"acts_visited":["Exordium"],"potions_floor_usage":[14,16],"damage_taken":[{"damage":0.0,"enemies":"Small Slimes","floor":1.0,"turns":3.0},{"damage":0.0,"enemies":"2 Louse","floor":5.0,"turns":2.0},{"damage":9.0,"enemies":"Cultist","floor":6.0,"turns":6.0},{"damage":8.0,"enemies":"2 Fungi Beasts","floor":7.0,"turns":6.0},{"damage":1.0,"enemies":"Large Slime","floor":11.0,"turns":8.0},{"damage":18.0,"enemies":"Gremlin Nob","floor":12.0,"turns":4.0},{"damage":12,"enemies":"3 Sentries","floor":14,"turns":6},{"damage":30,"enemies":"Slime Boss","floor":16,"turns":5}],"seed_played":"802685975504430139","potions_obtained":[{"floor":6.0,"key":"Ancient Potion"},{"floor":7.0,"key":"Strength Potion"},{"floor":11.0,"key":"Strength Potion"},{"floor":12.0,"key":"BlessingOfTheForge"}],"is_trial":false,"path_per_floor":["M","?","?","$","M","M","M","?","T","R","M","E","R","E","R","B"],"character_chosen":"THE_SILENT","items_purchased":["Concentrate"],"campfire_rested":0,"item_purchase_floors":[4],"current_hp_per_floor":[59,56,61,61,61,52,44,44,44,44,43,25,25,13,13,0,0],"gold":183,"neow_bonus":"ONE_RARE_RELIC","is_daily":false,"chose_seed":false,"campfire_upgraded":3,"win_rate":0.0,"timestamp":1610361938,"path_taken":["M","?","?","$","M","M","M","?","T","R","?","E","R","E","R","BOSS"],"items_purchased_type":["Card"],"build_version":"2020-12-22","purchased_purges":1,"victory":false,"max_hp_per_floor":[60,56,61,61,61,61,61,61,61,61,61,61,61,61,61,61,61],"card_choices":[{"not_picked":["Dodge and Roll","Finisher"],"picked":"Tactician","floor":1.0},{"not_picked":["Underhanded Strike","Deflect","Sucker Punch"],"picked":"SKIP","floor":5.0},{"not_picked":["Underhanded Strike","Deflect","Sucker Punch"],"picked":"SKIP","floor":5.0},{"not_picked":["Underhanded Strike","Endless Agony"],"picked":"Tools of the Trade","floor":6.0},{"not_picked":["Dagger Throw","Bane"],"picked":"Blade Dance","floor":7.0},{"not_picked":["Deadly Poison","Poisoned Stab"],"picked":"Dagger Throw","floor":11.0},{"not_picked":["Deflect","Deadly Poison"],"picked":"Skewer","floor":12.0},{"not_picked":["Bane","Deflect"],"picked":"Burst","floor":14}],"player_experience":866693,"relics_obtained":[{"floor":9.0,"key":"Happy Flower"},{"floor":12.0,"key":"Ancient Tea Set"},{"floor":14,"key":"White Beast Statue"}],"event_choices":[{"damage_healed":0.0,"max_hp_gain":0.0,"max_hp_loss":4.0,"gold_gain":0.0,"event_name":"Golden Idol","player_choice":"Lose Max HP","floor":2.0,"gold_loss":0.0,"damage_taken":0.0,"relics_obtained":["Golden Idol"]},{"damage_healed":0.0,"max_hp_gain":5.0,"max_hp_loss":0.0,"gold_gain":0.0,"event_name":"Big Fish","player_choice":"Donut","floor":3.0,"gold_loss":0.0,"damage_taken":0.0},{"damage_healed":0.0,"max_hp_gain":0.0,"max_hp_loss":0.0,"gold_gain":0.0,"event_name":"Upgrade Shrine","player_choice":"Upgraded","floor":8.0,"gold_loss":0.0,"damage_taken":0.0,"cards_upgraded":["Blade Dance"]}],"is_beta":false,"boss_relics":[],"items_purged_floors":[4],"is_endless":false,"potions_floor_spawned":[6,7,11,12],"killed_by":"Slime Boss","ascension_level":14}}