{"host":"l84l8xigz5v5foa2","time":1610358158,"event":{"mods":["2.2 Compatiblity","AchievementEnabler","BaseMod","Better Note","Better Vampires","Card Filter","Colored Map","DeckTracker","Downfall","Gremlin Skip","Highlight Path","Keyboard Shortcuts","Minty Spire (QoL Compilation)","Permanent Neow","Quick Restart","Relic Filter","Relic Stats","StSLib","SuperFastMode","Transform Curses","Unknown Chances"],"gold_per_floor":[99,116,116,127,127,139,209,209,239,250,250,250,250,250],"floor_reached":12,"playtime":478,"items_purged":[],"score":156,"play_id":"4cf6cb26-5977-4fd6-9089-7ea2b3f5e107","local_time":"20210111184238","is_ascension_mode":true,"campfire_choices":[{"data":"Guardian:CurlUp","floor":1.0,"key":"SMITH"},{"data":"Guardian:Suspension","floor":8,"key":"SMITH"}],"circlet_count":0,"master_deck":["AscendersBane","Guardian:Strike_Guardian","Guardian:Strike_Guardian","Guardian:Defend_Guardian","Guardian:Defend_Guardian","Guardian:Defend_Guardian","Guardian:CurlUp+1","Guardian:TwinSlam","Guardian:FuturePlans","Guardian:Suspension+1","Guardian:Gem_Synthetic","Guardian:Gem_Fragmented"],"relics":["Guardian:ModeShifter","Question Card","Question Card","Question Card","Question Card","Question Card","Question Card","Prayer Wheel","Mercury Hourglass","Singing Bowl"],"acts_visited":["Exordium"],"potions_floor_usage":[9,9],"damage_taken":[{"damage":0.0,"enemies":"Cultist","floor":2.0,"turns":4.0},{"damage":3.0,"enemies":"2 Louse","floor":4.0,"turns":3.0},{"damage":7,"enemies":"Jaw Worm","floor":6,"turns":4},{"damage":17,"enemies":"3 Sentries","floor":9,"turns":7},{"damage":1,"enemies":"2 Fungi Beasts","floor":10,"turns":4},{"damage":24,"enemies":"Gremlin Nob","floor":12,"turns":3}],"seed_played":"-2038301110582296950","potions_obtained":[{"floor":4.0,"key":"champ:CounterPotion"},{"floor":6,"key":"BlessingOfTheForge"}],"is_trial":false,"path_per_floor":["R","M","?","M","?","M","T","R","E","M","?","E"],"character_chosen":"GUARDIAN","items_purchased":[],"campfire_rested":0,"item_purchase_floors":[],"current_hp_per_floor":[47,47,47,44,44,37,37,37,20,19,19,0,0,0],"gold":250,"neow_bonus":"REMOVE_TWO","is_daily":false,"chose_seed":false,"campfire_upgraded":2,"win_rate":0.0,"timestamp":1610358158,"path_taken":["R","M","?","M","?","M","T","R","E","M","?","E"],"items_purchased_type":[],"build_version":"2020-12-22","purchased_purges":0,"victory":false,"max_hp_per_floor":[72,72,72,72,72,72,72,72,72,72,72,72,72,72],"relic_stats":{"Singing Bowl":0,"counters":[6,24],"Prayer Wheel":4,"Question Card":84,"obtain_stats":[{"Singing Bowl":9,"Guardian:ModeShifter":0,"Prayer Wheel":0,"Question Card":0,"Mercury Hourglass":7},{"Singing Bowl":4,"Guardian:ModeShifter":0,"Prayer Wheel":0,"Question Card":0,"Mercury Hourglass":3},{"Singing Bowl":17,"Guardian:ModeShifter":0,"Prayer Wheel":0,"Question Card":0,"Mercury Hourglass":11}],"Mercury Hourglass":[68]},"card_choices":[{"not_picked":["Guardian:PrimingBeam","Guardian:Gem_White","Guardian:Clone","Guardian:PrismaticBeam","Guardian:PiercingHide","Guardian:VentSteam","Guardian:Incinerate","Guardian:Reroute"],"picked":"Guardian:FuturePlans","floor":2.0},{"not_picked":["Guardian:ChargeCore","Guardian:SpikerProtocol","Guardian:Preprogram","Guardian:Planning","Guardian:Recover","Guardian:CrystalBeam","Guardian:ArmoredProtocol","Guardian:Reroute","Guardian:Gem_Yellow"],"picked":"SKIP","floor":2.0},{"not_picked":["Guardian:Gem_Green","Guardian:RollAttack","Guardian:Gem_Blue","Guardian:Gem_Cyan","Guardian:TemporalStrike","Guardian:Suspension","Guardian:Reroute","Guardian:StasisStrike","Guardian:CrystalBeam"],"picked":"SKIP","floor":2.0},{"not_picked":["Guardian:Gem_Red","Guardian:TimeBomb","Guardian:VentSteam","Guardian:Emergency","Guardian:Recover","Guardian:Gem_Blue","Guardian:Orbwalk","Guardian:ChargeCore"],"picked":"Guardian:Gem_Fragmented","floor":4.0},{"not_picked":["Guardian:BronzeArmor","Guardian:WalkerClaw","Guardian:VentSteam","Guardian:DonusPower","Guardian:RollAttack","Guardian:Suspension","Guardian:PiercingHide","Guardian:Reroute","Guardian:StasisField"],"picked":"SKIP","floor":4.0},{"not_picked":["Guardian:PrismaticBarrier","Guardian:PrismaticBeam","Guardian:Reroute","Guardian:Repulse","Guardian:Emergency","Guardian:Incinerate","Guardian:RollAttack","Guardian:FloatingOrbs","Guardian:GuardianWhirl"],"picked":"SKIP","floor":4.0},{"not_picked":["Guardian:VentSteam","Guardian:FastForward","Guardian:ArmoredProtocol","Guardian:Repulse","Guardian:Gem_Purple","Guardian:FloatingOrbs","Guardian:Gem_Green","Guardian:TimeCapacitor"],"picked":"Guardian:Suspension","floor":6},{"not_picked":["Guardian:CrystalBeam","Guardian:MultiBeam","Guardian:Recover","Guardian:WalkerClaw","Guardian:PolyBeam","Guardian:Planning","Guardian:Reroute","Guardian:PrimingBeam","Guardian:PiercingHide"],"picked":"SKIP","floor":6},{"not_picked":["Guardian:TemporalStrike","Guardian:Reroute","Guardian:BronzeArmor","Guardian:BronzeOrb","Guardian:TemporalShield","Guardian:Gem_Crimson","Guardian:Gem_Cyan","Guardian:EvasiveProtocol","Guardian:VentSteam"],"picked":"SKIP","floor":6},{"not_picked":["Guardian:VentSteam","Guardian:PiercingHide","Guardian:SpikerProtocol","Guardian:PrismaticBeam","Guardian:BronzeOrb","Guardian:Preprogram","Guardian:HyperBeam_Guardian","Guardian:TemporalShield"],"picked":"Guardian:Gem_Synthetic","floor":9},{"not_picked":["Guardian:Orbwalk","Guardian:PrimingBeam","Guardian:Planning","Guardian:Repulse","Guardian:EvasiveProtocol","Guardian:PiercingHide","Guardian:TimeCapacitor","Guardian:TemporalShield","Guardian:Gem_Yellow"],"picked":"SKIP","floor":9},{"not_picked":["Guardian:ShieldCharger","Guardian:ArmoredProtocol","Guardian:Reroute","Guardian:CrystalBeam","Guardian:VentSteam","Guardian:Gem_Green","Guardian:Planning","Guardian:Gem_Crimson"],"picked":"Guardian:Gem_Fragmented","floor":10},{"not_picked":["Guardian:Harden","Guardian:TimeCapacitor","Guardian:Gem_Cyan","Guardian:Gem_Green","Guardian:Incinerate","Guardian:FuturePlans","Guardian:Gem_Yellow","Guardian:Gem_Purple","Guardian:RevengeProtocol"],"picked":"SKIP","floor":10},{"not_picked":["Guardian:Repulse","Guardian:CrystalBeam","Guardian:ShieldCharger","Guardian:TemporalStrike","Guardian:PiercingHide","Guardian:Gem_Green","Guardian:Incinerate","Guardian:RollAttack","Guardian:Suspension"],"picked":"SKIP","floor":10}],"player_experience":3086130,"relics_obtained":[{"floor":7,"key":"Mercury Hourglass"},{"floor":9,"key":"Singing Bowl"}],"event_choices":[{"cards_removed":["Guardian:Strike_Guardian"],"damage_healed":0.0,"max_hp_gain":0.0,"max_hp_loss":0.0,"gold_gain":0.0,"event_name":"The Cleric","player_choice":"Card Removal","floor":5.0,"gold_loss":0.0,"damage_taken":0.0}],"is_beta":false,"boss_relics":[],"items_purged_floors":[],"is_endless":false,"potions_floor_spawned":[4,6],"killed_by":"Gremlin Nob","ascension_level":20}}