{"host":"nnt34ungdh9fkcmy","time":1610326454,"event":{"mods":["BaseMod","Downfall","Minty Spire (QoL Compilation)","StSLib","SuperFastMode"],"gold_per_floor":[99,110,123,136,154,181,208,240,55,55,55,55,87,107,120,217,217,67,81,101,113,113,131,131,56,156,188,206,234,234,42,60,162,162,162,181,198,198,198,198,198,198,228,38,38,51,85,105,123,123,123,152,2,2,2],"floor_reached":56,"playtime":3266,"items_purged":["champ:Strike","champ:Strike","champ:ArenaPreparation","champ:Defend"],"score":1583,"play_id":"49ffbc4e-6c04-40f0-a25b-3a3ad3d7bbba","local_time":"20210110175414","is_ascension_mode":true,"campfire_choices":[{"data":"champ:Taunt","floor":1,"key":"SMITH"},{"data":"champ:RisingSlash","floor":12,"key":"SMITH"},{"floor":18,"key":"RECALL"},{"data":"1","floor":25,"key":"LIFT"},{"data":"2","floor":30,"key":"LIFT"},{"data":"3","floor":35,"key":"LIFT"},{"data":"champ:FocusedDefense","floor":42,"key":"SMITH"},{"data":"champ:TornadoPunch","floor":45,"key":"SMITH"},{"data":"champ:Lariat","floor":54,"key":"SMITH"}],"circlet_count":0,"master_deck":["champ:Defend","champ:Defend","champ:Defend","champ:Execute","champ:Taunt+1","champ:Haymaker","champ:Lariat+1","champ:RisingSlash+1","champ:TornadoPunch","expansioncontent:DecasProtection","champ:FocusedDefense+1","champ:EnchantSword","champ:TornadoPunch+1","champ:DefensiveStyle","champ:Circumvent+1","champ:Lariat+1","champ:EnchantSword+1","champ:TornadoPunch+1","expansioncontent:DarkVoid","expansioncontent:Flail","champ:HoldFirm+1","champ:HoldFirm+1","champ:ShieldWall+1"],"relics":["champ:PowerArmor","Bag of Marbles","Toy Ornithopter","Oddly Smooth Stone","Velvet Choker","downfall:HeartBlessingGreen","downfall:HeartBlessingBlue","Girya","downfall:HeartBlessingRed","Calipers","champ:SpectersHand","Toxic Egg 2","Regal Pillow","Philosopher\u0027s Stone","Gremlin Horn","StrikeDummy","PreservedInsect","DollysMirror","Letter Opener","Blood Vial","Mango"],"acts_visited":["Exordium","TheCity","TheBeyond","TheEnding"],"potions_floor_usage":[6,8,19,27,44,49,52,55,55],"damage_taken":[{"damage":5,"enemies":"Cultist","floor":2,"turns":4},{"damage":5,"enemies":"2 Louse","floor":3,"turns":2},{"damage":13,"enemies":"Small Slimes","floor":4,"turns":3},{"damage":5,"enemies":"2 Fungi Beasts","floor":5,"turns":4},{"damage":34,"enemies":"3 Sentries","floor":6,"turns":5},{"damage":28,"enemies":"Gremlin Nob","floor":8,"turns":4},{"damage":20,"enemies":"downfall:FleeingMerchant","floor":9,"turns":4},{"damage":9,"enemies":"3 Sentries","floor":13,"turns":5},{"damage":5,"enemies":"Blue Slaver","floor":14,"turns":2},{"damage":10,"enemies":"Exordium Wildlife","floor":15,"turns":3},{"damage":38,"enemies":"downfall:Ironclad","floor":16,"turns":7},{"damage":11,"enemies":"3 Byrds","floor":19,"turns":3},{"damage":5,"enemies":"Chosen","floor":20,"turns":4},{"damage":5,"enemies":"Centurion and Healer","floor":21,"turns":5},{"damage":36,"enemies":"Snake Plant","floor":23,"turns":4},{"damage":19,"enemies":"downfall:CharBossIronclad","floor":26,"turns":6},{"damage":6,"enemies":"Slavers","floor":27,"turns":4},{"damage":10,"enemies":"Snecko","floor":28,"turns":3},{"damage":7,"enemies":"Book of Stabbing","floor":29,"turns":4},{"damage":30,"enemies":"downfall:FleeingMerchant","floor":31,"turns":4},{"damage":0,"enemies":"3 Cultists","floor":32,"turns":3},{"damage":18,"enemies":"downfall:Silent","floor":33,"turns":10},{"damage":10,"enemies":"Orb Walker","floor":36,"turns":3},{"damage":30,"enemies":"3 Darklings","floor":37,"turns":6},{"damage":0,"enemies":"Reptomancer","floor":43,"turns":4},{"damage":27,"enemies":"downfall:FleeingMerchant","floor":44,"turns":4},{"damage":0,"enemies":"Maw","floor":46,"turns":6},{"damage":0,"enemies":"Nemesis","floor":47,"turns":5},{"damage":0,"enemies":"Writhing Mass","floor":48,"turns":3},{"damage":0,"enemies":"Jaw Worm Horde","floor":49,"turns":2},{"damage":0,"enemies":"downfall:Watcher","floor":50,"turns":9},{"damage":34,"enemies":"downfall:CharBossMerchant","floor":52,"turns":7},{"damage":5,"enemies":"downfall:NeowBoss","floor":55,"turns":34}],"seed_played":"2496730225428194931","potions_obtained":[{"floor":2,"key":"Explosive Potion"},{"floor":3,"key":"GamblersBrew"},{"floor":4,"key":"Block Potion"},{"floor":14,"key":"CultistPotion"},{"floor":15,"key":"Swift Potion"},{"floor":21,"key":"Strength Potion"},{"floor":27,"key":"champ:OpenerPotion"},{"floor":43,"key":"AttackPotion"},{"floor":46,"key":"Block Potion"},{"floor":49,"key":"SteroidPotion"}],"is_trial":false,"path_per_floor":["R","M","M","M","M","E","T","E","$","?","?","R","E","M","M","B",null,"R","M","M","M","?","M","T","R","?","E","M","E","R","$","M","B",null,"R","M","M","?","T","?","T","R","E","$","R","M","E","M","M","B",null,"E","$","R","B",null],"character_chosen":"THE_CHAMP","items_purchased":["expansioncontent:DecasProtection","champ:Lariat+1","DollysMirror","Letter Opener"],"campfire_rested":0,"item_purchase_floors":[9,31,44,44],"current_hp_per_floor":[90,90,90,90,90,81,81,63,58,58,58,58,54,54,54,27,90,100,99,99,99,99,87,87,87,79,83,83,81,81,81,81,68,100,100,100,100,90,90,90,90,90,90,78,78,78,78,80,87,89,100,107,107,107,114],"gold":2,"neow_bonus":"BOSS_RELIC","is_daily":false,"chose_seed":false,"campfire_upgraded":5,"win_rate":0.0,"timestamp":1610326454,"path_taken":["R","M","M","M","M","E","T","E","$","?","?","R","E","M","M","BOSS","R","M","?","M","?","M","T","R","?","E","M","E","R","$","M","BOSS","R","M","M","?","?","?","T","R","E","$","R","M","E","M","M","BOSS","E","$","R","BOSS"],"items_purchased_type":["Card","Card","Relic","Relic"],"build_version":"2020-12-22","purchased_purges":4,"victory":true,"max_hp_per_floor":[90,90,90,90,90,90,90,90,90,90,90,90,90,90,90,90,90,100,100,100,100,100,100,100,100,100,100,100,100,100,100,100,100,100,100,100,100,100,100,100,100,100,100,100,100,100,100,100,100,100,100,114,114,114,114],"card_choices":[{"not_picked":["champ:GladiatorsShout","champ:GladiatorStyle"],"picked":"champ:Haymaker","floor":2},{"not_picked":["champ:DefensiveStyle","champ:Haymaker"],"picked":"champ:ArenaPreparation","floor":3},{"not_picked":["champ:GladiatorStyle","champ:PerfectedStrike"],"picked":"champ:Lariat","floor":4},{"not_picked":["champ:Shatter","champ:BerserkersShout","champ:AdrenalArmor"],"picked":"SKIP","floor":5},{"not_picked":["champ:GladiatorsShout","champ:RecklessLeap","champ:Duel"],"picked":"SKIP","floor":6},{"not_picked":["champ:Circumvent","champ:Haymaker"],"picked":"champ:RisingSlash","floor":8},{"not_picked":["champ:SkillfulDodge","champ:IronFortress"],"picked":"champ:TornadoPunch","floor":9},{"not_picked":["champ:AdrenalArmor","champ:FocusedBerserking"],"picked":"champ:FocusedDefense","floor":13},{"not_picked":["champ:FocusedBerserking","champ:FlashCut","champ:BladeFlurry"],"picked":"SKIP","floor":14},{"not_picked":["champ:AdrenalArmor","champ:BladeFlurry","champ:BerserkersShout"],"picked":"SKIP","floor":15},{"not_picked":["champ:SteelEdge","champ:VampiricStrike"],"picked":"champ:EnchantSword","floor":16},{"not_picked":["champ:CrookedStrike","champ:EnragedBash","champ:RecklessLeap"],"picked":"SKIP","floor":19},{"not_picked":["champ:Backstep","champ:BringItOn","champ:GladiatorsShout+1"],"picked":"SKIP","floor":20},{"not_picked":["champ:RapidStrikes+1","champ:PerfectedStrike+1"],"picked":"champ:TornadoPunch","floor":21},{"not_picked":["champ:FlashCut","champ:FanOfKnives+1","champ:AdrenalArmor"],"picked":"SKIP","floor":23},{"not_picked":["champ:PerfectedStrike","champ:Haymaker"],"picked":"champ:DefensiveStyle","floor":27},{"not_picked":["champ:EnGarde+1","champ:AdrenalArmor+1","champ:BladeFlurry"],"picked":"SKIP","floor":28},{"not_picked":["champ:PerfectedStrike","champ:ViciousMockery+1"],"picked":"champ:Circumvent+1","floor":29},{"not_picked":["champ:GladiatorsShout+1","champ:FlashCut","champ:FightOn"],"picked":"SKIP","floor":31},{"not_picked":["champ:FocusedBerserking+1","champ:Circumvent+1","champ:FalseCounter+1"],"picked":"SKIP","floor":32},{"not_picked":["champ:LastStand","champ:CrownThrow"],"picked":"champ:EnchantSword+1","floor":33},{"not_picked":["champ:BladeFlurry+1","champ:PerfectedStrike+1","champ:GladiatorsShout+1"],"picked":"SKIP","floor":36},{"not_picked":["champ:ShieldSigil+1","champ:BladeFlurry+1"],"picked":"champ:TornadoPunch+1","floor":37},{"not_picked":["expansioncontent:PolyBeam","expansioncontent:Torchfire"],"picked":"expansioncontent:DarkVoid","floor":38},{"not_picked":["expansioncontent:ChargeUp+1","expansioncontent:DefensiveMode"],"picked":"expansioncontent:Flail","floor":38},{"not_picked":["champ:ShieldSigil+1","champ:RageSigil+1","champ:RisingSlash"],"picked":"SKIP","floor":43},{"not_picked":["champ:BerserkersShout+1","champ:EnGarde+1"],"picked":"champ:HoldFirm+1","floor":44},{"not_picked":["champ:FlashCut+1","champ:EnragedBash+1","champ:BerserkerStyle"],"picked":"SKIP","floor":46},{"not_picked":["champ:RecklessLeap+1","champ:EnragedBash","champ:FlashCut"],"picked":"SKIP","floor":47},{"not_picked":["champ:AdrenalArmor+1","champ:StanceDance+1"],"picked":"champ:ShieldWall+1","floor":48},{"not_picked":["champ:DefensiveShout+1","champ:ArenaPreparation+1","champ:Circumvent+1"],"picked":"SKIP","floor":49},{"not_picked":["champ:FanOfKnives+1","champ:PerfectedStrike+1","champ:Devastate"],"picked":"SKIP","floor":52}],"player_experience":214875,"relics_obtained":[{"floor":6,"key":"Bag of Marbles"},{"floor":8,"key":"Toy Ornithopter"},{"floor":13,"key":"Oddly Smooth Stone"},{"floor":24,"key":"Girya"},{"floor":26,"key":"Calipers"},{"floor":26,"key":"champ:SpectersHand"},{"floor":27,"key":"Toxic Egg 2"},{"floor":29,"key":"Regal Pillow"},{"floor":39,"key":"Gremlin Horn"},{"floor":41,"key":"StrikeDummy"},{"floor":43,"key":"PreservedInsect"},{"floor":47,"key":"Blood Vial"},{"floor":52,"key":"Mango"}],"event_choices":[{"cards_removed":["champ:Strike"],"damage_healed":0,"gold_gain":0,"player_choice":"Card Removal","damage_taken":0,"max_hp_gain":0,"max_hp_loss":0,"event_name":"The Cleric","floor":10,"gold_loss":0},{"cards_removed":["champ:Strike"],"damage_healed":0,"gold_gain":0,"player_choice":"Purged","damage_taken":0,"max_hp_gain":0,"max_hp_loss":0,"event_name":"Purifier","floor":11,"gold_loss":0}],"is_beta":false,"boss_relics":[{"not_picked":["Pandora\u0027s Box","Tiny House"],"picked":"Velvet Choker"},{"not_picked":["Black Star","Astrolabe"],"picked":"Philosopher\u0027s Stone"}],"items_purged_floors":[9,31,44,53],"is_endless":false,"potions_floor_spawned":[2,3,4,14,15,21,27,28,29,43,46,49],"ascension_level":2}}