{"host":"6wux4armhsntp4yb","time":1610382676,"event":{"mods":["BaseMod","Colored Map","DeckTracker","Minty Spire (QoL Compilation)","Relic Stats"],"gold_per_floor":[110,127,127,9,9,9,33,33,33,33,56,91,111,11,11,107,107,126,41,59,80,80,80,111,86,163,198,212,212,212,244,244,317,317,329,354,372,383,395,395,424,424,498,532,543,543,218,234,234,234,234,234,234,36,66,66],"floor_reached":57,"playtime":5234,"items_purged":["Strike_G","Strike_G","Strike_G","Defend_G"],"score":3240,"play_id":"a31eb4b4-4cf1-4707-bb99-25b81210a08a","local_time":"20210112013116","is_ascension_mode":true,"campfire_choices":[{"data":"Eviscerate","floor":6.0,"key":"SMITH"},{"floor":10.0,"key":"REST"},{"data":"Prepared","floor":15.0,"key":"SMITH"},{"data":"Calculated Gamble","floor":23.0,"key":"SMITH"},{"data":"Doppelganger","floor":30.0,"key":"SMITH"},{"data":"Acrobatics","floor":32.0,"key":"SMITH"},{"data":"Calculated Gamble","floor":40.0,"key":"SMITH"},{"data":"Tactician","floor":42.0,"key":"SMITH"},{"data":"Acrobatics","floor":46.0,"key":"SMITH"},{"floor":49.0,"key":"RECALL"},{"data":"Footwork","floor":53.0,"key":"SMITH"}],"circlet_count":0,"master_deck":["AscendersBane","Defend_G","Defend_G+1","Defend_G","Defend_G","Survivor","Neutralize","Backflip","Eviscerate+1","Expertise+1","Tactician+1","Footwork+1","Prepared+1","Backflip","After Image","Blur","Calculated Gamble+1","Malaise","Doppelganger+1","Tools of the Trade","Acrobatics+1","Adrenaline","Noxious Fumes+1","Calculated Gamble+1","Acrobatics+1","Terror+1","PiercingWail","Deep Breath"],"relics":["Sozu","Tough Bandages","Bloody Idol","Singing Bowl","Sundial","Cursed Key","Omamori","Blue Candle","Frozen Egg 2","The Courier","Tingsha","HoveringKite","Du-Vu Doll","Kunai","The Specimen","Paper Crane","Anchor"],"acts_visited":["Exordium","TheCity","TheBeyond","TheEnding"],"potions_floor_usage":[],"damage_taken":[{"damage":4.0,"enemies":"Jaw Worm","floor":1.0,"turns":6.0},{"damage":3.0,"enemies":"2 Louse","floor":2.0,"turns":3.0},{"damage":1.0,"enemies":"Cultist","floor":7.0,"turns":3.0},{"damage":6.0,"enemies":"Large Slime","floor":11.0,"turns":9.0},{"damage":16.0,"enemies":"3 Sentries","floor":12.0,"turns":11.0},{"damage":0.0,"enemies":"2 Fungi Beasts","floor":13.0,"turns":3.0},{"damage":1.0,"enemies":"The Guardian","floor":16.0,"turns":9.0},{"damage":0.0,"enemies":"3 Byrds","floor":18.0,"turns":6.0},{"damage":0.0,"enemies":"Spheric Guardian","floor":20.0,"turns":12.0},{"damage":0.0,"enemies":"3 Cultists","floor":21.0,"turns":9.0},{"damage":4.0,"enemies":"Book of Stabbing","floor":24.0,"turns":11.0},{"damage":7.0,"enemies":"Slavers","floor":27.0,"turns":7.0},{"damage":0.0,"enemies":"Snake Plant","floor":28.0,"turns":6.0},{"damage":0.0,"enemies":"Gremlin Leader","floor":31.0,"turns":8.0},{"damage":0.0,"enemies":"Champ","floor":33.0,"turns":7.0},{"damage":0.0,"enemies":"3 Darklings","floor":35.0,"turns":3.0},{"damage":0.0,"enemies":"Mind Bloom Boss Battle","floor":36.0,"turns":3.0},{"damage":1.0,"enemies":"3 Shapes","floor":37.0,"turns":3.0},{"damage":0.0,"enemies":"Writhing Mass","floor":38.0,"turns":3.0},{"damage":0.0,"enemies":"4 Shapes","floor":39.0,"turns":2.0},{"damage":4.0,"enemies":"Reptomancer","floor":41.0,"turns":4.0},{"damage":0.0,"enemies":"Giant Head","floor":44.0,"turns":4.0},{"damage":8.0,"enemies":"Jaw Worm Horde","floor":45.0,"turns":2.0},{"damage":0.0,"enemies":"Spire Growth","floor":48.0,"turns":2.0},{"damage":0.0,"enemies":"Donu and Deca","floor":50.0,"turns":5.0},{"damage":0.0,"enemies":"Time Eater","floor":51.0,"turns":8.0},{"damage":0,"enemies":"Shield and Spear","floor":55,"turns":2},{"damage":0,"enemies":"The Heart","floor":56,"turns":5}],"seed_played":"4900017236031670849","potions_obtained":[],"is_trial":false,"path_per_floor":["M","M","?","$","?","R","M","?","T","R","M","E","M","$","R","B",null,"M","?","M","M","?","R","E","$","T","E","M","?","R","E","R","B",null,"M","?","M","M","M","R","E","R","T","E","M","R","$","M","R","B","B",null,"R","$","E","B",null],"character_chosen":"THE_SILENT","items_purchased":["Expertise","Acrobatics","Paper Crane","Deep Breath"],"campfire_rested":1,"item_purchase_floors":[4,25,47,54],"current_hp_per_floor":[55,52,47,47,47,47,46,28,28,46,40,24,24,24,24,23,51,51,51,51,53,53,53,49,49,49,44,46,46,46,53,53,58,66,68,68,68,70,72,72,74,74,74,74,71,71,71,76,76,76,76,76,76,76,78,78],"gold":66,"neow_bonus":"BOSS_RELIC","is_daily":false,"chose_seed":false,"campfire_upgraded":9,"win_rate":0.0,"timestamp":1610382676,"path_taken":["M","M","?","$","?","R","M","?","T","R","M","E","M","$","R","BOSS","M","?","M","M","?","R","E","?","T","E","?","?","R","E","R","BOSS","M","?","M","M","M","R","E","R","T","E","M","R","$","M","R","BOSS","BOSS","R","$","E","BOSS"],"items_purchased_type":["Card","Card","Relic","Card"],"build_version":"2020-12-22","purchased_purges":4,"victory":true,"max_hp_per_floor":[66,66,66,66,60,60,60,60,60,60,60,60,60,60,60,60,60,60,60,60,62,62,62,62,62,62,64,66,66,66,68,68,68,68,68,68,68,70,72,72,74,74,74,74,74,74,74,76,76,76,76,76,76,76,78,78],"relic_stats":{"Sozu":12,"Tough Bandages":[3363],"Singing Bowl":18,"counters":[28,156],"Sundial":[120],"Bloody Idol":25,"Blue Candle":[0],"HoveringKite":[44],"Tingsha":[1980],"Kunai":[19],"Cursed Key":2,"obtain_stats":[{"Singing Bowl":9,"The Specimen":44,"Golden Idol":5,"Blue Candle":24,"HoveringKite":34,"Tingsha":31,"The Courier":27,"Omamori":19,"Frozen Egg 2":26,"Paper Crane":47,"Cursed Key":17,"Sozu":0,"Du-Vu Doll":36,"Tough Bandages":3,"Anchor":55,"Sundial":12,"Bloody Idol":29,"Kunai":41,"Ring of the Snake":0},{"Singing Bowl":3,"The Specimen":22,"Golden Idol":2,"Blue Candle":11,"HoveringKite":15,"Tingsha":14,"The Courier":12,"Omamori":8,"Frozen Egg 2":11,"Paper Crane":23,"Cursed Key":7,"Sozu":0,"Du-Vu Doll":17,"Tough Bandages":2,"Anchor":27,"Sundial":5,"Bloody Idol":13,"Kunai":21,"Ring of the Snake":0},{"Singing Bowl":12,"The Specimen":132,"Golden Idol":9,"Blue Candle":82,"HoveringKite":110,"Tingsha":103,"The Courier":89,"Omamori":50,"Frozen Egg 2":82,"Paper Crane":134,"Cursed Key":44,"Sozu":0,"Du-Vu Doll":116,"Tough Bandages":9,"Anchor":151,"Sundial":32,"Bloody Idol":95,"Kunai":128,"Ring of the Snake":0}]},"card_choices":[{"not_picked":["Poisoned Stab","Finisher"],"picked":"Backflip","floor":1.0},{"not_picked":["Underhanded Strike","Deflect"],"picked":"Eviscerate","floor":2.0},{"not_picked":["Skewer","Blade Dance"],"picked":"Tactician","floor":7.0},{"not_picked":["Blade Dance","Backflip"],"picked":"Footwork","floor":11.0},{"not_picked":["Dodge and Roll","Noxious Fumes"],"picked":"Prepared","floor":12.0},{"not_picked":["Deadly Poison","Flying Knee"],"picked":"Backflip","floor":13.0},{"not_picked":["Malaise","A Thousand Cuts"],"picked":"After Image","floor":16.0},{"not_picked":["Blade Dance","Underhanded Strike"],"picked":"Blur","floor":18.0},{"not_picked":["Distraction","Sucker Punch"],"picked":"Calculated Gamble","floor":20.0},{"not_picked":["Leg Sweep","Bane","Bouncing Flask"],"picked":"Singing Bowl","floor":21.0},{"not_picked":["Caltrops+1","Blade Dance"],"picked":"Tools of the Trade","floor":24.0},{"not_picked":["Dagger Throw","Dagger Spray","Acrobatics"],"picked":"Singing Bowl","floor":27.0},{"not_picked":["Blur","Quick Slash","Sucker Punch"],"picked":"Singing Bowl","floor":28.0},{"not_picked":["Sucker Punch","Flying Knee","Underhanded Strike"],"picked":"Singing Bowl","floor":31.0},{"not_picked":["Bullet Time","Die Die Die"],"picked":"Adrenaline","floor":33.0},{"not_picked":["Predator","Blade Dance+1"],"picked":"Noxious Fumes+1","floor":35.0},{"not_picked":["Acrobatics","Choke+1"],"picked":"Calculated Gamble","floor":36.0},{"not_picked":["Poisoned Stab","Backstab+1"],"picked":"Acrobatics","floor":37.0},{"not_picked":["Acrobatics+1","Caltrops+1","Accuracy+1"],"picked":"Singing Bowl","floor":38.0},{"not_picked":["Bouncing Flask","Quick Slash","Slice+1"],"picked":"Singing Bowl","floor":39.0},{"not_picked":["Blade Dance","Setup","Noxious Fumes+1"],"picked":"Singing Bowl","floor":41.0},{"not_picked":["Blade Dance","Deadly Poison"],"picked":"Terror+1","floor":44.0},{"not_picked":["Glass Knife","Outmaneuver"],"picked":"PiercingWail","floor":45.0},{"not_picked":["Acrobatics","Dagger Spray+1","Sucker Punch"],"picked":"Singing Bowl","floor":48.0},{"not_picked":["Infinite Blades+1","Flying Knee","Dagger Spray"],"picked":"Singing Bowl","floor":55}],"player_experience":5767738,"relics_obtained":[{"floor":9.0,"key":"Singing Bowl"},{"floor":12.0,"key":"Sundial"},{"floor":24.0,"key":"Blue Candle"},{"floor":26.0,"key":"Frozen Egg 2"},{"floor":27.0,"key":"The Courier"},{"floor":31.0,"key":"Tingsha"},{"floor":36.0,"key":"Du-Vu Doll"},{"floor":41.0,"key":"Kunai"},{"floor":44.0,"key":"The Specimen"},{"floor":55,"key":"Anchor"}],"event_choices":[{"damage_healed":0.0,"max_hp_gain":0.0,"max_hp_loss":0.0,"gold_gain":0.0,"event_name":"Scrap Ooze","player_choice":"Success","floor":3.0,"gold_loss":0.0,"damage_taken":5.0,"relics_obtained":["Tough Bandages"]},{"damage_healed":0.0,"max_hp_gain":0.0,"max_hp_loss":6.0,"gold_gain":0.0,"event_name":"Golden Idol","player_choice":"Lose Max HP","floor":5.0,"gold_loss":0.0,"damage_taken":0.0,"relics_obtained":["Golden Idol"]},{"damage_healed":0.0,"max_hp_gain":0.0,"max_hp_loss":0.0,"gold_gain":0.0,"event_name":"Shining Light","player_choice":"Entered Light","floor":8.0,"gold_loss":0.0,"damage_taken":18.0,"cards_upgraded":["Defend_G","Expertise"]},{"damage_healed":0.0,"max_hp_gain":0.0,"max_hp_loss":0.0,"gold_gain":0.0,"event_name":"Addict","player_choice":"Obtained Relic","floor":19.0,"gold_loss":85.0,"damage_taken":0.0,"relics_obtained":["Omamori"]},{"damage_healed":0.0,"max_hp_gain":0.0,"max_hp_loss":0.0,"gold_gain":0.0,"cards_transformed":["Strike_G","Strike_G"],"event_name":"Drug Dealer","player_choice":"Became Test Subject","floor":22.0,"gold_loss":0.0,"damage_taken":0.0,"cards_obtained":["Malaise","Doppelganger"]},{"damage_healed":0.0,"max_hp_gain":0.0,"max_hp_loss":0.0,"gold_gain":0.0,"event_name":"Forgotten Altar","player_choice":"Gave Idol","floor":29.0,"relics_lost":["Golden Idol"],"gold_loss":0.0,"damage_taken":0.0,"relics_obtained":["Bloody Idol"]},{"damage_healed":0.0,"max_hp_gain":0.0,"max_hp_loss":0.0,"gold_gain":0.0,"event_name":"MindBloom","player_choice":"Fight","floor":36.0,"gold_loss":0.0,"damage_taken":0.0}],"is_beta":false,"boss_relics":[{"not_picked":["Coffee Dripper","SacredBark"],"picked":"Cursed Key"},{"not_picked":["Philosopher\u0027s Stone","Velvet Choker"],"picked":"HoveringKite"}],"items_purged_floors":[4,14,47,54],"is_endless":false,"potions_floor_spawned":[7,13,16,18,20,28,33,35,37,44,48,55],"ascension_level":20}}