{"host":"p9t7qd83igtcp2bh","time":1610402787,"event":{"mods":["2.2 Compatiblity","AchievementEnabler","BaseMod","Colored Map","Colored Powertips","Custom Start","DeckTracker","Keyboard Shortcuts","Minty Spire (QoL Compilation)","Permanent Neow","StSLib","SuperFastMode","everything is the same but u backflip on backflip"],"gold_per_floor":[117,127,52,65,25,25,44,62,62,62,76,104,21,47,47,124,124,98,98,55,67,67,67,67,67],"floor_reached":24,"playtime":650,"items_purged":[],"score":381,"play_id":"d275281f-b3e4-4f5b-8ed2-8df161465985","local_time":"20210112070627","is_ascension_mode":true,"campfire_choices":[{"data":"Cold Snap","floor":6,"key":"SMITH"},{"data":"Blizzard","floor":10,"key":"SMITH"},{"data":"Defragment","floor":15,"key":"SMITH"},{"data":"Sunder","floor":23,"key":"SMITH"}],"circlet_count":0,"master_deck":["AscendersBane","Strike_B+1","Defend_B","Defend_B","Zap","Dualcast","Loop","Conserve Battery","Cold Snap+1","Self Repair","Chill","Blizzard+1","Defragment+1","Undo","Self Repair","Electrodynamics","Sunder+1","Hologram"],"relics":["Cracked Core","Symbiotic Virus","Bottled Tornado","Whetstone","Snecko Eye"],"acts_visited":["Exordium","TheCity"],"potions_floor_usage":[5,8,16],"damage_taken":[{"damage":9,"enemies":"2 Louse","floor":1,"turns":4},{"damage":0,"enemies":"Cultist","floor":2,"turns":3},{"damage":8,"enemies":"Small Slimes","floor":4,"turns":4},{"damage":5,"enemies":"Exordium Wildlife","floor":7,"turns":5},{"damage":4,"enemies":"Looter","floor":8,"turns":3},{"damage":0,"enemies":"Lots of Slimes","floor":11,"turns":2},{"damage":24,"enemies":"Gremlin Nob","floor":12,"turns":4},{"damage":2,"enemies":"3 Sentries","floor":14,"turns":5},{"damage":4,"enemies":"Slime Boss","floor":16,"turns":9},{"damage":20,"enemies":"2 Thieves","floor":18,"turns":4},{"damage":23,"enemies":"3 Byrds","floor":21,"turns":3},{"damage":51,"enemies":"Book of Stabbing","floor":24,"turns":4}],"seed_played":"2736326176030234474","potions_obtained":[{"floor":5,"key":"Fruit Juice"},{"floor":5,"key":"Ancient Potion"},{"floor":5,"key":"Regen Potion"},{"floor":8,"key":"EssenceOfDarkness"},{"floor":16,"key":"Ancient Potion"}],"is_trial":false,"path_per_floor":["M","M","?","M","?","R","M","M","T","R","M","E","$","E","R","B",null,"M","?","$","M","?","R","E"],"character_chosen":"DEFECT","items_purchased":["Defragment","Sunder"],"campfire_rested":0,"item_purchase_floors":[13,20],"current_hp_per_floor":[55,55,55,54,59,59,61,69,69,69,69,52,52,57,57,60,67,54,54,54,45,45,45,0,0],"gold":67,"neow_bonus":"TRANSFORM_TWO_CARDS","is_daily":false,"chose_seed":false,"campfire_upgraded":4,"win_rate":0.0,"timestamp":1610402787,"path_taken":["M","M","?","M","?","R","?","M","T","R","M","E","$","E","R","BOSS","M","?","$","M","?","R","E"],"items_purchased_type":["Card","Card"],"build_version":"2020-12-22","purchased_purges":0,"victory":false,"max_hp_per_floor":[64,64,64,64,69,69,69,69,69,69,69,69,69,69,69,69,69,69,69,69,69,69,69,69,69],"card_choices":[{"not_picked":["Conserve Battery","Steam"],"picked":"Cold Snap","floor":1},{"not_picked":["Sweeping Beam","Darkness"],"picked":"Self Repair","floor":2},{"not_picked":["Coolheaded","Go for the Eyes"],"picked":"Chill","floor":4},{"not_picked":["Force Field","Stack","Scrape"],"picked":"SKIP","floor":7},{"not_picked":["Storm","Fusion"],"picked":"Blizzard","floor":8},{"not_picked":["Stack","Lockon","Conserve Battery"],"picked":"SKIP","floor":11},{"not_picked":["Steam","Steam Power","Doom and Gloom"],"picked":"SKIP","floor":12},{"not_picked":["Loop","Compile Driver","Barrage"],"picked":"SKIP","floor":14},{"not_picked":["Hello World","Defragment","Undo"],"picked":"SKIP","floor":18},{"not_picked":["Hello World","Defragment"],"picked":"Undo","floor":18},{"not_picked":["Auto Shields","Streamline"],"picked":"Hologram","floor":21}],"player_experience":615783,"relics_obtained":[{"floor":9,"key":"Symbiotic Virus"},{"floor":12,"key":"Bottled Tornado"},{"floor":14,"key":"Whetstone"}],"event_choices":[{"cards_removed":["Defend_B"],"damage_healed":0,"gold_gain":0,"player_choice":"Card Removal","damage_taken":0,"max_hp_gain":0,"max_hp_loss":0,"event_name":"The Cleric","floor":3,"gold_loss":75},{"damage_healed":0,"gold_gain":0,"player_choice":"Bought 3 Potions","damage_taken":0,"max_hp_gain":0,"max_hp_loss":0,"event_name":"The Woman in Blue","floor":5,"gold_loss":0},{"damage_healed":0,"gold_gain":0,"cards_transformed":["Strike_B","Strike_B"],"player_choice":"Became Test Subject","damage_taken":0,"max_hp_gain":0,"max_hp_loss":0,"event_name":"Drug Dealer","floor":19,"gold_loss":0,"cards_obtained":["Self Repair","Electrodynamics"]},{"damage_healed":0,"gold_gain":0,"player_choice":"Ignored","damage_taken":0,"max_hp_gain":0,"max_hp_loss":0,"event_name":"The Mausoleum","floor":22,"gold_loss":0}],"is_beta":false,"boss_relics":[{"not_picked":["Empty Cage","Nuclear Battery"],"picked":"Snecko Eye"}],"items_purged_floors":[],"is_endless":false,"potions_floor_spawned":[7,8,12,14,16,18],"killed_by":"Book of Stabbing","ascension_level":17}}