{"host":"mg3e76uznu9x14du","time":1610341128,"event":{"mods":["BaseMod","Colored Map","Minty Spire (QoL Compilation)","Permanent Neow","Relic Stats","StSLib"],"gold_per_floor":[116,42,42,53,73,107,107,132,158,30,30,40,71,90,90,186,186,200,200,210,13,13,13,43,54,54,54,63,172,172,172],"floor_reached":30,"playtime":1338,"items_purged":["Regret","Strike_R"],"score":331,"play_id":"c374fae5-aa6d-4836-812b-a37e2fc1d491","local_time":"20210110235848","is_ascension_mode":true,"campfire_choices":[{"data":"Rupture","floor":7,"key":"SMITH"},{"floor":15,"key":"REST"},{"data":"Armaments","floor":23,"key":"SMITH"},{"data":"True Grit","floor":27,"key":"SMITH"}],"circlet_count":0,"master_deck":["Strike_R","Strike_R","Strike_R","Strike_R","Defend_R","Defend_R","Defend_R","Defend_R","Bash+1","Warcry","Combust","Rupture+1","Armaments+1","Headbutt","Berserk","Heavy Blade","Necronomicurse","True Grit+1","Combust","True Grit","Shame","Rupture"],"relics":["Burning Blood","Red Skull","Akabeko","Mango","Dream Catcher","Bag of Preparation","Sozu","Necronomicon","StrikeDummy","Tiny Chest","CeramicFish","FossilizedHelix","Pear"],"acts_visited":["Exordium","TheCity"],"potions_floor_usage":[8,16,18,29],"damage_taken":[{"damage":2,"enemies":"Small Slimes","floor":1,"turns":5},{"damage":18,"enemies":"Jaw Worm","floor":4,"turns":6},{"damage":5,"enemies":"Cultist","floor":5,"turns":3},{"damage":31,"enemies":"3 Sentries","floor":6,"turns":7},{"damage":27,"enemies":"Lagavulin","floor":8,"turns":5},{"damage":22,"enemies":"Exordium Thugs","floor":12,"turns":4},{"damage":27,"enemies":"3 Sentries","floor":13,"turns":6},{"damage":5,"enemies":"Blue Slaver","floor":14,"turns":3},{"damage":13,"enemies":"Slime Boss","floor":16,"turns":6},{"damage":25,"enemies":"Shell Parasite","floor":18,"turns":5},{"damage":4,"enemies":"Spheric Guardian","floor":20,"turns":2},{"damage":74,"enemies":"Book of Stabbing","floor":24,"turns":6},{"damage":0,"enemies":"Snake Plant","floor":25,"turns":2},{"damage":20,"enemies":"Colosseum Slavers","floor":29,"turns":4},{"damage":4,"enemies":"Colosseum Nobs","floor":29,"turns":3},{"damage":36,"enemies":"Gremlin Leader","floor":30,"turns":4}],"seed_played":"-7397352905671350802","potions_obtained":[{"floor":4,"key":"ElixirPotion"},{"floor":5,"key":"EssenceOfSteel"},{"floor":11,"key":"Ancient Potion"},{"floor":11,"key":"FairyPotion"},{"floor":11,"key":"Strength Potion"},{"floor":13,"key":"AttackPotion"}],"is_trial":false,"path_per_floor":["M","$","?","M","M","E","R","E","T","$","?","M","E","M","R","B",null,"M","?","M","$","?","R","E","M","T","R","?","?","E"],"character_chosen":"IRONCLAD","items_purchased":["Combust","Headbutt","True Grit","Combust"],"campfire_rested":1,"item_purchase_floors":[2,10,21,21],"current_hp_per_floor":[80,80,80,68,69,44,44,37,37,37,37,21,33,34,62,55,94,75,59,61,61,94,94,26,32,32,32,32,30,0,0],"gold":172,"neow_bonus":"UPGRADE_CARD","is_daily":false,"chose_seed":false,"campfire_upgraded":3,"win_rate":0.0,"timestamp":1610341128,"path_taken":["M","$","?","M","M","E","R","E","T","$","?","?","E","M","R","BOSS","M","?","M","$","?","R","E","?","T","R","?","?","E"],"items_purchased_type":["Card","Card","Card","Card"],"build_version":"2020-12-22","purchased_purges":2,"victory":false,"max_hp_per_floor":[80,80,80,80,80,80,80,94,94,94,94,94,94,94,94,94,94,94,94,94,94,94,94,94,94,94,94,94,104,104,104],"relic_stats":{"Sozu":3,"Dream Catcher":1,"counters":[16,71],"CeramicFish":18,"Tiny Chest":0,"Bag of Preparation":[18],"Necronomicon":[9],"obtain_stats":[{"Pear":29,"CeramicFish":28,"Mango":8,"Bag of Preparation":13,"Burning Blood":0,"Akabeko":6,"Sozu":17,"Dream Catcher":9,"Tiny Chest":26,"Necronomicon":19,"StrikeDummy":24,"Red Skull":3,"FossilizedHelix":29},{"Pear":15,"CeramicFish":13,"Mango":5,"Bag of Preparation":7,"Burning Blood":0,"Akabeko":4,"Sozu":9,"Dream Catcher":5,"Tiny Chest":13,"Necronomicon":10,"StrikeDummy":12,"Red Skull":1,"FossilizedHelix":15},{"Pear":67,"CeramicFish":60,"Mango":26,"Bag of Preparation":36,"Burning Blood":0,"Akabeko":21,"Sozu":45,"Dream Catcher":26,"Tiny Chest":60,"Necronomicon":50,"StrikeDummy":58,"Red Skull":5,"FossilizedHelix":67}],"Burning Blood":86},"card_choices":[{"not_picked":["Sever Soul","Shrug It Off"],"picked":"Warcry","floor":1},{"not_picked":["Twin Strike","Uppercut"],"picked":"Rupture","floor":4},{"not_picked":["Burning Pact","Wild Strike"],"picked":"Armaments","floor":5},{"not_picked":["Cleave","Sentinel","Twin Strike"],"picked":"SKIP","floor":6},{"not_picked":["Pommel Strike","Whirlwind","Evolve"],"picked":"SKIP","floor":8},{"not_picked":["Dual Wield","Heavy Blade"],"picked":"Bloodletting","floor":12},{"not_picked":["Sword Boomerang","Blood for Blood","Second Wind"],"picked":"SKIP","floor":13},{"not_picked":["Flex","Second Wind","Blood for Blood"],"picked":"SKIP","floor":14},{"not_picked":["Limit Break","Impervious"],"picked":"Berserk","floor":16},{"not_picked":["Sentinel+1","Havoc"],"picked":"Heavy Blade","floor":18},{"not_picked":["Armaments","Wild Strike+1","Headbutt+1"],"picked":"SKIP","floor":20},{"not_picked":["Berserk","Corruption","Thunderclap"],"picked":"SKIP","floor":24},{"not_picked":["Flex","Body Slam"],"picked":"True Grit","floor":25},{"not_picked":["Twin Strike","Reckless Charge+1"],"picked":"Rupture","floor":29}],"player_experience":245665,"relics_obtained":[{"floor":6,"key":"Akabeko"},{"floor":8,"key":"Mango"},{"floor":9,"key":"Dream Catcher"},{"floor":13,"key":"Bag of Preparation"},{"floor":19,"key":"Necronomicon"},{"floor":24,"key":"StrikeDummy"},{"floor":26,"key":"Tiny Chest"},{"floor":29,"key":"FossilizedHelix"},{"floor":29,"key":"Pear"}],"event_choices":[{"damage_healed":0,"gold_gain":0,"player_choice":"Box","damage_taken":0,"relics_obtained":["Red Skull"],"max_hp_gain":0,"max_hp_loss":0,"event_name":"Big Fish","floor":3,"gold_loss":0,"cards_obtained":["Regret"]},{"damage_healed":0,"gold_gain":0,"player_choice":"Got Potions","damage_taken":0,"max_hp_gain":0,"max_hp_loss":0,"event_name":"Lab","floor":11,"gold_loss":0},{"damage_healed":0,"gold_gain":0,"player_choice":"Obtained Book","damage_taken":16,"max_hp_gain":0,"max_hp_loss":0,"event_name":"Cursed Tome","floor":19,"gold_loss":0},{"cards_removed":["Bloodletting"],"damage_healed":33,"gold_gain":0,"player_choice":"Offered Uncommon","damage_taken":0,"max_hp_gain":0,"max_hp_loss":0,"event_name":"Bonfire Elementals","floor":22,"gold_loss":0},{"damage_healed":0,"gold_gain":0,"player_choice":"Stole Relic","damage_taken":0,"relics_obtained":["CeramicFish"],"max_hp_gain":0,"max_hp_loss":0,"event_name":"Addict","floor":28,"gold_loss":0,"cards_obtained":["Shame"]},{"damage_healed":0,"gold_gain":0,"player_choice":"Fight","damage_taken":0,"max_hp_gain":0,"max_hp_loss":0,"event_name":"Colosseum","floor":29,"gold_loss":0},{"damage_healed":0,"gold_gain":0,"player_choice":"Fought Nobs","damage_taken":0,"max_hp_gain":0,"max_hp_loss":0,"event_name":"Colosseum","floor":29,"gold_loss":0}],"is_beta":false,"boss_relics":[{"not_picked":["Astrolabe","Tiny House"],"picked":"Sozu"}],"items_purged_floors":[10,21],"is_endless":false,"potions_floor_spawned":[4,5,13,20,25,29],"killed_by":"Gremlin Leader","ascension_level":3}}