{"host":"zekcc3vicrep0och","time":1610398479,"event":{"mods":["AchievementEnabler","BaseMod","Colored Map","Colored Powertips","Displayed Cursed Tome","Highlight Path","Minty Spire (QoL Compilation)","Quick Restart","Relic Stats","StSLib","The Cursed"],"gold_per_floor":[113,129,109,119,133,133,133,160,183,38,38,64,64,9,9,91,91,101,101,51,71,54,80,80,80],"floor_reached":24,"playtime":1162,"items_purged":["Defend_B"],"score":565,"play_id":"9c36fafc-c2a8-49b0-a884-4e2e1ada938b","local_time":"20210111235439","is_ascension_mode":true,"campfire_choices":[{"data":"Hologram","floor":6.0,"key":"SMITH"},{"data":"Streamline","floor":11.0,"key":"SMITH"},{"data":"White Noise","floor":13.0,"key":"SMITH"},{"floor":15.0,"key":"REST"}],"circlet_count":0,"master_deck":["AscendersBane","Strike_B","Strike_B","Strike_B","Defend_B","Defend_B","Defend_B","Zap","Dualcast","BootSequence","Hologram+1","Steam","Streamline+1","Seek","Cold Snap","White Noise+1","Hyperbeam+1","White Noise","Leap"],"relics":["Cracked Core","Calipers","CeramicFish","Orichalcum","Velvet Choker","Enchiridion","Juzu Bracelet"],"acts_visited":["Exordium","TheCity"],"potions_floor_usage":[24],"damage_taken":[{"damage":3.0,"enemies":"Jaw Worm","floor":1.0,"turns":4.0},{"damage":1.0,"enemies":"Cultist","floor":2.0,"turns":3.0},{"damage":2.0,"enemies":"Small Slimes","floor":4.0,"turns":4.0},{"damage":0.0,"enemies":"Exordium Thugs","floor":5.0,"turns":4.0},{"damage":24.0,"enemies":"Gremlin Nob","floor":8.0,"turns":5.0},{"damage":1.0,"enemies":"Exordium Wildlife","floor":12.0,"turns":3.0},{"damage":21.0,"enemies":"Slime Boss","floor":16.0,"turns":11.0},{"damage":2.0,"enemies":"Chosen","floor":18.0,"turns":3.0},{"damage":6.0,"enemies":"2 Thieves","floor":21.0,"turns":2.0},{"damage":47.0,"enemies":"Book of Stabbing","floor":23.0,"turns":6.0},{"damage":8,"enemies":"Shelled Parasite and Fungi","floor":24,"turns":2}],"seed_played":"835652719995619165","potions_obtained":[{"floor":1.0,"key":"FairyPotion"},{"floor":3.0,"key":"AttackPotion"},{"floor":16.0,"key":"PotionOfCapacity"},{"floor":23.0,"key":"SpeedPotion"}],"is_trial":false,"path_per_floor":["M","M","?","M","M","R","?","E","T","$","R","M","R","$","R","B",null,"M","?","?","M","$","E","M"],"character_chosen":"DEFECT","items_purchased":["Fire Potion","Cold Snap","Dexterity Potion","Leap"],"campfire_rested":1,"item_purchase_floors":[10,10,14,22],"current_hp_per_floor":[43,42,42,40,40,40,40,16,16,16,16,15,15,15,36,15,57,55,34,34,28,28,3,0,0],"gold":80,"neow_bonus":"ONE_RARE_RELIC","is_daily":false,"chose_seed":false,"campfire_upgraded":3,"win_rate":0.0,"timestamp":1610398479,"path_taken":["M","M","?","M","?","R","?","E","T","?","R","M","R","$","R","BOSS","M","?","?","?","?","E","M"],"items_purchased_type":["Potion","Card","Potion","Card"],"build_version":"2020-12-22","purchased_purges":1,"victory":false,"max_hp_per_floor":[71,71,71,71,71,71,71,71,71,71,71,71,71,71,71,71,71,71,71,71,71,71,71,71,71],"relic_stats":{"counters":[11,47],"CeramicFish":45,"Juzu Bracelet":0,"Orichalcum":[60],"obtain_stats":[{"Calipers":0,"CeramicFish":8,"Velvet Choker":17,"Enchiridion":19,"Juzu Bracelet":23,"Orichalcum":9,"Cracked Core":0},{"Calipers":0,"CeramicFish":5,"Velvet Choker":7,"Enchiridion":8,"Juzu Bracelet":10,"Orichalcum":5,"Cracked Core":0},{"Calipers":0,"CeramicFish":20,"Velvet Choker":34,"Enchiridion":37,"Juzu Bracelet":45,"Orichalcum":20,"Cracked Core":0}]},"card_choices":[{"not_picked":["Turbo","Hologram"],"picked":"BootSequence","floor":1.0},{"not_picked":["Barrage","Recycle"],"picked":"Hologram","floor":2.0},{"not_picked":["Fusion","Turbo"],"picked":"Steam","floor":4.0},{"not_picked":["Stack","Hologram"],"picked":"Streamline","floor":5.0},{"not_picked":["Skim","Barrage","Leap"],"picked":"SKIP","floor":8.0},{"not_picked":["Sweeping Beam","Auto Shields"],"picked":"White Noise","floor":12.0},{"not_picked":["Core Surge","Fission"],"picked":"Hyperbeam","floor":16.0},{"not_picked":["Fusion","Streamline","Steam"],"picked":"SKIP","floor":18.0},{"not_picked":["Gash","BootSequence"],"picked":"White Noise","floor":21.0},{"not_picked":["Hologram","Steam Power","Stack"],"picked":"SKIP","floor":23.0}],"player_experience":510956,"relics_obtained":[{"floor":8.0,"key":"CeramicFish"},{"floor":9.0,"key":"Orichalcum"},{"floor":23.0,"key":"Juzu Bracelet"}],"event_choices":[{"damage_healed":0.0,"max_hp_gain":0.0,"max_hp_loss":0.0,"gold_gain":0.0,"event_name":"The Woman in Blue","player_choice":"Bought 1 Potion","floor":3.0,"gold_loss":0.0,"damage_taken":0.0},{"damage_healed":0.0,"max_hp_gain":0.0,"max_hp_loss":0.0,"gold_gain":0.0,"cards_transformed":["Strike_B"],"event_name":"Transmorgrifier","player_choice":"Transformed","floor":7.0,"gold_loss":0.0,"damage_taken":0.0,"cards_obtained":["Seek"]},{"damage_healed":0.0,"max_hp_gain":0.0,"max_hp_loss":0.0,"gold_gain":0.0,"event_name":"Cursed Tome","player_choice":"Obtained Book","floor":19.0,"gold_loss":0.0,"damage_taken":21.0},{"damage_healed":0.0,"max_hp_gain":0.0,"max_hp_loss":0.0,"gold_gain":0.0,"event_name":"Designer","player_choice":"Upgrade","floor":20.0,"gold_loss":50.0,"damage_taken":0.0,"cards_upgraded":["Hyperbeam"]}],"is_beta":false,"boss_relics":[{"not_picked":["Fusion Hammer","Ectoplasm"],"picked":"Velvet Choker"}],"items_purged_floors":[10],"is_endless":false,"potions_floor_spawned":[1,16,21,23],"killed_by":"Shelled Parasite and Fungi","ascension_level":16}}