{"host":"gg","time":1610342755,"event":{"mods":["BaseMod","Colored Map","Googly Eyes","Minty Spire (QoL Compilation)","Permanent Neow","Relic Stats","The IronCluck"],"gold_per_floor":[117,117,117,133,153,179,190,190,190,216,4,4,39,51,51,126,126,167,167,209,209,209,265,304,359,359,395,425,425,458,478,478,578,578,617,223,60,0,0,54,54,113,113,186,22,79,79,117,117,142,172,172,172,8,37,37,37],"floor_reached":56,"playtime":6851,"items_purged":["Defend_P","Strike_P"],"score":2412,"play_id":"835ce76d-5eda-42aa-ad8a-9b4617876144","local_time":"20210110212555","is_ascension_mode":true,"campfire_choices":[{"data":"ReachHeaven","floor":8.0,"key":"SMITH"},{"data":"Meditate","floor":12.0,"key":"SMITH"},{"data":"CrushJoints","floor":15.0,"key":"SMITH"},{"data":"Wallop","floor":29.0,"key":"SMITH"},{"data":"ForeignInfluence","floor":32.0,"key":"SMITH"},{"data":"Meditate","floor":41.0,"key":"SMITH"},{"floor":49.0,"key":"RECALL"},{"data":"Ghostly","floor":53.0,"key":"SMITH"}],"circlet_count":0,"master_deck":["AscendersBane","Strike_P","Strike_P+1","Strike_P","Defend_P","Defend_P+1","Defend_P","Eruption+1","Vigilance+1","CurseOfTheBell","ReachHeaven+1","SignatureMove","Wallop+1","Tantrum","Meditate+1","CrushJoints+1","FlurryOfBlows","Wish","Ghostly+1","Ghostly","Ghostly","Ghostly","FlyingSleeves","ForeignInfluence+1","EmptyMind","Ragnarok","Vengeance+1","InnerPeace","FlurryOfBlows","Meditate+1","Wish"],"relics":["Calling Bell","MealTicket","Matryoshka","Ginger","Blood Vial","Bag of Marbles","Gremlin Horn","Darkstone Periapt","Sling","HornCleat","Coffee Dripper","Nunchaku","Smiling Mask","Ancient Tea Set","Lantern","Letter Opener","Singing Bowl","Philosopher\u0027s Stone","Bag of Preparation","Orrery","Toolbox","Red Mask","War Paint","Bronze Scales","Sundial","OrangePellets","Ornamental Fan"],"acts_visited":["Exordium","TheCity","TheBeyond","TheEnding"],"potions_floor_usage":[56,56],"damage_taken":[{"damage":0.0,"enemies":"2 Louse","floor":1.0,"turns":2.0},{"damage":5.0,"enemies":"Small Slimes","floor":4.0,"turns":3.0},{"damage":4.0,"enemies":"Jaw Worm","floor":5.0,"turns":2.0},{"damage":16.0,"enemies":"Gremlin Nob","floor":6.0,"turns":3.0},{"damage":0.0,"enemies":"2 Fungi Beasts","floor":7.0,"turns":3.0},{"damage":12.0,"enemies":"Lagavulin","floor":10.0,"turns":3.0},{"damage":0.0,"enemies":"Gremlin Nob","floor":13.0,"turns":2.0},{"damage":0.0,"enemies":"Lots of Slimes","floor":14.0,"turns":1.0},{"damage":11.0,"enemies":"The Guardian","floor":16.0,"turns":5.0},{"damage":17.0,"enemies":"2 Thieves","floor":18.0,"turns":3.0},{"damage":1.0,"enemies":"Shell Parasite","floor":20.0,"turns":3.0},{"damage":0.0,"enemies":"Book of Stabbing","floor":23.0,"turns":5.0},{"damage":0.0,"enemies":"Chosen and Byrds","floor":24.0,"turns":4.0},{"damage":0.0,"enemies":"Gremlin Leader","floor":25.0,"turns":3.0},{"damage":0.0,"enemies":"Cultist and Chosen","floor":27.0,"turns":4.0},{"damage":20.0,"enemies":"Slavers","floor":28.0,"turns":2.0},{"damage":1.0,"enemies":"Book of Stabbing","floor":30.0,"turns":4.0},{"damage":0.0,"enemies":"Snake Plant","floor":31.0,"turns":4.0},{"damage":42.0,"enemies":"Champ","floor":33.0,"turns":6.0},{"damage":6.0,"enemies":"3 Darklings","floor":35.0,"turns":5.0},{"damage":0.0,"enemies":"Reptomancer","floor":40.0,"turns":3.0},{"damage":14.0,"enemies":"Giant Head","floor":42.0,"turns":4.0},{"damage":0.0,"enemies":"Reptomancer","floor":44.0,"turns":2.0},{"damage":0.0,"enemies":"3 Shapes","floor":46.0,"turns":4.0},{"damage":1.0,"enemies":"Transient","floor":48.0,"turns":6.0},{"damage":24.0,"enemies":"Donu and Deca","floor":50.0,"turns":7.0},{"damage":5.0,"enemies":"Awakened One","floor":51.0,"turns":8.0},{"damage":1.0,"enemies":"Shield and Spear","floor":55.0,"turns":4.0},{"damage":82,"enemies":"The Heart","floor":56,"turns":5}],"seed_played":"-5786005837805987470","potions_obtained":[{"floor":1.0,"key":"AttackPotion"},{"floor":4.0,"key":"SneckoOil"},{"floor":7.0,"key":"Weak Potion"},{"floor":13.0,"key":"Dexterity Potion"},{"floor":18.0,"key":"FairyPotion"},{"floor":20.0,"key":"BottledMiracle"},{"floor":27.0,"key":"LiquidBronze"},{"floor":30.0,"key":"Block Potion"},{"floor":33.0,"key":"EssenceOfSteel"},{"floor":40.0,"key":"AttackPotion"},{"floor":46.0,"key":"Ancient Potion"},{"floor":48.0,"key":"SkillPotion"},{"floor":55.0,"key":"LiquidMemories"}],"is_trial":false,"path_per_floor":["M","?","?","M","M","E","M","R","T","E","$","R","E","M","R","B",null,"M","?","M","?","?","E","M","E","T","M","E","R","E","M","R","B",null,"M","$","$","?","?","E","R","E","T","E","$","M","?","M","R","B","B",null,"R","$","E","B"],"character_chosen":"WATCHER","items_purchased":["Meditate","Sling","Bag of Preparation","Orrery","Toolbox","OrangePellets","CultistPotion"],"campfire_rested":0,"item_purchase_floors":[11,11,36,36,37,45,54],"current_hp_per_floor":[61,66,44,39,35,19,21,21,21,11,26,26,28,30,30,21,60,45,36,35,27,27,29,31,33,33,35,17,17,18,20,20,1,31,29,47,47,47,45,45,45,33,33,37,49,51,44,47,47,25,22,45,45,53,52,0,0],"gold":37,"neow_bonus":"BOSS_RELIC","is_daily":false,"chose_seed":false,"campfire_upgraded":7,"win_rate":0.0,"timestamp":1610342755,"path_taken":["M","?","?","M","M","E","M","R","T","E","$","R","E","M","R","BOSS","M","?","M","?","?","E","M","E","T","M","E","R","E","?","R","BOSS","M","?","$","?","?","E","R","E","T","E","$","?","?","M","R","BOSS","BOSS","R","$","E","BOSS"],"items_purchased_type":["Card","Relic","Relic","Relic","Relic","Relic","Potion"],"build_version":"2020-12-18","purchased_purges":2,"victory":false,"max_hp_per_floor":[68,73,73,73,73,73,73,73,73,73,73,73,73,73,73,73,73,73,36,36,41,41,41,41,41,41,41,41,41,41,41,41,41,41,43,47,47,47,45,45,45,47,47,49,49,51,51,53,53,53,53,53,53,53,53,53,53],"relic_stats":{"Darkstone Periapt":0,"Gremlin Horn":[29,29],"Singing Bowl":14,"counters":[29,110],"Bag of Preparation":[18],"Ginger":[10],"Letter Opener":[189],"War Paint":["Defend_P","Vigilance"],"Smiling Mask":75,"Blood Vial":39,"OrangePellets":[2],"Nunchaku":[24],"Sundial":[2],"Ornamental Fan":[8],"Bronze Scales":[132],"MealTicket":49,"obtain_stats":[{"Darkstone Periapt":10,"Lantern":26,"Gremlin Horn":9,"Singing Bowl":30,"Bag of Preparation":36,"Ginger":0,"Sling":11,"Smiling Mask":25,"Ancient Tea Set":26,"Blood Vial":6,"Nunchaku":23,"Matryoshka":0,"HornCleat":13,"Sundial":44,"Toolbox":37,"MealTicket":0,"Philosopher\u0027s Stone":34,"Red Mask":38,"Letter Opener":28,"War Paint":40,"Calling Bell":0,"OrangePellets":45,"Ornamental Fan":55,"Bronze Scales":42,"Orrery":36,"Bag of Marbles":9,"Coffee Dripper":17,"PureWater":0},{"Darkstone Periapt":6,"Lantern":14,"Gremlin Horn":5,"Singing Bowl":17,"Bag of Preparation":20,"Ginger":0,"Sling":6,"Smiling Mask":14,"Ancient Tea Set":14,"Blood Vial":4,"Nunchaku":12,"Matryoshka":0,"HornCleat":7,"Sundial":23,"Toolbox":20,"MealTicket":0,"Philosopher\u0027s Stone":19,"Red Mask":20,"Letter Opener":16,"War Paint":21,"Calling Bell":0,"OrangePellets":23,"Ornamental Fan":28,"Bronze Scales":22,"Orrery":20,"Bag of Marbles":5,"Coffee Dripper":9,"PureWater":0},{"Darkstone Periapt":16,"Lantern":42,"Gremlin Horn":13,"Singing Bowl":52,"Bag of Preparation":67,"Ginger":0,"Sling":16,"Smiling Mask":42,"Ancient Tea Set":42,"Blood Vial":10,"Nunchaku":35,"Matryoshka":0,"HornCleat":18,"Sundial":76,"Toolbox":67,"MealTicket":0,"Philosopher\u0027s Stone":62,"Red Mask":67,"Letter Opener":48,"War Paint":70,"Calling Bell":0,"OrangePellets":76,"Ornamental Fan":105,"Bronze Scales":74,"Orrery":67,"Bag of Marbles":13,"Coffee Dripper":24,"PureWater":0}]},"card_choices":[{"not_picked":["PathToVictory","ThirdEye"],"picked":"ReachHeaven","floor":1.0},{"not_picked":["Study","Halt","EmptyBody"],"picked":"SKIP","floor":4.0},{"not_picked":["SandsOfTime","EmptyFist"],"picked":"SignatureMove","floor":5.0},{"not_picked":["Nirvana","Protect"],"picked":"Wallop","floor":6.0},{"not_picked":["CrushJoints","Ragnarok"],"picked":"Tantrum","floor":7.0},{"not_picked":["Crescendo","Vengeance","WindmillStrike"],"picked":"SKIP","floor":10.0},{"not_picked":["Indignation","SandsOfTime"],"picked":"CrushJoints","floor":13.0},{"not_picked":["InnerPeace","WheelKick"],"picked":"FlurryOfBlows","floor":14.0},{"not_picked":["Devotion","LessonLearned"],"picked":"Wish","floor":16.0},{"not_picked":["SashWhip","Protect","PathToVictory+1"],"picked":"SKIP","floor":18.0},{"not_picked":["ClearTheMind","Consecrate","EmptyFist"],"picked":"SKIP","floor":20.0},{"not_picked":["Sanctity","LikeWater","SpiritShield"],"picked":"SKIP","floor":23.0},{"not_picked":["Wireheading","Worship"],"picked":"FlyingSleeves","floor":24.0},{"not_picked":["Crescendo","Protect","ClearTheMind"],"picked":"SKIP","floor":25.0},{"not_picked":["BowlingBash","Meditate","LikeWater"],"picked":"SKIP","floor":27.0},{"not_picked":["Consecrate","CrushJoints","Study"],"picked":"SKIP","floor":28.0},{"not_picked":["Consecrate","CrushJoints","Study"],"picked":"SKIP","floor":28.0},{"not_picked":["Evaluate","EmptyFist"],"picked":"ForeignInfluence","floor":30.0},{"not_picked":["Judgement","JustLucky"],"picked":"EmptyMind","floor":31.0},{"not_picked":["DeusExMachina","DevaForm"],"picked":"Ragnarok","floor":33.0},{"not_picked":["CrushJoints+1","Pray","Worship"],"picked":"Singing Bowl","floor":35.0},{"not_picked":["Swivel+1","DevaForm"],"picked":"Vengeance+1","floor":36.0},{"not_picked":["ReachHeaven+1","FollowUp"],"picked":"InnerPeace","floor":36.0},{"not_picked":["Evaluate","PathToVictory","Halt"],"picked":"Singing Bowl","floor":36.0},{"not_picked":["Evaluate","Consecrate+1"],"picked":"FlurryOfBlows","floor":36.0},{"not_picked":["FlyingSleeves+1","Pray","Prostrate+1"],"picked":"Singing Bowl","floor":36.0},{"not_picked":["SpiritShield","Consecrate+1"],"picked":"Meditate","floor":40.0},{"not_picked":["EmptyFist","FollowUp","Conclude"],"picked":"Singing Bowl","floor":42.0},{"not_picked":["WheelKick","EmptyFist","ReachHeaven+1"],"picked":"Singing Bowl","floor":44.0},{"not_picked":["Conclude","FollowUp","BattleHymn"],"picked":"Singing Bowl","floor":46.0},{"not_picked":["EmptyBody","FearNoEvil","WheelKick"],"picked":"Singing Bowl","floor":48.0},{"not_picked":["Halt","ClearTheMind"],"picked":"Wish","floor":55.0}],"player_experience":1156838,"relics_obtained":[{"floor":0.0,"key":"MealTicket"},{"floor":0.0,"key":"Matryoshka"},{"floor":0.0,"key":"Ginger"},{"floor":6.0,"key":"Blood Vial"},{"floor":9.0,"key":"Bag of Marbles"},{"floor":9.0,"key":"Gremlin Horn"},{"floor":10.0,"key":"Darkstone Periapt"},{"floor":13.0,"key":"HornCleat"},{"floor":23.0,"key":"Nunchaku"},{"floor":25.0,"key":"Smiling Mask"},{"floor":26.0,"key":"Ancient Tea Set"},{"floor":26.0,"key":"Lantern"},{"floor":28.0,"key":"Letter Opener"},{"floor":30.0,"key":"Singing Bowl"},{"floor":40.0,"key":"War Paint"},{"floor":42.0,"key":"Bronze Scales"},{"floor":44.0,"key":"Sundial"},{"floor":55.0,"key":"Ornamental Fan"}],"event_choices":[{"damage_healed":0.0,"max_hp_gain":5.0,"max_hp_loss":0.0,"gold_gain":0.0,"event_name":"Big Fish","player_choice":"Donut","floor":2.0,"gold_loss":0.0,"damage_taken":0.0},{"damage_healed":0.0,"max_hp_gain":0.0,"max_hp_loss":0.0,"gold_gain":0.0,"event_name":"Shining Light","player_choice":"Entered Light","floor":3.0,"gold_loss":0.0,"damage_taken":22.0,"cards_upgraded":["Strike_P","Eruption"]},{"damage_healed":0.0,"max_hp_gain":0.0,"max_hp_loss":37.0,"gold_gain":0.0,"event_name":"Ghosts","player_choice":"Became a Ghost","floor":19.0,"gold_loss":0.0,"damage_taken":0.0,"cards_obtained":["Ghostly","Ghostly","Ghostly"]},{"damage_healed":0.0,"max_hp_gain":5.0,"max_hp_loss":0.0,"gold_gain":0.0,"event_name":"Forgotten Altar","player_choice":"Shed Blood","floor":21.0,"gold_loss":0.0,"damage_taken":13.0},{"damage_healed":0.0,"max_hp_gain":0.0,"max_hp_loss":0.0,"gold_gain":0.0,"event_name":"Duplicator","player_choice":"Copied","floor":22.0,"gold_loss":0.0,"damage_taken":0.0,"cards_obtained":["Ghostly"]},{"damage_healed":0.0,"max_hp_gain":0.0,"max_hp_loss":0.0,"gold_gain":0.0,"event_name":"Tomb of Lord Red Mask","player_choice":"Paid","floor":38.0,"gold_loss":60.0,"damage_taken":0.0,"relics_obtained":["Red Mask"]},{"damage_healed":0.0,"max_hp_gain":0.0,"max_hp_loss":2.0,"gold_gain":0.0,"event_name":"Winding Halls","player_choice":"Max HP","floor":39.0,"gold_loss":0.0,"damage_taken":0.0},{"damage_healed":0.0,"max_hp_gain":0.0,"max_hp_loss":0.0,"gold_gain":0.0,"event_name":"Wheel of Change","player_choice":"Damaged","floor":47.0,"gold_loss":0.0,"damage_taken":7.0}],"is_beta":true,"boss_relics":[{"not_picked":["Tiny House","Snecko Eye"],"picked":"Coffee Dripper"},{"not_picked":["Cursed Key","Empty Cage"],"picked":"Philosopher\u0027s Stone"}],"items_purged_floors":[36,54],"is_endless":false,"potions_floor_spawned":[1,4,7,13,18,20,27,30,31,33,40,46,48,55],"killed_by":"The Heart","ascension_level":20}}