{"host":"Rich","time":1610380638,"event":{"mods":["AchievementEnabler","BaseMod","Highlight Path","Minty Spire (QoL Compilation)","Relic Stats"],"gold_per_floor":[116,116,136,4,24,52,67,81,81,99,46,109,109,109,109],"floor_reached":14,"playtime":274,"items_purged":["Strike_B"],"score":184,"play_id":"902406fa-9f9c-46c3-9863-446088bae985","local_time":"20210111105718","is_ascension_mode":true,"campfire_choices":[{"floor":13,"key":"REST"}],"circlet_count":0,"master_deck":["AscendersBane","Strike_B","Strike_B","Strike_B","Defend_B","Defend_B","Defend_B","Defend_B","Zap","Dualcast","Consume","Ball Lightning","Loop","Conserve Battery","Streamline","Self Repair","Turbo","Ball Lightning"],"relics":["Cracked Core","NeowsBlessing","Kunai"],"acts_visited":["Exordium"],"potions_floor_usage":[6,6,10],"damage_taken":[{"damage":0,"enemies":"Small Slimes","floor":1,"turns":1},{"damage":0,"enemies":"Cultist","floor":3,"turns":1},{"damage":0,"enemies":"2 Louse","floor":5,"turns":1},{"damage":24,"enemies":"Gremlin Nob","floor":6,"turns":4},{"damage":8,"enemies":"Exordium Wildlife","floor":7,"turns":6},{"damage":7,"enemies":"Large Slime","floor":8,"turns":4},{"damage":16,"enemies":"Blue Slaver","floor":10,"turns":4},{"damage":5,"enemies":"3 Sentries","floor":14,"turns":2}],"seed_played":"7281275665157193728","potions_obtained":[{"floor":5,"key":"Swift Potion"},{"floor":6,"key":"GamblersBrew"},{"floor":7,"key":"ColorlessPotion"}],"is_trial":false,"path_per_floor":["M","?","M","$","M","E","M","M","T","M","$","?","R","E"],"character_chosen":"DEFECT","items_purchased":["Block Potion","Ball Lightning"],"campfire_rested":1,"item_purchase_floors":[4,11],"current_hp_per_floor":[64,64,64,64,64,40,32,25,25,16,16,16,37,32,32],"gold":109,"neow_bonus":"THREE_ENEMY_KILL","is_daily":false,"chose_seed":false,"campfire_upgraded":0,"win_rate":0.0,"timestamp":1610380638,"path_taken":["M","?","?","$","M","E","M","M","T","?","$","?","R","E"],"items_purchased_type":["Potion","Card"],"build_version":"2020-12-18","purchased_purges":1,"victory":false,"max_hp_per_floor":[71,71,71,71,71,71,71,71,71,71,71,71,71,71,71],"relic_stats":{"counters":[8,23],"Kunai":[0],"obtain_stats":[{"NeowsBlessing":0,"Kunai":6,"Cracked Core":0},{"NeowsBlessing":0,"Kunai":4,"Cracked Core":0},{"NeowsBlessing":0,"Kunai":7,"Cracked Core":0}]},"card_choices":[{"not_picked":["Barrage","Go for the Eyes"],"picked":"Consume","floor":1},{"not_picked":["Go for the Eyes","Self Repair"],"picked":"Ball Lightning","floor":3},{"not_picked":["Conserve Battery","Coolheaded"],"picked":"Loop","floor":5},{"not_picked":["Leap","Compile Driver"],"picked":"Conserve Battery","floor":6},{"not_picked":["All For One","Sweeping Beam"],"picked":"Streamline","floor":7},{"not_picked":["Stack","Leap"],"picked":"Self Repair","floor":8},{"not_picked":["Recycle","Streamline"],"picked":"Turbo","floor":10}],"player_experience":1981369,"relics_obtained":[{"floor":6,"key":"Kunai"}],"event_choices":[{"damage_healed":0,"gold_gain":0,"player_choice":"Ignored","damage_taken":0,"max_hp_gain":0,"max_hp_loss":0,"event_name":"WeMeetAgain","floor":2,"gold_loss":0},{"damage_healed":0,"gold_gain":63,"player_choice":"Gained Gold","damage_taken":0,"max_hp_gain":0,"max_hp_loss":0,"event_name":"Golden Wing","floor":12,"gold_loss":0}],"is_beta":true,"boss_relics":[],"items_purged_floors":[4],"is_endless":false,"potions_floor_spawned":[5,6,7],"killed_by":"3 Sentries","ascension_level":20}}