{"host":"t7mx8yfj1no5p62f","time":1610339562,"event":{"mods":["BaseMod","Bestiary","Colored Map","Colored Powertips","Minty Spire (QoL Compilation)","Relic Stats","StSLib"],"gold_per_floor":[117,117,117,132,150,150,169,169,169,213,234,234,272,292,292,387,387,408,432,59,59,99,143,143,143,143],"floor_reached":25,"playtime":742,"items_purged":["Meteor Strike"],"score":462,"play_id":"e8df2e28-6d00-4191-a1f3-93d29aacec66","local_time":"20210110233242","is_ascension_mode":true,"campfire_choices":[{"data":"Static Discharge","floor":6.0,"key":"SMITH"},{"data":"Ball Lightning","floor":8.0,"key":"SMITH"},{"data":"Coolheaded","floor":15.0,"key":"SMITH"}],"circlet_count":0,"master_deck":["AscendersBane","Zap","Dualcast","Static Discharge+1","Ball Lightning+1","Compile Driver","Ball Lightning","Coolheaded+1","Biased Cognition","Thunder Strike","Creative AI","Seek","Biased Cognition","All For One","Rip and Tear","Barrage","Go for the Eyes","Turbo","Reinforced Body","Static Discharge+1","Cold Snap","Defragment+1"],"relics":["SlaversCollar","Golden Idol","Singing Bowl","Girya","Darkstone Periapt","Pandora\u0027s Box","DollysMirror","Red Mask","CeramicFish"],"acts_visited":["Exordium","TheCity"],"potions_floor_usage":[22,25,25],"damage_taken":[{"damage":4.0,"enemies":"2 Louse","floor":1.0,"turns":5.0},{"damage":12.0,"enemies":"Small Slimes","floor":4.0,"turns":6.0},{"damage":1.0,"enemies":"Cultist","floor":5.0,"turns":3.0},{"damage":17.0,"enemies":"Large Slime","floor":7.0,"turns":5.0},{"damage":25.0,"enemies":"3 Sentries","floor":10.0,"turns":5.0},{"damage":10.0,"enemies":"2 Fungi Beasts","floor":11.0,"turns":3.0},{"damage":15.0,"enemies":"Lagavulin","floor":13.0,"turns":6.0},{"damage":4.0,"enemies":"Looter","floor":14.0,"turns":2.0},{"damage":26.0,"enemies":"Hexaghost","floor":16.0,"turns":7.0},{"damage":2.0,"enemies":"Chosen","floor":18.0,"turns":4.0},{"damage":17.0,"enemies":"Spheric Guardian","floor":19.0,"turns":3.0},{"damage":12,"enemies":"Masked Bandits","floor":22,"turns":2},{"damage":23,"enemies":"Gremlin Leader","floor":23,"turns":4},{"damage":8,"enemies":"Snecko","floor":25,"turns":3}],"seed_played":"-675371398062006911","potions_obtained":[{"floor":1.0,"key":"Energy Potion"},{"floor":4.0,"key":"EntropicBrew"},{"floor":16.0,"key":"DuplicationPotion"},{"floor":23,"key":"SpeedPotion"}],"is_trial":false,"path_per_floor":["M","?","?","M","M","R","M","R","T","E","M","?","E","M","R","B",null,"M","M","$","?","?","E","?","M"],"character_chosen":"DEFECT","items_purchased":["Turbo","Reinforced Body","DollysMirror"],"campfire_rested":0,"item_purchase_floors":[20,20,20],"current_hp_per_floor":[60,60,53,41,40,40,30,30,30,12,9,64,49,47,47,21,55,55,38,38,38,26,3,3,0,0],"gold":143,"neow_bonus":"BOSS_RELIC","is_daily":false,"chose_seed":false,"campfire_upgraded":3,"win_rate":0.0,"timestamp":1610339562,"path_taken":["M","?","?","M","M","R","M","R","T","E","M","?","E","?","R","BOSS","M","M","$","?","?","E","?","?"],"items_purchased_type":["Card","Card","Relic"],"build_version":"2020-12-22","purchased_purges":1,"victory":false,"max_hp_per_floor":[71,64,64,64,64,64,64,64,64,64,64,64,64,66,66,66,66,68,68,68,68,68,68,68,68,68],"relic_stats":{"Darkstone Periapt":0,"Singing Bowl":4,"counters":[14,58],"Golden Idol":79,"CeramicFish":9,"Pandora\u0027s Box":["Meteor Strike","Creative AI","Seek","Biased Cognition","All For One","Rip and Tear","Barrage"],"obtain_stats":[{"Darkstone Periapt":13,"SlaversCollar":0,"Girya":10,"Singing Bowl":9,"Golden Idol":2,"DollysMirror":20,"CeramicFish":23,"Pandora\u0027s Box":17,"Red Mask":22,"Cracked Core":0},{"Darkstone Periapt":7,"SlaversCollar":0,"Girya":5,"Singing Bowl":4,"Golden Idol":1,"DollysMirror":11,"CeramicFish":13,"Pandora\u0027s Box":9,"Red Mask":12,"Cracked Core":0},{"Darkstone Periapt":33,"SlaversCollar":0,"Girya":24,"Singing Bowl":19,"Golden Idol":5,"DollysMirror":49,"CeramicFish":55,"Pandora\u0027s Box":42,"Red Mask":51,"Cracked Core":0}]},"card_choices":[{"not_picked":["Gash","Chaos"],"picked":"Static Discharge","floor":1.0},{"not_picked":["Static Discharge","Loop"],"picked":"Ball Lightning","floor":4.0},{"not_picked":["Barrage","Coolheaded"],"picked":"Self Repair","floor":5.0},{"not_picked":["Stack","Skim"],"picked":"Compile Driver","floor":7.0},{"not_picked":["Coolheaded","BootSequence"],"picked":"Ball Lightning","floor":10.0},{"not_picked":["Streamline","Force Field"],"picked":"Coolheaded","floor":11.0},{"not_picked":["Leap","Turbo"],"picked":"Biased Cognition","floor":13.0},{"not_picked":["Force Field","Rebound","Hologram"],"picked":"Singing Bowl","floor":14.0},{"not_picked":["Multi-Cast","Reboot"],"picked":"Thunder Strike","floor":16.0},{"not_picked":["Barrage","Force Field","Stack"],"picked":"Singing Bowl","floor":18.0},{"not_picked":["Streamline","Ball Lightning"],"picked":"Go for the Eyes","floor":19.0},{"not_picked":["Steam","Stack"],"picked":"Cold Snap","floor":22},{"not_picked":["Gash","Redo"],"picked":"Defragment+1","floor":23}],"player_experience":1722836,"relics_obtained":[{"floor":9.0,"key":"Singing Bowl"},{"floor":10.0,"key":"Girya"},{"floor":13.0,"key":"Darkstone Periapt"},{"floor":22,"key":"Red Mask"},{"floor":23,"key":"CeramicFish"}],"event_choices":[{"damage_healed":0.0,"max_hp_gain":0.0,"max_hp_loss":7.0,"gold_gain":0.0,"event_name":"Golden Idol","player_choice":"Lose Max HP","floor":2.0,"gold_loss":0.0,"damage_taken":0.0,"relics_obtained":["Golden Idol"]},{"cards_removed":["Strike_B"],"damage_healed":0.0,"max_hp_gain":0.0,"max_hp_loss":0.0,"gold_gain":0.0,"event_name":"Golden Wing","player_choice":"Card Removal","floor":3.0,"gold_loss":0.0,"damage_taken":7.0},{"cards_removed":["Self Repair"],"damage_healed":55.0,"max_hp_gain":0.0,"max_hp_loss":0.0,"gold_gain":0.0,"event_name":"Bonfire Elementals","player_choice":"Offered Uncommon","floor":12.0,"gold_loss":0.0,"damage_taken":0.0},{"damage_healed":0.0,"max_hp_gain":0.0,"max_hp_loss":0.0,"gold_gain":0.0,"event_name":"Vampires","player_choice":"Ignored","floor":21.0,"gold_loss":0.0,"damage_taken":0.0},{"damage_healed":0,"gold_gain":0,"player_choice":"Fought Bandits","damage_taken":0,"max_hp_gain":0,"max_hp_loss":0,"event_name":"Masked Bandits","floor":22,"gold_loss":0},{"damage_healed":0,"gold_gain":0,"player_choice":"Got Potions","damage_taken":0,"max_hp_gain":0,"max_hp_loss":0,"event_name":"Lab","floor":24,"gold_loss":0}],"is_beta":false,"boss_relics":[{"not_picked":["SacredBark","Nuclear Battery"],"picked":"Pandora\u0027s Box"}],"items_purged_floors":[20],"is_endless":false,"potions_floor_spawned":[1,4,5,16,23],"killed_by":"Snecko","ascension_level":20}}