{"host":"l84l8xigz5v5foa2","time":1610350145,"event":{"mods":["2.2 Compatiblity","AchievementEnabler","BaseMod","Better Note","Better Vampires","Card Filter","Colored Map","DeckTracker","Downfall","Gremlin Skip","Highlight Path","Keyboard Shortcuts","Minty Spire (QoL Compilation)","Permanent Neow","Quick Restart","Relic Filter","Relic Stats","StSLib","SuperFastMode","Transform Curses","Unknown Chances"],"gold_per_floor":[99,118,133,151,251,251,251,262,22,22,32,32,17,46,59,133,133,133,145,159,159,159,170,170,170,198,198,198,213,42,142,142,142,142,142],"floor_reached":33,"playtime":1494,"items_purged":["hexamod:Strike"],"score":533,"play_id":"ac6c3309-5a94-45c3-ad4c-852cf326d763","local_time":"20210111162905","is_ascension_mode":true,"campfire_choices":[{"data":"hexamod:Float","floor":1.0,"key":"SMITH"},{"data":"hexamod:GhostOfSpirePresent","floor":6.0,"key":"SMITH"},{"data":"hexamod:CatchUp","floor":18.0,"key":"SMITH"},{"data":"hexamod:NecessarySacrifice","floor":25.0,"key":"SMITH"},{"data":"hexamod:EmpoweringStance","floor":27.0,"key":"SMITH"}],"circlet_count":0,"master_deck":["AscendersBane","hexamod:Strike+1","hexamod:Strike","hexamod:Defend","hexamod:Defend+1","hexamod:Defend","hexamod:Defend","hexamod:Sear+1","hexamod:Float+1","hexamod:GhostOfSpirePresent+1","hexamod:SpectersWail+1","hexamod:PowerFromBeyond","hexamod:BacktrackSmack","hexamod:ShieldOfDarkness+1","hexamod:CatchUp+1","hexamod:SwordOfDarkness+1","hexamod:StepThrough","hexamod:BacktrackSmack+1","hexamod:SixthSeal","hexamod:NecessarySacrifice+1","hexamod:NecessarySacrifice+1","hexamod:EmpoweringStance+1","hexamod:StepThrough","hexamod:Hexaguard+1"],"relics":["hexamod:SpiritBrand","Sundial","Guardian:BottledAnomaly","Spirit Poop","Bag of Marbles","Coffee Dripper","Mercury Hourglass","Nunchaku","Potion Belt"],"acts_visited":["Exordium","TheCity"],"potions_floor_usage":[29,32,32],"damage_taken":[{"damage":0.0,"enemies":"Cultist","floor":2.0,"turns":3.0},{"damage":1.0,"enemies":"Jaw Worm","floor":3.0,"turns":4.0},{"damage":8.0,"enemies":"2 Louse","floor":4.0,"turns":3.0},{"damage":0.0,"enemies":"Lots of Slimes","floor":8.0,"turns":2.0},{"damage":0.0,"enemies":"downfall:FleeingMerchant","floor":9.0,"turns":4.0},{"damage":0.0,"enemies":"2 Fungi Beasts","floor":11.0,"turns":3.0},{"damage":4.0,"enemies":"downfall:FleeingMerchant","floor":13.0,"turns":4.0},{"damage":20.0,"enemies":"Gremlin Nob","floor":14.0,"turns":4.0},{"damage":2.0,"enemies":"Large Slime","floor":15.0,"turns":5.0},{"damage":24.0,"enemies":"downfall:Ironclad","floor":16.0,"turns":6.0},{"damage":1.0,"enemies":"Chosen","floor":19.0,"turns":3.0},{"damage":4.0,"enemies":"3 Byrds","floor":20.0,"turns":4.0},{"damage":1.0,"enemies":"3 Cultists","floor":23.0,"turns":5.0},{"damage":28.0,"enemies":"Slavers","floor":26.0,"turns":3.0},{"damage":0,"enemies":"Centurion and Healer","floor":29,"turns":7},{"damage":0,"enemies":"downfall:FleeingMerchant","floor":30,"turns":4},{"damage":4,"enemies":"downfall:LadyInBlue","floor":31,"turns":4},{"damage":0,"enemies":"Cultist and Chosen","floor":32,"turns":3},{"damage":24,"enemies":"downfall:Watcher","floor":33,"turns":8}],"seed_played":"-3260069657274706352","potions_obtained":[{"floor":4.0,"key":"SneckoOil"},{"floor":14.0,"key":"FearPotion"},{"floor":15.0,"key":"Fire Potion"},{"floor":16.0,"key":"GamblersBrew"},{"floor":20.0,"key":"Fire Potion"},{"floor":26.0,"key":"Guardian:BlockOnCardUsePotion"},{"floor":31,"key":"SmokeBomb"},{"floor":31,"key":"Fruit Juice"},{"floor":31,"key":"sneckomod:MuddlingPotion"}],"is_trial":false,"path_per_floor":["R","M","M","M","?","R","T","M","$","?","M","?","$","E","M","B",null,"R","M","M","?","?","M","T","R","E","R","?","M","$","?","M","B"],"character_chosen":"THE_SPIRIT","items_purchased":["hexamod:SwordOfDarkness","Guardian:BottledAnomaly","hexamod:StepThrough"],"campfire_rested":0,"item_purchase_floors":[9,9,30],"current_hp_per_floor":[57,57,56,48,48,48,48,48,48,48,48,53,49,29,27,3,52,52,51,47,47,47,46,46,46,18,18,18,18,18,14,19,0,0,0],"gold":142,"neow_bonus":"TRANSFORM_CARD","is_daily":false,"chose_seed":false,"campfire_upgraded":5,"win_rate":0.0,"timestamp":1610350145,"path_taken":["R","M","M","?","?","R","T","M","$","?","?","?","?","E","M","BOSS","R","M","M","?","?","?","T","R","E","R","?","M","$","?","M","BOSS"],"items_purchased_type":["Card","Relic","Card"],"build_version":"2020-12-22","purchased_purges":1,"victory":false,"max_hp_per_floor":[63,63,63,63,63,63,63,63,63,63,63,68,68,68,68,68,68,68,68,68,68,68,68,68,68,68,68,68,68,68,68,73,73,73,73],"relic_stats":{"Nunchaku":[4],"counters":[19,79],"Sundial":[6],"obtain_stats":[{"Potion Belt":31,"Nunchaku":26,"Sundial":7,"Spirit Poop":10,"Bag of Marbles":14,"Coffee Dripper":17,"Guardian:BottledAnomaly":9,"hexamod:SpiritBrand":0,"Mercury Hourglass":24},{"Potion Belt":17,"Nunchaku":14,"Sundial":3,"Spirit Poop":5,"Bag of Marbles":8,"Coffee Dripper":10,"Guardian:BottledAnomaly":5,"hexamod:SpiritBrand":0,"Mercury Hourglass":13},{"Potion Belt":68,"Nunchaku":53,"Sundial":10,"Spirit Poop":16,"Bag of Marbles":27,"Coffee Dripper":38,"Guardian:BottledAnomaly":16,"hexamod:SpiritBrand":0,"Mercury Hourglass":50}],"Mercury Hourglass":[78]},"card_choices":[{"not_picked":["hexamod:Firestarter","hexamod:ShieldOfDarkness"],"picked":"hexamod:SpectersWail","floor":2.0},{"not_picked":["hexamod:RetreatToShadows","hexamod:BurningTouch"],"picked":"hexamod:PowerFromBeyond","floor":3.0},{"not_picked":["hexamod:SecondSeal","hexamod:SpectersWail"],"picked":"hexamod:BacktrackSmack","floor":4.0},{"not_picked":["hexamod:EmpoweredFlame","hexamod:GhostLash"],"picked":"hexamod:ShieldOfDarkness","floor":8.0},{"not_picked":["hexamod:GhostflameBarrier","hexamod:GhostOfSpirePresent"],"picked":"hexamod:CatchUp","floor":9.0},{"not_picked":["hexamod:CrushingStance","hexamod:NightmareStrike"],"picked":"hexamod:StepThrough","floor":11.0},{"not_picked":["hexamod:ExtraCrispy","hexamod:GhostLash"],"picked":"hexamod:BacktrackSmack","floor":13.0},{"not_picked":["hexamod:BurningTouch","hexamod:InspiringFlames","hexamod:ThermalTransfer"],"picked":"SKIP","floor":14.0},{"not_picked":["hexamod:SwordOfDarkness","hexamod:EmpoweredFlame","hexamod:CatchUp"],"picked":"SKIP","floor":15.0},{"not_picked":["hexamod:HexaLevel","hexamod:ApocalypticArmor"],"picked":"hexamod:SixthSeal","floor":16.0},{"not_picked":["hexamod:HauntingEcho","hexamod:Hexaguard"],"picked":"hexamod:NecessarySacrifice","floor":19.0},{"not_picked":["hexamod:BurningTouch","hexamod:GhostShield","hexamod:DynamicBlow"],"picked":"SKIP","floor":20.0},{"not_picked":["hexamod:GhostLash","hexamod:HeatShield"],"picked":"hexamod:NecessarySacrifice+1","floor":23.0},{"not_picked":["hexamod:BurningTouch","hexamod:NightmareGuise"],"picked":"hexamod:EmpoweringStance","floor":26.0},{"not_picked":["hexamod:HauntingEcho","hexamod:Hexaguard","hexamod:ShieldOfDarkness"],"picked":"SKIP","floor":29},{"not_picked":["hexamod:GhostShield","hexamod:GhostOfSpireFuture","hexamod:HeatCrush"],"picked":"SKIP","floor":30},{"not_picked":["hexamod:SecondSeal","hexamod:Toasty"],"picked":"hexamod:Hexaguard+1","floor":31}],"player_experience":3079701,"relics_obtained":[{"floor":7.0,"key":"Sundial"},{"floor":14.0,"key":"Bag of Marbles"},{"floor":24.0,"key":"Mercury Hourglass"},{"floor":26.0,"key":"Nunchaku"},{"floor":31,"key":"Potion Belt"}],"event_choices":[{"cards_removed":["Slimebound:Icky"],"damage_healed":0.0,"max_hp_gain":0.0,"max_hp_loss":0.0,"gold_gain":0.0,"event_name":"Bonfire Elementals","player_choice":"Offered Curse","floor":10.0,"gold_loss":0.0,"damage_taken":0.0,"relics_obtained":["Spirit Poop"]},{"damage_healed":0.0,"max_hp_gain":5.0,"max_hp_loss":0.0,"gold_gain":0.0,"event_name":"Big Fish","player_choice":"Donut","floor":12.0,"gold_loss":0.0,"damage_taken":0.0},{"damage_healed":0.0,"max_hp_gain":0.0,"max_hp_loss":0.0,"gold_gain":0.0,"event_name":"Vampires","player_choice":"Ignored","floor":21.0,"gold_loss":0.0,"damage_taken":0.0}],"is_beta":false,"boss_relics":[{"not_picked":["Astrolabe","Runic Pyramid"],"picked":"Coffee Dripper"}],"items_purged_floors":[30],"is_endless":false,"potions_floor_spawned":[4,14,15,16,20,26,32],"killed_by":"downfall:Watcher","ascension_level":20}}