{"host":"6xnetdfutjfdr70g","time":1610328015,"event":{"mods":["BaseMod","Colored Powertips","Highlight Path","Minty Spire (QoL Compilation)","Relic Stats"],"gold_per_floor":[112,112,127,143,17,46,46,71,96,96,126,126,175,26,26,129,129,171,171,86,185,227,285,285,333,412,412,445,445,184,184,184,259,259,302,80,80,80,80,80,80,80,105,145,145,193,193,47,47,47,47,47,47,47,47],"floor_reached":54,"playtime":2628,"items_purged":["Defend_P","Pain","Regret"],"score":1239,"play_id":"5f296201-55ce-4c11-8072-ce47b09af9f7","local_time":"20210110192015","is_ascension_mode":true,"campfire_choices":[{"data":"Vigilance","floor":7.0,"key":"SMITH"},{"floor":10.0,"key":"REST"},{"data":"Wish","floor":12.0,"key":"SMITH"},{"data":"Wallop","floor":15.0,"key":"SMITH"},{"floor":24.0,"key":"RECALL"},{"floor":27.0,"key":"REST"},{"floor":29.0,"key":"REST"},{"data":"CrushJoints","floor":32.0,"key":"SMITH"},{"data":"LikeWater","floor":40,"key":"SMITH"},{"data":"Evaluate","floor":41,"key":"SMITH"},{"data":"Protect","floor":42,"key":"SMITH"},{"data":"Sanctity","floor":47,"key":"SMITH"},{"data":"Prostrate","floor":49,"key":"SMITH"},{"data":"The Bomb","floor":52,"key":"SMITH"}],"circlet_count":0,"master_deck":["AscendersBane","Strike_P","Strike_P","Strike_P","Strike_P","Defend_P","Defend_P","Defend_P","Eruption","Vigilance+1","Prostrate","Sanctity+1","BowlingBash","FollowUp","Meditate","Wish+1","Decay","WheelKick","Wallop+1","Evaluate+1","Decay","CrushJoints+1","Protect+1","EmptyFist","TalkToTheHand+1","Wallop+1","Scrawl","CurseOfTheBell","LikeWater+1","CrushJoints+1","Master of Strategy","The Bomb+1","Dark Shackles","Writhe","Clumsy","Pain","Prostrate+1"],"relics":["Cursed Key","MealTicket","Tiny Chest","Du-Vu Doll","Bag of Preparation","Question Card","Vajra","Busted Crown","Centennial Puzzle","Nunchaku","Molten Egg 2","WingedGreaves","Calling Bell","Mango","Yang","Blood Vial","Ornamental Fan","Regal Pillow","Sundial","Lee\u0027s Waffle"],"acts_visited":["Exordium","TheCity","TheBeyond","TheEnding"],"potions_floor_usage":[50],"damage_taken":[{"damage":2.0,"enemies":"2 Louse","floor":1.0,"turns":4.0},{"damage":0.0,"enemies":"Small Slimes","floor":3.0,"turns":2.0},{"damage":0.0,"enemies":"Jaw Worm","floor":4.0,"turns":6.0},{"damage":17.0,"enemies":"3 Sentries","floor":6.0,"turns":7.0},{"damage":16.0,"enemies":"Lagavulin","floor":8.0,"turns":7.0},{"damage":11.0,"enemies":"3 Sentries","floor":11.0,"turns":6.0},{"damage":10.0,"enemies":"Large Slime","floor":13.0,"turns":3.0},{"damage":3.0,"enemies":"The Guardian","floor":16.0,"turns":10.0},{"damage":7.0,"enemies":"3 Byrds","floor":18.0,"turns":4.0},{"damage":3.0,"enemies":"Chosen","floor":22.0,"turns":3.0},{"damage":16.0,"enemies":"Slavers","floor":23.0,"turns":4.0},{"damage":26.0,"enemies":"Snecko","floor":25.0,"turns":6.0},{"damage":13.0,"enemies":"Gremlin Leader","floor":28.0,"turns":3.0},{"damage":30.0,"enemies":"Champ","floor":33.0,"turns":10.0},{"damage":5.0,"enemies":"3 Shapes","floor":35.0,"turns":4.0},{"damage":11,"enemies":"Orb Walker","floor":44,"turns":3},{"damage":11,"enemies":"3 Darklings","floor":46,"turns":6},{"damage":100,"enemies":"Awakened One","floor":50,"turns":18},{"damage":101,"enemies":"Shield and Spear","floor":54,"turns":6}],"seed_played":"4987051441881444951","potions_obtained":[{"floor":1.0,"key":"BottledMiracle"},{"floor":4.0,"key":"SkillPotion"},{"floor":8.0,"key":"FairyPotion"},{"floor":18.0,"key":"DistilledChaos"}],"is_trial":false,"path_per_floor":["M","?","M","M","$","E","R","E","T","R","E","R","M","$","R","B",null,"M","?","?","?","M","E","R","M","T","R","E","R","$","T","R","B",null,"M","$","?","T","?","R","R","R","T","M","T","M","R","$","R","B",null,"R","$","E"],"character_chosen":"WATCHER","items_purchased":["FollowUp","Vajra","TalkToTheHand+1","Wallop+1","LikeWater","CrushJoints+1","Lee\u0027s Waffle"],"campfire_rested":3,"item_purchase_floors":[5,14,30,30,36,36,48],"current_hp_per_floor":[63,45,45,45,60,43,43,27,27,48,37,37,27,42,42,39,64,57,57,57,57,54,38,38,12,12,33,20,41,56,56,56,26,75,72,86,76,76,76,76,76,76,76,67,67,58,58,93,93,27,77,77,92,0,0],"gold":47,"neow_bonus":"BOSS_RELIC","is_daily":false,"chose_seed":false,"campfire_upgraded":10,"win_rate":0.0,"timestamp":1610328015,"path_taken":["M","?","M","M","$","E","R","E","T","R","E","R","M","$","R","BOSS","M","?","?","?","M","E","R","M","T","R","E","R","$","?","R","BOSS","M","$","?","?","?","R","R","R","T","M","?","?","R","$","R","BOSS","R","$","E"],"items_purchased_type":["Card","Relic","Card","Card","Card","Card","Relic"],"build_version":"2020-12-22","purchased_purges":3,"victory":false,"max_hp_per_floor":[72,72,72,72,72,72,72,72,72,72,72,72,72,72,72,72,72,72,72,72,72,72,72,72,72,72,72,72,72,72,72,72,72,86,86,86,86,86,86,86,86,86,86,86,86,86,86,93,93,93,93,93,93,93,93],"relic_stats":{"Regal Pillow":0,"Lee\u0027s Waffle":20,"counters":[19,112],"Yang":[79],"Bag of Preparation":[28],"Cursed Key":6,"Question Card":15,"Blood Vial":7,"Centennial Puzzle":[30],"Nunchaku":[12],"Busted Crown":26,"Ornamental Fan":[56],"Sundial":[2],"MealTicket":89,"Tiny Chest":2,"obtain_stats":[{"Regal Pillow":43,"Lee\u0027s Waffle":48,"Vajra":14,"Mango":34,"Yang":34,"Bag of Preparation":9,"Cursed Key":0,"Question Card":11,"Du-Vu Doll":8,"Calling Bell":34,"Blood Vial":34,"Centennial Puzzle":20,"Nunchaku":23,"Busted Crown":17,"Ornamental Fan":38,"Sundial":45,"MealTicket":2,"Tiny Chest":6,"Molten Egg 2":28,"WingedGreaves":31,"PureWater":0},{"Regal Pillow":15,"Lee\u0027s Waffle":17,"Vajra":7,"Mango":14,"Yang":14,"Bag of Preparation":5,"Cursed Key":0,"Question Card":6,"Du-Vu Doll":5,"Calling Bell":14,"Blood Vial":14,"Centennial Puzzle":9,"Nunchaku":11,"Busted Crown":8,"Ornamental Fan":15,"Sundial":16,"MealTicket":1,"Tiny Chest":4,"Molten Egg 2":13,"WingedGreaves":13,"PureWater":0},{"Regal Pillow":79,"Lee\u0027s Waffle":88,"Vajra":35,"Mango":75,"Yang":75,"Bag of Preparation":26,"Cursed Key":0,"Question Card":32,"Du-Vu Doll":26,"Calling Bell":75,"Blood Vial":75,"Centennial Puzzle":49,"Nunchaku":56,"Busted Crown":45,"Ornamental Fan":79,"Sundial":82,"MealTicket":4,"Tiny Chest":19,"Molten Egg 2":65,"WingedGreaves":65,"PureWater":0}]},"card_choices":[{"not_picked":["InnerPeace","FlurryOfBlows"],"picked":"Prostrate","floor":1.0},{"not_picked":["SashWhip","ClearTheMind"],"picked":"Sanctity","floor":3.0},{"not_picked":["ThirdEye","Vengeance"],"picked":"BowlingBash","floor":4.0},{"not_picked":["JustLucky","Alpha"],"picked":"Meditate","floor":6.0},{"not_picked":["ReachHeaven","MentalFortress"],"picked":"Wish","floor":8.0},{"not_picked":["Consecrate","Nirvana"],"picked":"WheelKick","floor":11.0},{"not_picked":["ReachHeaven","CarveReality","PathToVictory"],"picked":"Wallop","floor":13.0},{"not_picked":["InnerPeace"],"picked":"Evaluate","floor":18.0},{"not_picked":["Crescendo"],"picked":"CrushJoints","floor":22.0},{"not_picked":["CutThroughFate"],"picked":"Protect","floor":23.0},{"not_picked":["WheelKick"],"picked":"EmptyFist","floor":25.0},{"not_picked":["ClearTheMind","Evaluate"],"picked":"SKIP","floor":28.0},{"not_picked":["Judgement"],"picked":"Scrawl","floor":33.0},{"not_picked":["Evaluate","EmptyBody"],"picked":"SKIP","floor":35.0},{"not_picked":["Panacea"],"picked":"Master of Strategy","floor":37},{"not_picked":["Mind Blast+1"],"picked":"The Bomb","floor":37},{"not_picked":["Panacea"],"picked":"Dark Shackles","floor":37},{"not_picked":["EmptyMind","ClearTheMind"],"picked":"SKIP","floor":44},{"not_picked":["CutThroughFate+1"],"picked":"Prostrate","floor":46}],"player_experience":422285,"relics_obtained":[{"floor":6.0,"key":"Tiny Chest"},{"floor":8.0,"key":"Du-Vu Doll"},{"floor":9.0,"key":"Bag of Preparation"},{"floor":11.0,"key":"Question Card"},{"floor":23.0,"key":"Nunchaku"},{"floor":28.0,"key":"Molten Egg 2"},{"floor":31.0,"key":"WingedGreaves"},{"floor":34.0,"key":"Mango"},{"floor":34.0,"key":"Yang"},{"floor":34.0,"key":"Blood Vial"},{"floor":38,"key":"Ornamental Fan"},{"floor":43,"key":"Regal Pillow"},{"floor":45,"key":"Sundial"}],"event_choices":[{"damage_healed":0.0,"max_hp_gain":0.0,"max_hp_loss":0.0,"gold_gain":0.0,"event_name":"Scrap Ooze","player_choice":"Success","floor":2.0,"gold_loss":0.0,"damage_taken":18.0,"relics_obtained":["MealTicket"]},{"damage_healed":0.0,"max_hp_gain":0.0,"max_hp_loss":0.0,"gold_gain":0.0,"event_name":"Forgotten Altar","player_choice":"Smashed Altar","floor":19.0,"gold_loss":0.0,"damage_taken":0.0,"cards_obtained":["Decay"]},{"damage_healed":0.0,"max_hp_gain":0.0,"max_hp_loss":0.0,"gold_gain":0.0,"event_name":"Addict","player_choice":"Obtained Relic","floor":20.0,"gold_loss":85.0,"damage_taken":0.0,"relics_obtained":["Centennial Puzzle"]},{"damage_healed":0.0,"max_hp_gain":0.0,"max_hp_loss":0.0,"gold_gain":99.0,"event_name":"Nest","player_choice":"Stole From Cult","floor":21.0,"gold_loss":0.0,"damage_taken":0.0},{"damage_healed":0,"gold_gain":0,"player_choice":"Memory 3","damage_taken":10,"max_hp_gain":0,"max_hp_loss":0,"event_name":"SensoryStone","floor":37,"gold_loss":0},{"damage_healed":0,"gold_gain":0,"player_choice":"Bought 0 Potions","damage_taken":0,"max_hp_gain":0,"max_hp_loss":0,"event_name":"The Woman in Blue","floor":39,"gold_loss":0}],"is_beta":false,"boss_relics":[{"not_picked":["Ectoplasm","Coffee Dripper"],"picked":"Busted Crown"},{"not_picked":["Empty Cage","Runic Dome"],"picked":"Calling Bell"}],"items_purged_floors":[5,30,36],"is_endless":false,"potions_floor_spawned":[1,4,8,16,18,22,25,28,33,35],"killed_by":"Shield and Spear","ascension_level":13}}