{"host":"hfxp6ue4pvwo3fit","time":1610403838,"event":{"mods":["AchievementEnabler","BaseMod","Colored Map","Colored Powertips","Highlight Path","Minty Spire (QoL Compilation)","Relic Stats","StSLib","SuperFastMode"],"gold_per_floor":[112,112,5,19,19,19,63,63,143,156,190,205,228,244,244,244,244],"floor_reached":16,"playtime":683,"items_purged":[],"score":224,"play_id":"5aab12c5-08e1-4582-b1ba-b2cd85deb243","local_time":"20210111162358","is_ascension_mode":true,"campfire_choices":[{"data":"Defragment","floor":6,"key":"SMITH"},{"floor":8,"key":"REST"},{"data":"Coolheaded","floor":15,"key":"SMITH"}],"circlet_count":0,"master_deck":["AscendersBane","Strike_B","Strike_B","Strike_B","Strike_B","Defend_B","Defend_B","Defend_B","Defend_B","Zap","Dualcast","Chill","Defragment+1","Cold Snap","Ball Lightning","Cold Snap","Sweeping Beam","Seek","Barrage","Coolheaded+1"],"relics":["Snecko Eye","Golden Idol","Lantern","Frozen Egg 2","Thread and Needle"],"acts_visited":["Exordium"],"potions_floor_usage":[11,16],"damage_taken":[{"damage":11,"enemies":"Jaw Worm","floor":1,"turns":6},{"damage":5,"enemies":"Cultist","floor":4,"turns":5},{"damage":19,"enemies":"Lagavulin","floor":7,"turns":7},{"damage":0,"enemies":"Small Slimes","floor":10,"turns":3},{"damage":8,"enemies":"Gremlin Nob","floor":11,"turns":4},{"damage":0,"enemies":"3 Louse","floor":12,"turns":3},{"damage":0,"enemies":"2 Fungi Beasts","floor":13,"turns":2},{"damage":0,"enemies":"Gremlin Gang","floor":14,"turns":5},{"damage":40,"enemies":"Hexaghost","floor":16,"turns":11}],"seed_played":"3395235444988744615","potions_obtained":[{"floor":7,"key":"Ancient Potion"},{"floor":10,"key":"ColorlessPotion"}],"is_trial":false,"path_per_floor":["M","?","$","M","?","R","E","R","T","M","E","M","M","M","R","B"],"character_chosen":"DEFECT","items_purchased":["Defragment","Cold Snap"],"campfire_rested":1,"item_purchase_floors":[3,3],"current_hp_per_floor":[53,53,53,48,48,48,29,48,48,48,40,40,40,40,40,0,0],"gold":244,"neow_bonus":"BOSS_RELIC","is_daily":false,"chose_seed":false,"campfire_upgraded":2,"win_rate":0.0,"timestamp":1610403838,"path_taken":["M","?","$","M","?","R","E","R","T","?","E","M","?","M","R","BOSS"],"items_purchased_type":["Card","Card"],"build_version":"2020-12-22","purchased_purges":0,"victory":false,"max_hp_per_floor":[71,64,64,64,64,64,64,64,64,64,64,64,64,64,64,64,64],"relic_stats":{"counters":[9,46],"Golden Idol":33,"Snecko Eye":[71,83,83,80],"obtain_stats":[{"Lantern":7,"Golden Idol":2,"Snecko Eye":0,"Thread and Needle":11,"Frozen Egg 2":9,"Cracked Core":0},{"Lantern":3,"Golden Idol":1,"Snecko Eye":0,"Thread and Needle":5,"Frozen Egg 2":3,"Cracked Core":0},{"Lantern":18,"Golden Idol":6,"Snecko Eye":0,"Thread and Needle":25,"Frozen Egg 2":18,"Cracked Core":0}]},"card_choices":[{"not_picked":["Stack","Rip and Tear"],"picked":"Chill","floor":1},{"not_picked":["Barrage","Coolheaded"],"picked":"Ball Lightning","floor":4},{"not_picked":["Streamline","Go for the Eyes"],"picked":"Cold Snap","floor":7},{"not_picked":["Stack","Double Energy"],"picked":"Sweeping Beam","floor":10},{"not_picked":["Turbo","Cold Snap"],"picked":"Seek","floor":11},{"not_picked":["Streamline","Rebound"],"picked":"Barrage","floor":12},{"not_picked":["Cold Snap","Leap"],"picked":"Coolheaded","floor":13},{"not_picked":["Force Field","Steam","Stack"],"picked":"SKIP","floor":14}],"player_experience":498370,"relics_obtained":[{"floor":7,"key":"Lantern"},{"floor":9,"key":"Frozen Egg 2"},{"floor":11,"key":"Thread and Needle"}],"event_choices":[{"damage_healed":0,"gold_gain":0,"player_choice":"Lose Max HP","damage_taken":0,"relics_obtained":["Golden Idol"],"max_hp_gain":0,"max_hp_loss":7,"event_name":"Golden Idol","floor":2,"gold_loss":0},{"damage_healed":0,"gold_gain":0,"player_choice":"Leave","damage_taken":0,"max_hp_gain":0,"max_hp_loss":0,"event_name":"FaceTrader","floor":5,"gold_loss":0}],"is_beta":false,"boss_relics":[],"items_purged_floors":[],"is_endless":false,"potions_floor_spawned":[7,10],"killed_by":"Hexaghost","ascension_level":20}}