{"host":"gmh2c2g66mxmprnw","time":1610392562,"event":{"mods":["BaseMod","Friendly Minions","Infinite Spire","Minty Spire (QoL Compilation)","Quick Restart","Relic Stats","Replay The Spire","Shop Mod","StSLib"],"gold_per_floor":[118,118,118,118,138,138,164,17,17,17,17],"floor_reached":10,"playtime":263,"items_purged":[],"score":67,"play_id":"93adecc2-9cad-4b16-8223-f854315e20bd","local_time":"20210111101602","is_ascension_mode":true,"campfire_choices":[{"data":"Rupture","floor":6,"key":"SMITH"}],"circlet_count":0,"master_deck":["Bash","Exhume","Sword Boomerang+1","Rupture+1","Life Link"],"relics":["Darkstone Periapt","Blue Doll","Pandora\u0027s Box","infinitespire:Chaos","infinitespire:Eraser"],"acts_visited":["Exordium"],"potions_floor_usage":[],"damage_taken":[{"damage":6,"enemies":"Cultist","floor":1,"turns":3},{"damage":6,"enemies":"Jaw Worm","floor":5,"turns":3},{"damage":32,"enemies":"Gremlin Nob","floor":7,"turns":5},{"damage":36,"enemies":"3 Sentries","floor":10,"turns":3}],"seed_played":"5356011974556563033","potions_obtained":[{"floor":1,"key":"Elixir"}],"is_trial":false,"path_per_floor":["M","?","?","?","M","R","E","$","T","E"],"character_chosen":"IRONCLAD","items_purchased":["infinitespire:Chaos"],"campfire_rested":0,"item_purchase_floors":[8],"current_hp_per_floor":[80,64,64,64,62,62,34,34,34,0,0],"gold":17,"neow_bonus":"ONE_RANDOM_RARE_CARD","is_daily":false,"chose_seed":false,"campfire_upgraded":1,"win_rate":0.0,"timestamp":1610392562,"path_taken":["M","?","?","?","M","R","E","$","T","E"],"items_purchased_type":["Relic"],"build_version":"2020-12-22","purchased_purges":0,"victory":false,"max_hp_per_floor":[80,80,80,80,80,80,80,80,80,80,80],"relic_stats":{"Darkstone Periapt":0,"counters":[4,14],"Pandora\u0027s Box":["Ghostly Armor","Reaper","Rage","Dual Wield","Exhume","Abandon","Rupture","True Grit","ReplayTheSpireMod:Stacked"],"obtain_stats":[{"Darkstone Periapt":8,"infinitespire:EmptyRelic":8,"Blue Doll":8,"Pandora\u0027s Box":8,"infinitespire:Cubic Diamond":3,"Sizzling Blood":3,"Omamori":7,"infinitespire:Eraser":9,"infinitespire:Chaos":8,"Burning Blood":0},{"Darkstone Periapt":3,"infinitespire:EmptyRelic":3,"Blue Doll":3,"Pandora\u0027s Box":3,"infinitespire:Cubic Diamond":1,"Sizzling Blood":1,"Omamori":3,"infinitespire:Eraser":3,"infinitespire:Chaos":3,"Burning Blood":0},{"Darkstone Periapt":11,"infinitespire:EmptyRelic":11,"Blue Doll":11,"Pandora\u0027s Box":11,"infinitespire:Cubic Diamond":3,"Sizzling Blood":3,"Omamori":11,"infinitespire:Eraser":11,"infinitespire:Chaos":11,"Burning Blood":0}]},"card_choices":[{"not_picked":["Warcry","Feel No Pain"],"picked":"Sword Boomerang","floor":1},{"not_picked":["Anger","Disarm"],"picked":"Rupture","floor":5},{"not_picked":["Armaments","Shrug It Off"],"picked":"Life Link","floor":7}],"player_experience":2104162,"relics_obtained":[{"floor":7,"key":"Omamori"},{"floor":9,"key":"infinitespire:Eraser"}],"event_choices":[{"damage_healed":0,"gold_gain":0,"player_choice":"Entered Light","damage_taken":16,"max_hp_gain":0,"max_hp_loss":0,"event_name":"Shining Light","floor":2,"gold_loss":0,"cards_upgraded":["Defend_R","Strike_R"]},{"damage_healed":0,"gold_gain":0,"player_choice":"Upgraded","damage_taken":0,"max_hp_gain":0,"max_hp_loss":0,"event_name":"Upgrade Shrine","floor":4,"gold_loss":0,"cards_upgraded":["Sword Boomerang"]}],"is_beta":false,"boss_relics":[],"items_purged_floors":[],"is_endless":false,"potions_floor_spawned":[1],"killed_by":"3 Sentries","ascension_level":1}}