{"host":"0av13bfd5y1jedv9","time":1610357024,"event":{"mods":["Act Like it!","BaseMod","Conspire","Downfall","Hallownest","Hubris","Infinite Spire","Minty Spire (QoL Compilation)","Relic Sorter","Replay The Spire","StSLib","The Hierophant","The Senshi"],"gold_per_floor":[99,113,113,113,98,114,114,39,52,72,72,72,103,117,117,218,218,143,162,178,178,178,189,189,189,174,189,189,189,204,32,82,186,186,186,196,221,283,283,283,310,310,329,329,361,411,433,37,56,56],"floor_reached":51,"playtime":6546,"items_purged":[],"score":699,"play_id":"e76e9f3b-824c-4b5f-ba14-8fa66b66b92e","local_time":"20210111092344","is_ascension_mode":false,"campfire_choices":[{"floor":1,"key":"RECALL"},{"data":"Echo Form","floor":8,"key":"SMITH"},{"data":"hexamod:Float","floor":11,"key":"SMITH"},{"data":"hexamod:TimeOfNeed","floor":35,"key":"SMITH"},{"data":"hexamod:ChargedBarrage","floor":40,"key":"SMITH"}],"circlet_count":0,"master_deck":["hexamod:Strike+1","hexamod:Strike+1","hexamod:Strike+1","hexamod:Strike+1","hexamod:Defend+1","hexamod:Defend+1","hexamod:Defend+1","hexamod:Sear+1","hexamod:Float+1","hexamod:UnleashSpirits+1","hexamod:PhantomFireball+1","Echo Form+1","hexamod:ThermalTransfer+1","hexamod:FourthSeal","hexamod:SecondSeal","hexamod:FirstSeal","hexamod:BurningTouch+1","hexamod:Hexaguard+1","hexamod:SixthSeal","hexamod:RainOfEmbers+1","hexamod:SpectersWail+1","ReplayTheSpireMod:??????????????????????+1","hexamod:Hexaguard+1","hexamod:NightmareGuise+1","hexamod:SpectersWail+1","Doubt","hexamod:Haunt+1","hexamod:Hexaguard+1","hexamod:ChargedBarrage+1","hexamod:TimeOfNeed+1","hexamod:StepThrough+1","Replay:SS_hec_2","hexamod:RainOfEmbers+1","hexamod:EtherealExpedition+1","Mayhem","hexamod:HeatMetal+1"],"relics":["hexamod:SpiritBrand","ReplayTheSpireMod:Ring of Challenge","downfall:HeartBlessingRed","Pen Nib","Sozu","downfall:HeartBlessingBlue","Blue Candle","Art of War","Enchiridion","Ring of Peace","ReplayTheSpireMod:TigerMarble","hexamod:IceCube","hubris:FunFungus","Pet Ghost","Replay:Mystery Machine","Thread and Needle","Simple Rune","Mercury Hourglass","OrangePellets"],"acts_visited":["Exordium","TheCity","TheBeyond"],"potions_floor_usage":[13,14,15,16],"damage_taken":[{"damage":3,"enemies":"Cultist","floor":2,"turns":4},{"damage":0,"enemies":"downfall:FleeingMerchant","floor":5,"turns":4},{"damage":0,"enemies":"2 Louse","floor":6,"turns":4},{"damage":6,"enemies":"Small Slimes","floor":9,"turns":3},{"damage":14,"enemies":"Exordium Wildlife","floor":10,"turns":5},{"damage":37,"enemies":"3 Sentries","floor":13,"turns":6},{"damage":28,"enemies":"3 Louse","floor":14,"turns":6},{"damage":0,"enemies":"2 Fungi Beasts","floor":15,"turns":2},{"damage":14,"enemies":"downfall:Watcher","floor":16,"turns":7},{"damage":20,"enemies":"3 Byrds","floor":19,"turns":7},{"damage":10,"enemies":"Chosen","floor":20,"turns":3},{"damage":6,"enemies":"Sentry and Sphere","floor":23,"turns":4},{"damage":0,"enemies":"downfall:FleeingMerchant","floor":26,"turns":4},{"damage":1,"enemies":"Shelled Parasite and Fungi","floor":27,"turns":3},{"damage":0,"enemies":"Chosen and Byrds","floor":30,"turns":4},{"damage":0,"enemies":"downfall:FleeingMerchant","floor":31,"turns":4},{"damage":25,"enemies":"Sentry and Sphere","floor":32,"turns":4},{"damage":24,"enemies":"downfall:Ironclad","floor":33,"turns":7},{"damage":0,"enemies":"Orb Walker","floor":36,"turns":4},{"damage":6,"enemies":"3 Shapes","floor":37,"turns":5},{"damage":0,"enemies":"2 Orb Walkers","floor":38,"turns":4},{"damage":0,"enemies":"Spire Growth","floor":43,"turns":4},{"damage":5,"enemies":"conspire:MimicChest","floor":45,"turns":5},{"damage":1,"enemies":"Mind Bloom Boss Battle","floor":46,"turns":7},{"damage":0,"enemies":"Transient","floor":47,"turns":5},{"damage":0,"enemies":"downfall:FleeingMerchant","floor":48,"turns":3},{"damage":0,"enemies":"Maw","floor":49,"turns":5},{"damage":55,"enemies":"downfall:Silent","floor":50,"turns":8}],"seed_played":"-1898586320035208954","potions_obtained":[{"floor":2,"key":"FearPotion"},{"floor":6,"key":"Regen Potion"},{"floor":9,"key":"FairyPotion"},{"floor":13,"key":"SpeedPotion"},{"floor":14,"key":"SmokeBomb"},{"floor":16,"key":"BlessingOfTheForge"}],"is_trial":false,"path_per_floor":["R","M","?","?","$","M","T","R","M","M","R","?","E","M","M","B",null,"R","M","M","?","AVR","M","T","?","$","M","?","?","M","$","M","B",null,"R","M","M","?","?","R","T","?","M","?","?","?","M","$","M","B",null],"character_chosen":"THE_SPIRIT","items_purchased":["ReplayTheSpireMod:TigerMarble","Simple Rune","Mercury Hourglass","Mayhem","OrangePellets"],"campfire_rested":0,"item_purchase_floors":[31,48,48,48,48],"current_hp_per_floor":[70,67,67,67,67,67,67,67,61,47,47,47,38,24,24,10,70,80,67,57,57,57,58,58,42,56,55,55,55,55,62,44,20,80,80,80,80,80,80,80,80,80,80,80,75,80,80,80,80,25],"gold":56,"neow_bonus":"ONE_RANDOM_RARE_CARD","is_daily":false,"chose_seed":false,"campfire_upgraded":4,"win_rate":0.0,"timestamp":1610357024,"path_taken":["R","M","?","?","$","M","T","R","?","M","R","?","E","M","M","BOSS","R","M","M","?","AVR","M","T","?","$","M","?","?","M","$","M","BOSS","R","M","M","?","?","R","T","?","?","?","?","?","M","$","M","BOSS"],"items_purchased_type":["Relic","Relic","Relic","Card","Relic"],"build_version":"2020-12-22","purchased_purges":0,"victory":true,"max_hp_per_floor":[70,70,70,70,70,70,70,70,70,70,70,70,70,70,70,70,70,80,80,80,80,80,80,80,80,80,80,80,80,80,80,80,80,80,80,80,80,80,80,80,80,80,80,80,80,80,80,80,80,80],"card_choices":[{"not_picked":["hexamod:SwordOfDarkness","hexamod:ExtraCrispy","hexamod:ChargedBarrage"],"picked":"SKIP","floor":2},{"not_picked":["hexamod:Again","hexamod:RetreatToShadows"],"picked":"hexamod:ThermalTransfer","floor":5},{"not_picked":["hexamod:ShieldOfDarkness","hexamod:Hexaguard"],"picked":"hexamod:FourthSeal","floor":6},{"not_picked":["hexamod:RetreatToShadows","hexamod:Hexaguard"],"picked":"hexamod:SecondSeal","floor":9},{"not_picked":["hexamod:AdvancingGuard","hexamod:GhostLash"],"picked":"hexamod:FirstSeal","floor":10},{"not_picked":["hexamod:GhostOfSpirePast","hexamod:ParanormalForm"],"picked":"hexamod:BurningTouch","floor":13},{"not_picked":["hexamod:RetreatToShadows","hexamod:RecurringNightmare"],"picked":"hexamod:Hexaguard","floor":14},{"not_picked":["hexamod:HexaLevel","hexamod:EmpoweringStance"],"picked":"hexamod:SixthSeal","floor":16},{"not_picked":["hexamod:GhostShield","hexamod:RecurringNightmare"],"picked":"hexamod:RainOfEmbers","floor":19},{"not_picked":["hexamod:InspiringFlames","hexamod:SwordOfDarkness"],"picked":"hexamod:SpectersWail+1","floor":20},{"not_picked":["hexamod:SecondSeal","hexamod:ThermalTransfer"],"picked":"hexamod:Hexaguard+1","floor":23},{"not_picked":["hexamod:ThermalTransfer","hexamod:FastForward+1"],"picked":"hexamod:NightmareGuise+1","floor":26},{"not_picked":["hexamod:GhostOfSpireFuture+1","hexamod:EmpoweringStance"],"picked":"hexamod:SpectersWail","floor":27},{"not_picked":["hexamod:PhantomCloak","hexamod:EmpoweredFlame"],"picked":"hexamod:Haunt+1","floor":30},{"not_picked":["hexamod:TurnItUp","hexamod:ShieldOfDarkness+1"],"picked":"hexamod:Hexaguard+1","floor":31},{"not_picked":["hexamod:GhostLash","hexamod:HauntingEcho"],"picked":"hexamod:ChargedBarrage","floor":32},{"not_picked":["hexamod:SixthSeal","hexamod:UnleashSpirits"],"picked":"hexamod:TimeOfNeed","floor":33},{"not_picked":["hexamod:RadiantFlame","hexamod:NightmareStrike","hexamod:SwordOfDarkness+1"],"picked":"SKIP","floor":36},{"not_picked":["hexamod:HauntingEcho+1","hexamod:NightmareGuise"],"picked":"hexamod:StepThrough+1","floor":37},{"not_picked":["hexamod:SpectersWail","hexamod:ThirdSeal","hexamod:GhostShield+1"],"picked":"SKIP","floor":43},{"not_picked":["expansioncontent:Torchfire","expansioncontent:GuardianWhirl"],"picked":"Replay:SS_hec_2","floor":44},{"not_picked":["hexamod:ExtraCrispy+1","hexamod:TimeWarp"],"picked":"hexamod:RainOfEmbers+1","floor":46},{"not_picked":["hexamod:GhostLash","hexamod:NightmareGuise"],"picked":"hexamod:EtherealExpedition+1","floor":47},{"not_picked":["hexamod:ShieldOfDarkness","hexamod:BurningTouch+1","hexamod:ThermalTransfer+1"],"picked":"SKIP","floor":48},{"not_picked":["hexamod:Firestarter","hexamod:FourthSeal"],"picked":"hexamod:HeatMetal+1","floor":49}],"player_experience":176765,"relics_obtained":[{"floor":13,"key":"Pen Nib"},{"floor":24,"key":"Art of War"},{"floor":25,"key":"Enchiridion"},{"floor":29,"key":"Ring of Peace"},{"floor":29,"key":"ReplayTheSpireMod:Ring of Challenge"},{"floor":38,"key":"hubris:FunFungus"},{"floor":41,"key":"Pet Ghost"},{"floor":45,"key":"Replay:Mystery Machine"},{"floor":46,"key":"Thread and Needle"}],"event_choices":[{"cards_removed":["hexamod:Defend"],"damage_healed":0,"gold_gain":0,"player_choice":"Took Card","damage_taken":0,"max_hp_gain":0,"max_hp_loss":0,"event_name":"NoteForYourself","floor":4,"gold_loss":0,"cards_obtained":["Echo Form"]},{"damage_healed":0,"gold_gain":0,"player_choice":"Ignored","damage_taken":0,"max_hp_gain":0,"max_hp_loss":0,"event_name":"Vampires","floor":28,"gold_loss":0},{"damage_healed":0,"gold_gain":0,"player_choice":"Fight","damage_taken":0,"max_hp_gain":0,"max_hp_loss":0,"event_name":"Mysterious Sphere","floor":38,"gold_loss":0},{"damage_healed":0,"gold_gain":0,"player_choice":"Forge","damage_taken":0,"max_hp_gain":0,"max_hp_loss":0,"event_name":"Accursed Blacksmith","floor":42,"gold_loss":0,"cards_upgraded":["hexamod:ThermalTransfer"]}],"is_beta":false,"boss_relics":[{"not_picked":["Replay:Wanted Poster","Runic Dome"],"picked":"Sozu"},{"not_picked":["hubris:RunicObelisk","hubris:CrackedHourglass"],"picked":"hexamod:IceCube"}],"items_purged_floors":[],"is_endless":false,"potions_floor_spawned":[2,6,13,14,16,19,27,32,33,37,43,45,49],"ascension_level":0}}