{"host":"w01uex9uy9hwwtiw","time":1610359288,"event":{"mods":["Arknights The Spire","BaseMod","Better Third Choice","Library of Ruina","Minty Spire (QoL Compilation)","Remilia（蕾米莉亚）","Replay The Spire","RumiaBox-露米娅的神秘盒子","SIMod","Shop Mod","StSLib","Td1madao Mod","TestMod","The Administrix","The Bladedancer","The Servant 0.9.4","Yakumo Yukari mod","Youmu（魂魄妖梦）","Yuyuko","vexMod","【遗物Mod】死灵法师NEW","【遗物卡牌】REMEMod","残留之物","篝火指南"],"gold_per_floor":[118,138,138,538,556,161,161,161],"floor_reached":7,"playtime":1134,"items_purged":["Dreamy Sakura"],"score":91,"play_id":"2f88a9ad-0543-4656-920f-38e44966f1e8","local_time":"20210111180128","is_ascension_mode":false,"campfire_choices":[],"circlet_count":0,"master_deck":["Fantasy Butterflies","Fantasy Butterflies","Fantasy Butterflies","Fantasy Butterflies","Fantasy Butterflies","Dreamy Sakura","Dreamy Sakura","Dreamy Sakura","Dreamy Sakura","Deathly Ground","Faramita\u0027s Temptation","testmod-Superconductor","Linger over Flower","Fondling of Papilio","Redemption of Death","Cerasus Subhirtella","testmod-EternalityOfKhronos"],"relics":["Coronal","Yuyuko\u0027s fan","REME_ComplimentaryCards","testmod-HarvestTotem","Baka","testmod-AssaultLearning"],"acts_visited":["Exordium"],"potions_floor_usage":[],"damage_taken":[{"damage":46.0,"enemies":"Jaw Worm","floor":1.0,"turns":6.0},{"damage":18.0,"enemies":"Small Slimes","floor":2.0,"turns":4.0},{"damage":26,"enemies":"Cultist","floor":5,"turns":4},{"damage":231,"enemies":"Lagavulin","floor":7,"turns":3}],"seed_played":"2650652797989532981","potions_obtained":[{"floor":5,"key":"LifebloodPotion"}],"is_trial":false,"path_per_floor":["M","M","?","?","M","R","E"],"character_chosen":"YUYOKO","items_purchased":["testmod-AssaultLearning","testmod-EternalityOfKhronos"],"campfire_rested":0,"item_purchase_floors":[6,6],"current_hp_per_floor":[61,72,72,72,104,104,0,0],"gold":161,"neow_bonus":"THREE_CARDS","is_daily":false,"chose_seed":false,"campfire_upgraded":0,"win_rate":0.0,"timestamp":1610359288,"path_taken":["M","M","?","?","M","R","E"],"items_purchased_type":["Relic","Card"],"build_version":"2020-12-22","purchased_purges":1,"victory":false,"max_hp_per_floor":[80,110,110,110,108,108,108,108],"card_choices":[{"not_picked":["Redemption of Death","Ghostdom Sakura"],"picked":"Linger over Flower","floor":0.0},{"not_picked":["Bomb","Sakura Ward"],"picked":"Fondling of Papilio","floor":1.0},{"not_picked":["City of Death","Gauzy Sakura"],"picked":"Redemption of Death","floor":2.0},{"not_picked":["Dark Wind","Ghostdom Sakura"],"picked":"Cerasus Subhirtella","floor":5}],"player_experience":126648,"relics_obtained":[{"floor":1.0,"key":"Baka"}],"event_choices":[{"damage_healed":0,"gold_gain":400,"player_choice":"Sell","damage_taken":0,"max_hp_gain":0,"max_hp_loss":0,"event_name":"恩洛斯的盘子","floor":4,"relics_lost":["testmod-TestBox"],"gold_loss":0}],"is_beta":false,"boss_relics":[],"items_purged_floors":[6],"is_endless":false,"potions_floor_spawned":[5],"killed_by":"Lagavulin","ascension_level":0}}