{"host":"g01l53quoe6lrer0","time":1610385128,"event":{"mods":["2.2 Compatiblity","AchievementEnabler","BaseMod","Colored Map","Highlight Path","Keyboard Shortcuts","Minty Spire (QoL Compilation)","Permanent Neow","StSLib","SuperFastMode","everything is the same but u backflip on backflip"],"gold_per_floor":[117,127,140,156,171,199,199,199,272,272,285,28,28,57,57,154,154,167,182,182,194,208,208,220,69,94,107,138,138,151,169,169,264,264,280,299,299,315,315,315,315,315,388,388,416,416,17,28,28,28],"floor_reached":51,"playtime":2090,"items_purged":["Strike_B","Defend_B","Writhe"],"score":1067,"play_id":"8bb3464b-251d-482a-aea3-b4aaaca48c35","local_time":"20210112021208","is_ascension_mode":true,"campfire_choices":[{"data":"Zap","floor":7.0,"key":"SMITH"},{"data":"Multi-Cast","floor":10.0,"key":"SMITH"},{"data":"Blizzard","floor":13.0,"key":"SMITH"},{"data":"Madness","floor":15.0,"key":"SMITH"},{"data":"Hologram","floor":23.0,"key":"SMITH"},{"floor":32.0,"key":"REST"},{"floor":40.0,"key":"REST"},{"data":"Defragment","floor":42.0,"key":"SMITH"},{"data":"Loop","floor":46.0,"key":"SMITH"},{"floor":49,"key":"REST"}],"circlet_count":0,"master_deck":["AscendersBane","Defend_B","Defend_B","Defend_B","Zap+1","Dualcast+1","Cold Snap","Chill","Glacier","Auto Shields","Conserve Battery","Madness+1","Coolheaded+1","Blizzard+1","Meteor Strike","Cold Snap+1","Leap+1","Storm+1","Stack","Hologram+1","Ball Lightning","Thunder Strike","White Noise+1","Loop+1","Storm","Rebound+1","Creative AI","Static Discharge","Tempest+1","Defragment+1","Discovery","Enlightenment","Seek","Capacitor","Go for the Eyes+1"],"relics":["Cracked Core","Bronze Scales","DataDisk","Pantograph","War Paint","Ice Cream","Astrolabe","Ancient Tea Set","Dream Catcher","Lizard Tail","SlaversCollar","Omamori","Eternal Feather","Lantern"],"acts_visited":["Exordium","TheCity","TheBeyond"],"potions_floor_usage":[],"damage_taken":[{"damage":1.0,"enemies":"Cultist","floor":1.0,"turns":3.0},{"damage":2.0,"enemies":"Small Slimes","floor":2.0,"turns":4.0},{"damage":1.0,"enemies":"2 Louse","floor":3.0,"turns":2.0},{"damage":0.0,"enemies":"2 Fungi Beasts","floor":4.0,"turns":3.0},{"damage":3.0,"enemies":"Blue Slaver","floor":5.0,"turns":3.0},{"damage":10.0,"enemies":"3 Sentries","floor":6.0,"turns":9.0},{"damage":11.0,"enemies":"Large Slime","floor":11.0,"turns":7.0},{"damage":10.0,"enemies":"Gremlin Nob","floor":14.0,"turns":5.0},{"damage":59.0,"enemies":"Slime Boss","floor":16.0,"turns":16.0},{"damage":0.0,"enemies":"Spheric Guardian","floor":18.0,"turns":7.0},{"damage":13.0,"enemies":"3 Byrds","floor":19.0,"turns":3.0},{"damage":0.0,"enemies":"Cultist and Chosen","floor":21.0,"turns":8.0},{"damage":0.0,"enemies":"3 Cultists","floor":22.0,"turns":6.0},{"damage":0.0,"enemies":"Snecko","floor":24.0,"turns":6.0},{"damage":0.0,"enemies":"Centurion and Healer","floor":27.0,"turns":8.0},{"damage":10.0,"enemies":"Book of Stabbing","floor":28.0,"turns":7.0},{"damage":7.0,"enemies":"Snake Plant","floor":30.0,"turns":5.0},{"damage":0.0,"enemies":"Cultist and Chosen","floor":31.0,"turns":4.0},{"damage":20.0,"enemies":"Champ","floor":33.0,"turns":9.0},{"damage":2.0,"enemies":"Orb Walker","floor":35.0,"turns":4.0},{"damage":31.0,"enemies":"3 Darklings","floor":36.0,"turns":6.0},{"damage":9.0,"enemies":"4 Shapes","floor":38.0,"turns":5.0},{"damage":22.0,"enemies":"Reptomancer","floor":45.0,"turns":6.0},{"damage":38,"enemies":"Writhing Mass","floor":48,"turns":5},{"damage":55,"enemies":"Time Eater","floor":50,"turns":9}],"seed_played":"-3983920006348320215","potions_obtained":[{"floor":2.0,"key":"Regen Potion"},{"floor":3.0,"key":"LiquidMemories"},{"floor":5.0,"key":"PowerPotion"},{"floor":6.0,"key":"Explosive Potion"},{"floor":16.0,"key":"Fire Potion"},{"floor":19.0,"key":"Energy Potion"},{"floor":30.0,"key":"Swift Potion"},{"floor":31.0,"key":"Swift Potion"},{"floor":35.0,"key":"ColorlessPotion"}],"is_trial":false,"path_per_floor":["M","M","M","M","M","E","R","?","T","R","M","$","R","E","R","B",null,"M","M","?","M","M","R","M","$","T","M","E","?","M","M","R","B",null,"M","M","?","M","?","R","T","R","T","?","E","R","$","M","R","B",null],"character_chosen":"DEFECT","items_purchased":["Blizzard","War Paint","Ball Lightning","Seek","Capacitor","Energy Potion"],"campfire_rested":3,"item_purchase_floors":[12,12,25,47,47,47],"current_hp_per_floor":[67,65,64,64,61,66,66,66,66,66,55,55,55,45,45,11,59,59,46,46,46,46,46,46,46,46,46,36,22,15,15,39,44,71,69,38,58,49,49,73,73,73,73,68,46,64,64,26,68,25],"gold":28,"neow_bonus":"RANDOM_COMMON_RELIC","is_daily":false,"chose_seed":false,"campfire_upgraded":7,"win_rate":0.0,"timestamp":1610385128,"path_taken":["M","M","?","M","M","E","R","?","T","R","M","$","R","E","R","BOSS","M","M","?","M","M","R","M","$","T","M","E","?","M","M","R","BOSS","M","M","?","M","?","R","?","R","T","?","E","R","$","M","R","BOSS"],"items_purchased_type":["Card","Relic","Card","Card","Card","Potion"],"build_version":"2020-12-22","purchased_purges":3,"victory":true,"max_hp_per_floor":[75,75,75,75,75,75,75,75,75,75,75,75,75,75,75,75,75,75,75,75,75,75,75,75,75,75,75,75,80,80,80,80,80,80,80,80,80,80,80,80,80,80,80,80,80,80,80,80,80,80],"card_choices":[{"not_picked":["Stack","Tempest"],"picked":"Cold Snap","floor":1.0},{"not_picked":["Ball Lightning","Scrape"],"picked":"Chill","floor":2.0},{"not_picked":["Fusion","Coolheaded"],"picked":"Glacier","floor":3.0},{"not_picked":["Gash","Scrape"],"picked":"Auto Shields","floor":4.0},{"not_picked":["Leap","Steam Power"],"picked":"Conserve Battery","floor":5.0},{"not_picked":["Heatsinks","Force Field","Compile Driver"],"picked":"SKIP","floor":6.0},{"not_picked":["Conserve Battery","Gash"],"picked":"Coolheaded","floor":11.0},{"not_picked":["Lockon","Conserve Battery","Rebound"],"picked":"SKIP","floor":14.0},{"not_picked":["Rainbow","Machine Learning"],"picked":"Meteor Strike","floor":16.0},{"not_picked":["Chaos+1","Steam","Go for the Eyes"],"picked":"SKIP","floor":18.0},{"not_picked":["Go for the Eyes","Reprogram+1"],"picked":"Stack","floor":19.0},{"not_picked":["BootSequence","Cold Snap"],"picked":"Hologram","floor":21.0},{"not_picked":["Stack","Barrage","Redo"],"picked":"SKIP","floor":22.0},{"not_picked":["Turbo+1","Streamline","Rip and Tear"],"picked":"SKIP","floor":24.0},{"not_picked":["Darkness","Gash"],"picked":"Thunder Strike","floor":27.0},{"not_picked":["Turbo","Go for the Eyes"],"picked":"White Noise+1","floor":28.0},{"not_picked":["Static Discharge+1","Compile Driver"],"picked":"Loop","floor":30.0},{"not_picked":["Sweeping Beam","Doom and Gloom+1"],"picked":"Storm","floor":31.0},{"not_picked":["Meteor Strike","Scrape"],"picked":"Rebound+1","floor":32.0},{"not_picked":["Machine Learning","Rainbow"],"picked":"Creative AI","floor":33.0},{"not_picked":["Barrage","Streamline"],"picked":"Static Discharge","floor":35.0},{"not_picked":["Turbo","Rainbow"],"picked":"Tempest+1","floor":36.0},{"not_picked":["Force Field+1","Go for the Eyes"],"picked":"Defragment","floor":38.0},{"not_picked":["Jack Of All Trades","Trip"],"picked":"Discovery","floor":44.0},{"not_picked":["Forethought","Jack Of All Trades"],"picked":"Enlightenment","floor":44.0},{"not_picked":["Consume+1","Steam","Coolheaded"],"picked":"SKIP","floor":45.0},{"not_picked":["Beam Cell+1","Sunder+1","Streamline"],"picked":"SKIP","floor":48},{"not_picked":["Turbo","Coolheaded"],"picked":"Go for the Eyes+1","floor":49}],"player_experience":150495,"relics_obtained":[{"floor":6.0,"key":"DataDisk"},{"floor":9.0,"key":"Pantograph"},{"floor":14.0,"key":"Ice Cream"},{"floor":26.0,"key":"Dream Catcher"},{"floor":28.0,"key":"Lizard Tail"},{"floor":41.0,"key":"Omamori"},{"floor":43.0,"key":"Eternal Feather"},{"floor":45.0,"key":"Lantern"}],"event_choices":[{"damage_healed":0.0,"max_hp_gain":0.0,"max_hp_loss":0.0,"gold_gain":0.0,"event_name":"Match and Keep!","player_choice":"2 cards matched","floor":8.0,"gold_loss":0.0,"damage_taken":0.0,"cards_obtained":["Madness","Multi-Cast"]},{"damage_healed":0.0,"max_hp_gain":0.0,"max_hp_loss":0.0,"gold_gain":0.0,"event_name":"The Mausoleum","player_choice":"Opened","floor":20.0,"gold_loss":0.0,"damage_taken":0.0,"relics_obtained":["Ancient Tea Set"]},{"damage_healed":0.0,"max_hp_gain":5.0,"max_hp_loss":0.0,"gold_gain":0.0,"event_name":"Forgotten Altar","player_choice":"Shed Blood","floor":29.0,"gold_loss":0.0,"damage_taken":19.0},{"damage_healed":20.0,"max_hp_gain":0.0,"max_hp_loss":0.0,"gold_gain":0.0,"event_name":"Winding Halls","player_choice":"Writhe","floor":37.0,"gold_loss":0.0,"damage_taken":0.0,"cards_obtained":["Writhe"]},{"cards_removed":["Multi-Cast"],"damage_healed":0.0,"max_hp_gain":0.0,"max_hp_loss":0.0,"gold_gain":0.0,"event_name":"Falling","player_choice":"Removed Skill","floor":39.0,"gold_loss":0.0,"damage_taken":0.0},{"damage_healed":0.0,"max_hp_gain":0.0,"max_hp_loss":0.0,"gold_gain":0.0,"event_name":"SensoryStone","player_choice":"Memory 2","floor":44.0,"gold_loss":0.0,"damage_taken":5.0}],"is_beta":false,"boss_relics":[{"not_picked":["Tiny House","Runic Pyramid"],"picked":"Astrolabe"},{"not_picked":["Coffee Dripper","Black Star"],"picked":"SlaversCollar"}],"items_purged_floors":[12,25,47],"is_endless":false,"potions_floor_spawned":[2,3,5,6,16,19,21,30,31,35],"ascension_level":10}}