{"host":"i19jjmeqmvseha12","time":1610361067,"event":{"mods":["Act Like it!","BaseMod","Colored Powertips","Dota2Spire","Gensokyo","Minty Spire (QoL Compilation)","Replay The Spire","StSLib","The Cursed"],"gold_per_floor":[114,114,89,89,105,133,133,145,145,159,92,92,104,124,124,222,222,237,184,197,197,214,214,240,240,311,311,311],"floor_reached":27,"playtime":916,"items_purged":[],"score":233,"play_id":"4a80d666-53d7-4632-8dab-0cad51b8c189","local_time":"20210111023107","is_ascension_mode":false,"campfire_choices":[{"data":"Uppercut","floor":7,"key":"SMITH"},{"data":"Rage","floor":12,"key":"SMITH"},{"data":"Metallicize","floor":23,"key":"SMITH"}],"circlet_count":0,"master_deck":["Strike_R","Strike_R","Strike_R","Strike_R","Strike_R","Defend_R+1","Defend_R+1","Defend_R","Defend_R","Bash","Uppercut+1","Searing Blow","Run Through+1","Dropkick","Headbutt","Rage+1","Metallicize+1","Exhume","Feed","ReplayTheSpireMod:Strike From Hell","Thunderclap+1","Life Link"],"relics":["Burning Blood","White Beast Statue","War Paint","Centennial Puzzle","Replay:Bottled Steam","Dota2Spire:CrimsonGuard"],"acts_visited":["Exordium","TheCity"],"potions_floor_usage":[6,10,10,16,18,22,22,24,24],"damage_taken":[{"damage":7,"enemies":"2 Louse","floor":1,"turns":3},{"damage":3,"enemies":"Small Slimes","floor":5,"turns":3},{"damage":39,"enemies":"3 Sentries","floor":6,"turns":8},{"damage":6,"enemies":"Jaw Worm","floor":8,"turns":2},{"damage":13,"enemies":"Gremlin Gang","floor":10,"turns":4},{"damage":6,"enemies":"Exordium Thugs","floor":13,"turns":5},{"damage":8,"enemies":"3 Louse","floor":14,"turns":5},{"damage":38,"enemies":"Hexaghost","floor":16,"turns":11},{"damage":4,"enemies":"3 Byrds","floor":18,"turns":7},{"damage":1,"enemies":"Chosen","floor":20,"turns":5},{"damage":26,"enemies":"Snake Plant","floor":22,"turns":5},{"damage":34,"enemies":"Replay:Snechameleon","floor":24,"turns":7},{"damage":25,"enemies":"3 Cultists","floor":27,"turns":6}],"seed_played":"-6464504399495138430","potions_obtained":[{"floor":1,"key":"Toxic Potion"},{"floor":5,"key":"Dota2Spire:HealingSalve"},{"floor":8,"key":"Explosive Potion"},{"floor":10,"key":"Dota2Spire:HealingSalve"},{"floor":13,"key":"SneckoOil"},{"floor":14,"key":"SteroidPotion"},{"floor":16,"key":"SteroidPotion"},{"floor":18,"key":"Energy Potion"},{"floor":20,"key":"Reflective Coating"},{"floor":22,"key":"BlessingOfTheForge"},{"floor":24,"key":"Elixir"}],"is_trial":false,"path_per_floor":["M","?","?","?","M","E","R","M","T","M","$","R","M","M","R","B",null,"M","$","M","?","M","R","E","?","T","M"],"character_chosen":"IRONCLAD","items_purchased":["Metallicize","ReplayTheSpireMod:Strike From Hell"],"campfire_rested":0,"item_purchase_floors":[11,19],"current_hp_per_floor":[79,79,79,79,80,47,47,47,47,46,46,46,46,44,68,36,80,80,80,83,67,47,47,19,19,19,0,0],"gold":311,"neow_bonus":"THREE_CARDS","is_daily":false,"chose_seed":false,"campfire_upgraded":3,"win_rate":0.0,"timestamp":1610361067,"path_taken":["M","?","?","?","M","E","R","M","T","M","$","R","?","?","R","BOSS","M","$","M","?","M","R","E","?","T","M"],"items_purchased_type":["Card","Card"],"build_version":"2020-12-22","purchased_purges":0,"victory":false,"max_hp_per_floor":[80,80,80,80,80,80,80,80,80,80,80,80,80,80,80,80,80,80,80,83,88,88,88,88,88,88,91,91],"card_choices":[{"not_picked":["Cleave","Bloodletting"],"picked":"Uppercut","floor":0},{"not_picked":["ReplayTheSpireMod:Stacked","Hemokinesis"],"picked":"Searing Blow","floor":1},{"not_picked":["Bloodletting","Defy Death"],"picked":"Run Through","floor":5},{"not_picked":["Ghostly Armor","Havoc"],"picked":"Dropkick","floor":6},{"not_picked":["Replay:Undeath\u0027s Touch","Pommel Strike"],"picked":"Headbutt","floor":8},{"not_picked":["Shrug It Off","Run Through"],"picked":"Rage","floor":10},{"not_picked":["Anger","True Grit"],"picked":"Exhume","floor":13},{"not_picked":["Hemokinesis","Pommel Strike","Sword Boomerang"],"picked":"SKIP","floor":14},{"not_picked":["Bludgeon","Offering"],"picked":"Feed","floor":16},{"not_picked":["Rupture","Clothesline","Headbutt"],"picked":"SKIP","floor":18},{"not_picked":["Armaments","ReplayReversal","Heavy Blade"],"picked":"SKIP","floor":20},{"not_picked":["Headbutt","Anger"],"picked":"Thunderclap+1","floor":22},{"not_picked":["Second Wind","Rage"],"picked":"Life Link","floor":24}],"player_experience":162219,"relics_obtained":[{"floor":6,"key":"White Beast Statue"},{"floor":9,"key":"War Paint"},{"floor":24,"key":"Centennial Puzzle"},{"floor":26,"key":"Dota2Spire:CrimsonGuard"}],"event_choices":[{"damage_healed":0,"gold_gain":0,"player_choice":"Left Gold","damage_taken":0,"max_hp_gain":0,"max_hp_loss":0,"event_name":"World of Goop","floor":3,"gold_loss":25},{"damage_healed":0,"gold_gain":0,"player_choice":"Leave","damage_taken":0,"max_hp_gain":0,"max_hp_loss":0,"event_name":"The Cleric","floor":4,"gold_loss":0},{"damage_healed":0,"gold_gain":0,"player_choice":"Shed Blood","damage_taken":21,"max_hp_gain":5,"max_hp_loss":0,"event_name":"Forgotten Altar","floor":21,"gold_loss":0}],"is_beta":false,"boss_relics":[{"not_picked":["Replay:Ancient Bell","Replay:Grab Bag","Philosopher\u0027s Stone"]}],"items_purged_floors":[],"is_endless":false,"potions_floor_spawned":[1,5,8,10,13,14,16,18,20,22,24],"killed_by":"3 Cultists","ascension_level":0}}