{"host":"b7j598ve05halrwk","time":1610385617,"event":{"mods":["2.2 Compatiblity","BaseMod","Block Reminder","DeckTracker","Minty Spire (QoL Compilation)","Relic Stats","Slay the Relics Exporter","StSLib","ojb\u0027s Better Paths Mod","ojb\u0027s Info Mod"],"gold_per_floor":[359,359,3,28,52,86,86,117,117,161,161,161,180,211,211,310,310,330,245,245,51,67,67,98,112,412,445,445,481,70,86,86,177,177,197,217,275,290,313,344,359,359,359,400,400,414,434,467,467,467,467,467,467,13,52,52],"floor_reached":57,"playtime":7907,"items_purged":["Strike_B","Zap","Dualcast"],"score":3035,"play_id":"07a52d93-278b-4988-ba5a-e7b3d024be29","local_time":"20210111122017","is_ascension_mode":true,"campfire_choices":[{"floor":7.0,"key":"REST"},{"floor":12.0,"key":"REST"},{"floor":15.0,"key":"REST"},{"data":"Doom and Gloom","floor":23.0,"key":"SMITH"},{"floor":32.0,"key":"REST"},{"floor":49,"key":"RECALL"},{"data":"Seek","floor":53,"key":"SMITH"}],"circlet_count":0,"master_deck":["AscendersBane","Defend_B","Defend_B","Defend_B","Lockon+1","FTL","Conserve Battery","Sweeping Beam","Undo","Cold Snap","Seek+1","Ball Lightning","Echo Form","Echo Form","Creative AI","Heatsinks+1","Bite","Bite","Bite","Bite","Bite","Doom and Gloom+1","Rainbow","Skim","Coolheaded+1","Defragment","Heatsinks+1","Doom and Gloom","Scrape","Reinforced Body","Electrodynamics","Genetic Algorithm+1","Stack+1","Static Discharge+1","Reinforced Body","Meteor Strike","Core Surge","Capacitor","Machine Learning","Apotheosis","Panacea","White Noise","Seek","Glacier","Fission"],"relics":["Cracked Core","Golden Idol","Bronze Scales","Mummified Hand","Question Card","Nunchaku","Pear","Snecko Eye","PreservedInsect","Vajra","Smiling Mask","Nloth\u0027s Gift","MealTicket","Bag of Preparation","Strange Spoon","Coffee Dripper","StoneCalendar","DataDisk","StrikeDummy","Thread and Needle","TungstenRod","Bag of Marbles"],"acts_visited":["Exordium","TheCity","TheBeyond","TheEnding"],"potions_floor_usage":[50,56],"damage_taken":[{"damage":8.0,"enemies":"2 Louse","floor":1.0,"turns":2.0},{"damage":0.0,"enemies":"Small Slimes","floor":4.0,"turns":3.0},{"damage":0.0,"enemies":"Jaw Worm","floor":5.0,"turns":2.0},{"damage":30.0,"enemies":"Gremlin Nob","floor":6.0,"turns":4.0},{"damage":5.0,"enemies":"Lagavulin","floor":8.0,"turns":7.0},{"damage":11.0,"enemies":"3 Sentries","floor":10.0,"turns":5.0},{"damage":1.0,"enemies":"Large Slime","floor":13.0,"turns":4.0},{"damage":12.0,"enemies":"Lagavulin","floor":14.0,"turns":6.0},{"damage":20.0,"enemies":"Slime Boss","floor":16.0,"turns":6.0},{"damage":0.0,"enemies":"Spheric Guardian","floor":18.0,"turns":3.0},{"damage":16.0,"enemies":"Shell Parasite","floor":22.0,"turns":2.0},{"damage":18.0,"enemies":"Book of Stabbing","floor":24.0,"turns":4.0},{"damage":4.0,"enemies":"Centurion and Healer","floor":25.0,"turns":10.0},{"damage":19.0,"enemies":"Gremlin Leader","floor":27.0,"turns":3.0},{"damage":24.0,"enemies":"Slavers","floor":29.0,"turns":2.0},{"damage":19.0,"enemies":"Snake Plant","floor":31.0,"turns":3.0},{"damage":12.0,"enemies":"Champ","floor":33.0,"turns":7.0},{"damage":0.0,"enemies":"Orb Walker","floor":35.0,"turns":2.0},{"damage":40.0,"enemies":"3 Darklings","floor":36.0,"turns":10.0},{"damage":12.0,"enemies":"2 Orb Walkers","floor":37.0,"turns":3.0},{"damage":21.0,"enemies":"Spire Growth","floor":38.0,"turns":3.0},{"damage":2.0,"enemies":"Sphere and 2 Shapes","floor":39.0,"turns":3.0},{"damage":1.0,"enemies":"Nemesis","floor":40.0,"turns":7.0},{"damage":0.0,"enemies":"Maw","floor":41.0,"turns":5.0},{"damage":0.0,"enemies":"Giant Head","floor":44.0,"turns":6.0},{"damage":2.0,"enemies":"4 Shapes","floor":46.0,"turns":7.0},{"damage":0.0,"enemies":"Spire Growth","floor":47.0,"turns":5.0},{"damage":0,"enemies":"Nemesis","floor":48,"turns":5},{"damage":15,"enemies":"Time Eater","floor":50,"turns":7},{"damage":13,"enemies":"Donu and Deca","floor":51,"turns":6},{"damage":0,"enemies":"Shield and Spear","floor":55,"turns":3},{"damage":53,"enemies":"The Heart","floor":56,"turns":6}],"seed_played":"7385874658880414455","potions_obtained":[{"floor":8.0,"key":"Explosive Potion"},{"floor":13.0,"key":"EssenceOfSteel"},{"floor":14.0,"key":"LiquidMemories"},{"floor":27.0,"key":"PowerPotion"},{"floor":29.0,"key":"Swift Potion"},{"floor":33.0,"key":"Fire Potion"},{"floor":35.0,"key":"EssenceOfDarkness"},{"floor":39.0,"key":"FearPotion"},{"floor":40.0,"key":"FocusPotion"},{"floor":41.0,"key":"GamblersBrew"}],"is_trial":false,"path_per_floor":["M","?","$","M","M","E","R","E","T","E","?","R","M","E","R","B",null,"M","?","?","$","M","R","E","M","T","E","?","E","$","M","R","B",null,"M","M","?","M","M","E","M","?","T","E","?","M","M","E","R","B","B",null,"R","$","E","B",null],"character_chosen":"DEFECT","items_purchased":["FTL","SpeedPotion","Ancient Potion","Conserve Battery","Doom and Gloom","Rainbow","Scrape","Bag of Preparation","Strange Spoon","Glacier","TungstenRod"],"campfire_rested":4,"item_purchase_floors":[3,3,3,3,21,21,30,30,30,54,54],"current_hp_per_floor":[38,38,38,38,38,8,27,22,22,11,11,30,29,27,49,29,63,63,63,51,51,39,39,31,51,51,34,34,12,27,14,29,51,51,51,51,41,26,34,51,51,51,51,51,41,50,51,51,51,39,51,51,51,51,51,20],"gold":52,"neow_bonus":"TWO_FIFTY_GOLD","is_daily":false,"chose_seed":false,"campfire_upgraded":2,"win_rate":0.0,"timestamp":1610385617,"path_taken":["M","?","$","M","M","E","R","E","T","E","?","R","M","E","R","BOSS","M","?","?","$","M","R","E","M","T","E","?","E","$","?","R","BOSS","M","M","?","M","M","E","M","?","T","E","?","M","M","E","R","BOSS","BOSS","R","$","E","BOSS"],"items_purchased_type":["Card","Potion","Potion","Card","Card","Card","Card","Relic","Relic","Card","Relic"],"build_version":"2020-12-22","purchased_purges":3,"victory":true,"max_hp_per_floor":[71,64,64,64,64,64,64,64,64,64,64,64,64,74,74,74,74,74,74,51,51,51,51,51,51,51,51,51,51,51,51,51,51,51,51,51,51,51,51,51,51,51,51,51,51,51,51,51,51,51,51,51,51,51,51,51],"relic_stats":{"counters":[32,151],"Golden Idol":244,"StoneCalendar":[60],"PreservedInsect":443,"Bag of Preparation":[34],"Question Card":29,"Smiling Mask":125,"Strange Spoon":[43],"Nunchaku":[38],"Mummified Hand":[555],"Bronze Scales":[363],"Snecko Eye":[330,297,324,317],"MealTicket":15,"Nloth\u0027s Gift":9,"obtain_stats":[{"Pear":14,"Golden Idol":2,"Vajra":24,"StoneCalendar":37,"Thread and Needle":48,"PreservedInsect":19,"Bag of Preparation":30,"Question Card":9,"Smiling Mask":27,"Old Coin":26,"Strange Spoon":30,"Nunchaku":10,"DataDisk":40,"Mummified Hand":8,"Bronze Scales":6,"Snecko Eye":17,"MealTicket":29,"Nloth\u0027s Gift":28,"Coffee Dripper":34,"Bag of Marbles":55,"Cracked Core":0,"StrikeDummy":44,"TungstenRod":54},{"Pear":8,"Golden Idol":1,"Vajra":12,"StoneCalendar":20,"Thread and Needle":28,"PreservedInsect":10,"Bag of Preparation":15,"Question Card":5,"Smiling Mask":14,"Old Coin":13,"Strange Spoon":15,"Nunchaku":6,"DataDisk":23,"Mummified Hand":5,"Bronze Scales":4,"Snecko Eye":9,"MealTicket":15,"Nloth\u0027s Gift":14,"Coffee Dripper":17,"Bag of Marbles":31,"Cracked Core":0,"StrikeDummy":25,"TungstenRod":30},{"Pear":33,"Golden Idol":2,"Vajra":48,"StoneCalendar":88,"Thread and Needle":129,"PreservedInsect":42,"Bag of Preparation":63,"Question Card":18,"Smiling Mask":61,"Old Coin":58,"Strange Spoon":63,"Nunchaku":23,"DataDisk":101,"Mummified Hand":18,"Bronze Scales":11,"Snecko Eye":39,"MealTicket":63,"Nloth\u0027s Gift":61,"Coffee Dripper":73,"Bag of Marbles":145,"Cracked Core":0,"StrikeDummy":112,"TungstenRod":142}],"TungstenRod":28},"card_choices":[{"not_picked":["Cold Snap","Sweeping Beam"],"picked":"Lockon","floor":1.0},{"not_picked":["Stack","Consume"],"picked":"Sweeping Beam","floor":4.0},{"not_picked":["Gash","Conserve Battery"],"picked":"Undo","floor":5.0},{"not_picked":["Redo","Leap"],"picked":"Cold Snap","floor":6.0},{"not_picked":["Aggregate","Melter"],"picked":"Seek","floor":8.0},{"not_picked":["Turbo","Coolheaded","Streamline"],"picked":"Ball Lightning","floor":10.0},{"not_picked":["Go for the Eyes","Barrage","Sweeping Beam"],"picked":"Echo Form","floor":13.0},{"not_picked":["Rebound","Conserve Battery","Reboot"],"picked":"Echo Form","floor":14.0},{"not_picked":["Reboot","Meteor Strike","Thunder Strike"],"picked":"Creative AI","floor":16.0},{"not_picked":["Turbo","Leap","Reprogram+1"],"picked":"Heatsinks+1","floor":18.0},{"not_picked":["Ball Lightning","Go for the Eyes","Turbo"],"picked":"Skim","floor":22.0},{"not_picked":["Reboot","Steam Power","Sweeping Beam"],"picked":"Coolheaded+1","floor":24.0},{"not_picked":["Barrage","Leap+1","Rip and Tear"],"picked":"Defragment","floor":25.0},{"not_picked":["Redo","Recycle","Seek"],"picked":"Heatsinks+1","floor":27.0},{"not_picked":["Reprogram","Tempest+1","Thunder Strike"],"picked":"Doom and Gloom","floor":29.0},{"not_picked":["Cold Snap","Go for the Eyes","Ball Lightning"],"picked":"Reinforced Body","floor":31.0},{"not_picked":["Thunder Strike","Amplify","Fission"],"picked":"Electrodynamics","floor":33.0},{"not_picked":["Go for the Eyes","Beam Cell","Sweeping Beam"],"picked":"Genetic Algorithm+1","floor":35.0},{"not_picked":["Go for the Eyes","Cold Snap","Redo"],"picked":"Stack+1","floor":36.0},{"not_picked":["Conserve Battery","Buffer","Streamline+1"],"picked":"Static Discharge+1","floor":37.0},{"not_picked":["Darkness","BootSequence","Consume"],"picked":"Reinforced Body","floor":38.0},{"not_picked":["Compile Driver","Lockon","Doom and Gloom"],"picked":"Meteor Strike","floor":39.0},{"not_picked":["Rebound","Steam+1","Hologram"],"picked":"Core Surge","floor":40.0},{"not_picked":["Fusion","Barrage","Darkness"],"picked":"Capacitor","floor":41.0},{"not_picked":["Reprogram","Hyperbeam","Hello World+1"],"picked":"Machine Learning","floor":44.0},{"not_picked":["Magnetism","Purity","Discovery"],"picked":"Apotheosis","floor":45.0},{"not_picked":["Mind Blast","Trip","Secret Technique"],"picked":"Panacea","floor":45.0},{"not_picked":["Beam Cell","Heatsinks","Rebound"],"picked":"White Noise","floor":46.0},{"not_picked":["Leap","Barrage","Redo"],"picked":"Seek","floor":47},{"not_picked":["Melter","Leap","Barrage","Lockon"],"picked":"SKIP","floor":48},{"not_picked":["Melter","Leap","Barrage","Lockon"],"picked":"SKIP","floor":48},{"not_picked":["Hologram","Turbo","Static Discharge"],"picked":"Fission","floor":55}],"player_experience":910879,"relics_obtained":[{"floor":6.0,"key":"Bronze Scales"},{"floor":8.0,"key":"Mummified Hand"},{"floor":9.0,"key":"Question Card"},{"floor":10.0,"key":"Nunchaku"},{"floor":14.0,"key":"Pear"},{"floor":24.0,"key":"Vajra"},{"floor":26.0,"key":"Old Coin"},{"floor":27.0,"key":"Smiling Mask"},{"floor":29.0,"key":"MealTicket"},{"floor":37.0,"key":"StoneCalendar"},{"floor":40.0,"key":"DataDisk"},{"floor":44.0,"key":"StrikeDummy"},{"floor":48,"key":"Thread and Needle"},{"floor":55,"key":"Bag of Marbles"}],"event_choices":[{"damage_healed":0.0,"max_hp_gain":0.0,"max_hp_loss":7.0,"gold_gain":0.0,"event_name":"Golden Idol","player_choice":"Lose Max HP","floor":2.0,"gold_loss":0.0,"damage_taken":0.0,"relics_obtained":["Golden Idol"]},{"damage_healed":0.0,"max_hp_gain":0.0,"max_hp_loss":0.0,"gold_gain":0.0,"event_name":"Living Wall","player_choice":"Grow","floor":11.0,"gold_loss":0.0,"damage_taken":0.0,"cards_upgraded":["Lockon"]},{"damage_healed":0.0,"max_hp_gain":0.0,"max_hp_loss":0.0,"gold_gain":0.0,"event_name":"Addict","player_choice":"Obtained Relic","floor":19.0,"gold_loss":85.0,"damage_taken":0.0,"relics_obtained":["PreservedInsect"]},{"damage_healed":0.0,"max_hp_gain":0.0,"max_hp_loss":23.0,"gold_gain":0.0,"event_name":"Vampires","player_choice":"Became a vampire","floor":20.0,"gold_loss":0.0,"damage_taken":0.0,"cards_obtained":["Bite","Bite","Bite","Bite","Bite"]},{"damage_healed":0.0,"max_hp_gain":0.0,"max_hp_loss":0.0,"gold_gain":0.0,"event_name":"N\u0027loth","player_choice":"Traded Relic","floor":28.0,"relics_lost":["Old Coin"],"gold_loss":0.0,"damage_taken":0.0,"relics_obtained":["Nloth\u0027s Gift"]},{"damage_healed":0.0,"max_hp_gain":0.0,"max_hp_loss":0.0,"gold_gain":0.0,"event_name":"Mysterious Sphere","player_choice":"Fight","floor":37.0,"gold_loss":0.0,"damage_taken":0.0},{"cards_removed":["Defend_B"],"damage_healed":0.0,"max_hp_gain":0.0,"max_hp_loss":0.0,"gold_gain":0.0,"event_name":"Falling","player_choice":"Removed Skill","floor":42.0,"gold_loss":0.0,"damage_taken":0.0},{"damage_healed":0.0,"max_hp_gain":0.0,"max_hp_loss":0.0,"gold_gain":0.0,"event_name":"SensoryStone","player_choice":"Memory 3","floor":45.0,"gold_loss":0.0,"damage_taken":10.0}],"is_beta":false,"boss_relics":[{"not_picked":["Ectoplasm","Runic Dome"],"picked":"Snecko Eye"},{"not_picked":["Runic Pyramid","Sozu"],"picked":"Coffee Dripper"}],"items_purged_floors":[3,30,54],"is_endless":false,"potions_floor_spawned":[4,8,13,14,27,29,31,33,35,36,39,40,41],"ascension_level":20}}