{"host":"f5n4tidiz2n5sooh","time":1610378361,"event":{"mods":["BaseMod","Colored Map","Minty Spire (QoL Compilation)","Relic Stats","Slay the Relics Exporter","StSLib"],"gold_per_floor":[110,130,148,223,234,261,261,261,261,261,261,290,308,320,320,320,320],"floor_reached":16,"playtime":524,"items_purged":[],"score":224,"play_id":"30073bc8-71cb-4101-9d36-fec08da6e693","local_time":"20210111091921","is_ascension_mode":true,"campfire_choices":[{"data":"Predator","floor":8,"key":"SMITH"},{"data":"Bouncing Flask","floor":10,"key":"SMITH"},{"floor":15,"key":"REST"}],"circlet_count":0,"master_deck":["AscendersBane","Strike_G","Strike_G","Strike_G","Strike_G","Strike_G","Defend_G","Defend_G","Defend_G","Defend_G","Defend_G","Survivor","Neutralize","Predator+1","Noxious Fumes","Dagger Throw","Dagger Spray","Bouncing Flask+1","PiercingWail","Poisoned Stab"],"relics":["Cursed Key","Toy Ornithopter","Shovel","Gremlin Horn"],"acts_visited":["Exordium"],"potions_floor_usage":[6,13,14,16],"damage_taken":[{"damage":0,"enemies":"2 Louse","floor":1,"turns":5},{"damage":7,"enemies":"Jaw Worm","floor":2,"turns":4},{"damage":1,"enemies":"Cultist","floor":3,"turns":4},{"damage":0,"enemies":"Large Slime","floor":5,"turns":5},{"damage":15,"enemies":"3 Sentries","floor":6,"turns":5},{"damage":17,"enemies":"Lagavulin","floor":12,"turns":5},{"damage":5,"enemies":"Looter","floor":13,"turns":3},{"damage":0,"enemies":"2 Fungi Beasts","floor":14,"turns":4},{"damage":35,"enemies":"Slime Boss","floor":16,"turns":7}],"seed_played":"2828612354864505595","potions_obtained":[{"floor":1,"key":"AttackPotion"},{"floor":12,"key":"PowerPotion"},{"floor":13,"key":"EntropicBrew"},{"floor":14,"key":"Ancient Potion"}],"is_trial":false,"path_per_floor":["M","M","M","?","M","E","?","R","T","R","?","E","M","M","R","B"],"character_chosen":"THE_SILENT","items_purchased":[],"campfire_rested":1,"item_purchase_floors":[],"current_hp_per_floor":[59,52,51,40,40,25,25,25,25,25,20,3,3,8,27,0,0],"gold":320,"neow_bonus":"BOSS_RELIC","is_daily":false,"chose_seed":false,"campfire_upgraded":2,"win_rate":0.0,"timestamp":1610378361,"path_taken":["M","M","M","?","M","E","?","R","T","R","?","E","?","M","R","BOSS"],"items_purchased_type":[],"build_version":"2020-12-22","purchased_purges":0,"victory":false,"max_hp_per_floor":[66,66,66,66,66,66,66,66,66,66,66,66,66,66,66,66,66],"relic_stats":{"Shovel":0,"Gremlin Horn":[2,2],"counters":[9,42],"Cursed Key":0,"obtain_stats":[{"Shovel":11,"Gremlin Horn":12,"Cursed Key":0,"Toy Ornithopter":6,"Ring of the Snake":0},{"Shovel":5,"Gremlin Horn":6,"Cursed Key":0,"Toy Ornithopter":5,"Ring of the Snake":0},{"Shovel":23,"Gremlin Horn":28,"Cursed Key":0,"Toy Ornithopter":23,"Ring of the Snake":0}],"Toy Ornithopter":15},"card_choices":[{"not_picked":["Cloak And Dagger","Sucker Punch"],"picked":"Predator","floor":1},{"not_picked":["Finisher","Prepared"],"picked":"Noxious Fumes","floor":2},{"not_picked":["Dodge and Roll","Finisher"],"picked":"Dagger Throw","floor":3},{"not_picked":["Endless Agony","Flying Knee"],"picked":"Dagger Spray","floor":5},{"not_picked":["Flying Knee","Escape Plan"],"picked":"Bouncing Flask","floor":6},{"not_picked":["All Out Attack","Deadly Poison","Dagger Throw"],"picked":"SKIP","floor":12},{"not_picked":["Dagger Throw","Heel Hook"],"picked":"PiercingWail","floor":13},{"not_picked":["Tactician","Outmaneuver"],"picked":"Poisoned Stab","floor":14}],"player_experience":1997048,"relics_obtained":[{"floor":6,"key":"Toy Ornithopter"},{"floor":12,"key":"Gremlin Horn"}],"event_choices":[{"damage_healed":0,"gold_gain":75,"player_choice":"Gather Gold","damage_taken":11,"max_hp_gain":0,"max_hp_loss":0,"event_name":"World of Goop","floor":4,"gold_loss":0},{"damage_healed":0,"gold_gain":0,"player_choice":"Searched \u00270\u0027 times","damage_taken":0,"max_hp_gain":0,"max_hp_loss":0,"event_name":"Dead Adventurer","floor":7,"gold_loss":0},{"damage_healed":0,"gold_gain":0,"player_choice":"Success","damage_taken":5,"relics_obtained":["Shovel"],"max_hp_gain":0,"max_hp_loss":0,"event_name":"Scrap Ooze","floor":11,"gold_loss":0}],"is_beta":false,"boss_relics":[],"items_purged_floors":[],"is_endless":false,"potions_floor_spawned":[1,12,13,14],"killed_by":"Slime Boss","ascension_level":20}}