{"host":"0fmi5fguj5lvt8pf","time":1610350514,"event":{"mods":["BaseMod","Colored Map","Curses Come First","Downfall","Minty Spire (QoL Compilation)","Permanent Neow","StSLib","Waifu the Spire"],"gold_per_floor":[0,16,16,1,1,276,276,292,292,326,326,338,438,465,476,571,571,571,583,600,600,187,187,187,187,198,216,216,216,216,216],"floor_reached":29,"playtime":1608,"items_purged":["Regret"],"score":231,"play_id":"e052d29b-1214-46c4-a1f6-0bb1a97d2ed4","local_time":"20210110233514","is_ascension_mode":false,"campfire_choices":[{"data":"Slimebound:DuplicatedForm","floor":1.0,"key":"SMITH"},{"data":"Slimebound:CorrosiveSpit","floor":9.0,"key":"SMITH"},{"data":"Slimebound:Grow","floor":18.0,"key":"SMITH"},{"data":"Mayhem","floor":28.0,"key":"SMITH"}],"circlet_count":0,"master_deck":["Slimebound:Strike_Slimebound","Slimebound:Strike_Slimebound","Slimebound:Tackle","Slimebound:Defend_Slimebound","Slimebound:Defend_Slimebound","Slimebound:Defend_Slimebound","Slimebound:Defend_Slimebound","Slimebound:Split","Slimebound:CorrosiveSpit+1","Slimebound:DuplicatedForm+1","Slimebound:Grow+1","Slimebound:LeechLife","Slimebound:Gluttony","Slimebound:Prepare","Slimebound:OozeBath","Slimebound:Equalize","Slimebound:Recollect","Slimebound:Schlurp+1","Mayhem+1","Slimebound:GrowthPunch+1"],"relics":["Slimebound:AbsorbEndCombat","Mummified Hand","Orichalcum","Potion Belt","sneckomod:SneckoTalon","Juzu Bracelet","downfall:RedIOU"],"acts_visited":["Exordium","TheCity"],"potions_floor_usage":[29],"damage_taken":[{"damage":5.0,"enemies":"Jaw Worm","floor":2.0,"turns":4.0},{"damage":20.0,"enemies":"downfall:FleeingMerchant","floor":4.0,"turns":4.0},{"damage":23.0,"enemies":"Small Slimes","floor":8.0,"turns":3.0},{"damage":36.0,"enemies":"Lagavulin","floor":10.0,"turns":6.0},{"damage":0.0,"enemies":"Cultist","floor":11.0,"turns":1.0},{"damage":32.0,"enemies":"3 Louse","floor":12.0,"turns":3.0},{"damage":26.0,"enemies":"downfall:LadyInBlue","floor":13.0,"turns":5.0},{"damage":42.0,"enemies":"Gremlin Nob","floor":14.0,"turns":4.0},{"damage":38.0,"enemies":"Lots of Slimes","floor":15.0,"turns":4.0},{"damage":82.0,"enemies":"downfall:Silent","floor":16.0,"turns":8.0},{"damage":32.0,"enemies":"3 Byrds","floor":19.0,"turns":6.0},{"damage":45.0,"enemies":"Snecko","floor":20.0,"turns":6.0},{"damage":26.0,"enemies":"downfall:FleeingMerchant","floor":22.0,"turns":4.0},{"damage":41.0,"enemies":"Snake Plant","floor":26.0,"turns":5.0},{"damage":45.0,"enemies":"Cultist and Chosen","floor":27.0,"turns":7.0},{"damage":42,"enemies":"Slavers","floor":29,"turns":3}],"seed_played":"-8314337056415750272","potions_obtained":[{"floor":2.0,"key":"Weak Potion"},{"floor":10.0,"key":"SteroidPotion"},{"floor":12.0,"key":"Block Potion"},{"floor":13.0,"key":"Slimebound:SpawnSlimePotion"},{"floor":13.0,"key":"DuplicationPotion"},{"floor":13.0,"key":"Guardian:BlockOnCardUsePotion"},{"floor":13.0,"key":"Block Potion"},{"floor":15.0,"key":"Slimebound:SlimedPotion"},{"floor":26.0,"key":"Swift Potion"},{"floor":27.0,"key":"BlessingOfTheForge"}],"is_trial":false,"path_per_floor":["R","M","?","$","?","?","T","M","R","E","M","M","?","E","M","B",null,"R","M","M","?","$","?","T","?","M","M","R","E"],"character_chosen":"SLIMEBOUND","items_purchased":["Mayhem","Juzu Bracelet"],"campfire_rested":0,"item_purchase_floors":[22,22],"current_hp_per_floor":[60,60,60,59,59,59,59,57,57,46,46,47,52,52,57,31,60,60,58,47,47,56,56,56,56,60,58,58,18,18,18],"gold":216,"neow_bonus":"THREE_RARE_CARDS","is_daily":false,"chose_seed":false,"campfire_upgraded":4,"win_rate":0.0,"timestamp":1610350514,"path_taken":["R","M","?","$","?","?","T","M","R","E","M","?","?","E","M","BOSS","R","M","?","?","$","?","T","?","M","M","R","E"],"items_purchased_type":["Card","Relic"],"build_version":"2020-12-22","purchased_purges":1,"victory":false,"max_hp_per_floor":[60,60,60,60,60,60,60,60,60,60,60,60,60,60,60,60,60,60,60,60,60,60,60,60,60,60,60,60,60,60,60],"card_choices":[{"not_picked":["Slimebound:LeechLife","Slimebound:DouseInSlime"],"picked":"Slimebound:DuplicatedForm","floor":0.0},{"not_picked":["Slimebound:SplitAcid","Slimebound:SamplingLick"],"picked":"Slimebound:Grow","floor":2.0},{"not_picked":["Slimebound:SplitLeeching","Slimebound:ViciousTackle","Slimebound:FinishingTackle"],"picked":"SKIP","floor":4.0},{"not_picked":["Slimebound:Repurpose","Slimebound:SplitMire","Slimebound:LeechingTouch"],"picked":"SKIP","floor":8.0},{"not_picked":["Slimebound:SplitBruiser","Slimebound:ComboTackle"],"picked":"Slimebound:LeechLife","floor":10.0},{"not_picked":["Slimebound:ProtectTheBoss","Slimebound:SplitMire","Slimebound:ComboTackle"],"picked":"SKIP","floor":11.0},{"not_picked":["Slimebound:RollThrough","Slimebound:ItLooksTasty"],"picked":"Slimebound:Gluttony","floor":12.0},{"not_picked":["Slimebound:FirmFortitude","Slimebound:GoopSpray"],"picked":"Slimebound:Prepare","floor":14.0},{"not_picked":["Slimebound:PressTheAttack","Slimebound:LeechingTouch","Slimebound:FirmFortitude"],"picked":"SKIP","floor":15.0},{"not_picked":["Slimebound:DouseInSlime","Slimebound:SlimeSlap"],"picked":"Slimebound:OozeBath","floor":16.0},{"not_picked":["Slimebound:Repurpose","Slimebound:ComboTackle"],"picked":"Slimebound:Equalize","floor":19.0},{"not_picked":["Slimebound:ViciousTackle+1","Slimebound:LeechEnergy+1","Slimebound:BestDefense"],"picked":"SKIP","floor":20.0},{"not_picked":["Slimebound:GrowthPunch+1","Slimebound:SplitAcid"],"picked":"Slimebound:Schlurp+1","floor":22.0},{"not_picked":["Slimebound:ProtectTheBoss","Slimebound:SplitBruiser"],"picked":"Slimebound:GrowthPunch+1","floor":26.0},{"not_picked":["Slimebound:FinishingTackle","Slimebound:SplitAcid","Slimebound:SlimeSpikes"],"picked":"SKIP","floor":27.0}],"player_experience":1324584,"relics_obtained":[{"floor":7.0,"key":"Mummified Hand"},{"floor":10.0,"key":"Orichalcum"},{"floor":13.0,"key":"Potion Belt"},{"floor":14.0,"key":"Slimebound:AggressiveSlimeRelic"}],"event_choices":[{"damage_healed":0.0,"max_hp_gain":0.0,"max_hp_loss":0.0,"gold_gain":0.0,"event_name":"The Library","player_choice":"Read","floor":21.0,"gold_loss":0.0,"damage_taken":0.0,"cards_obtained":["Slimebound:Recollect"]}],"is_beta":false,"boss_relics":[{"not_picked":["Coffee Dripper","Velvet Choker"],"picked":"sneckomod:SneckoTalon"}],"items_purged_floors":[22],"is_endless":false,"potions_floor_spawned":[2,10,12,13,15,26,27],"killed_by":"Slavers","ascension_level":0}}