{"host":"gx7yyrn1gkym3qpb","time":1610362234,"event":{"mods":["AchievementEnabler","BaseMod","Better Altar","Better Match","Better Note","Better Sensory Stone","Better Skull","Better Third Choice","Highlight Path","Minty Spire (QoL Compilation)","Permanent Neow","Quick Restart","StSLib","Unceasing Turn Reminder"],"gold_per_floor":[112,128,139,139,150,150,185,208,220,267,279,45,45,45],"floor_reached":13,"playtime":478,"items_purged":["Pain"],"score":228,"play_id":"6ea9e58d-8a2d-4199-b949-68e728fcf832","local_time":"20210111055034","is_ascension_mode":true,"campfire_choices":[{"data":"Whirlwind","floor":6,"key":"SMITH"},{"floor":11,"key":"REST"}],"circlet_count":0,"master_deck":["AscendersBane","Strike_R","Strike_R","Strike_R","Strike_R","Strike_R","Defend_R","Defend_R","Defend_R","Defend_R","Bash","Corruption","Battle Trance","Uppercut","Whirlwind+1","Second Wind"],"relics":["Burning Blood","WarpedTongs","MawBank","Bottled Flame","HornCleat","ClockworkSouvenir"],"acts_visited":[],"potions_floor_usage":[10,10],"damage_taken":[{"damage":6,"enemies":"Cultist","floor":1,"turns":3},{"damage":7,"enemies":"2 Louse","floor":2,"turns":3},{"damage":11,"enemies":"Jaw Worm","floor":3,"turns":3},{"damage":16,"enemies":"2 Fungi Beasts","floor":5,"turns":3},{"damage":32,"enemies":"3 Sentries","floor":7,"turns":6},{"damage":21,"enemies":"Lots of Slimes","floor":8,"turns":3},{"damage":3,"enemies":"Gremlin Nob","floor":10,"turns":3},{"damage":34,"enemies":"Lagavulin","floor":13,"turns":7}],"seed_played":"7665078471488096719","potions_obtained":[{"floor":1,"key":"Weak Potion"},{"floor":2,"key":"FearPotion"},{"floor":8,"key":"DistilledChaos"},{"floor":10,"key":"FearPotion"}],"is_trial":false,"path_per_floor":["M","M","M","?","M","R","E","M","T","E","R","$","E"],"character_chosen":"IRONCLAD","items_purchased":["ClockworkSouvenir"],"campfire_rested":1,"item_purchase_floors":[12],"current_hp_per_floor":[68,67,62,62,52,52,26,11,11,14,34,34,0,0],"gold":45,"neow_bonus":"THREE_RARE_CARDS","is_daily":false,"chose_seed":false,"campfire_upgraded":1,"win_rate":0.0,"timestamp":1610362234,"path_taken":["M","M","?","?","?","R","E","M","T","E","R","$","E"],"items_purchased_type":["Relic"],"build_version":"2020-12-22","purchased_purges":1,"victory":false,"max_hp_per_floor":[68,68,68,68,68,68,68,68,68,68,68,68,68,68],"card_choices":[{"not_picked":["Feed","Exhume"],"picked":"Corruption","floor":0},{"not_picked":["Bloodletting","Twin Strike"],"picked":"Battle Trance","floor":1},{"not_picked":["Warcry","Havoc"],"picked":"Uppercut","floor":2},{"not_picked":["Body Slam","Seeing Red","True Grit"],"picked":"SKIP","floor":3},{"not_picked":["Armaments","Searing Blow"],"picked":"Whirlwind","floor":5},{"not_picked":["Havoc","Twin Strike","Flex"],"picked":"SKIP","floor":7},{"not_picked":["Ghostly Armor","Reckless Charge"],"picked":"Second Wind","floor":8},{"not_picked":["Heavy Blade","Cleave","Rampage"],"picked":"SKIP","floor":10}],"player_experience":403576,"relics_obtained":[{"floor":7,"key":"MawBank"},{"floor":9,"key":"Bottled Flame"},{"floor":10,"key":"HornCleat"}],"event_choices":[{"damage_healed":0,"gold_gain":0,"player_choice":"Rummage","damage_taken":0,"relics_obtained":["WarpedTongs"],"max_hp_gain":0,"max_hp_loss":0,"event_name":"Accursed Blacksmith","floor":4,"gold_loss":0,"cards_obtained":["Pain"]}],"is_beta":false,"boss_relics":[],"items_purged_floors":[12],"is_endless":false,"potions_floor_spawned":[1,2,8,10],"killed_by":"Lagavulin","ascension_level":18}}