{"host":"ix3f5uox0dgbccjc","time":1610356793,"event":{"mods":["BaseMod","Minty Spire (QoL Compilation)"],"gold_per_floor":[13,24,38,53,53,53,84,159,182,182,201,201,58,73,73,173,173,184,109,69,88,103,103,114,114,138,158,158,158],"floor_reached":28,"playtime":903,"items_purged":[],"score":222,"play_id":"57a529cd-fafe-4436-8d72-6b5b46e45d02","local_time":"20210111041953","is_ascension_mode":false,"campfire_choices":[{"data":"Zap","floor":6,"key":"SMITH"},{"floor":12,"key":"REST"},{"data":"Strike_B","floor":15,"key":"SMITH"},{"floor":23,"key":"REST"},{"floor":25,"key":"REST"}],"circlet_count":0,"master_deck":["Strike_B","Strike_B","Strike_B+1","Defend_B","Defend_B","Zap+1","Self Repair","BootSequence+1","Chill+1","Rip and Tear+1"],"relics":["Cracked Core","Unceasing Top","MealTicket","PreservedInsect","Boot","Astrolabe","Anchor"],"acts_visited":["Exordium","TheCity"],"potions_floor_usage":[4,7,16,16,21,22,22,22,28],"damage_taken":[{"damage":0,"enemies":"Cultist","floor":1,"turns":4},{"damage":7,"enemies":"2 Louse","floor":2,"turns":3},{"damage":6,"enemies":"Jaw Worm","floor":3,"turns":4},{"damage":8,"enemies":"Large Slime","floor":4,"turns":6},{"damage":20,"enemies":"Gremlin Nob","floor":7,"turns":4},{"damage":23,"enemies":"Gremlin Gang","floor":11,"turns":5},{"damage":4,"enemies":"Blue Slaver","floor":14,"turns":5},{"damage":34,"enemies":"Hexaghost","floor":16,"turns":9},{"damage":31,"enemies":"Shell Parasite","floor":18,"turns":7},{"damage":15,"enemies":"3 Byrds","floor":21,"turns":5},{"damage":26,"enemies":"Snecko","floor":22,"turns":7},{"damage":51,"enemies":"Centurion and Healer","floor":24,"turns":10},{"damage":16,"enemies":"Snake Plant","floor":27,"turns":4},{"damage":22,"enemies":"Snecko","floor":28,"turns":4}],"seed_played":"8064506592362944706","potions_obtained":[{"floor":2,"key":"Energy Potion"},{"floor":4,"key":"PowerPotion"},{"floor":7,"key":"FocusPotion"},{"floor":14,"key":"Fire Potion"},{"floor":20,"key":"DuplicationPotion"},{"floor":20,"key":"SteroidPotion"},{"floor":20,"key":"FearPotion"},{"floor":21,"key":"PotionOfCapacity"},{"floor":27,"key":"Swift Potion"}],"is_trial":false,"path_per_floor":["M","M","M","M","$","R","E","?","T","?","M","R","$","M","R","B",null,"M","?","?","M","M","R","M","R","T","M","M"],"character_chosen":"DEFECT","items_purchased":["Boot"],"campfire_rested":3,"item_purchase_floors":[13],"current_hp_per_floor":[75,68,62,61,61,61,48,37,37,37,21,43,58,61,61,34,75,51,51,51,50,31,53,9,31,31,22,0,0],"gold":158,"neow_bonus":"ONE_RARE_RELIC","is_daily":false,"chose_seed":false,"campfire_upgraded":2,"win_rate":0.0,"timestamp":1610356793,"path_taken":["M","M","?","M","$","R","E","?","T","?","M","R","$","?","R","BOSS","M","?","?","?","M","R","M","R","T","M","M"],"items_purchased_type":["Relic"],"build_version":"2020-12-22","purchased_purges":0,"victory":false,"max_hp_per_floor":[75,75,75,75,75,75,75,75,75,75,75,75,75,75,75,75,75,75,75,75,75,75,75,75,75,75,75,75,75],"card_choices":[{"not_picked":["Beam Cell","Rebound","Auto Shields"],"picked":"SKIP","floor":1},{"not_picked":["Storm","Hologram","Rebound"],"picked":"SKIP","floor":2},{"not_picked":["Chaos","FTL"],"picked":"Self Repair","floor":3},{"not_picked":["Go for the Eyes","Conserve Battery","Barrage"],"picked":"SKIP","floor":4},{"not_picked":["Go for the Eyes","Compile Driver","Streamline"],"picked":"SKIP","floor":7},{"not_picked":["Reinforced Body","Compile Driver","Scrape"],"picked":"SKIP","floor":11},{"not_picked":["Hyperbeam","Leap","Sweeping Beam"],"picked":"SKIP","floor":14},{"not_picked":["Sweeping Beam","Gash","Streamline+1"],"picked":"SKIP","floor":18},{"not_picked":["Chaos","Rebound","Creative AI"],"picked":"SKIP","floor":21},{"not_picked":["Coolheaded","Melter","Force Field+1"],"picked":"SKIP","floor":22},{"not_picked":["Beam Cell+1","Gash"],"picked":"Rip and Tear+1","floor":24},{"not_picked":["Scrape+1","Leap","Stack"],"picked":"SKIP","floor":27}],"player_experience":207050,"relics_obtained":[{"floor":7,"key":"MealTicket"},{"floor":9,"key":"PreservedInsect"},{"floor":26,"key":"Anchor"}],"event_choices":[{"damage_healed":0,"gold_gain":75,"player_choice":"Gather Gold","damage_taken":11,"max_hp_gain":0,"max_hp_loss":0,"event_name":"World of Goop","floor":8,"gold_loss":0},{"cards_removed":["Dualcast"],"damage_healed":0,"gold_gain":0,"player_choice":"Purged","damage_taken":0,"max_hp_gain":0,"max_hp_loss":0,"event_name":"Purifier","floor":10,"gold_loss":0},{"cards_removed":["Chill"],"damage_healed":0,"gold_gain":0,"player_choice":"Gave Gold","damage_taken":0,"max_hp_gain":0,"max_hp_loss":0,"event_name":"Beggar","floor":19,"gold_loss":75},{"damage_healed":0,"gold_gain":0,"player_choice":"Bought 3 Potions","damage_taken":0,"max_hp_gain":0,"max_hp_loss":0,"event_name":"The Woman in Blue","floor":20,"gold_loss":0}],"is_beta":false,"boss_relics":[{"not_picked":["Busted Crown","Cursed Key"],"picked":"Astrolabe"}],"items_purged_floors":[],"is_endless":false,"potions_floor_spawned":[2,4,7,14,21,27],"killed_by":"Snecko","ascension_level":0}}