{"host":"i0avyit1s6jb1siw","time":1610366651,"event":{"mods":["BaseMod","DeckTracker","Dota2Spire","Highlight Path","Minty Spire (QoL Compilation)","Quick Restart","StSLib","SuperFastMode"],"gold_per_floor":[146,190,204,174,224,224,287,287,287,287,380,55,113,113,113,218,218,261,42,42,55,96,96,137,137,163,224,224,239,284,325,325,429,429,448,305,354,397,412,412,491,556,556,613,625,669,669,435,435,465,495,495,495,122,185,215],"floor_reached":57,"playtime":2600,"items_purged":["Strike_G","Strike_G","Strike_G+1","Poisoned Stab+1"],"score":2883,"play_id":"afeff05e-67f5-4ea9-8e9b-58916b69ef6f","local_time":"20210111130411","is_ascension_mode":true,"campfire_choices":[{"data":"Blade Dance","floor":6.0,"key":"SMITH"},{"data":"Neutralize","floor":8.0,"key":"SMITH"},{"data":"Poisoned Stab","floor":10.0,"key":"SMITH"},{"data":"Noxious Fumes","floor":15.0,"key":"SMITH"},{"data":"A Thousand Cuts","floor":23.0,"key":"SMITH"},{"floor":25.0,"key":"REST"},{"floor":32.0,"key":"REST"},{"data":"Malaise","floor":40.0,"key":"SMITH"},{"floor":49,"key":"RECALL"},{"data":"Strike_G+1","floor":53,"key":"PURGE"}],"circlet_count":0,"master_deck":["AscendersBane","Defend_G+1","Defend_G+1","Defend_G+1","Defend_G+1","Defend_G+1","Survivor","Neutralize+1","CurseOfTheBell","Masterful Stab","Blade Dance+1","PiercingWail","Reflex","Noxious Fumes+1","Malaise+1","A Thousand Cuts+1","Predator","Dash","Acrobatics","Caltrops+1","Leg Sweep"],"relics":["Calling Bell","Dota2Spire:HandOfMidas","Dota2Spire:OrchidMalevolence","Dota2Spire:AssaultCuirass","Pocketwatch","Singing Bowl","Ninja Scroll","Lee\u0027s Waffle","Dota2Spire:PowerTreads","Snecko Eye","Membership Card","Meat on the Bone","Sozu","Paper Crane","Peace Pipe","Mummified Hand","Shuriken","InkBottle","CaptainsWheel","Orrery","Dota2Spire:ArcaneBoots","Eternal Feather","Pantograph"],"acts_visited":["Exordium","TheCity","TheBeyond","TheEnding"],"potions_floor_usage":[42],"damage_taken":[{"damage":0.0,"enemies":"Jaw Worm","floor":1.0,"turns":6.0},{"damage":1.0,"enemies":"Cultist","floor":2.0,"turns":5.0},{"damage":0.0,"enemies":"2 Louse","floor":3.0,"turns":2.0},{"damage":12.0,"enemies":"2 Fungi Beasts","floor":5.0,"turns":4.0},{"damage":21.0,"enemies":"Lagavulin","floor":7.0,"turns":7.0},{"damage":11.0,"enemies":"3 Sentries","floor":11.0,"turns":10.0},{"damage":3.0,"enemies":"Lagavulin","floor":13.0,"turns":6.0},{"damage":25.0,"enemies":"Slime Boss","floor":16.0,"turns":8.0},{"damage":0.0,"enemies":"Spheric Guardian","floor":18.0,"turns":3.0},{"damage":0.0,"enemies":"Chosen","floor":21.0,"turns":3.0},{"damage":11.0,"enemies":"3 Cultists","floor":22.0,"turns":4.0},{"damage":31.0,"enemies":"Centurion and Healer","floor":24.0,"turns":5.0},{"damage":0.0,"enemies":"Book of Stabbing","floor":27.0,"turns":4.0},{"damage":0.0,"enemies":"Snecko","floor":29.0,"turns":3.0},{"damage":6.0,"enemies":"Snake Plant","floor":30.0,"turns":4.0},{"damage":25.0,"enemies":"Sentry and Sphere","floor":31.0,"turns":6.0},{"damage":13.0,"enemies":"Automaton","floor":33.0,"turns":9.0},{"damage":5.0,"enemies":"Orb Walker","floor":35.0,"turns":4.0},{"damage":0.0,"enemies":"3 Darklings","floor":37.0,"turns":3.0},{"damage":0.0,"enemies":"Maw","floor":38.0,"turns":6.0},{"damage":1.0,"enemies":"Sphere and 2 Shapes","floor":39.0,"turns":4.0},{"damage":28.0,"enemies":"2 Orb Walkers","floor":41.0,"turns":5.0},{"damage":11,"enemies":"Nemesis","floor":42,"turns":7},{"damage":10,"enemies":"Reptomancer","floor":44,"turns":6},{"damage":0,"enemies":"3 Darklings","floor":45,"turns":3},{"damage":9,"enemies":"Maw","floor":46,"turns":4},{"damage":26,"enemies":"Donu and Deca","floor":50,"turns":7},{"damage":22,"enemies":"Time Eater","floor":51,"turns":15},{"damage":57,"enemies":"Shield and Spear","floor":55,"turns":8},{"damage":75,"enemies":"The Heart","floor":56,"turns":11}],"seed_played":"7792974674873896412","potions_obtained":[{"floor":2.0,"key":"Dota2Spire:HealingSalve"},{"floor":4.0,"key":"Poison Potion"},{"floor":16.0,"key":"Dota2Spire:HealingSalve"},{"floor":18.0,"key":"LiquidBronze"},{"floor":28.0,"key":"GhostInAJar"},{"floor":33.0,"key":"BlessingOfTheForge"}],"is_trial":false,"path_per_floor":["M","M","M","?","M","R","E","R","T","R","E","$","E","?","R","B",null,"M","$","?","M","M","R","M","R","T","E","?","M","M","M","R","B",null,"M","?","M","M","M","R","?","E","T","E","M","M","?","$","R","B","B",null,"R","$","E","B",null],"character_chosen":"THE_SILENT","items_purchased":["Noxious Fumes","Lee\u0027s Waffle","Membership Card","CaptainsWheel","Orrery","Dota2Spire:ArcaneBoots","Eternal Feather"],"campfire_rested":2,"item_purchase_floors":[12,12,19,48,54,54,54],"current_hp_per_floor":[59,58,58,58,46,46,40,40,40,40,31,75,72,72,72,47,68,70,70,70,70,61,61,30,53,53,55,55,57,51,40,65,72,83,80,80,82,84,85,85,59,62,62,54,56,61,61,61,61,47,37,88,88,94,51,13],"gold":215,"neow_bonus":"BOSS_RELIC","is_daily":false,"chose_seed":false,"campfire_upgraded":6,"win_rate":0.0,"timestamp":1610366651,"path_taken":["M","M","M","?","?","R","E","R","T","R","E","?","E","?","R","BOSS","M","$","?","M","M","R","M","R","T","E","?","?","M","M","R","BOSS","M","?","M","M","?","R","?","E","T","E","M","M","?","$","R","BOSS","BOSS","R","$","E","BOSS"],"items_purchased_type":["Card","Relic","Relic","Relic","Relic","Relic","Relic"],"build_version":"2020-12-22","purchased_purges":4,"victory":true,"max_hp_per_floor":[66,66,66,66,66,66,66,66,66,66,68,75,75,75,75,75,75,77,77,77,77,79,79,79,79,79,81,81,83,83,85,85,87,87,89,89,91,93,95,95,97,99,99,101,103,105,105,105,105,105,105,105,105,111,113,113],"card_choices":[{"not_picked":["Deflect","Blur"],"picked":"Poisoned Stab","floor":1.0},{"not_picked":["Dagger Spray","Endless Agony"],"picked":"Masterful Stab","floor":2.0},{"not_picked":["Bouncing Flask","Slice"],"picked":"Blade Dance","floor":3.0},{"not_picked":["Concentrate","Poisoned Stab"],"picked":"PiercingWail","floor":5.0},{"not_picked":["Poisoned Stab","Acrobatics"],"picked":"Reflex","floor":7.0},{"not_picked":["Flechettes","Flying Knee","Endless Agony"],"picked":"Singing Bowl","floor":11.0},{"not_picked":["Masterful Stab","Finisher"],"picked":"Malaise","floor":13.0},{"not_picked":["Night Terror","Glass Knife"],"picked":"A Thousand Cuts","floor":16.0},{"not_picked":["Caltrops","Expertise+1","Backstab"],"picked":"Singing Bowl","floor":18.0},{"not_picked":["Cloak And Dagger","Distraction"],"picked":"Predator","floor":21.0},{"not_picked":["Riddle With Holes","Slice+1","Concentrate"],"picked":"Singing Bowl","floor":22.0},{"not_picked":["Acrobatics","Underhanded Strike+1"],"picked":"Dash","floor":24.0},{"not_picked":["Escape Plan","Bane","Prepared"],"picked":"Singing Bowl","floor":27.0},{"not_picked":["Slice","Eviscerate","Acrobatics"],"picked":"Singing Bowl","floor":29.0},{"not_picked":["Dodge and Roll","Escape Plan"],"picked":"Acrobatics","floor":30.0},{"not_picked":["Sucker Punch","Catalyst","Corpse Explosion"],"picked":"Singing Bowl","floor":31.0},{"not_picked":["Unload","Venomology","Phantasmal Killer"],"picked":"Singing Bowl","floor":33.0},{"not_picked":["Backflip","Quick Slash+1","Blade Dance"],"picked":"Singing Bowl","floor":35.0},{"not_picked":["Flying Knee+1","PiercingWail+1","Dagger Spray+1"],"picked":"Singing Bowl","floor":37.0},{"not_picked":["Dodge and Roll","All Out Attack","Outmaneuver"],"picked":"Singing Bowl","floor":38.0},{"not_picked":["Dodge and Roll","Setup+1","Infinite Blades"],"picked":"Singing Bowl","floor":39.0},{"not_picked":["Dagger Throw","Escape Plan+1","Dash+1"],"picked":"Singing Bowl","floor":41.0},{"not_picked":["Bane+1","Concentrate","Well Laid Plans"],"picked":"Singing Bowl","floor":42},{"not_picked":["Deadly Poison+1","Skewer","Bouncing Flask"],"picked":"Singing Bowl","floor":44},{"not_picked":["Bouncing Flask","Deflect","Unload"],"picked":"Singing Bowl","floor":45},{"not_picked":["PiercingWail+1","Predator","Slice"],"picked":"Singing Bowl","floor":46},{"not_picked":["Poisoned Stab+1","Riddle With Holes+1","Concentrate+1"],"picked":"Singing Bowl","floor":54},{"not_picked":["Bane","Flying Knee+1"],"picked":"Caltrops+1","floor":54},{"not_picked":["Underhanded Strike","Cloak And Dagger","Sucker Punch+1"],"picked":"Singing Bowl","floor":54},{"not_picked":["Sucker Punch","Cloak And Dagger","Phantasmal Killer"],"picked":"Singing Bowl","floor":54},{"not_picked":["Dodge and Roll+1","Deadly Poison+1"],"picked":"Leg Sweep","floor":54},{"not_picked":["Glass Knife","Bane","Skewer"],"picked":"Singing Bowl","floor":55}],"player_experience":2195645,"relics_obtained":[{"floor":0.0,"key":"Dota2Spire:HandOfMidas"},{"floor":0.0,"key":"Dota2Spire:OrchidMalevolence"},{"floor":0.0,"key":"Dota2Spire:AssaultCuirass"},{"floor":7.0,"key":"Pocketwatch"},{"floor":9.0,"key":"Singing Bowl"},{"floor":11.0,"key":"Ninja Scroll"},{"floor":13.0,"key":"Dota2Spire:PowerTreads"},{"floor":27.0,"key":"Meat on the Bone"},{"floor":41.0,"key":"Peace Pipe"},{"floor":42,"key":"Mummified Hand"},{"floor":43,"key":"Shuriken"},{"floor":44,"key":"InkBottle"},{"floor":55,"key":"Pantograph"}],"event_choices":[{"damage_healed":0.0,"max_hp_gain":0.0,"max_hp_loss":0.0,"gold_gain":0.0,"event_name":"The Woman in Blue","player_choice":"Bought 2 Potions","floor":4.0,"gold_loss":0.0,"damage_taken":0.0},{"cards_removed":["Strike_G"],"damage_healed":0.0,"max_hp_gain":0.0,"max_hp_loss":0.0,"gold_gain":0.0,"event_name":"Living Wall","player_choice":"Forget","floor":14.0,"gold_loss":0.0,"damage_taken":0.0},{"damage_healed":0.0,"max_hp_gain":0.0,"max_hp_loss":0.0,"gold_gain":0.0,"event_name":"Back to Basics","player_choice":"Simplicity","floor":20.0,"gold_loss":0.0,"damage_taken":0.0,"cards_upgraded":["Strike_G","Strike_G","Defend_G","Defend_G","Defend_G","Defend_G","Defend_G"]},{"damage_healed":0.0,"max_hp_gain":0.0,"max_hp_loss":0.0,"gold_gain":0.0,"event_name":"Lab","player_choice":"Got Potions","floor":28.0,"gold_loss":0.0,"damage_taken":0.0},{"damage_healed":0.0,"max_hp_gain":0.0,"max_hp_loss":0.0,"gold_gain":0.0,"event_name":"WeMeetAgain","player_choice":"Paid Gold","floor":36.0,"gold_loss":143.0,"damage_taken":0.0,"relics_obtained":["Paper Crane"]},{"damage_healed":0.0,"max_hp_gain":0.0,"max_hp_loss":0.0,"gold_gain":0.0,"event_name":"Mysterious Sphere","player_choice":"Fight","floor":41.0,"gold_loss":0.0,"damage_taken":0.0},{"damage_healed":0,"gold_gain":0,"player_choice":"Ignored","damage_taken":0,"max_hp_gain":0,"max_hp_loss":0,"event_name":"Tomb of Lord Red Mask","floor":47,"gold_loss":0}],"is_beta":false,"boss_relics":[{"not_picked":["Tiny House","SlaversCollar"],"picked":"Snecko Eye"},{"not_picked":["Empty Cage","WristBlade"],"picked":"Sozu"}],"items_purged_floors":[12,19,48,54],"is_endless":false,"potions_floor_spawned":[2,5,16,18,31,33,35,39,44,46],"ascension_level":20}}