{"host":"k7udt7atmcuzf6l0","time":1610388131,"event":{"mods":["AchievementEnabler","BaseMod","Colored Map","Colored Powertips","Highlight Path","Minty Spire (QoL Compilation)","Quick Restart","Rare Cards Sparkle","StSLib","UnlockEverythingMod"],"gold_per_floor":[119,131,104,104,118,118,133,149,174,174,187,187,243,259,259,259,259],"floor_reached":16,"playtime":397,"items_purged":[],"score":94,"play_id":"6ce7b89b-c8ec-4147-b76a-e43212863711","local_time":"20210112020211","is_ascension_mode":false,"campfire_choices":[{"data":"Armaments","floor":6,"key":"SMITH"},{"data":"Whirlwind","floor":10,"key":"SMITH"},{"data":"Cleave","floor":12,"key":"SMITH"},{"data":"Pommel Strike","floor":15,"key":"SMITH"}],"circlet_count":0,"master_deck":["Strike_R","Strike_R","Strike_R","Strike_R","Strike_R","Defend_R","Defend_R","Defend_R","Defend_R","Bash","Cleave+1","Twin Strike","Armaments+1","Thunderclap","Whirlwind+1","Sword Boomerang","Pommel Strike+1"],"relics":["Burning Blood","NeowsBlessing","Akabeko","Ancient Tea Set"],"acts_visited":["Exordium"],"potions_floor_usage":[7,8,13,16],"damage_taken":[{"damage":0,"enemies":"Small Slimes","floor":1,"turns":1},{"damage":0,"enemies":"2 Louse","floor":2,"turns":1},{"damage":0,"enemies":"Cultist","floor":5,"turns":1},{"damage":8,"enemies":"Red Slaver","floor":7,"turns":2},{"damage":19,"enemies":"Large Slime","floor":8,"turns":4},{"damage":10,"enemies":"Looter","floor":11,"turns":2},{"damage":16,"enemies":"Gremlin Nob","floor":13,"turns":3},{"damage":0,"enemies":"Exordium Wildlife","floor":14,"turns":1},{"damage":89,"enemies":"Hexaghost","floor":16,"turns":11}],"seed_played":"7978731278541384845","potions_obtained":[{"floor":1,"key":"ColorlessPotion"},{"floor":2,"key":"Fire Potion"},{"floor":7,"key":"Regen Potion"},{"floor":13,"key":"BloodPotion"}],"is_trial":false,"path_per_floor":["M","M","$","?","M","R","M","M","T","R","M","R","?","M","R","B"],"character_chosen":"IRONCLAD","items_purchased":["Armaments"],"campfire_rested":0,"item_purchase_floors":[3],"current_hp_per_floor":[80,80,80,85,85,85,83,79,79,79,75,75,65,71,71,0,0],"gold":259,"neow_bonus":"THREE_ENEMY_KILL","is_daily":false,"chose_seed":false,"campfire_upgraded":4,"win_rate":0.0,"timestamp":1610388131,"path_taken":["M","M","$","?","M","R","M","M","T","R","M","R","?","M","R","BOSS"],"items_purchased_type":["Card"],"build_version":"2020-12-22","purchased_purges":0,"victory":false,"max_hp_per_floor":[80,80,80,85,85,85,85,85,85,85,85,85,85,85,85,85,85],"card_choices":[{"not_picked":["Clothesline","Anger"],"picked":"Cleave","floor":1},{"not_picked":["Anger","Warcry"],"picked":"Twin Strike","floor":2},{"not_picked":["Reckless Charge","Armaments"],"picked":"Thunderclap","floor":5},{"not_picked":["Sword Boomerang","Clothesline"],"picked":"Whirlwind","floor":7},{"not_picked":["Anger","Feel No Pain","Clothesline"],"picked":"SKIP","floor":8},{"not_picked":["Reckless Charge","Feel No Pain"],"picked":"Sword Boomerang","floor":11},{"not_picked":["Havoc","Clothesline"],"picked":"Pommel Strike","floor":13},{"not_picked":["Fiend Fire","True Grit","Evolve"],"picked":"SKIP","floor":14}],"player_experience":55372,"relics_obtained":[{"floor":9,"key":"Akabeko"},{"floor":13,"key":"Ancient Tea Set"}],"event_choices":[{"damage_healed":0,"gold_gain":0,"player_choice":"Donut","damage_taken":0,"max_hp_gain":5,"max_hp_loss":0,"event_name":"Big Fish","floor":4,"gold_loss":0},{"damage_healed":0,"gold_gain":0,"player_choice":"Searched \u00272\u0027 times","damage_taken":0,"max_hp_gain":0,"max_hp_loss":0,"event_name":"Dead Adventurer","floor":13,"gold_loss":0}],"is_beta":false,"boss_relics":[],"items_purged_floors":[],"is_endless":false,"potions_floor_spawned":[1,2,7,13],"killed_by":"Hexaghost","ascension_level":0}}