{"host":"w3q5ijqu8eoknil3","time":1610402368,"event":{"mods":["AchievementEnabler","BaseMod","Block Reminder","Colored Powertips","Curses Come First","Minty Spire (QoL Compilation)","Quick Restart","Relic Stats","StSLib","ojb\u0027s Better Paths Mod","ojb\u0027s Info Mod","slay the spire mod where everything is the same but ironclad has a cowboy hat"],"gold_per_floor":[112,112,187,19,39,54,54,87,87,87,87,87],"floor_reached":11,"playtime":236,"items_purged":[],"score":135,"play_id":"73c40b95-d686-4d07-b5e0-56e29d39a3c1","local_time":"20210111215928","is_ascension_mode":true,"campfire_choices":[{"data":"Noxious Fumes","floor":10,"key":"SMITH"}],"circlet_count":0,"master_deck":["AscendersBane","Strike_G","Strike_G","Strike_G","Strike_G","Defend_G","Defend_G","Defend_G","Defend_G","Defend_G","Survivor","Neutralize","Deadly Poison","Envenom","Noxious Fumes+1","PiercingWail","Dagger Throw"],"relics":["Ring of the Snake","NeowsBlessing","Chemical X","Question Card","MealTicket"],"acts_visited":["Exordium"],"potions_floor_usage":[8],"damage_taken":[{"damage":0,"enemies":"2 Louse","floor":1,"turns":1},{"damage":0,"enemies":"Jaw Worm","floor":5,"turns":1},{"damage":0,"enemies":"Cultist","floor":6,"turns":1},{"damage":35,"enemies":"3 Sentries","floor":8,"turns":10},{"damage":30,"enemies":"Gremlin Nob","floor":11,"turns":3}],"seed_played":"-4963336001949293285","potions_obtained":[{"floor":6,"key":"Regen Potion"}],"is_trial":false,"path_per_floor":["M","?","?","$","M","M","?","E","T","R","E"],"character_chosen":"THE_SILENT","items_purchased":["Chemical X"],"campfire_rested":0,"item_purchase_floors":[4],"current_hp_per_floor":[59,59,48,48,48,48,48,28,28,28,0,0],"gold":87,"neow_bonus":"THREE_ENEMY_KILL","is_daily":false,"chose_seed":false,"campfire_upgraded":1,"win_rate":0.0,"timestamp":1610402368,"path_taken":["M","?","?","?","?","M","?","E","T","R","E"],"items_purchased_type":["Relic"],"build_version":"2020-12-22","purchased_purges":0,"victory":false,"max_hp_per_floor":[66,66,66,66,66,66,66,66,66,66,66,66],"relic_stats":{"counters":[5,16],"MealTicket":0,"Chemical X":[1],"Question Card":0,"obtain_stats":[{"NeowsBlessing":0,"MealTicket":9,"Chemical X":4,"Question Card":8,"Ring of the Snake":0},{"NeowsBlessing":0,"MealTicket":4,"Chemical X":1,"Question Card":4,"Ring of the Snake":0},{"NeowsBlessing":0,"MealTicket":13,"Chemical X":1,"Question Card":13,"Ring of the Snake":0}],"Ring of the Snake":[10]},"card_choices":[{"not_picked":["Quick Slash","Distraction"],"picked":"Deadly Poison","floor":1},{"not_picked":["Endless Agony","Masterful Stab"],"picked":"Noxious Fumes","floor":5},{"not_picked":["Bane","Backflip"],"picked":"PiercingWail","floor":6},{"not_picked":["Distraction","Caltrops"],"picked":"Dagger Throw","floor":8}],"player_experience":962191,"relics_obtained":[{"floor":8,"key":"Question Card"},{"floor":9,"key":"MealTicket"}],"event_choices":[{"damage_healed":0,"gold_gain":0,"cards_transformed":["Strike_G"],"player_choice":"Change","damage_taken":0,"max_hp_gain":0,"max_hp_loss":0,"event_name":"Living Wall","floor":2,"gold_loss":0,"cards_obtained":["Envenom"]},{"damage_healed":0,"gold_gain":75,"player_choice":"Gather Gold","damage_taken":11,"max_hp_gain":0,"max_hp_loss":0,"event_name":"World of Goop","floor":3,"gold_loss":0},{"damage_healed":0,"gold_gain":0,"player_choice":"Ignored","damage_taken":0,"max_hp_gain":0,"max_hp_loss":0,"event_name":"Liars Game","floor":7,"gold_loss":0}],"is_beta":false,"boss_relics":[],"items_purged_floors":[],"is_endless":false,"potions_floor_spawned":[6],"killed_by":"Gremlin Nob","ascension_level":18}}