{"host":"2htowdb5wria0zm7","time":1610393045,"event":{"mods":["BaseMod","Better Third Choice","BetterRewards","Googly Eyes","Hyrulean Relics","Minty Spire (QoL Compilation)","StSLib"],"gold_per_floor":[110,164,164,177,177,208,224,255,255,275,275,275,306,325,325,427,427,410,436,448,448,363,363,363,363],"floor_reached":24,"playtime":1140,"items_purged":[],"score":339,"play_id":"9ffb0c77-21d3-4500-b6ac-aaad2eb0bf39","local_time":"20210111142405","is_ascension_mode":false,"campfire_choices":[{"floor":11.0,"key":"REST"},{"floor":15.0,"key":"REST"},{"floor":23.0,"key":"REST"}],"circlet_count":0,"master_deck":["Strike_B","Strike_B","Strike_B","Strike_B","Defend_B","Defend_B","Defend_B","Defend_B","Zap","Dualcast","Capacitor","Doom and Gloom","Genetic Algorithm","Compile Driver","Deep Breath","Steam","Redo","Biased Cognition","BootSequence","Loop","Regret","Lockon","Rebound","Thunder Strike","Streamline","Turbo"],"relics":["Cracked Core","PreservedInsect","Boot","Darkstone Periapt","Dead Branch","The Courier","MealTicket","Smiling Mask","Inserter","Red Mask","Omamori"],"acts_visited":["Exordium","TheCity"],"potions_floor_usage":[],"damage_taken":[{"damage":1.0,"enemies":"Cultist","floor":1.0,"turns":4.0},{"damage":5.0,"enemies":"Small Slimes","floor":4.0,"turns":3.0},{"damage":0.0,"enemies":"3 Sentries","floor":6.0,"turns":1.0},{"damage":13.0,"enemies":"2 Louse","floor":7.0,"turns":3.0},{"damage":13.0,"enemies":"Lagavulin","floor":8.0,"turns":6.0},{"damage":0.0,"enemies":"Exordium Thugs","floor":10.0,"turns":2.0},{"damage":15.0,"enemies":"3 Sentries","floor":13.0,"turns":6.0},{"damage":11.0,"enemies":"2 Fungi Beasts","floor":14.0,"turns":4.0},{"damage":41.0,"enemies":"Hexaghost","floor":16.0,"turns":9.0},{"damage":22.0,"enemies":"2 Thieves","floor":18.0,"turns":4.0},{"damage":57.0,"enemies":"Masked Bandits","floor":19.0,"turns":5.0},{"damage":15.0,"enemies":"3 Byrds","floor":20.0,"turns":6.0},{"damage":40,"enemies":"Shelled Parasite and Fungi","floor":24,"turns":3}],"seed_played":"1468799252765362129","potions_obtained":[{"floor":5.0,"key":"EssenceOfSteel"},{"floor":5.0,"key":"AttackPotion"},{"floor":5.0,"key":"Ancient Potion"},{"floor":6.0,"key":"Block Potion"},{"floor":10.0,"key":"Strength Potion"},{"floor":13.0,"key":"GamblersBrew"},{"floor":14.0,"key":"Fruit Juice"},{"floor":19.0,"key":"Regen Potion"}],"is_trial":false,"path_per_floor":["M","?","?","M","?","E","M","E","T","M","R","?","E","M","R","B",null,"M","?","M","?","?","R","M"],"character_chosen":"DEFECT","items_purchased":["PreservedInsect","Boot","Capacitor","Doom and Gloom"],"campfire_rested":3,"item_purchase_floors":[0,0,0,0],"current_hp_per_floor":[58,58,58,53,53,53,40,27,27,27,49,55,40,34,59,18,86,64,7,7,7,7,32,0,0],"gold":363,"neow_bonus":"","is_daily":false,"chose_seed":false,"campfire_upgraded":0,"win_rate":0.0,"timestamp":1610393045,"path_taken":["M","?","?","M","?","E","?","E","T","M","R","?","E","M","R","BOSS","M","?","M","?","?","R","M"],"items_purchased_type":["Relic","Relic","Card","Card"],"build_version":"2020-12-22","purchased_purges":0,"victory":false,"max_hp_per_floor":[75,75,75,75,75,75,75,75,75,75,75,81,81,86,86,86,86,86,86,86,86,86,86,86,86],"card_choices":[{"not_picked":["Gash","FTL"],"picked":"Steam","floor":1.0},{"not_picked":["Melter","Leap"],"picked":"Redo","floor":4.0},{"not_picked":["Cold Snap","Coolheaded"],"picked":"Biased Cognition","floor":6.0},{"not_picked":["Tempest","Auto Shields"],"picked":"BootSequence","floor":7.0},{"not_picked":["White Noise","Coolheaded"],"picked":"Loop","floor":8.0},{"not_picked":["Cold Snap","Hologram","Fusion"],"picked":"SKIP","floor":10.0},{"not_picked":["Stack","FTL"],"picked":"Lockon","floor":13.0},{"not_picked":["Stack","Beam Cell"],"picked":"Rebound","floor":14.0},{"not_picked":["Reboot","Amplify"],"picked":"Thunder Strike","floor":16.0},{"not_picked":["Gash","Steam","Beam Cell"],"picked":"SKIP","floor":18.0},{"not_picked":["Gash+1","Stack"],"picked":"Streamline","floor":19.0},{"not_picked":["Scrape+1","Chill+1"],"picked":"Turbo","floor":20.0}],"player_experience":495615,"relics_obtained":[{"floor":6.0,"key":"Darkstone Periapt"},{"floor":8.0,"key":"Dead Branch"},{"floor":9.0,"key":"The Courier"},{"floor":13.0,"key":"Smiling Mask"},{"floor":19.0,"key":"Red Mask"}],"event_choices":[{"damage_healed":0.0,"max_hp_gain":0.0,"max_hp_loss":0.0,"gold_gain":54.0,"event_name":"Golden Wing","player_choice":"Gained Gold","floor":2.0,"gold_loss":0.0,"damage_taken":0.0},{"damage_healed":0.0,"max_hp_gain":0.0,"max_hp_loss":0.0,"gold_gain":0.0,"event_name":"The Cleric","player_choice":"Leave","floor":3.0,"gold_loss":0.0,"damage_taken":0.0},{"damage_healed":0.0,"max_hp_gain":0.0,"max_hp_loss":0.0,"gold_gain":0.0,"event_name":"Lab","player_choice":"Got Potions","floor":5.0,"gold_loss":0.0,"damage_taken":0.0},{"damage_healed":0.0,"max_hp_gain":0.0,"max_hp_loss":0.0,"gold_gain":0.0,"event_name":"Big Fish","player_choice":"Box","floor":12.0,"gold_loss":0.0,"damage_taken":0.0,"relics_obtained":["MealTicket"],"cards_obtained":["Regret"]},{"damage_healed":0.0,"max_hp_gain":0.0,"max_hp_loss":0.0,"gold_gain":0.0,"event_name":"Masked Bandits","player_choice":"Fought Bandits","floor":19.0,"gold_loss":0.0,"damage_taken":0.0},{"damage_healed":0.0,"max_hp_gain":0.0,"max_hp_loss":0.0,"gold_gain":0.0,"event_name":"Ghosts","player_choice":"Ignored","floor":21.0,"gold_loss":0.0,"damage_taken":0.0},{"damage_healed":0.0,"max_hp_gain":0.0,"max_hp_loss":0.0,"gold_gain":0.0,"event_name":"Addict","player_choice":"Obtained Relic","floor":22.0,"gold_loss":85.0,"damage_taken":0.0,"relics_obtained":["Omamori"]}],"is_beta":false,"boss_relics":[{"not_picked":["Runic Pyramid","Empty Cage"],"picked":"Inserter"}],"items_purged_floors":[],"is_endless":false,"potions_floor_spawned":[6,10,13,14,19],"killed_by":"Shelled Parasite and Fungi","ascension_level":0}}