{"host":"mhk64yc8b8cafbgt","time":1610374526,"event":{"mods":["ATMod(阿瑾Mod)","Act Like it!","BaseMod","BetterRewards","CapriCore","Energized Spire","Friendly Minions","GifTheSpireLib","Gold Saver","Marked Mod","Minty Spire (QoL Compilation)","MostiFishMod","Quick Restart","READ ME - Guardian Mod","Robot Space Explorer","RumiaBox-露米娅的神秘盒子","Ryuuou龙王","Shop Mod","Spicy Shops","StSLib","TestMod","The Blackbeard","The Dragon Tamer","Uncapped","[IsaacMod]以撒尖塔","noobMod","vexMod","【功能Mod】混沌之环修复补丁","【遗物卡牌】REMEMod","残留之物"],"gold_per_floor":[343,353,353,366,383,412,32,67,67,85,85,310,321,338,338,437,437,451,480,530,135,135,135,170,188,238,268,268,288,11,24,24,123,123,133,355,355,370,386,413,423,453,479,479,266,288,313,37,37,97,97,97,53,101,490],"floor_reached":56,"playtime":3644,"items_purged":["blackbeard:BlackbeardStrike","blackbeard:BlackbeardStrike","blackbeard:BlackbeardStrike","blackbeard:BlackbeardStrike","Parasite","blackbeard:PowderKeg"],"score":1584,"play_id":"208f99ca-9989-4fc9-b70c-a555d4d14232","local_time":"20210111221526","is_ascension_mode":false,"campfire_choices":[{"floor":11,"key":"RECALL"},{"data":"testmod-DisillusionmentEcho","floor":15,"key":"SMITH"},{"data":"blackbeard:BrownPants","floor":23,"key":"SMITH"},{"data":"blackbeard:BlindAttacks","floor":28,"key":"SMITH"},{"data":"blackbeard:Dagger","floor":32,"key":"SMITH"},{"data":"blackbeard:Upgrade","floor":44,"key":"SMITH"},{"data":"blackbeard:TheDrunkenSailor","floor":49,"key":"SMITH"},{"data":"blackbeard:Salvager","floor":52,"key":"SMITH"}],"circlet_count":0,"master_deck":["blackbeard:IntimidatingStrike","blackbeard:BlackbeardDefend+1","blackbeard:BlackbeardDefend","blackbeard:BlackbeardDefend","blackbeard:BlackbeardDefend+1","blackbeard:Cutlass","testmod-DisillusionmentEcho+1","blackbeard:PirateHook","blackbeard:PowderKeg","blackbeard:ArmorUp","blackbeard:BrownPants+1","blackbeard:Salvager+1","blackbeard:Provisioning+1","blackbeard:RemoveScurvy+1","blackbeard:Sword","blackbeard:Anchor","blackbeard:RearmingStrike+1","blackbeard:BlindAttacks+1","blackbeard:Dagger+1","blackbeard:TheDrunkenSailor+1","blackbeard:Parrot","blackbeard:Upgrade+1","Madness","Madness","blackbeard:SwordDance+1","blackbeard:WeaponProficiency"],"relics":["blackbeard:LoadTheCannons","REME_ComplimentaryCards","DaveBox","testmod-TestBox","HushsDoor","KeepersGift","ice","AT_ATBox","NeowsBlessing","TungstenRod","MerchantsRug","AT_RedNoBalance","Bottled Tornado","GreenFoldingFan","Red Mask","AT_EbonyIvory","TheBible","testmod-LifeArmor","Anchor","AT_SeraphEmbrace","Blood Vial","OriginationStaff","Membership Card","SSSystem","HaiYi:Twilight","Lantern","blackbeard:Spearhead","Strawberry","testmod-Acrobat","Chemical X","testmod-EqualTreatment","OrangePellets","Boot","vexMod:MemoryStick"],"acts_visited":["Exordium","TheCity","TheBeyond","TheEnding"],"potions_floor_usage":[6,8,13,16,19,19,19,19,19,19,20,20,24,24,24,24,24,24,24,24,24,27,27,27,27,31,31,31,33,33,33,33,33,33,38,38,39,39,39,39,39,39,40,40,42,47,47,50,50,50,50,50,50,50,50,50,50,54,54,55,55,55,55,55,55,55,55,55,55,55],"damage_taken":[{"damage":0,"enemies":"2 Louse","floor":1,"turns":1},{"damage":0,"enemies":"Cultist","floor":2,"turns":1},{"damage":0,"enemies":"Jaw Worm","floor":4,"turns":1},{"damage":16,"enemies":"Large Slime","floor":5,"turns":5},{"damage":19,"enemies":"3 Sentries","floor":6,"turns":7},{"damage":7,"enemies":"Gremlin Nob","floor":8,"turns":3},{"damage":11,"enemies":"3 Louse","floor":10,"turns":2},{"damage":13,"enemies":"Exordium Thugs","floor":13,"turns":5},{"damage":12,"enemies":"Red Slaver","floor":14,"turns":2},{"damage":4,"enemies":"Hexaghost","floor":16,"turns":7},{"damage":5,"enemies":"Spheric Guardian","floor":18,"turns":5},{"damage":25,"enemies":"Masked Bandits","floor":19,"turns":4},{"damage":14,"enemies":"Hiden Room Battle","floor":20,"turns":5},{"damage":7,"enemies":"Gremlin Leader","floor":24,"turns":5},{"damage":5,"enemies":"3 Byrds","floor":25,"turns":5},{"damage":6,"enemies":"Book of Stabbing","floor":27,"turns":3},{"damage":4,"enemies":"Snecko","floor":29,"turns":4},{"damage":5,"enemies":"Cultist and Chosen","floor":31,"turns":5},{"damage":7,"enemies":"Champ","floor":33,"turns":7},{"damage":2,"enemies":"Orb Walker","floor":35,"turns":2},{"damage":1,"enemies":"3 Shapes","floor":38,"turns":1},{"damage":7,"enemies":"Writhing Mass","floor":39,"turns":7},{"damage":86,"enemies":"Reptomancer","floor":40,"turns":11},{"damage":10,"enemies":"Spire Growth","floor":41,"turns":5},{"damage":6,"enemies":"Giant Head","floor":42,"turns":6},{"damage":7,"enemies":"Sphere and 2 Shapes","floor":46,"turns":5},{"damage":10,"enemies":"Writhing Mass","floor":47,"turns":4},{"damage":7,"enemies":"Awakened One","floor":50,"turns":7},{"damage":6,"enemies":"Shield and Spear","floor":54,"turns":5},{"damage":8,"enemies":"The Heart","floor":55,"turns":8}],"seed_played":"8057949768213783385","potions_obtained":[{"floor":2,"key":"SkillPotion"},{"floor":4,"key":"blackbeard:OrangeJuicePotion"},{"floor":5,"key":"DistilledChaos"},{"floor":6,"key":"blackbeard:RumPotion"},{"floor":13,"key":"PowerPotion"},{"floor":16,"key":"Dexterity Potion"},{"floor":29,"key":"Swift Potion"},{"floor":31,"key":"CultistPotion"},{"floor":39,"key":"REME_GoldPotion"},{"floor":40,"key":"Swift Potion"},{"floor":47,"key":"EntropicBrew"}],"is_trial":false,"path_per_floor":["M","M","?","M","M","E","$","E","T","M","R","?","M","M","R","B",null,"M","?","?","$","?","R","E","M","T","E","R","M","$","M","R","B",null,"M","?","?","M","M","E","M","E","T","R","$","M","M","$","R","B",null,"R","$","E","B",null],"character_chosen":"BLACKBEARD_CLASS","items_purchased":["MerchantsRug","AT_SilverBalance","testmod-LifeArmor","blackbeard:Anchor","Membership Card","SSSystem","blackbeard:Parrot","testmod-Acrobat","Chemical X","testmod-EqualTreatment","OrangePellets","Boot","blackbeard:WeaponProficiency"],"campfire_rested":0,"item_purchase_floors":[7,7,21,21,30,30,34,45,45,48,48,48,53],"current_hp_per_floor":[75,75,75,75,59,40,40,30,30,26,26,26,32,25,25,33,75,42,75,33,33,26,26,37,50,50,56,56,64,64,71,71,108,123,124,124,109,120,132,112,146,154,161,161,161,168,168,168,168,173,180,180,180,184,276],"gold":490,"neow_bonus":"THREE_ENEMY_KILL","is_daily":false,"chose_seed":false,"campfire_upgraded":7,"win_rate":0.0,"timestamp":1610374526,"path_taken":["M","M","?","M","M","E","$","E","T","?","R","?","M","M","R","BOSS","M","?","?","$","?","R","E","M","T","E","R","M","?","?","R","BOSS","M","?","?","M","M","E","M","E","T","R","?","M","M","$","R","BOSS","R","$","E","BOSS"],"items_purchased_type":["Relic","Relic","Relic","Card","Relic","Relic","Card","Relic","Relic","Relic","Relic","Relic","Card"],"build_version":"2020-12-22","purchased_purges":6,"victory":true,"max_hp_per_floor":[75,75,75,75,75,75,75,75,75,75,75,75,75,75,75,75,75,75,75,81,81,81,81,93,118,118,121,121,123,123,129,129,132,123,124,124,124,125,132,148,152,154,161,161,161,168,173,170,170,180,180,180,180,189,309],"card_choices":[{"not_picked":["blackbeard:CloakAndCannonball","blackbeard:Recklessness"],"picked":"Bomb","floor":1},{"not_picked":["blackbeard:GoldenGuillotine","blackbeard:GoldenDefense","blackbeard:Sharpening"],"picked":"SKIP","floor":2},{"not_picked":["blackbeard:DelayedPain","blackbeard:WiseDefense"],"picked":"blackbeard:PirateHook","floor":4},{"not_picked":["blackbeard:Spear","blackbeard:PirateStrength"],"picked":"blackbeard:PowderKeg","floor":5},{"not_picked":["blackbeard:GoldenGuillotine","blackbeard:BeatUp"],"picked":"blackbeard:PowderKeg","floor":6},{"not_picked":["blackbeard:DeadlyArsenal","blackbeard:WiseDefense","blackbeard:Scrap"],"picked":"SKIP","floor":8},{"not_picked":["blackbeard:DangerousBlow","blackbeard:TacticalRetreat"],"picked":"Bomb","floor":10},{"not_picked":["blackbeard:Shrapnel","blackbeard:SwordDance"],"picked":"blackbeard:ArmorUp","floor":13},{"not_picked":["blackbeard:GoldenStrike","blackbeard:WiseDefense"],"picked":"blackbeard:BrownPants","floor":14},{"not_picked":["blackbeard:Intoxication","blackbeard:HumongousCannonball"],"picked":"blackbeard:Salvager","floor":16},{"not_picked":["blackbeard:CaptainsCabin","blackbeard:PirateHook+1"],"picked":"blackbeard:Provisioning+1","floor":18},{"not_picked":["blackbeard:SwordDance+1","blackbeard:Sharpening"],"picked":"blackbeard:RemoveScurvy+1","floor":19},{"not_picked":["blackbeard:AgileStrike","blackbeard:PirateHook"],"picked":"blackbeard:Sword","floor":20},{"not_picked":["blackbeard:Shrapnel","blackbeard:PiratesWill"],"picked":"blackbeard:RearmingStrike+1","floor":24},{"not_picked":["blackbeard:Shrapnel+1","blackbeard:GoldenDefense"],"picked":"blackbeard:BlindAttacks","floor":25},{"not_picked":["blackbeard:RearmingStrike","blackbeard:TacticalRetreat","blackbeard:Provisioning"],"picked":"SKIP","floor":27},{"not_picked":["blackbeard:BuriedTreasure","blackbeard:DoubleCannonball","blackbeard:PirateStrength"],"picked":"SKIP","floor":29},{"not_picked":["blackbeard:CannonBarrage","blackbeard:Sharpening"],"picked":"blackbeard:Dagger","floor":31},{"not_picked":["blackbeard:WeaponMastery","blackbeard:CaptainsHat"],"picked":"blackbeard:TheDrunkenSailor","floor":33},{"not_picked":["blackbeard:CaptainsCabin+1","blackbeard:RearmingStrike+1"],"picked":"blackbeard:Upgrade","floor":35},{"not_picked":["blackbeard:GoldenDefense","blackbeard:ArmorUp+1"],"picked":"blackbeard:SwordDance+1","floor":38},{"not_picked":["blackbeard:DoubleBottom","blackbeard:Sword+1","blackbeard:RemoveScurvy"],"picked":"SKIP","floor":39},{"not_picked":["blackbeard:Salvager","blackbeard:CloakAndCannonball+1","blackbeard:Sword+1"],"picked":"SKIP","floor":40},{"not_picked":["blackbeard:Spear","blackbeard:DoubleCannonball+1","blackbeard:RearmingStrike"],"picked":"SKIP","floor":41},{"not_picked":["blackbeard:ChaoticDefense+1","blackbeard:Shrapnel+1","blackbeard:GhostInTheRum"],"picked":"SKIP","floor":42},{"not_picked":["blackbeard:WiseDefense+1","blackbeard:Spear","blackbeard:BuriedTreasure+1"],"picked":"SKIP","floor":46},{"not_picked":["blackbeard:Sword+1","blackbeard:Dagger","blackbeard:GoldenStrike"],"picked":"SKIP","floor":47},{"not_picked":["blackbeard:DeadlyArsenal+1","blackbeard:BlindAttacks+1","blackbeard:GoldenStrike+1"],"picked":"SKIP","floor":54}],"player_experience":256676,"relics_obtained":[{"floor":6,"key":"TungstenRod"},{"floor":8,"key":"Bottled Tornado"},{"floor":19,"key":"Red Mask"},{"floor":20,"key":"AT_EbonyIvory"},{"floor":20,"key":"TheBible"},{"floor":24,"key":"AT_ArchangelStaff"},{"floor":26,"key":"Blood Vial"},{"floor":27,"key":"OriginationStaff"},{"floor":40,"key":"Lantern"},{"floor":42,"key":"blackbeard:Spearhead"},{"floor":43,"key":"Strawberry"},{"floor":54,"key":"vexMod:MemoryStick"}],"event_choices":[{"damage_healed":0,"gold_gain":0,"player_choice":"Swap Relic","damage_taken":0,"relics_obtained":["War Paint"],"max_hp_gain":0,"max_hp_loss":0,"event_name":"给自己的盒子","floor":3,"relics_lost":["War Paint"],"gold_loss":0},{"damage_healed":0,"gold_gain":225,"player_choice":"YARR","damage_taken":0,"relics_obtained":["testmod-DragonStarHat"],"max_hp_gain":0,"max_hp_loss":0,"event_name":"blackbeard:Ssssserpent","floor":12,"gold_loss":0},{"damage_healed":0,"gold_gain":0,"player_choice":"Fought Bandits","damage_taken":0,"max_hp_gain":0,"max_hp_loss":0,"event_name":"Masked Bandits","floor":19,"gold_loss":0},{"damage_healed":0,"gold_gain":0,"player_choice":"Fight","damage_taken":0,"max_hp_gain":0,"max_hp_loss":0,"event_name":"HidenRoomEvent","floor":20,"gold_loss":0},{"damage_healed":0,"gold_gain":0,"player_choice":"Anchor","damage_taken":0,"relics_obtained":["Anchor"],"max_hp_gain":0,"max_hp_loss":0,"event_name":"blackbeard:ShipwreckEvent","floor":22,"gold_loss":0},{"damage_healed":0,"gold_gain":222,"player_choice":"Wore Mask","damage_taken":0,"max_hp_gain":0,"max_hp_loss":0,"event_name":"Tomb of Lord Red Mask","floor":36,"gold_loss":0},{"damage_healed":0,"gold_gain":0,"player_choice":"Embrace Madness","damage_taken":16,"max_hp_gain":0,"max_hp_loss":0,"event_name":"Winding Halls","floor":37,"gold_loss":0,"cards_obtained":["Madness","Madness"]}],"is_beta":false,"boss_relics":[{"not_picked":["REME_DemonsWealth","testmod-Nine"],"picked":"GreenFoldingFan"},{"not_picked":[]},{"not_picked":["vexMod:MysteryBossChallenge","vexMod:BigBerry"],"picked":"HaiYi:Twilight"},{"not_picked":[]}],"items_purged_floors":[21,30,34,45,48,53],"is_endless":false,"potions_floor_spawned":[2,4,5,6,13,16,20,29,31,39,40,47],"ascension_level":0}}