{"host":"hwgw78dblb98i0ci","time":1610375457,"event":{"mods":["Arknights The Spire","BaseMod","Better Note","Better Third Choice","Hubris","Minty Spire (QoL Compilation)","StSLib","The Cursed"],"gold_per_floor":[116,128,78,92,92,124,134,154,154,154,154],"floor_reached":10,"playtime":1507,"items_purged":[],"score":70,"play_id":"833d0417-68a5-44b5-93a5-06764c422f69","local_time":"20210111093057","is_ascension_mode":false,"campfire_choices":[],"circlet_count":0,"master_deck":["ats:Strike C","ats:Strike S","ats:Strike V","ats:Armor Crushing Shot","ats:Defend","ats:Defend","ats:Defend","ats:Defend","ats:Emotion Absorption","ats:Hook Shot","ats:Assault Order","ats:Healing Drone"],"relics":["ats:Sanity","Blue Candle","ats:Originium","hubris:PeanutButter","ats:Military Tradition"],"acts_visited":["Exordium"],"potions_floor_usage":[8],"damage_taken":[{"damage":8.0,"enemies":"2 Louse","floor":1.0,"turns":3.0},{"damage":10.0,"enemies":"Jaw Worm","floor":2.0,"turns":7.0},{"damage":2.0,"enemies":"Cultist","floor":4.0,"turns":6.0},{"damage":25.0,"enemies":"3 Sentries","floor":6.0,"turns":16.0},{"damage":12.0,"enemies":"2 Fungi Beasts","floor":7.0,"turns":6.0},{"damage":11,"enemies":"Gremlin Gang","floor":8,"turns":12},{"damage":38,"enemies":"Lagavulin","floor":10,"turns":8}],"seed_played":"-6986441396327909980","potions_obtained":[{"floor":1.0,"key":"LiquidMemories"},{"floor":2.0,"key":"EntropicBrew"}],"is_trial":false,"path_per_floor":["M","M","?","M","T","E","M","M","T","E"],"character_chosen":"DOCTOR_CLASS","items_purchased":[],"campfire_rested":0,"item_purchase_floors":[],"current_hp_per_floor":[71,61,61,59,59,34,22,11,11,0,0],"gold":154,"neow_bonus":"TEN_PERCENT_HP_BONUS","is_daily":false,"chose_seed":false,"campfire_upgraded":0,"win_rate":0.0,"timestamp":1610375457,"path_taken":["M","M","?","M","?","E","M","?","T","E"],"items_purchased_type":[],"build_version":"2020-12-22","purchased_purges":0,"victory":false,"max_hp_per_floor":[79,79,79,79,79,79,79,79,79,79,79],"card_choices":[{"not_picked":["ats:Guardian Obelisk","ats:Assault Order"],"picked":"ats:Hook Shot","floor":1.0},{"not_picked":["ats:Poison Spread","ats:Apocalypse","ats:Flexible Camouflage"],"picked":"SKIP","floor":2.0},{"not_picked":["ats:Steam Pump","ats:Flame Of Heaven"],"picked":"ats:Assault Order","floor":4.0},{"not_picked":["ats:Curse Doll","ats:Encircling Forest","ats:Counter Healing Mode"],"picked":"SKIP","floor":6.0},{"not_picked":["ats:Poison Spread","ats:Cat Scratch","ats:Hammer On"],"picked":"SKIP","floor":7.0},{"not_picked":["ats:Disruption Kick","ats:Shell Defense"],"picked":"ats:Healing Drone","floor":8}],"player_experience":228563,"relics_obtained":[{"floor":5.0,"key":"Blue Candle"},{"floor":6.0,"key":"ats:Originium"},{"floor":6.0,"key":"hubris:PeanutButter"},{"floor":9,"key":"ats:Military Tradition"}],"event_choices":[{"cards_removed":["ats:Strike G"],"damage_healed":0.0,"max_hp_gain":0.0,"max_hp_loss":0.0,"gold_gain":0.0,"event_name":"The Cleric","player_choice":"Card Removal","floor":3.0,"gold_loss":50.0,"damage_taken":0.0}],"is_beta":false,"boss_relics":[],"items_purged_floors":[],"is_endless":false,"potions_floor_spawned":[1,2],"killed_by":"Lagavulin","ascension_level":0}}