{"host":"d66n7ln59ex8canu","time":1610398069,"event":{"mods":["AchievementEnabler","BaseMod","Colored Map","Minty Spire (QoL Compilation)","Quick Restart","StSLib"],"gold_per_floor":[112,131,131,131,85,85,112,112,159,178,190,190,190,190],"floor_reached":13,"playtime":280,"items_purged":[],"score":100,"play_id":"ee3dee75-0b6e-409e-82f5-d6ef5ff73d51","local_time":"20210111154749","is_ascension_mode":true,"campfire_choices":[{"data":"Poisoned Stab","floor":6,"key":"SMITH"},{"data":"1","floor":8,"key":"LIFT"}],"circlet_count":0,"master_deck":["Strike_G","Strike_G","Strike_G","Strike_G","Strike_G","Defend_G","Defend_G","Defend_G","Defend_G","Survivor","Neutralize","Poisoned Stab+1","Cloak And Dagger","PiercingWail","Accuracy","Dodge and Roll","Poisoned Stab"],"relics":["Ring of the Snake","Lizard Tail","Girya","Tiny Chest"],"acts_visited":["Exordium"],"potions_floor_usage":[7],"damage_taken":[{"damage":0,"enemies":"Jaw Worm","floor":1,"turns":5},{"damage":0,"enemies":"Cultist","floor":2,"turns":4},{"damage":25,"enemies":"Gremlin Nob","floor":7,"turns":4},{"damage":2,"enemies":"2 Louse","floor":10,"turns":3},{"damage":1,"enemies":"Red Slaver","floor":11,"turns":4},{"damage":10,"enemies":"3 Sentries","floor":13,"turns":2}],"seed_played":"-3473646864082522436","potions_obtained":[{"floor":1,"key":"LiquidMemories"},{"floor":2,"key":"Poison Potion"}],"is_trial":false,"path_per_floor":["M","M","?","$","$","R","E","R","T","M","M","?","E"],"character_chosen":"THE_SILENT","items_purchased":["PiercingWail"],"campfire_rested":0,"item_purchase_floors":[5],"current_hp_per_floor":[49,49,49,49,49,49,24,24,24,22,21,21,11,11],"gold":190,"neow_bonus":"ONE_RARE_RELIC","is_daily":false,"chose_seed":false,"campfire_upgraded":1,"win_rate":0.0,"timestamp":1610398069,"path_taken":["M","M","?","?","$","R","E","R","T","M","?","?","E"],"items_purchased_type":["Card"],"build_version":"2020-12-22","purchased_purges":0,"victory":false,"max_hp_per_floor":[70,70,70,70,70,70,70,70,70,70,70,70,70,70],"card_choices":[{"not_picked":["Outmaneuver","Flechettes"],"picked":"Poisoned Stab","floor":1},{"not_picked":["Blade Dance","Setup"],"picked":"Cloak And Dagger","floor":2},{"not_picked":["All Out Attack","Deflect"],"picked":"Accuracy","floor":7},{"not_picked":["Quick Slash","Eviscerate"],"picked":"Dodge and Roll","floor":10},{"not_picked":["Slice","Terror"],"picked":"Poisoned Stab","floor":11}],"player_experience":312379,"relics_obtained":[{"floor":7,"key":"Girya"},{"floor":9,"key":"Tiny Chest"}],"event_choices":[{"cards_removed":["Defend_G"],"damage_healed":0,"gold_gain":0,"player_choice":"Offered Basic","damage_taken":0,"max_hp_gain":0,"max_hp_loss":0,"event_name":"Bonfire Elementals","floor":3,"gold_loss":0},{"damage_healed":0,"gold_gain":0,"player_choice":"Ignored","damage_taken":0,"max_hp_gain":0,"max_hp_loss":0,"event_name":"Golden Wing","floor":12,"gold_loss":0}],"is_beta":false,"boss_relics":[],"items_purged_floors":[],"is_endless":false,"potions_floor_spawned":[1,2],"killed_by":"3 Sentries","ascension_level":4}}