{"host":"7xbu8gt067z192g2","time":1610346444,"event":{"mods":["BaseMod","Better Note","Colored Map","Colored Powertips","Googly Eyes","Highlight Path","Minty Spire (QoL Compilation)","Rare Cards Sparkle","Replay The Spire","StSLib","The Bladedancer","The Cursed","The Hierophant","The Valiant","The Wild Card"],"gold_per_floor":[109,159,159,176,191,218,218,232,311,346,41,58,71,84,84,181,181,198,70,70,81,81,118,130,142,142],"floor_reached":25,"playtime":1052,"items_purged":["Voices","Spreading Infection"],"score":306,"play_id":"79cab6d8-3b5c-4eb8-870b-b65347fa4151","local_time":"20210111012724","is_ascension_mode":true,"campfire_choices":[{"data":"Storm of Steel","floor":7.0,"key":"SMITH"},{"floor":15.0,"key":"DIG"},{"data":"Envenom","floor":24,"key":"SMITH"}],"circlet_count":0,"master_deck":["Strike_G","Strike_G","Strike_G","Strike_G","Strike_G","Defend_G","Defend_G","Defend_G","Defend_G","Defend_G","Survivor","Neutralize","Poisoned Stab+1","Backflip","Storm of Steel+1","Poisoned Stab","Escape Plan","Dagger Throw","Cloak And Dagger","Envenom+1","Atom Bomb","Shame","PiercingWail","Riddle With Holes","Envenom","Finisher+1","Delirium","Backstab+1"],"relics":["Ring of the Snake","NeowsBlessing","ReplayTheSpireMod:Ring of Collecting","Ring of Greed","MealTicket","Smiling Mask","Byrd Skull","ReplayTheSpireMod:Ring of Exchange","Replay:Ringing Soul","Kunai","Ornamental Fan","CaptainsWheel","WristBlade","MawBank","Divine Protection"],"acts_visited":["Exordium","TheCity"],"potions_floor_usage":[],"damage_taken":[{"damage":0.0,"enemies":"Jaw Worm","floor":1.0,"turns":1.0},{"damage":0.0,"enemies":"Small Slimes","floor":4.0,"turns":1.0},{"damage":0.0,"enemies":"Cultist","floor":5.0,"turns":1.0},{"damage":14.0,"enemies":"3 Sentries","floor":6.0,"turns":8.0},{"damage":18.0,"enemies":"Lots of Slimes","floor":8.0,"turns":3.0},{"damage":28.0,"enemies":"Lagavulin","floor":10.0,"turns":6.0},{"damage":2.0,"enemies":"3 Louse","floor":12.0,"turns":3.0},{"damage":6.0,"enemies":"Red Slaver","floor":13.0,"turns":2.0},{"damage":0.0,"enemies":"2 Fungi Beasts","floor":14.0,"turns":3.0},{"damage":23.0,"enemies":"The Guardian","floor":16.0,"turns":11.0},{"damage":16,"enemies":"2 Thieves","floor":18,"turns":4},{"damage":4,"enemies":"Chosen","floor":21,"turns":3},{"damage":59,"enemies":"Book of Stabbing","floor":23,"turns":8},{"damage":45,"enemies":"Gremlin Leader","floor":25,"turns":5}],"seed_played":"5251308905929603059","potions_obtained":[{"floor":1.0,"key":"ColorlessPotion"},{"floor":4.0,"key":"LifebloodPotion"},{"floor":8.0,"key":"SteroidPotion"},{"floor":14.0,"key":"Languid Potion"},{"floor":16.0,"key":"EssenceOfSteel"},{"floor":18,"key":"Elixir"}],"is_trial":false,"path_per_floor":["M","?","?","M","M","E","R","M","T","E","$","M","M","M","R_BF","B",null,"M","$","?","M","?","E","R","E"],"character_chosen":"THE_SILENT","items_purchased":["Ornamental Fan","Riddle With Holes"],"campfire_rested":0,"item_purchase_floors":[11,19],"current_hp_per_floor":[70,70,70,70,70,56,56,38,38,13,28,29,26,29,29,9,85,72,90,93,92,92,36,36,0,0],"gold":142,"neow_bonus":"THREE_ENEMY_KILL","is_daily":false,"chose_seed":false,"campfire_upgraded":2,"win_rate":0.0,"timestamp":1610346444,"path_taken":["M","?","?","M","?","E","R","M","T","E","$","M","M","?","R_BF","BOSS","M","$","?","?","?","E","R","E"],"items_purchased_type":["Relic","Card"],"build_version":"2020-12-22","purchased_purges":2,"victory":false,"max_hp_per_floor":[70,70,70,70,70,70,70,70,70,73,73,76,79,82,82,85,85,88,91,94,97,97,100,100,100,100],"card_choices":[{"not_picked":["ReplayTheSpireMod:The Works","Quick Slash"],"picked":"Poisoned Stab","floor":1.0},{"not_picked":["Outmaneuver","Hidden Blade"],"picked":"Backflip","floor":4.0},{"not_picked":["Underhanded Strike","Deflect"],"picked":"Storm of Steel","floor":5.0},{"not_picked":["Outmaneuver","Masterful Stab","Backstab"],"picked":"SKIP","floor":6.0},{"not_picked":["Underhanded Strike","ReplayTheSpireMod:The Works"],"picked":"Poisoned Stab","floor":8.0},{"not_picked":["Underhanded Strike","Deflect"],"picked":"Escape Plan","floor":10.0},{"not_picked":["Footwork","All Out Attack"],"picked":"Dagger Throw","floor":12.0},{"not_picked":["Prepared","Reflex"],"picked":"Cloak And Dagger","floor":13.0},{"not_picked":["Choke","Quick Slash"],"picked":"Envenom","floor":14.0},{"not_picked":["Malaise","Tools of the Trade"],"picked":"Atom Bomb","floor":16.0},{"not_picked":["Slice+1","Predator"],"picked":"PiercingWail","floor":18},{"not_picked":["Prepared","Bane"],"picked":"Finisher+1","floor":21},{"not_picked":["Predator+1","ReplayTheSpireMod:Speed Training+1"],"picked":"Backstab+1","floor":23}],"player_experience":184780,"relics_obtained":[{"floor":2.0,"key":"ReplayTheSpireMod:Ring of Collecting"},{"floor":2.0,"key":"Ring of Greed"},{"floor":2.0,"key":"MealTicket"},{"floor":2.0,"key":"Smiling Mask"},{"floor":6.0,"key":"Byrd Skull"},{"floor":9.0,"key":"ReplayTheSpireMod:Ring of Exchange"},{"floor":9.0,"key":"Replay:Ringing Soul"},{"floor":10.0,"key":"Kunai"},{"floor":15.0,"key":"CaptainsWheel"},{"floor":23,"key":"Divine Protection"}],"event_choices":[{"damage_healed":0.0,"max_hp_gain":0.0,"max_hp_loss":0.0,"gold_gain":0.0,"event_name":"Upgrade Shrine","player_choice":"Upgraded","floor":3.0,"gold_loss":0.0,"damage_taken":0.0,"cards_upgraded":["Poisoned Stab"]},{"damage_healed":0,"gold_gain":0,"player_choice":"Copied","damage_taken":0,"max_hp_gain":0,"max_hp_loss":0,"event_name":"Duplicator","floor":20,"gold_loss":0,"cards_obtained":["Envenom"]}],"is_beta":false,"boss_relics":[{"not_picked":["Runic Pyramid","Snecko Scales"],"picked":"WristBlade"}],"items_purged_floors":[11,19],"is_endless":false,"potions_floor_spawned":[1,4,8,14,16,18,21],"killed_by":"Gremlin Leader","ascension_level":2}}