{"host":"pgqkv8mh62pnrbci","time":1610374962,"event":{"mods":["2.2 Compatiblity","AchievementEnabler","BaseMod","Custom Start","DeckTracker","Minty Spire (QoL Compilation)","Railgun Mod","StSLib","SuperFastMode","¡¼?Úª?ø«¡½REMEMod"],"gold_per_floor":[113,132,142,153,164,164,174,174,174,199,210,210,223,236,236,336,336,356,356,271,200,211,239,239,266,291,30,47,60,70,88,88,187,187,202,213,213,263,263,263],"floor_reached":39,"playtime":1989,"items_purged":[],"score":605,"play_id":"f16f9b32-1422-4bc4-896e-5328c902f1ec","local_time":"20210111232242","is_ascension_mode":true,"campfire_choices":[{"data":"TheRailgun:Overload","floor":6.0,"key":"SMITH"},{"data":"TheRailgun:Heroinism","floor":15.0,"key":"SMITH"},{"floor":24.0,"key":"RECALL"},{"floor":32.0,"key":"REST"}],"circlet_count":0,"master_deck":["TheRailgun:Strike","TheRailgun:Strike","TheRailgun:Strike","TheRailgun:Strike","TheRailgun:Defend","TheRailgun:Defend","TheRailgun:Defend","TheRailgun:Defend","TheRailgun:Discharge","TheRailgun:Static","TheRailgun:Zip","REME_WorshipGod","TheRailgun:Negative_Field","TheRailgun:Overload+1","TheRailgun:Coin_Flip","TheRailgun:Gekotamania","TheRailgun:Biribiri","TheRailgun:Battery_Pack","TheRailgun:Hypercharge","TheRailgun:Heroinism+1","TheRailgun:Thunder","TheRailgun:Gekotamania","TheRailgun:Taser+1","TheRailgun:Sister_Network","TheRailgun:Positive_Field+1","TheRailgun:Supercharge","TheRailgun:Coin_Flip","TheRailgun:Gekotamania+1","Bandage Up","Dramatic Entrance","Flash of Steel","TheRailgun:Gekota_Phone+1"],"relics":["TheRailgun:CoinRelic","REME_ComplimentaryCards","Orichalcum","Bottled Flame","Regal Pillow","Fusion Hammer","StrikeDummy","Bottled Lightning","Peace Pipe","Toy Ornithopter","Ornamental Fan","Philosopher\u0027s Stone","TungstenRod"],"acts_visited":["Exordium","TheCity","TheBeyond"],"potions_floor_usage":[39],"damage_taken":[{"damage":3.0,"enemies":"2 Louse","floor":1.0,"turns":3.0},{"damage":4.0,"enemies":"Small Slimes","floor":2.0,"turns":2.0},{"damage":0.0,"enemies":"Cultist","floor":3.0,"turns":3.0},{"damage":2.0,"enemies":"2 Fungi Beasts","floor":4.0,"turns":2.0},{"damage":2.0,"enemies":"Exordium Wildlife","floor":5.0,"turns":3.0},{"damage":2.0,"enemies":"Gremlin Gang","floor":7.0,"turns":2.0},{"damage":22.0,"enemies":"3 Sentries","floor":10.0,"turns":4.0},{"damage":10.0,"enemies":"Looter","floor":11.0,"turns":3.0},{"damage":8.0,"enemies":"Exordium Wildlife","floor":13.0,"turns":2.0},{"damage":2.0,"enemies":"Exordium Thugs","floor":14.0,"turns":3.0},{"damage":6.0,"enemies":"Slime Boss","floor":16.0,"turns":4.0},{"damage":8.0,"enemies":"Chosen","floor":18.0,"turns":3.0},{"damage":2.0,"enemies":"Spheric Guardian","floor":22.0,"turns":2.0},{"damage":23.0,"enemies":"REME_1_Revenger","floor":23.0,"turns":4.0},{"damage":27.0,"enemies":"Book of Stabbing","floor":25.0,"turns":4.0},{"damage":2.0,"enemies":"Cultist and Chosen","floor":28.0,"turns":2.0},{"damage":22.0,"enemies":"Snake Plant","floor":29.0,"turns":3.0},{"damage":2.0,"enemies":"Centurion and Healer","floor":30.0,"turns":2.0},{"damage":0.0,"enemies":"Sentry and Sphere","floor":31.0,"turns":2.0},{"damage":18.0,"enemies":"Automaton","floor":33.0,"turns":6.0},{"damage":0.0,"enemies":"3 Darklings","floor":35.0,"turns":1.0},{"damage":0.0,"enemies":"Orb Walker","floor":36.0,"turns":1.0},{"damage":30.0,"enemies":"Mind Bloom Boss Battle","floor":38.0,"turns":4.0},{"damage":71,"enemies":"2 Orb Walkers","floor":39,"turns":3}],"seed_played":"-7149543895356298549","potions_obtained":[{"floor":5.0,"key":"Swift Potion"},{"floor":11.0,"key":"SneckoOil"},{"floor":13.0,"key":"Energy Potion"},{"floor":14.0,"key":"Regen Potion"},{"floor":23.0,"key":"EssenceOfSteel"},{"floor":25.0,"key":"FearPotion"},{"floor":30.0,"key":"Dexterity Potion"},{"floor":31.0,"key":"SteroidPotion"},{"floor":38.0,"key":"Fire Potion"}],"is_trial":false,"path_per_floor":["M","M","M","M","M","R","M","?","T","E","M","?","M","M","R","B",null,"M","?","?","$","M","E","R","E","T","$","M","M","M","M","R","B",null,"M","M","?","?","?"],"character_chosen":"THE_DEFAULT","items_purchased":["Regen Potion","Ornamental Fan"],"campfire_rested":1,"item_purchase_floors":[21,27],"current_hp_per_floor":[67,63,63,61,59,59,57,62,62,40,30,30,22,20,20,26,75,67,67,67,67,65,54,54,27,27,27,25,8,6,11,48,35,75,75,75,65,41,0,0],"gold":263,"neow_bonus":"RANDOM_COMMON_RELIC","is_daily":false,"chose_seed":false,"campfire_upgraded":2,"win_rate":0.0,"timestamp":1610374962,"path_taken":["M","M","M","M","M","R","M","?","T","E","M","?","M","M","R","BOSS","M","?","?","$","M","E","R","E","T","$","M","M","M","M","R","BOSS","M","M","?","?","?"],"items_purchased_type":["Potion","Relic"],"build_version":"2020-12-22","purchased_purges":0,"victory":false,"max_hp_per_floor":[70,70,70,70,70,70,70,75,75,75,75,75,75,75,75,75,75,75,75,75,75,75,75,75,75,75,75,75,75,75,75,75,75,75,75,75,75,75,75,75],"card_choices":[{"not_picked":["TheRailgun:Thunderbolt","TheRailgun:Crackle","TheRailgun:Iron_Dust_Sword"],"picked":"SKIP","floor":1.0},{"not_picked":["TheRailgun:Aerial_Shot","TheRailgun:Hypercharge"],"picked":"TheRailgun:Negative_Field","floor":2.0},{"not_picked":["TheRailgun:Heroinism","TheRailgun:Crack"],"picked":"TheRailgun:Overload","floor":3.0},{"not_picked":["TheRailgun:Scatter_Railgun","TheRailgun:Oneesama"],"picked":"TheRailgun:Coin_Flip","floor":4.0},{"not_picked":["TheRailgun:Push","TheRailgun:Thunderbolt"],"picked":"TheRailgun:Gekotamania","floor":5.0},{"not_picked":["TheRailgun:Crackle","TheRailgun:Static","TheRailgun:Push"],"picked":"SKIP","floor":7.0},{"not_picked":["TheRailgun:Discharge","TheRailgun:Positive_Field"],"picked":"TheRailgun:Biribiri","floor":10.0},{"not_picked":["TheRailgun:Taser","TheRailgun:Recharge"],"picked":"TheRailgun:Battery_Pack","floor":11.0},{"not_picked":["TheRailgun:Iron_Dust_Field","TheRailgun:Thundervolt"],"picked":"TheRailgun:Hypercharge","floor":13.0},{"not_picked":["TheRailgun:Iron_Dust_Shield","TheRailgun:Thundershock"],"picked":"TheRailgun:Heroinism","floor":14.0},{"not_picked":["TheRailgun:Judgement_Officer","TheRailgun:Circuitous"],"picked":"TheRailgun:Thunder","floor":16.0},{"not_picked":["TheRailgun:Spark","TheRailgun:Crackle","TheRailgun:Token_Collection"],"picked":"SKIP","floor":18.0},{"not_picked":["TheRailgun:Spark","TheRailgun:Magnetic_Flight","TheRailgun:Electrical_Fire"],"picked":"SKIP","floor":22.0},{"not_picked":["TheRailgun:Negative_Field","TheRailgun:Thundershock"],"picked":"TheRailgun:Gekotamania","floor":23.0},{"not_picked":["TheRailgun:Oneesama","TheRailgun:Push"],"picked":"TheRailgun:Taser+1","floor":25.0},{"not_picked":["TheRailgun:Gekotamania","TheRailgun:Stun_Shock"],"picked":"TheRailgun:Sister_Network","floor":28.0},{"not_picked":["TheRailgun:Electrical_Storm","TheRailgun:Iron_Dust_Sword","TheRailgun:Negative_Field"],"picked":"SKIP","floor":29.0},{"not_picked":["TheRailgun:Thundershock","TheRailgun:Hypercharge","TheRailgun:Electrical_Fire"],"picked":"SKIP","floor":30.0},{"not_picked":["TheRailgun:Crack+1","TheRailgun:Discharge"],"picked":"TheRailgun:Positive_Field+1","floor":31.0},{"not_picked":["TheRailgun:Railgun","TheRailgun:Judgement_Officer"],"picked":"TheRailgun:Supercharge","floor":33.0},{"not_picked":["TheRailgun:Lightningbolt+1","TheRailgun:Thundershock"],"picked":"TheRailgun:Coin_Flip","floor":35.0},{"not_picked":["TheRailgun:Electrical_Fire+1","TheRailgun:Electrical_Storm"],"picked":"TheRailgun:Gekotamania+1","floor":36.0},{"not_picked":["Enlightenment","Good Instincts"],"picked":"Bandage Up","floor":37.0},{"not_picked":["Enlightenment","Secret Weapon"],"picked":"Dramatic Entrance","floor":37.0},{"not_picked":["Madness","REME_BodyOfCthun"],"picked":"Flash of Steel","floor":37.0},{"not_picked":["TheRailgun:Biribiri+1","TheRailgun:Magnetic_Movement"],"picked":"TheRailgun:Gekota_Phone+1","floor":38.0}],"player_experience":638858,"relics_obtained":[{"floor":9.0,"key":"Bottled Flame"},{"floor":10.0,"key":"Regal Pillow"},{"floor":23.0,"key":"Bottled Lightning"},{"floor":25.0,"key":"Peace Pipe"},{"floor":26.0,"key":"Toy Ornithopter"},{"floor":38.0,"key":"TungstenRod"}],"event_choices":[{"damage_healed":0.0,"max_hp_gain":5.0,"max_hp_loss":0.0,"gold_gain":0.0,"event_name":"Big Fish","player_choice":"Donut","floor":8.0,"gold_loss":0.0,"damage_taken":0.0},{"damage_healed":0.0,"max_hp_gain":0.0,"max_hp_loss":0.0,"gold_gain":0.0,"event_name":"Liars Game","player_choice":"Ignored","floor":12.0,"gold_loss":0.0,"damage_taken":0.0},{"damage_healed":0.0,"max_hp_gain":0.0,"max_hp_loss":0.0,"gold_gain":0.0,"event_name":"Vampires","player_choice":"Ignored","floor":19.0,"gold_loss":0.0,"damage_taken":0.0},{"damage_healed":0.0,"max_hp_gain":0.0,"max_hp_loss":0.0,"gold_gain":0.0,"event_name":"Addict","player_choice":"Obtained Relic","floor":20.0,"gold_loss":85.0,"damage_taken":0.0,"relics_obtained":["StrikeDummy"]},{"damage_healed":0.0,"max_hp_gain":0.0,"max_hp_loss":0.0,"gold_gain":0.0,"event_name":"SensoryStone","player_choice":"Memory 3","floor":37.0,"gold_loss":0.0,"damage_taken":10.0},{"damage_healed":0.0,"max_hp_gain":0.0,"max_hp_loss":0.0,"gold_gain":0.0,"event_name":"MindBloom","player_choice":"Fight","floor":38.0,"gold_loss":0.0,"damage_taken":0.0},{"damage_healed":0,"gold_gain":0,"player_choice":"Fight","damage_taken":0,"max_hp_gain":0,"max_hp_loss":0,"event_name":"Mysterious Sphere","floor":39,"gold_loss":0}],"is_beta":false,"boss_relics":[{"not_picked":["SacredBark","REME_DemonsWealth"],"picked":"Fusion Hammer"},{"not_picked":["Snecko Eye","Sozu"],"picked":"Philosopher\u0027s Stone"}],"items_purged_floors":[],"is_endless":false,"potions_floor_spawned":[5,11,13,14,23,25,30,31,38],"killed_by":"2 Orb Walkers","ascension_level":4}}