{"host":"dqv8oo4v229c1o2l","time":1610389480,"event":{"mods":["AchievementEnabler","BaseMod","Colored Map","Colored Powertips","Minty Spire (QoL Compilation)","Quick Restart","Rare Cards Sparkle","StSLib","Synergy Search"],"gold_per_floor":[113,127,138,148,73,98,98,63,90,109,142,160,24,24,24,119,119,133,148,162,177,177,177,190,223,223,223,223],"floor_reached":27,"playtime":1292,"items_purged":["Strike_P"],"score":327,"play_id":"ee646d40-b98f-47b8-8f29-3ef75972b2c0","local_time":"20210111102440","is_ascension_mode":true,"campfire_choices":[{"data":"Eruption","floor":7.0,"key":"SMITH"},{"floor":15.0,"key":"REST"},{"floor":23.0,"key":"REST"}],"circlet_count":0,"master_deck":["Strike_P","Strike_P","Strike_P","Defend_P","Defend_P","Defend_P","Defend_P","Eruption+1","Vigilance","FollowUp","FollowUp","Devotion","Brilliance","Impatience","FlurryOfBlows","ReachHeaven","ConjureBlade","FollowUp+1","TalkToTheHand+1","Worship"],"relics":["PureWater","Akabeko","Omamori","Dream Catcher","Black Star","Pocketwatch","Pantograph","Meat on the Bone"],"acts_visited":["Exordium","TheCity"],"potions_floor_usage":[27],"damage_taken":[{"damage":0.0,"enemies":"Jaw Worm","floor":1.0,"turns":3.0},{"damage":0.0,"enemies":"2 Louse","floor":2.0,"turns":2.0},{"damage":0.0,"enemies":"Cultist","floor":3.0,"turns":2.0},{"damage":0.0,"enemies":"Large Slime","floor":4.0,"turns":2.0},{"damage":25.0,"enemies":"Gremlin Nob","floor":6.0,"turns":4.0},{"damage":0.0,"enemies":"2 Fungi Beasts","floor":10.0,"turns":2.0},{"damage":36.0,"enemies":"Lagavulin","floor":11.0,"turns":5.0},{"damage":7.0,"enemies":"Looter","floor":12.0,"turns":3.0},{"damage":0.0,"enemies":"Slime Boss","floor":16.0,"turns":6.0},{"damage":23.0,"enemies":"Shell Parasite","floor":18.0,"turns":3.0},{"damage":1.0,"enemies":"3 Byrds","floor":19.0,"turns":4.0},{"damage":13.0,"enemies":"Cultist and Chosen","floor":20.0,"turns":3.0},{"damage":21.0,"enemies":"Snake Plant","floor":21.0,"turns":4.0},{"damage":9.0,"enemies":"Centurion and Healer","floor":24.0,"turns":3.0},{"damage":32.0,"enemies":"Gremlin Leader","floor":25.0,"turns":6.0},{"damage":11,"enemies":"3 Cultists","floor":27,"turns":3}],"seed_played":"2219641959358607992","potions_obtained":[{"floor":2.0,"key":"BottledMiracle"},{"floor":3.0,"key":"Energy Potion"},{"floor":6.0,"key":"SteroidPotion"},{"floor":10.0,"key":"Fire Potion"},{"floor":19.0,"key":"BottledMiracle"},{"floor":21.0,"key":"LiquidBronze"},{"floor":24.0,"key":"Regen Potion"},{"floor":25.0,"key":"FearPotion"}],"is_trial":false,"path_per_floor":["M","M","M","M","$","E","R","?","T","M","E","M","$","?","R","B",null,"M","M","M","M","$","R","M","E","T","M"],"character_chosen":"WATCHER","items_purchased":["Brilliance"],"campfire_rested":2,"item_purchase_floors":[13],"current_hp_per_floor":[72,72,72,72,72,47,47,65,65,65,29,22,22,22,43,43,72,49,48,35,14,14,35,26,9,9,0,0],"gold":223,"neow_bonus":"RANDOM_COMMON_RELIC","is_daily":false,"chose_seed":false,"campfire_upgraded":1,"win_rate":0.0,"timestamp":1610389480,"path_taken":["M","M","M","M","$","E","R","?","T","M","E","M","$","?","R","BOSS","M","?","M","M","$","R","M","E","T","M"],"items_purchased_type":["Card"],"build_version":"2020-12-22","purchased_purges":1,"victory":false,"max_hp_per_floor":[72,72,72,72,72,72,72,72,72,72,72,72,72,72,72,72,72,72,72,72,72,72,72,72,72,72,72,72],"card_choices":[{"not_picked":["Prostrate","Tantrum"],"picked":"FollowUp","floor":1.0},{"not_picked":["BowlingBash","EmptyFist"],"picked":"FollowUp","floor":2.0},{"not_picked":["PathToVictory","EmptyMind","Conclude"],"picked":"SKIP","floor":3.0},{"not_picked":["Tantrum","WheelKick","BowlingBash"],"picked":"SKIP","floor":4.0},{"not_picked":["Vengeance","MentalFortress","EmptyMind"],"picked":"SKIP","floor":6.0},{"not_picked":["ClearTheMind","EmptyBody","PathToVictory"],"picked":"SKIP","floor":10.0},{"not_picked":["Sanctity","SashWhip"],"picked":"Devotion","floor":11.0},{"not_picked":["MentalFortress","PathToVictory","Nirvana"],"picked":"SKIP","floor":12.0},{"not_picked":["PathToVictory","FollowUp"],"picked":"ReachHeaven","floor":15.0},{"not_picked":["Blasphemy","Brilliance"],"picked":"ConjureBlade","floor":16.0},{"not_picked":["DeceiveReality","CutThroughFate"],"picked":"FollowUp+1","floor":18.0},{"not_picked":["CutThroughFate","InnerPeace","Protect"],"picked":"SKIP","floor":19.0},{"not_picked":["ClearTheMind","CarveReality+1","CutThroughFate"],"picked":"SKIP","floor":20.0},{"not_picked":["EmptyFist","CrushJoints","Consecrate"],"picked":"SKIP","floor":21.0},{"not_picked":["WheelKick","Nirvana+1"],"picked":"TalkToTheHand+1","floor":24.0},{"not_picked":["LikeWater","InnerPeace"],"picked":"Worship","floor":25.0}],"player_experience":262976,"relics_obtained":[{"floor":6.0,"key":"Omamori"},{"floor":11.0,"key":"Dream Catcher"},{"floor":25.0,"key":"Pocketwatch"},{"floor":25.0,"key":"Pantograph"},{"floor":26.0,"key":"Meat on the Bone"}],"event_choices":[{"damage_healed":18.0,"max_hp_gain":0.0,"max_hp_loss":0.0,"gold_gain":0.0,"event_name":"The Cleric","player_choice":"Healed","floor":8.0,"gold_loss":35.0,"damage_taken":0.0},{"damage_healed":0.0,"max_hp_gain":0.0,"max_hp_loss":0.0,"gold_gain":0.0,"event_name":"Match and Keep!","player_choice":"2 cards matched","floor":14.0,"gold_loss":0.0,"damage_taken":0.0,"cards_obtained":["Impatience","FlurryOfBlows"]}],"is_beta":false,"boss_relics":[{"not_picked":["Runic Pyramid","Velvet Choker"],"picked":"Black Star"}],"items_purged_floors":[5],"is_endless":false,"potions_floor_spawned":[2,3,6,10,12,19,21,24,25],"killed_by":"3 Cultists","ascension_level":2}}