{"host":"jlz4is0nf6zo9oab","time":1610394959,"event":{"mods":["AchievementEnabler","BaseMod","Colored Map","Colored Powertips","Highlight Path","Minty Spire (QoL Compilation)","StSLib"],"gold_per_floor":[116,131,56,70,81,81,137,137,137,137,163,181,139,173,173,173,173],"floor_reached":16,"playtime":329,"items_purged":["Strike_B"],"score":176,"play_id":"e388f5bf-e7d9-4c3c-a281-75f809e4a4ea","local_time":"20210111205559","is_ascension_mode":true,"campfire_choices":[{"floor":6,"key":"REST"},{"data":"Dualcast","floor":8,"key":"SMITH"},{"data":"Zap","floor":10,"key":"SMITH"},{"floor":15,"key":"REST"}],"circlet_count":0,"master_deck":["AscendersBane","Strike_B","Strike_B","Strike_B","Defend_B","Defend_B","Defend_B","Defend_B","Zap+1","Dualcast+1","Streamline","Leap","Melter","Sweeping Beam+1"],"relics":["Cracked Core","Omamori","Emotion Chip","Molten Egg 2","Art of War"],"acts_visited":["Exordium"],"potions_floor_usage":[11,14,14],"damage_taken":[{"damage":7,"enemies":"Jaw Worm","floor":1,"turns":3},{"damage":12,"enemies":"Small Slimes","floor":2,"turns":2},{"damage":12,"enemies":"2 Louse","floor":4,"turns":2},{"damage":12,"enemies":"Looter","floor":5,"turns":3},{"damage":8,"enemies":"Gremlin Nob","floor":11,"turns":3},{"damage":9,"enemies":"2 Fungi Beasts","floor":12,"turns":3},{"damage":15,"enemies":"3 Sentries","floor":14,"turns":5},{"damage":37,"enemies":"Slime Boss","floor":16,"turns":5}],"seed_played":"-1705593319216218468","potions_obtained":[{"floor":2,"key":"AttackPotion"},{"floor":11,"key":"Explosive Potion"},{"floor":12,"key":"Strength Potion"}],"is_trial":false,"path_per_floor":["M","M","$","M","M","R","?","R","T","R","E","M","?","E","R","B"],"character_chosen":"DEFECT","items_purchased":[],"campfire_rested":2,"item_purchase_floors":[],"current_hp_per_floor":[61,49,49,37,25,47,47,47,47,47,39,30,30,15,37,0,0],"gold":173,"neow_bonus":"RANDOM_COMMON_RELIC","is_daily":false,"chose_seed":false,"campfire_upgraded":2,"win_rate":0.0,"timestamp":1610394959,"path_taken":["M","M","$","M","M","R","?","R","T","R","E","M","?","E","R","BOSS"],"items_purchased_type":[],"build_version":"2020-12-22","purchased_purges":1,"victory":false,"max_hp_per_floor":[75,75,75,75,75,75,75,75,75,75,75,75,75,75,75,75,75],"card_choices":[{"not_picked":["Self Repair","Gash"],"picked":"Streamline","floor":1},{"not_picked":["Darkness","Cold Snap"],"picked":"Leap","floor":2},{"not_picked":["Go for the Eyes","Gash","Hello World"],"picked":"SKIP","floor":4},{"not_picked":["Force Field","Scrape"],"picked":"Melter","floor":5},{"not_picked":["Compile Driver+1","Beam Cell+1","Skim"],"picked":"SKIP","floor":11},{"not_picked":["BootSequence","Gash+1"],"picked":"Sweeping Beam+1","floor":12},{"not_picked":["Reboot","Skim","Sweeping Beam+1"],"picked":"SKIP","floor":14}],"player_experience":945081,"relics_obtained":[{"floor":9,"key":"Emotion Chip"},{"floor":11,"key":"Molten Egg 2"},{"floor":14,"key":"Art of War"}],"event_choices":[{"damage_healed":0,"gold_gain":56,"player_choice":"Gained Gold","damage_taken":0,"max_hp_gain":0,"max_hp_loss":0,"event_name":"Golden Wing","floor":7,"gold_loss":0},{"damage_healed":0,"gold_gain":0,"player_choice":"Left Gold","damage_taken":0,"max_hp_gain":0,"max_hp_loss":0,"event_name":"World of Goop","floor":13,"gold_loss":42}],"is_beta":false,"boss_relics":[],"items_purged_floors":[3],"is_endless":false,"potions_floor_spawned":[2,11,12],"killed_by":"Slime Boss","ascension_level":12}}