{"host":"pno9h1fupbyz205f","time":1610404987,"event":{"mods":["Aspiration","BaseMod","Better Altar","Better Match","Better Note","Better Sensory Stone","Better Skull","Better Third Choice","Colored Map","Colored Powertips","Hubris","Infinite Spire","Jedi Mod","Mad Scientist","Marisa????????","Minty Spire (QoL Compilation)","Permanent Neow","Potionbrewer","Replay The Spire","Shop Mod","Spicy Shops","StSLib","Td1madao Mod","The Blackbeard","The Gatherer","The Hierophant","The Poker Player","The Runesmith","The Servant 0.9.4","thorton","vexMod"],"gold_per_floor":[99,112,126,126,51,77,77,77,77,77,91,103,114,129,129,234,234,244,262,262,84,103,103,119,119,168,209,209,209,209],"floor_reached":29,"playtime":1289,"items_purged":["Defend_B","Defend_B"],"score":245,"play_id":"236d7673-4520-4a55-9478-b45ce96bf982","local_time":"20210111144307","daily_mods":["Allstar","Heirloom"],"is_ascension_mode":false,"campfire_choices":[{"data":"Zap","floor":7,"key":"SMITH"},{"data":"Madness","floor":10,"key":"SMITH"},{"data":"ReplaySolidLightProjector","floor":15,"key":"SMITH"},{"floor":23,"key":"REST"},{"data":"Double Energy","floor":25,"key":"SMITH"}],"circlet_count":0,"master_deck":["Strike_B","Strike_B","Strike_B","Strike_B","Defend_B","Defend_B","Zap+1","ReplayTheSpireMod:Trickstab","Madness+1","Trip","Deep Breath","Bash","Scrape","Aggregate","Iron Wave","Iron Wave","Double Energy+1","ReplaySolidLightProjector+1","Go for the Eyes","All For One","Turbo","Conserve Battery","Self Repair","Double Energy","Beam Cell"],"relics":["replay:Trail_Library","Ice Cream","Iron Core","Eternal Feather","Chameleon Ring","infinitespire:Eraser","Nuclear Battery","Replay:Bandana","infinitespire:WardingShard"],"acts_visited":["Exordium","TheCity"],"potions_floor_usage":[13,16,16,27],"damage_taken":[{"damage":7,"enemies":"2 Louse","floor":2,"turns":3},{"damage":0,"enemies":"Cultist","floor":3,"turns":2},{"damage":13,"enemies":"3 Sentries","floor":6,"turns":6},{"damage":0,"enemies":"Small Slimes","floor":11,"turns":1},{"damage":16,"enemies":"Exordium Wildlife","floor":12,"turns":3},{"damage":11,"enemies":"Exordium Thugs","floor":13,"turns":3},{"damage":5,"enemies":"Looter","floor":14,"turns":2},{"damage":7,"enemies":"Fading Forest","floor":16,"turns":11},{"damage":15,"enemies":"Shell Parasite","floor":18,"turns":4},{"damage":25,"enemies":"2 Thieves","floor":19,"turns":3},{"damage":13,"enemies":"Centurion and Healer","floor":22,"turns":8},{"damage":24,"enemies":"Snake Plant","floor":24,"turns":4},{"damage":39,"enemies":"Nightmare","floor":27,"turns":9},{"damage":0,"enemies":"Book of Stabbing","floor":29,"turns":1}],"seed_played":"-7295200552806193557","potions_obtained":[{"floor":3,"key":"jedi:wingpotion"},{"floor":11,"key":"PowerPotion"},{"floor":13,"key":"Strength Potion"},{"floor":14,"key":"Weak Potion"},{"floor":22,"key":"SteroidPotion"},{"floor":27,"key":"potionbrewer:AcidPotion"}],"is_trial":true,"path_per_floor":["?","M","M","?","$","E","R","T","T","R","M","M","M","M","R","B",null,"M","M","?","$","M","R","M","R","T","NM","?","E"],"character_chosen":"DEFECT","items_purchased":["Double Energy"],"campfire_rested":1,"item_purchase_floors":[21],"current_hp_per_floor":[75,68,68,61,61,48,57,57,57,66,66,50,39,34,46,65,75,60,35,35,35,22,56,39,51,51,19,19,19,19],"gold":209,"neow_bonus":"","is_daily":false,"chose_seed":false,"campfire_upgraded":4,"win_rate":0.0,"timestamp":1610404987,"path_taken":["?","M","?","?","?","E","R","?","T","R","M","?","M","M","R","BOSS","M","M","?","$","M","R","M","R","T","NM","?","E"],"items_purchased_type":["Card"],"build_version":"2020-12-22","purchased_purges":2,"victory":false,"max_hp_per_floor":[75,75,75,75,75,75,75,75,75,75,75,75,75,75,75,75,75,75,75,75,75,75,75,75,75,75,75,75,75,75],"card_choices":[{"not_picked":["Lockon","Whirlwind"],"picked":"Scrape","floor":2},{"not_picked":["Ball Lightning","Panic Button"],"picked":"Aggregate","floor":3},{"not_picked":["Steam Power","jedi:overflow","Clash"],"picked":"SKIP","floor":6},{"not_picked":["Stack","Undo","Panic Button"],"picked":"SKIP","floor":11},{"not_picked":["Streamline","Anger"],"picked":"Double Energy","floor":12},{"not_picked":["WeaponsOverheat","Force Field"],"picked":"ReplaySolidLightProjector","floor":13},{"not_picked":["BootSequence","Leap"],"picked":"Go for the Eyes","floor":14},{"not_picked":["Juggernaut","jedi:BurstDark"],"picked":"All For One","floor":16},{"not_picked":["Coolheaded","Redo"],"picked":"Turbo","floor":18},{"not_picked":["Leap","Barrage+1"],"picked":"Conserve Battery","floor":19},{"not_picked":["Panic Button","Crystallizer","Barrage+1"],"picked":"SKIP","floor":22},{"not_picked":["Sweeping Beam+1","jedi:sharpshooter","jedi:markofdeath"],"picked":"SKIP","floor":24},{"not_picked":["Sweeping Beam","ReplayTheSpireMod:GoodbyeWorld","Heatsinks"],"picked":"SKIP","floor":27},{"not_picked":["Sweeping Beam","ReplayTheSpireMod:GoodbyeWorld","Heatsinks"],"picked":"SKIP","floor":27}],"player_experience":160220,"relics_obtained":[{"floor":6,"key":"Eternal Feather"},{"floor":8,"key":"Chameleon Ring"},{"floor":9,"key":"infinitespire:Eraser"},{"floor":26,"key":"Replay:Bandana"},{"floor":27,"key":"infinitespire:WardingShard"}],"event_choices":[{"cards_removed":["PanicButton"],"damage_healed":0,"gold_gain":0,"player_choice":"Card Removal","damage_taken":7,"max_hp_gain":0,"max_hp_loss":0,"event_name":"Golden Wing","floor":4,"gold_loss":0},{"cards_removed":["Aggregate"],"damage_healed":0,"gold_gain":0,"player_choice":"Take \u0026 Give","damage_taken":0,"max_hp_gain":0,"max_hp_loss":0,"event_name":"betterNote:BetterNote","floor":20,"gold_loss":0,"cards_obtained":["Self Repair"]},{"damage_healed":0,"gold_gain":0,"player_choice":"Ignored","damage_taken":0,"max_hp_gain":0,"max_hp_loss":0,"event_name":"Ghosts","floor":28,"gold_loss":0}],"is_beta":false,"boss_relics":[{"not_picked":["Snecko Heart","aspiration:ServantSkillbook"],"picked":"Nuclear Battery"}],"items_purged_floors":[5,21],"is_endless":true,"potions_floor_spawned":[3,11,13,14,22,27],"killed_by":"Book of Stabbing","ascension_level":0}}