{"host":"7l2t4psy44vpcd9q","time":1610369652,"event":{"mods":["AchievementEnabler","BaseMod","DeckTracker","Minty Spire (QoL Compilation)","SuperFastMode"],"gold_per_floor":[119,119,119,60,75,114,114,114,114,79,379,215,215,240,240,336,336,351,366,252,252,273,307,307,328,328,348,348,368,123,147,147,147,147],"floor_reached":33,"playtime":1732,"items_purged":["Defend_P","Strike_P"],"score":580,"play_id":"5be91f97-744e-466c-b3f9-87da5f1a4c76","local_time":"20210111215412","is_ascension_mode":true,"campfire_choices":[{"floor":8.0,"key":"REST"},{"data":"TalkToTheHand","floor":13.0,"key":"SMITH"},{"data":"FlurryOfBlows","floor":15.0,"key":"SMITH"},{"floor":24.0,"key":"REST"},{"data":"Ragnarok","floor":32.0,"key":"SMITH"}],"circlet_count":0,"master_deck":["AscendersBane","Strike_P","Defend_P+1","Defend_P","Defend_P+1","Eruption","Vigilance","TalkToTheHand+1","BowlingBash","CutThroughFate","Tantrum","EmptyBody","Tantrum","FlurryOfBlows+1","Sanctity","InnerPeace","Ragnarok+1","EmptyBody+1","BattleHymn","FlurryOfBlows","FlurryOfBlows","MentalFortress+1","Flash of Steel","Halt+1"],"relics":["PureWater","NeowsBlessing","Golden Idol","White Beast Statue","Mummified Hand","Old Coin","Orrery","SlaversCollar","Unceasing Top","Pear"],"acts_visited":["Exordium","TheCity"],"potions_floor_usage":[33],"damage_taken":[{"damage":0.0,"enemies":"2 Louse","floor":1.0,"turns":1.0},{"damage":0.0,"enemies":"Small Slimes","floor":5.0,"turns":1.0},{"damage":0.0,"enemies":"Lagavulin","floor":6.0,"turns":1.0},{"damage":0.0,"enemies":"Jaw Worm","floor":14.0,"turns":2.0},{"damage":30.0,"enemies":"Hexaghost","floor":16.0,"turns":8.0},{"damage":9.0,"enemies":"Shell Parasite","floor":18.0,"turns":7.0},{"damage":6.0,"enemies":"Spheric Guardian","floor":19.0,"turns":3.0},{"damage":10.0,"enemies":"Centurion and Healer","floor":22.0,"turns":5.0},{"damage":16.0,"enemies":"Slavers","floor":23.0,"turns":3.0},{"damage":7.0,"enemies":"Cultist and Chosen","floor":25.0,"turns":4.0},{"damage":0.0,"enemies":"3 Cultists","floor":27.0,"turns":3.0},{"damage":2.0,"enemies":"Shelled Parasite and Fungi","floor":29.0,"turns":3.0},{"damage":5.0,"enemies":"Snecko","floor":31.0,"turns":7.0},{"damage":60,"enemies":"Automaton","floor":33,"turns":8}],"seed_played":"8496587250068405940","potions_obtained":[{"floor":1.0,"key":"SpeedPotion"},{"floor":6.0,"key":"SpeedPotion"},{"floor":14.0,"key":"BottledMiracle"},{"floor":16.0,"key":"SkillPotion"},{"floor":18.0,"key":"LiquidMemories"},{"floor":19.0,"key":"Energy Potion"},{"floor":22.0,"key":"PowerPotion"},{"floor":23.0,"key":"FearPotion"},{"floor":25.0,"key":"SkillPotion"},{"floor":27.0,"key":"PowerPotion"},{"floor":29.0,"key":"Regen Potion"},{"floor":31.0,"key":"SpeedPotion"}],"is_trial":false,"path_per_floor":["M","?","?","$","M","E","?","R","T","?","?","$","R","M","R","B",null,"M","M","$","?","M","E","R","M","T","M","?","M","$","M","R","B"],"character_chosen":"WATCHER","items_purchased":["BowlingBash","Orrery","BattleHymn","Fire Potion","Flash of Steel"],"campfire_rested":2,"item_purchase_floors":[4,12,20,30,30],"current_hp_per_floor":[61,38,31,31,31,31,11,31,31,48,48,48,48,48,48,18,56,47,41,41,41,31,15,35,28,38,38,38,36,36,46,46,0,0],"gold":147,"neow_bonus":"THREE_ENEMY_KILL","is_daily":false,"chose_seed":false,"campfire_upgraded":3,"win_rate":0.0,"timestamp":1610369652,"path_taken":["M","?","?","?","M","E","?","R","T","?","?","$","R","M","R","BOSS","M","M","$","?","M","E","R","?","T","M","?","M","$","M","R","BOSS"],"items_purchased_type":["Card","Relic","Card","Potion","Card"],"build_version":"2020-12-22","purchased_purges":2,"victory":false,"max_hp_per_floor":[68,68,68,68,68,68,68,68,68,68,68,68,68,68,68,68,68,68,68,68,68,68,68,68,68,78,78,78,78,78,78,78,78,78],"card_choices":[{"not_picked":["Weave","Prostrate"],"picked":"TalkToTheHand","floor":1.0},{"not_picked":["ThirdEye","Pray"],"picked":"CutThroughFate","floor":5.0},{"not_picked":["Worship","EmptyBody","JustLucky"],"picked":"SKIP","floor":6.0},{"not_picked":["Worship","EmptyBody","JustLucky"],"picked":"SKIP","floor":6.0},{"not_picked":["FollowUp","MasterReality"],"picked":"Tantrum","floor":12.0},{"not_picked":["JustLucky","Evaluate"],"picked":"EmptyBody","floor":12.0},{"not_picked":["Indignation","ThirdEye"],"picked":"Tantrum","floor":12.0},{"not_picked":["FollowUp","CutThroughFate"],"picked":"FlurryOfBlows","floor":12.0},{"not_picked":["Evaluate","Devotion"],"picked":"Sanctity","floor":12.0},{"not_picked":["Protect","FearNoEvil"],"picked":"InnerPeace","floor":14.0},{"not_picked":["Blasphemy","Establishment"],"picked":"Ragnarok","floor":16.0},{"not_picked":["CutThroughFate","Consecrate"],"picked":"EmptyBody+1","floor":18.0},{"not_picked":["JustLucky","EmptyFist","SignatureMove"],"picked":"SKIP","floor":19.0},{"not_picked":["WindmillStrike","Prostrate","WaveOfTheHand"],"picked":"SKIP","floor":22.0},{"not_picked":["ThirdEye","BattleHymn","EmptyFist"],"picked":"SKIP","floor":23.0},{"not_picked":["CutThroughFate","Worship+1"],"picked":"FlurryOfBlows","floor":25.0},{"not_picked":["LikeWater","EmptyFist"],"picked":"FlurryOfBlows","floor":27.0},{"not_picked":["FlurryOfBlows","Halt+1"],"picked":"MentalFortress+1","floor":29.0},{"not_picked":["FollowUp+1","FlurryOfBlows"],"picked":"Halt+1","floor":31.0}],"player_experience":1187573,"relics_obtained":[{"floor":6.0,"key":"White Beast Statue"},{"floor":9.0,"key":"Mummified Hand"},{"floor":23.0,"key":"Unceasing Top"},{"floor":26.0,"key":"Pear"}],"event_choices":[{"damage_healed":0.0,"max_hp_gain":0.0,"max_hp_loss":0.0,"gold_gain":0.0,"event_name":"Golden Idol","player_choice":"Take Damage","floor":2.0,"gold_loss":0.0,"damage_taken":23.0,"relics_obtained":["Golden Idol"]},{"cards_removed":["Strike_P"],"damage_healed":0.0,"max_hp_gain":0.0,"max_hp_loss":0.0,"gold_gain":0.0,"event_name":"Golden Wing","player_choice":"Card Removal","floor":3.0,"gold_loss":0.0,"damage_taken":7.0},{"damage_healed":0.0,"max_hp_gain":0.0,"max_hp_loss":0.0,"gold_gain":0.0,"event_name":"Shining Light","player_choice":"Entered Light","floor":7.0,"gold_loss":0.0,"damage_taken":20.0,"cards_upgraded":["Defend_P","Defend_P"]},{"damage_healed":17.0,"max_hp_gain":0.0,"max_hp_loss":0.0,"gold_gain":0.0,"event_name":"The Cleric","player_choice":"Healed","floor":10.0,"gold_loss":35.0,"damage_taken":0.0},{"damage_healed":0.0,"max_hp_gain":0.0,"max_hp_loss":0.0,"gold_gain":0.0,"event_name":"Dead Adventurer","player_choice":"Searched \u00271\u0027 times","floor":11.0,"gold_loss":0.0,"damage_taken":0.0,"relics_obtained":["Old Coin"]},{"cards_removed":["Strike_P"],"damage_healed":0.0,"max_hp_gain":0.0,"max_hp_loss":0.0,"gold_gain":0.0,"event_name":"Purifier","player_choice":"Purged","floor":21.0,"gold_loss":0.0,"damage_taken":0.0},{"damage_healed":0.0,"max_hp_gain":0.0,"max_hp_loss":0.0,"gold_gain":0.0,"event_name":"Ghosts","player_choice":"Ignored","floor":28.0,"gold_loss":0.0,"damage_taken":0.0}],"is_beta":false,"boss_relics":[{"not_picked":["Fusion Hammer","Velvet Choker"],"picked":"SlaversCollar"}],"items_purged_floors":[20,30],"is_endless":false,"potions_floor_spawned":[1,6,14,16,18,19,22,23,25,27,29,31],"killed_by":"Automaton","ascension_level":20}}