{"host":"c2trc3vegrhsdm46","time":1610358746,"event":{"mods":["Bard","BaseMod","Infinite Spire","Minty Spire (QoL Compilation)","Replay The Spire","StSLib","Steal the Spire","The Wild Card"],"gold_per_floor":[109,119,130,130,130,150,193,193,261,275,275,275,25,49,49,173,173,197,41,41,57,81,81,81],"floor_reached":23,"playtime":1396,"items_purged":[],"score":193,"play_id":"f5e6354a-7a33-4134-a371-c6bba9e01d67","local_time":"20210111045226","is_ascension_mode":false,"campfire_choices":[{"floor":12,"key":"REST"},{"floor":15,"key":"REST"}],"circlet_count":0,"master_deck":["theWildCard:BasicStrike","theWildCard:BasicStrike","theWildCard:BasicStrike","theWildCard:BasicStrike","theWildCard:BasicDefend","theWildCard:BasicDefend","theWildCard:BasicDefend","theWildCard:BasicDefend","theWildCard:CallToAdventure","theWildCard:Arsene","theWildCard:Michael","theWildCard:MagicalMight","theWildCard:Patience","theWildCard:PowerOfTheArcana","theWildCard:BladeOfGenerations","theWildCard:SacrificialStroke","theWildCard:IdentityTheft+1","theWildCard:ManOfManyFaces","theWildCard:SeveringSlash","theWildCard:Caesar","theWildCard:Metatron","theWildCard:ArcaneArts+1","theWildCard:FuelForTheFire"],"relics":["theWildCard:VelvetContract","NeowsBlessing","Golden Idol","Shovel","Garlic","BargainBundle","Black Star","Lee\u0027s Waffle","Meat on the Bone"],"acts_visited":["Exordium","TheCity"],"potions_floor_usage":[16,16,23,23],"damage_taken":[{"damage":0,"enemies":"Small Slimes","floor":1,"turns":1},{"damage":0,"enemies":"Jaw Worm","floor":2,"turns":1},{"damage":0,"enemies":"2 Louse","floor":3,"turns":1},{"damage":0,"enemies":"2 Fungi Beasts","floor":6,"turns":4},{"damage":37,"enemies":"Gremlin Nob","floor":7,"turns":5},{"damage":1,"enemies":"Red Slaver","floor":10,"turns":4},{"damage":9,"enemies":"3 Louse","floor":14,"turns":4},{"damage":19,"enemies":"Hexaghost","floor":16,"turns":7},{"damage":26,"enemies":"Shell Parasite","floor":18,"turns":7},{"damage":5,"enemies":"3 Byrds","floor":21,"turns":4},{"damage":7,"enemies":"Snecko","floor":22,"turns":4},{"damage":60,"enemies":"Slavers","floor":23,"turns":4}],"seed_played":"4167014155436989205","potions_obtained":[{"floor":3,"key":"SpeedPotion"},{"floor":6,"key":"SmokeBomb"},{"floor":11,"key":"EssenceOfSteel"},{"floor":11,"key":"Ancient Potion"},{"floor":16,"key":"Milkshake"},{"floor":21,"key":"Dexterity Potion"}],"is_trial":false,"path_per_floor":["M","M","M","?","?","M","E","?","T","M","?","R","$","M","R","B",null,"M","$","AVR","M","M","E"],"character_chosen":"THE_WILD_CARD","items_purchased":["theWildCard:IdentityTheft+1","BargainBundle","theWildCard:ManOfManyFaces","Lee\u0027s Waffle"],"campfire_rested":2,"item_purchase_floors":[13,13,13,19],"current_hp_per_floor":[60,60,60,65,49,49,12,12,12,11,11,30,30,21,40,21,65,39,72,72,67,60,0,0],"gold":81,"neow_bonus":"THREE_ENEMY_KILL","is_daily":false,"chose_seed":false,"campfire_upgraded":0,"win_rate":0.0,"timestamp":1610358746,"path_taken":["M","M","M","?","?","M","E","?","T","M","?","R","$","M","R","BOSS","M","?","AVR","M","M","E"],"items_purchased_type":["Card","Relic","Card","Relic"],"build_version":"2020-12-22","purchased_purges":0,"victory":false,"max_hp_per_floor":[60,60,60,65,65,65,65,65,65,65,65,65,65,65,65,65,65,65,72,72,72,72,72,72],"card_choices":[{"not_picked":["theWildCard:MasterPlan","theWildCard:Metatron"],"picked":"theWildCard:Michael","floor":1},{"not_picked":["theWildCard:Alice","theWildCard:Michael"],"picked":"theWildCard:MagicalMight","floor":2},{"not_picked":["theWildCard:ArcaneArts","theWildCard:ArcanaArtistry"],"picked":"theWildCard:Patience","floor":3},{"not_picked":["theWildCard:MaskChange","theWildCard:SacrificialStroke"],"picked":"theWildCard:PowerOfTheArcana","floor":6},{"not_picked":["theWildCard:Loki","theWildCard:EnergizedStroke"],"picked":"theWildCard:BladeOfGenerations","floor":7},{"not_picked":["theWildCard:BladeOfGenerations","theWildCard:ArcaneArts"],"picked":"theWildCard:SacrificialStroke","floor":10},{"not_picked":["theWildCard:MagicMettle","theWildCard:ChangingDestiny"],"picked":"theWildCard:SeveringSlash","floor":14},{"not_picked":["theWildCard:Overwhelm","theWildCard:AllOutAttack"],"picked":"theWildCard:Caesar","floor":16},{"not_picked":["theWildCard:SacrificialStroke","theWildCard:Salvation"],"picked":"theWildCard:Metatron","floor":18},{"not_picked":["theWildCard:Abstinence","theWildCard:Sakuya"],"picked":"theWildCard:ArcaneArts+1","floor":21},{"not_picked":["theWildCard:EnergizedStroke","theWildCard:Unburden"],"picked":"theWildCard:FuelForTheFire","floor":22}],"player_experience":14711,"relics_obtained":[{"floor":7,"key":"Shovel"},{"floor":9,"key":"Garlic"}],"event_choices":[{"damage_healed":0,"gold_gain":0,"player_choice":"Donut","damage_taken":0,"max_hp_gain":5,"max_hp_loss":0,"event_name":"Big Fish","floor":4,"gold_loss":0},{"damage_healed":0,"gold_gain":0,"player_choice":"Take Damage","damage_taken":16,"relics_obtained":["Golden Idol"],"max_hp_gain":0,"max_hp_loss":0,"event_name":"Golden Idol","floor":5,"gold_loss":0},{"damage_healed":0,"gold_gain":0,"player_choice":"Got Potions","damage_taken":0,"max_hp_gain":0,"max_hp_loss":0,"event_name":"Lab","floor":11,"gold_loss":0}],"is_beta":false,"boss_relics":[{"not_picked":["Replay:Grab Bag","Cursed Key"],"picked":"Black Star"}],"items_purged_floors":[],"is_endless":false,"potions_floor_spawned":[3,6,16,21,22],"killed_by":"Slavers","ascension_level":0}}