{"host":"eu5wvbbtjeiar27l","time":1610397579,"event":{"mods":["BaseMod","Colored Powertips","Conspire","Hubris","Infinite Spire","Minty Spire (QoL Compilation)","Rare Cards Sparkle","StSLib","vexMod"],"gold_per_floor":[116,134,134,173,190,190,255,290,290,290,290,290,342,359,359,495,495,540,559,559,592,54,54,54,131,154,154,192,215,242,242],"floor_reached":30,"playtime":1625,"items_purged":["hubris:Envy"],"score":278,"play_id":"b4b9dfb9-4291-44c4-96a1-f61c53d352d0","local_time":"20210111203939","is_ascension_mode":false,"campfire_choices":[{"data":"Defragment","floor":6,"key":"SMITH"},{"floor":12,"key":"REST"},{"floor":15,"key":"REST"},{"data":"Static Discharge","floor":23,"key":"SMITH"},{"data":"Static Discharge","floor":27,"key":"SMITH"}],"circlet_count":0,"master_deck":["Strike_B","Strike_B","Strike_B","Strike_B","Defend_B","Defend_B","Defend_B","Defend_B","Zap","Dualcast","Thunder Strike","Defragment+1","Ball Lightning","Conserve Battery","Doom and Gloom","Turbo","vexMod:UltimateCard","infinitespire:Starlight","Chaos","Static Discharge+1","Amplify","Turbo","Redo","Static Discharge+1","Amplify","Redo","hubris:Ukulele","Defragment+1"],"relics":["Cracked Core","vexMod:ConsolationPrize","vexMod:Dragonfruit","infinitespire:CheckeredPen","Bottled Flame","hubris:64BitClover","Nuclear Battery","Lantern","hubris:BallOfYels","Letter Opener","Toy Ornithopter","Girya"],"acts_visited":["Exordium","TheCity"],"potions_floor_usage":[13,25,28],"damage_taken":[{"damage":1,"enemies":"Cultist","floor":1,"turns":3},{"damage":9,"enemies":"Jaw Worm","floor":2,"turns":4},{"damage":11,"enemies":"conspire:MimicChest","floor":4,"turns":4},{"damage":6,"enemies":"Small Slimes","floor":5,"turns":3},{"damage":30,"enemies":"3 Sentries","floor":7,"turns":8},{"damage":19,"enemies":"Exordium Thugs","floor":8,"turns":4},{"damage":22,"enemies":"Lagavulin","floor":13,"turns":6},{"damage":0,"enemies":"Lots of Slimes","floor":14,"turns":1},{"damage":35,"enemies":"The Guardian","floor":16,"turns":10},{"damage":26,"enemies":"Chosen","floor":18,"turns":5},{"damage":1,"enemies":"Spheric Guardian","floor":19,"turns":3},{"damage":18,"enemies":"3 Cultists","floor":21,"turns":3},{"damage":42,"enemies":"Nightmare","floor":25,"turns":5},{"damage":13,"enemies":"Book of Stabbing","floor":28,"turns":2},{"damage":7,"enemies":"Centurion and Healer","floor":29,"turns":3},{"damage":34,"enemies":"Slavers","floor":30,"turns":2}],"seed_played":"1802296305265234924","potions_obtained":[{"floor":1,"key":"Block Potion"},{"floor":13,"key":"Strength Potion"},{"floor":14,"key":"Explosive Potion"},{"floor":16,"key":"Regen Potion"},{"floor":25,"key":"Dexterity Potion"},{"floor":28,"key":"BlessingOfTheForge"},{"floor":29,"key":"SpeedPotion"}],"is_trial":false,"path_per_floor":["M","M","?","?","M","R","E","M","T","?","T","R","E","M","R","B",null,"M","M","?","M","$","R","$","NM","T","R","E","M","E"],"character_chosen":"DEFECT","items_purchased":["Lantern","hubris:BallOfYels","Static Discharge","Amplify"],"campfire_rested":2,"item_purchase_floors":[22,22,22,22],"current_hp_per_floor":[74,65,65,54,48,48,23,4,4,4,4,28,16,16,40,15,80,64,63,63,55,55,55,55,35,35,35,27,20,0,0],"gold":242,"neow_bonus":"ONE_RANDOM_RARE_CARD","is_daily":false,"chose_seed":false,"campfire_upgraded":3,"win_rate":0.0,"timestamp":1610397579,"path_taken":["M","?","?","?","?","R","E","M","T","?","?","R","E","M","R","BOSS","M","M","?","M","$","R","?","NM","T","R","E","M","E"],"items_purchased_type":["Relic","Relic","Card","Card"],"build_version":"2020-12-22","purchased_purges":1,"victory":false,"max_hp_per_floor":[75,75,75,75,75,75,80,80,80,80,80,80,80,80,80,80,80,80,80,80,80,80,80,80,80,80,80,80,80,80,80],"card_choices":[{"not_picked":["Barrage","hubris:PowerSurge"],"picked":"Defragment","floor":1},{"not_picked":["Stack","Rebound","Gash"],"picked":"SKIP","floor":2},{"not_picked":["Steam","Gash"],"picked":"Conserve Battery","floor":5},{"not_picked":["Thunder Strike","Rebound"],"picked":"Doom and Gloom","floor":7},{"not_picked":["Aggregate","Gash"],"picked":"Turbo","floor":8},{"not_picked":["infinitespire:Fortify","infinitespire:Execution"],"picked":"infinitespire:Starlight","floor":10},{"not_picked":["Gash","Compile Driver"],"picked":"Chaos","floor":13},{"not_picked":["Hologram","Ball Lightning"],"picked":"Static Discharge","floor":14},{"not_picked":["Multi-Cast","hubris:DoWhile"],"picked":"Amplify","floor":16},{"not_picked":["Go for the Eyes+1","Compile Driver","Gash"],"picked":"SKIP","floor":18},{"not_picked":["Chaos","Gash"],"picked":"Turbo","floor":19},{"not_picked":["Core Surge","Rebound+1"],"picked":"Redo","floor":21},{"not_picked":["Hello World+1","Streamline"],"picked":"Redo","floor":25},{"not_picked":["Fusion","Turbo"],"picked":"hubris:Ukulele","floor":28},{"not_picked":["Auto Shields","Multi-Cast"],"picked":"Defragment+1","floor":29}],"player_experience":73769,"relics_obtained":[{"floor":4,"key":"vexMod:ConsolationPrize"},{"floor":7,"key":"vexMod:Dragonfruit"},{"floor":9,"key":"infinitespire:CheckeredPen"},{"floor":11,"key":"Bottled Flame"},{"floor":13,"key":"hubris:64BitClover"},{"floor":25,"key":"Letter Opener"},{"floor":26,"key":"Toy Ornithopter"},{"floor":28,"key":"Girya"}],"event_choices":[{"damage_healed":0,"gold_gain":0,"player_choice":"Bought 0 Potions","damage_taken":0,"max_hp_gain":0,"max_hp_loss":0,"event_name":"The Woman in Blue","floor":20,"gold_loss":0}],"is_beta":false,"boss_relics":[{"not_picked":["SacredBark","Inserter"],"picked":"Nuclear Battery"}],"items_purged_floors":[22],"is_endless":false,"potions_floor_spawned":[1,13,14,16,25,28,29],"killed_by":"Slavers","ascension_level":0}}