{"host":"dyggtcpod2kd5hqt","time":1610329638,"event":{"mods":["2.2 Compatiblity","AchievementEnabler","BaseMod","Bestiary","Block Reminder","Colored Map","Colored Powertips","Minty Spire (QoL Compilation)","Quick Restart","Rare Cards Sparkle","Relic Stats","Unknown Chances"],"gold_per_floor":[],"floor_reached":55,"playtime":2985,"items_purged":[],"score":1280,"play_id":"83ab09b8-c291-472d-81f5-d142e5e80f93","local_time":"20210110204718","is_ascension_mode":true,"campfire_choices":[],"circlet_count":0,"master_deck":["AscendersBane","Strike_B+1","Strike_B+1","Defend_B","Defend_B","Defend_B","Zap+1","Dualcast+1","BootSequence","Ball Lightning+1","Go for the Eyes","Beam Cell+1","Go for the Eyes","Go for the Eyes","Core Surge","Ball Lightning","All For One+1","Ghostly+1","Ghostly+1","Ghostly+1","Ghostly+1","Ghostly+1","Beam Cell","Echo Form","Go for the Eyes+1","Rebound+1","Coolheaded","Skim+1","Panache+1","Streamline+1","Sweeping Beam+1","Steam Power","Swift Strike","Static Discharge+1"],"relics":["Cracked Core","NeowsBlessing","Bag of Preparation","Pear","Letter Opener","DataDisk","Centennial Puzzle","Busted Crown","Membership Card","MealTicket","Omamori","Question Card","Thread and Needle","Coffee Dripper","Orichalcum","Juzu Bracelet","Medical Kit","Smiling Mask","Anchor"],"acts_visited":["Exordium","TheCity","TheBeyond","TheEnding"],"potions_floor_usage":[],"damage_taken":[],"seed_played":"936458859753101726","potions_obtained":[],"is_trial":false,"path_per_floor":[],"character_chosen":"DEFECT","items_purchased":[],"campfire_rested":0,"item_purchase_floors":[],"current_hp_per_floor":[],"gold":36,"neow_bonus":"THREE_ENEMY_KILL","is_daily":false,"chose_seed":false,"campfire_upgraded":9,"win_rate":0.0,"timestamp":1610329638,"path_taken":[],"items_purchased_type":["Card","Relic","Card","Relic","Relic","Card","Relic","Card","Card"],"build_version":"2020-12-22","purchased_purges":3,"victory":false,"max_hp_per_floor":[],"relic_stats":{"Centennial Puzzle":[21],"Busted Crown":32,"counters":[25,111],"MealTicket":6,"Bag of Preparation":[46],"Juzu Bracelet":1,"Letter Opener":[288],"Orichalcum":[156],"Question Card":13,"Medical Kit":[8],"Smiling Mask":13,"obtain_stats":[{"Pear":7,"NeowsBlessing":0,"Thread and Needle":27,"Bag of Preparation":4,"Omamori":25,"Juzu Bracelet":37,"Letter Opener":9,"Orichalcum":37,"Question Card":26,"Medical Kit":42,"Smiling Mask":46,"DataDisk":10,"Centennial Puzzle":14,"Anchor":54,"Busted Crown":17,"MealTicket":24,"Coffee Dripper":34,"Membership Card":19,"Cracked Core":0},{"Pear":3,"NeowsBlessing":0,"Thread and Needle":11,"Bag of Preparation":2,"Omamori":10,"Juzu Bracelet":17,"Letter Opener":3,"Orichalcum":17,"Question Card":10,"Medical Kit":20,"Smiling Mask":21,"DataDisk":3,"Centennial Puzzle":6,"Anchor":24,"Busted Crown":7,"MealTicket":10,"Coffee Dripper":15,"Membership Card":8,"Cracked Core":0},{"Pear":3,"NeowsBlessing":0,"Thread and Needle":33,"Bag of Preparation":2,"Omamori":29,"Juzu Bracelet":65,"Letter Opener":3,"Orichalcum":65,"Question Card":29,"Medical Kit":82,"Smiling Mask":91,"DataDisk":3,"Centennial Puzzle":11,"Anchor":109,"Busted Crown":18,"MealTicket":29,"Coffee Dripper":59,"Membership Card":21,"Cracked Core":0}]},"card_choices":[],"player_experience":613426,"relics_obtained":[],"event_choices":[],"is_beta":false,"boss_relics":[],"items_purged_floors":[],"is_endless":false,"potions_floor_spawned":[],"killed_by":"The Heart","ascension_level":10}}