{"host":"rupmf8lnk599ormj","time":1610337753,"event":{"mods":["2.2 Compatiblity","AchievementEnabler","BaseMod","Better Match","Better Third Choice","BetterRewards","ChefMod","Colored Map","Colored Powertips","Downfall","Evolution","Gold Saver","Googly Eyes","Hero for Fun","Hubris","Minty Spire (QoL Compilation)","Quick Restart","Rare Cards Sparkle","Replay The Spire","Spicy Shops","StSLib","The Cursed","The Poker Player"],"gold_per_floor":[893,893,893,818,818,836,867,922,968,987,987,987,997,997,997,1128,1128,1128,1148,1073,1091,1115,1115,1149,1149,1198,1214,1214,1235,1259,1259,1259,1388,1388,1406,1406,1419,1438,1438,1438,1438,1438,1461,1474,1499,1499,1518,1533,1533,1533,1533,1533,1533,1573,1573],"floor_reached":56,"playtime":508,"items_purged":["Hop"],"score":1537,"play_id":"a9fec12c-219a-46cf-998a-d0a021031040","local_time":"20210110230233","is_ascension_mode":false,"campfire_choices":[{"floor":11,"key":"REST"},{"floor":15,"key":"RECALL"},{"floor":23,"key":"REST"},{"floor":28,"key":"REST"},{"floor":40,"key":"REST"},{"floor":42,"key":"REST"},{"floor":49,"key":"REST"},{"floor":52,"key":"REST"}],"circlet_count":0,"master_deck":["Strike_Y","Strike_Y","Strike_Y","Strike_Y","Strike_Y","Hop","Hop","Defend_Y"],"relics":["Cape","EVO:Axolotl","NeowsBlessing","Onion Ring","Golden Idol"],"acts_visited":["Exordium","TheCity","TheBeyond","TheEnding"],"potions_floor_usage":[],"damage_taken":[{"damage":0,"enemies":"Cultist","floor":1,"turns":1},{"damage":0,"enemies":"Jaw Worm","floor":5,"turns":1},{"damage":0,"enemies":"2 Louse","floor":6,"turns":1},{"damage":0,"enemies":"Gremlin Nob","floor":7,"turns":1},{"damage":0,"enemies":"Gremlin Nob","floor":8,"turns":1},{"damage":0,"enemies":"Large Slime","floor":10,"turns":1},{"damage":0,"enemies":"Lagavulin","floor":12,"turns":1},{"damage":0,"enemies":"Lots of Slimes","floor":13,"turns":2},{"damage":0,"enemies":"Hexaghost","floor":16,"turns":1},{"damage":0,"enemies":"Chosen","floor":18,"turns":1},{"damage":0,"enemies":"2 Thieves","floor":19,"turns":1},{"damage":0,"enemies":"3 Cultists","floor":21,"turns":1},{"damage":0,"enemies":"Cultist and Chosen","floor":22,"turns":1},{"damage":0,"enemies":"Slavers","floor":24,"turns":1},{"damage":0,"enemies":"Snake Plant","floor":27,"turns":1},{"damage":0,"enemies":"3 Cultists","floor":29,"turns":1},{"damage":0,"enemies":"Snecko","floor":30,"turns":1},{"damage":0,"enemies":"Sentry and Sphere","floor":31,"turns":1},{"damage":0,"enemies":"Automaton","floor":33,"turns":1},{"damage":0,"enemies":"3 Darklings","floor":35,"turns":2},{"damage":0,"enemies":"Orb Walker","floor":37,"turns":1},{"damage":0,"enemies":"Maw","floor":38,"turns":1},{"damage":0,"enemies":"4 Shapes","floor":44,"turns":2},{"damage":0,"enemies":"3 Darklings","floor":45,"turns":1},{"damage":0,"enemies":"Transient","floor":46,"turns":1},{"damage":0,"enemies":"4 Shapes","floor":47,"turns":2},{"damage":0,"enemies":"Jaw Worm Horde","floor":48,"turns":1},{"damage":0,"enemies":"Time Eater","floor":50,"turns":1},{"damage":0,"enemies":"Shield and Spear","floor":54,"turns":1},{"damage":0,"enemies":"The Heart","floor":55,"turns":3}],"seed_played":"698361595016951868","potions_obtained":[],"is_trial":false,"path_per_floor":["M","?","?","$","M","M","E","?","T","M","R","E","M","?","R","B",null,"M","M","?","M","M","R","E","?","T","M","R","M","M","M","R_BF","B",null,"M","?","M","M","?","R","?","R","T","M","M","M","M","M","R","B",null,"R","$","E","B",null],"character_chosen":"OPM","items_purchased":[],"campfire_rested":7,"item_purchase_floors":[],"current_hp_per_floor":[999,999,999,999,999,999,999,999,999,999,999,999,999,920,920,920,920,920,920,920,920,920,920,920,920,920,920,920,920,920,920,920,920,920,920,874,874,874,874,874,874,874,874,874,874,874,874,874,874,874,874,874,874,874,874],"gold":1573,"neow_bonus":"THREE_ENEMY_KILL","is_daily":false,"chose_seed":false,"campfire_upgraded":0,"win_rate":0.0,"timestamp":1610337753,"path_taken":["M","?","?","$","M","M","E","?","T","M","R","E","M","?","R","BOSS","M","M","?","M","M","R","E","?","T","M","R","M","?","M","R_BF","BOSS","M","?","M","M","?","R","?","R","T","M","M","?","M","M","R","BOSS","R","$","E","BOSS"],"items_purchased_type":[],"build_version":"2020-12-22","purchased_purges":1,"victory":true,"max_hp_per_floor":[999,999,999,999,999,999,999,999,999,999,999,999,999,920,920,920,920,920,920,920,920,920,920,920,920,920,920,920,920,920,920,920,920,920,920,874,874,874,874,874,874,874,874,874,874,874,874,874,874,874,874,874,874,874,874],"card_choices":[{"not_picked":["Do_Nothing","Side_Hop","Hop"],"picked":"SKIP","floor":1},{"not_picked":["Ignore","Wear_Disguise","Slap"],"picked":"SKIP","floor":5},{"not_picked":["Slap","Normal_Punch","Hop"],"picked":"SKIP","floor":6},{"not_picked":["Hop","Side_Hop","Yawn"],"picked":"SKIP","floor":7},{"not_picked":["Slap","Side_Hop","Yawn"],"picked":"SKIP","floor":10},{"not_picked":["Consecutive_Normal_Punch","Normal_Punch","Terrifying_Presence"],"picked":"SKIP","floor":12},{"not_picked":["Do_Nothing","Slap","Ignore"],"picked":"SKIP","floor":13},{"not_picked":["Toss_Stone+1","Wear_Disguise","Do_Nothing"],"picked":"SKIP","floor":18},{"not_picked":["Hop","Ignore","Wear_Disguise"],"picked":"SKIP","floor":19},{"not_picked":["Hop+1","Toss_Stone","Yawn+1"],"picked":"SKIP","floor":21},{"not_picked":["Ignore","Yawn+1","Hop+1"],"picked":"SKIP","floor":22},{"not_picked":["Toss_Stone+1","Normal_Punch","Do_Nothing+1"],"picked":"SKIP","floor":24},{"not_picked":["Hop","Ignore","Side_Hop"],"picked":"SKIP","floor":27},{"not_picked":["Slap","Hop+1","Consecutive_Normal_Punch"],"picked":"SKIP","floor":29},{"not_picked":["Ignore","Hop","Consecutive_Normal_Punch"],"picked":"SKIP","floor":30},{"not_picked":["Ignore","Slap","Consecutive_Normal_Punch"],"picked":"SKIP","floor":31},{"not_picked":["Side_Hop","Toss_Stone+1","Consecutive_Normal_Punch"],"picked":"SKIP","floor":35},{"not_picked":["Do_Nothing","Yawn+1","Toss_Stone"],"picked":"SKIP","floor":37},{"not_picked":["Yawn","Slap+1","Do_Nothing"],"picked":"SKIP","floor":38},{"not_picked":["Consecutive_Normal_Punch+1","Yawn","Hop+1"],"picked":"SKIP","floor":44},{"not_picked":["Do_Nothing+1","Hop+1","Normal_Punch"],"picked":"SKIP","floor":45},{"not_picked":["Hop+1","Normal_Punch","Do_Nothing+1"],"picked":"SKIP","floor":46},{"not_picked":["Toss_Stone","Slap","Hop"],"picked":"SKIP","floor":47},{"not_picked":["Consecutive_Normal_Punch+1","Normal_Punch","Hop+1"],"picked":"SKIP","floor":48},{"not_picked":["Ignore+1","Toss_Stone+1","Hop+1"],"picked":"SKIP","floor":54}],"player_experience":183892,"relics_obtained":[],"event_choices":[{"damage_healed":0,"gold_gain":0,"player_choice":"Ignored","damage_taken":893,"max_hp_gain":0,"max_hp_loss":0,"event_name":"betterThird:BetterSerpent","floor":3,"gold_loss":0},{"damage_healed":0,"gold_gain":0,"player_choice":"Searched \u00272\u0027 times","damage_taken":0,"relics_obtained":["Onion Ring"],"max_hp_gain":0,"max_hp_loss":0,"event_name":"Dead Adventurer","floor":8,"gold_loss":0},{"damage_healed":0,"gold_gain":0,"player_choice":"Lose Max HP","damage_taken":0,"relics_obtained":["Golden Idol"],"max_hp_gain":0,"max_hp_loss":79,"event_name":"Golden Idol","floor":14,"gold_loss":0},{"cards_removed":["Hop"],"damage_healed":0,"gold_gain":0,"player_choice":"Gave Gold","damage_taken":0,"max_hp_gain":0,"max_hp_loss":0,"event_name":"Beggar","floor":20,"gold_loss":75},{"damage_healed":0,"gold_gain":0,"player_choice":"Ignored","damage_taken":0,"max_hp_gain":0,"max_hp_loss":0,"event_name":"WeMeetAgain","floor":25,"gold_loss":0},{"damage_healed":0,"gold_gain":0,"player_choice":"Max HP","damage_taken":0,"max_hp_gain":0,"max_hp_loss":46,"event_name":"Winding Halls","floor":36,"gold_loss":0},{"damage_healed":0,"gold_gain":0,"player_choice":"Got Potions","damage_taken":0,"max_hp_gain":0,"max_hp_loss":0,"event_name":"Lab","floor":41,"gold_loss":0}],"is_beta":false,"boss_relics":[{"not_picked":["SacredBark","Cursed Key","Replay:Bronze Core"]},{"not_picked":["Astrolabe","Replay:Drink Me","hubris:RunicObelisk"]}],"items_purged_floors":[4],"is_endless":false,"potions_floor_spawned":[1,6,7,12,24,29,30,31,33,37,44,45,47,54],"ascension_level":0}}