{"host":"7qoz5gmva6til3yp","time":1610388071,"event":{"mods":["AchievementEnabler","BaseMod","Minty Spire (QoL Compilation)","StSLib","SuperFastMode"],"gold_per_floor":[115,127,77,90,103,103,103,115,115,143,153,153,153,5,5,108,108,126,140,140,66,84,84,94,94,118,149,149,149,16,36,36,133,133,145,145,145,145,145,145,145,45,45,45,45],"floor_reached":44,"playtime":1307,"items_purged":["Pain","Decay"],"score":551,"play_id":"c2b9a9de-c6ce-4c06-b151-be6b01378b1c","local_time":"20210112030111","is_ascension_mode":true,"campfire_choices":[{"data":"Riddle With Holes","floor":6.0,"key":"SMITH"},{"floor":12.0,"key":"REST"},{"data":"Calculated Gamble","floor":15.0,"key":"SMITH"},{"floor":23.0,"key":"REST"},{"floor":25.0,"key":"REST"},{"floor":29.0,"key":"REST"},{"floor":32.0,"key":"REST"},{"floor":40,"key":"REST"}],"circlet_count":0,"master_deck":["Strike_G","Strike_G","Defend_G","Defend_G","Defend_G+1","Defend_G","Defend_G+1","Survivor","Neutralize","Trip","Masterful Stab","Riddle With Holes+1","Escape Plan","Blur","Calculated Gamble+1","Die Die Die","Footwork","Quick Slash+1","Tactician","Backstab","Predator+1","Flash of Steel","PiercingWail","A Thousand Cuts","Master of Strategy"],"relics":["Ring of the Snake","WarpedTongs","Pantograph","Juzu Bracelet","Empty Cage","War Paint","HoveringKite","Mercury Hourglass","Singing Bowl"],"acts_visited":["Exordium","TheCity","TheBeyond"],"potions_floor_usage":[],"damage_taken":[{"damage":0.0,"enemies":"2 Louse","floor":1.0,"turns":3.0},{"damage":0.0,"enemies":"Jaw Worm","floor":2.0,"turns":3.0},{"damage":0.0,"enemies":"Cultist","floor":4.0,"turns":2.0},{"damage":0.0,"enemies":"Blue Slaver","floor":5.0,"turns":3.0},{"damage":0.0,"enemies":"Exordium Wildlife","floor":8.0,"turns":3.0},{"damage":30.0,"enemies":"Gremlin Nob","floor":10.0,"turns":5.0},{"damage":0.0,"enemies":"Looter","floor":11.0,"turns":2.0},{"damage":20.0,"enemies":"Slime Boss","floor":16.0,"turns":9.0},{"damage":13.0,"enemies":"3 Byrds","floor":18.0,"turns":7.0},{"damage":8.0,"enemies":"Chosen","floor":19.0,"turns":3.0},{"damage":24.0,"enemies":"Snake Plant","floor":22.0,"turns":4.0},{"damage":19.0,"enemies":"Shelled Parasite and Fungi","floor":24.0,"turns":6.0},{"damage":49.0,"enemies":"Slavers","floor":27.0,"turns":8.0},{"damage":19.0,"enemies":"Chosen and Byrds","floor":31.0,"turns":8.0},{"damage":124.0,"enemies":"Champ","floor":33.0,"turns":20.0},{"damage":39.0,"enemies":"3 Darklings","floor":35.0,"turns":10.0},{"damage":56,"enemies":"Giant Head","floor":44,"turns":6}],"seed_played":"-7377532442096812055","potions_obtained":[{"floor":2.0,"key":"Regen Potion"},{"floor":8.0,"key":"SpeedPotion"},{"floor":11.0,"key":"Ancient Potion"},{"floor":24.0,"key":"Swift Potion"},{"floor":33.0,"key":"Weak Potion"}],"is_trial":false,"path_per_floor":["M","M","?","M","M","R","?","M","T","E","M","R","?","$","R","B",null,"M","M","?","$","M","R","M","R","T","E","?","R","$","M","R","B",null,"M","?","?","?","T","R","?","$","T","E"],"character_chosen":"THE_SILENT","items_purchased":["Calculated Gamble","Tactician","Flash of Steel","Strength Potion"],"campfire_rested":6,"item_purchase_floors":[14,21,30,30],"current_hp_per_floor":[63,63,63,63,63,63,63,63,63,33,33,54,54,54,54,50,65,52,44,44,44,20,41,37,58,58,9,9,30,30,11,32,33,61,22,22,12,12,12,31,31,31,31,0,0],"gold":45,"neow_bonus":"RANDOM_COLORLESS","is_daily":false,"chose_seed":false,"campfire_upgraded":2,"win_rate":0.0,"timestamp":1610388071,"path_taken":["M","M","?","M","M","R","?","?","T","E","M","R","?","$","R","BOSS","M","M","?","$","M","R","M","R","T","E","?","R","$","M","R","BOSS","M","?","?","?","?","R","?","$","T","E"],"items_purchased_type":["Card","Card","Card","Potion"],"build_version":"2020-12-22","purchased_purges":2,"victory":false,"max_hp_per_floor":[70,70,70,70,70,70,70,70,70,70,70,70,70,70,70,70,70,70,70,70,70,70,70,70,70,70,70,70,70,70,70,70,70,70,70,70,70,66,66,66,66,66,66,66,66],"card_choices":[{"not_picked":["Bandage Up","Madness"],"picked":"Trip","floor":0.0},{"not_picked":["Cloak And Dagger","Skewer"],"picked":"Masterful Stab","floor":1.0},{"not_picked":["Infinite Blades","Reflex"],"picked":"Riddle With Holes","floor":2.0},{"not_picked":["Dodge and Roll","Reflex","Bane"],"picked":"SKIP","floor":4.0},{"not_picked":["Blade Dance","Acrobatics"],"picked":"Escape Plan","floor":5.0},{"not_picked":["Noxious Fumes","Poisoned Stab","Flying Knee"],"picked":"SKIP","floor":8.0},{"not_picked":["Flying Knee","A Thousand Cuts"],"picked":"Blur","floor":10.0},{"not_picked":["Sucker Punch","Outmaneuver","All Out Attack"],"picked":"SKIP","floor":11.0},{"not_picked":["Venomology","Tools of the Trade"],"picked":"Die Die Die","floor":16.0},{"not_picked":["Escape Plan","Sucker Punch+1"],"picked":"Footwork","floor":18.0},{"not_picked":["Calculated Gamble","Underhanded Strike"],"picked":"Quick Slash+1","floor":19.0},{"not_picked":["Deadly Poison","Prepared","Riddle With Holes"],"picked":"SKIP","floor":22.0},{"not_picked":["Slice","PiercingWail"],"picked":"Backstab","floor":24.0},{"not_picked":["Prepared","Masterful Stab"],"picked":"Predator+1","floor":27.0},{"not_picked":["Outmaneuver","Riddle With Holes"],"picked":"PiercingWail","floor":31.0},{"not_picked":["Wraith Form v2","Tools of the Trade"],"picked":"A Thousand Cuts","floor":33.0},{"not_picked":["Bouncing Flask+1","Escape Plan","Sucker Punch"],"picked":"SKIP","floor":35.0},{"not_picked":["Deep Breath","Impatience"],"picked":"Master of Strategy","floor":37}],"player_experience":333421,"relics_obtained":[{"floor":9.0,"key":"Pantograph"},{"floor":10.0,"key":"Juzu Bracelet"},{"floor":26.0,"key":"War Paint"},{"floor":39,"key":"Mercury Hourglass"},{"floor":43,"key":"Singing Bowl"}],"event_choices":[{"cards_removed":["Strike_G"],"damage_healed":0.0,"max_hp_gain":0.0,"max_hp_loss":0.0,"gold_gain":0.0,"event_name":"The Cleric","player_choice":"Card Removal","floor":3.0,"gold_loss":50.0,"damage_taken":0.0},{"damage_healed":0.0,"max_hp_gain":0.0,"max_hp_loss":0.0,"gold_gain":0.0,"event_name":"Accursed Blacksmith","player_choice":"Rummage","floor":7.0,"gold_loss":0.0,"damage_taken":0.0,"relics_obtained":["WarpedTongs"],"cards_obtained":["Pain"]},{"damage_healed":0.0,"max_hp_gain":0.0,"max_hp_loss":0.0,"gold_gain":0.0,"event_name":"Liars Game","player_choice":"Ignored","floor":13.0,"gold_loss":0.0,"damage_taken":0.0},{"damage_healed":0.0,"max_hp_gain":0.0,"max_hp_loss":0.0,"gold_gain":0.0,"event_name":"Ghosts","player_choice":"Ignored","floor":20.0,"gold_loss":0.0,"damage_taken":0.0},{"damage_healed":0.0,"max_hp_gain":0.0,"max_hp_loss":0.0,"gold_gain":0.0,"event_name":"Forgotten Altar","player_choice":"Smashed Altar","floor":28.0,"gold_loss":0.0,"damage_taken":0.0,"cards_obtained":["Decay"]},{"damage_healed":0.0,"max_hp_gain":0.0,"max_hp_loss":0.0,"gold_gain":0.0,"event_name":"Tomb of Lord Red Mask","player_choice":"Ignored","floor":36.0,"gold_loss":0.0,"damage_taken":0.0},{"damage_healed":0,"gold_gain":0,"player_choice":"Memory 3","damage_taken":10,"max_hp_gain":0,"max_hp_loss":0,"event_name":"SensoryStone","floor":37,"gold_loss":0},{"damage_healed":0,"gold_gain":0,"player_choice":"Max HP","damage_taken":0,"max_hp_gain":0,"max_hp_loss":4,"event_name":"Winding Halls","floor":38,"gold_loss":0},{"damage_healed":0,"gold_gain":0,"player_choice":"Ignored","damage_taken":0,"max_hp_gain":0,"max_hp_loss":0,"event_name":"Duplicator","floor":41,"gold_loss":0}],"is_beta":false,"boss_relics":[{"not_picked":["SacredBark","Philosopher\u0027s Stone"],"picked":"Empty Cage"},{"not_picked":["Calling Bell","Runic Pyramid"],"picked":"HoveringKite"}],"items_purged_floors":[14,42],"is_endless":false,"potions_floor_spawned":[2,8,11,22,24,27,31,33],"killed_by":"Giant Head","ascension_level":6}}