{"host":"ci7cmvrwpmzqnw7e","time":1610343424,"event":{"mods":["BaseMod","BetterRewards","Colored Map","Downfall","GungeonMod","Highlight Path","Hubris","Infinite Spire","Minty Spire (QoL Compilation)","Random Character Button","Rare Cards Sparkle","Replay The Spire","Shop Mod","StSLib","The Disciple","The Forsaken","The Necromancer"],"gold_per_floor":[99,117,153,153,164,164,164,76,95,95,110,137,153,179,190,190,190,190],"floor_reached":16,"playtime":720,"items_purged":[],"score":112,"play_id":"6b5462f7-06ef-4418-a2bf-0d8280508b59","local_time":"20210110223704","is_ascension_mode":false,"campfire_choices":[{"data":"hexamod:ThermalTransfer","floor":6,"key":"SMITH"},{"floor":10,"key":"REST"}],"circlet_count":0,"master_deck":["hexamod:Strike","hexamod:Strike","hexamod:Strike","hexamod:Defend","hexamod:Defend","hexamod:Defend","hexamod:Defend","hexamod:Sear+1","hexamod:Float","hexamod:RainOfEmbers","hexamod:Firestarter","hexamod:ThermalTransfer+1","hexamod:GhostflameInferno","hexamod:FlamesFromBeyond","hexamod:BurningTouch","hexamod:RecurringNightmare","hexamod:PhantomCloak","hexamod:ThermalTransfer"],"relics":["hexamod:SpiritBrand","hubris:64BitClover","Letter Opener","FossilizedHelix","Juzu Bracelet"],"acts_visited":["Exordium"],"potions_floor_usage":[],"damage_taken":[{"damage":11,"enemies":"2 Louse","floor":2,"turns":3},{"damage":6,"enemies":"Small Slimes","floor":5,"turns":4},{"damage":0,"enemies":"downfall:FleeingMerchant","floor":8,"turns":4},{"damage":0,"enemies":"Cultist","floor":9,"turns":3},{"damage":0,"enemies":"Blue Slaver","floor":11,"turns":3},{"damage":20,"enemies":"3 Sentries","floor":12,"turns":6},{"damage":0,"enemies":"Large Slime","floor":13,"turns":3},{"damage":7,"enemies":"Lagavulin","floor":14,"turns":5},{"damage":6,"enemies":"2 Fungi Beasts","floor":15,"turns":3},{"damage":33,"enemies":"downfall:Ironclad","floor":16,"turns":6}],"seed_played":"7056350303157574757","potions_obtained":[{"floor":9,"key":"Swift Potion"},{"floor":11,"key":"BlessingOfTheForge"},{"floor":12,"key":"Guardian:BlockOnCardUsePotion"}],"is_trial":false,"path_per_floor":["R_BF","M","?","?","M","R","T","$","M","R","M","E","M","E","M","B"],"character_chosen":"THE_SPIRIT","items_purchased":["hexamod:FlamesFromBeyond"],"campfire_rested":1,"item_purchase_floors":[8],"current_hp_per_floor":[70,59,42,42,36,36,36,36,36,57,57,37,37,30,24,0,0,0],"gold":190,"neow_bonus":"REMOVE_CARD","is_daily":false,"chose_seed":false,"campfire_upgraded":1,"win_rate":0.0,"timestamp":1610343424,"path_taken":["R_BF","M","?","?","M","R","T","$","M","R","M","E","M","E","M","BOSS"],"items_purchased_type":["Card"],"build_version":"2020-12-22","purchased_purges":0,"victory":false,"max_hp_per_floor":[70,70,70,70,70,70,70,70,70,70,70,70,70,70,70,70,70,70],"card_choices":[{"not_picked":["hexamod:HauntingEcho","hexamod:StepThrough"],"picked":"hexamod:RainOfEmbers","floor":2},{"not_picked":["hexamod:GhostLash","hexamod:BacktrackSmack"],"picked":"hexamod:Firestarter","floor":3},{"not_picked":["hexamod:BacktrackSmack","hexamod:SwordOfDarkness"],"picked":"hexamod:ThermalTransfer","floor":5},{"not_picked":["hexamod:NecessarySacrifice","hexamod:ThermalTransfer"],"picked":"hexamod:GhostflameInferno","floor":8},{"not_picked":["hexamod:NightmareStrike","hexamod:GhostShield"],"picked":"hexamod:BurningTouch","floor":9},{"not_picked":["hexamod:BacktrackSmack","hexamod:AdvancingGuard","hexamod:ThirdSeal"],"picked":"SKIP","floor":11},{"not_picked":["hexamod:NightmareStrike","hexamod:Hexaguard"],"picked":"hexamod:RecurringNightmare","floor":12},{"not_picked":["hexamod:NightmareStrike","hexamod:NightmareGuise"],"picked":"hexamod:PhantomCloak","floor":13},{"not_picked":["hexamod:CatchUp","hexamod:GhostShield"],"picked":"hexamod:ThermalTransfer","floor":14},{"not_picked":["hexamod:Rewind","hexamod:InspiringFlames","hexamod:FastForward"],"picked":"SKIP","floor":15}],"player_experience":48157,"relics_obtained":[{"floor":3,"key":"hubris:64BitClover"},{"floor":7,"key":"Letter Opener"},{"floor":12,"key":"FossilizedHelix"},{"floor":14,"key":"Juzu Bracelet"}],"event_choices":[{"damage_healed":0,"gold_gain":0,"player_choice":"Forge","damage_taken":0,"max_hp_gain":0,"max_hp_loss":0,"event_name":"Accursed Blacksmith","floor":4,"gold_loss":0,"cards_upgraded":["hexamod:Sear"]}],"is_beta":false,"boss_relics":[],"items_purged_floors":[],"is_endless":false,"potions_floor_spawned":[9,11,12],"killed_by":"downfall:Ironclad","ascension_level":0}}