{"host":"asr1p6fhnuo0l7xu","time":1610325892,"event":{"mods":["BaseMod","Downfall","Minty Spire (QoL Compilation)","StSLib","The Cursed"],"gold_per_floor":[118,118,118,16,16,16,49,61,61,77,94,128,128,141,141,237,237,256,256,256,269,282,282,297,297,322,422,441,25,25,36,36,138,138,158,158,208,221,234,234,251,283,283,283,302,312,327,33,33,33],"floor_reached":51,"playtime":6162,"items_purged":["Regret","Writhe"],"score":691,"play_id":"94d4cf71-9cc2-4f6b-abf6-d3a9654e89a9","local_time":"20210110194452","is_ascension_mode":false,"campfire_choices":[{"floor":6,"key":"REST"},{"floor":13,"key":"REST"},{"floor":15,"key":"REST"},{"floor":23,"key":"REST"},{"floor":25,"key":"REST"},{"floor":30,"key":"REST"},{"floor":32,"key":"REST"},{"floor":40,"key":"REST"},{"floor":49,"key":"REST"}],"circlet_count":0,"master_deck":["Strike_B+1","Strike_B+1","Strike_B+1","Defend_B+1","Defend_B+1","Defend_B+1","Zap+1","Dualcast+1","Chill","Barrage","Ball Lightning","Rebound","Redo+1","Cold Snap","Capacitor","Leap","Amplify","Leap+1","Turbo","Doom and Gloom","Defragment","Go for the Eyes","Chaos+1","Glacier","Creative AI","Undo","Thinking Ahead","Finesse","Chrysalis","Redo+1","White Noise","BootSequence","Stack","Zap","Sunder+1","Reboot","Parasite","Stack+1"],"relics":["FrozenCore","Orichalcum","WingedGreaves","Matryoshka","HornCleat","Darkstone Periapt","War Paint","Empty Cage","Vajra","Potion Belt","Bird Faced Urn","Bottled Flame","Mercury Hourglass","Girya","Pantograph","Lizard Tail","Lantern"],"acts_visited":["Exordium","TheCity","TheBeyond"],"potions_floor_usage":[7,12,24,27,31,33,33,33,33,37,47,50],"damage_taken":[{"damage":1,"enemies":"Jaw Worm","floor":1,"turns":3},{"damage":16,"enemies":"Gremlin Nob","floor":7,"turns":4},{"damage":0,"enemies":"Small Slimes","floor":8,"turns":2},{"damage":0,"enemies":"Cultist","floor":10,"turns":2},{"damage":5,"enemies":"Gremlin Gang","floor":11,"turns":3},{"damage":5,"enemies":"3 Sentries","floor":12,"turns":6},{"damage":3,"enemies":"Red Slaver","floor":14,"turns":3},{"damage":24,"enemies":"Hexaghost","floor":16,"turns":11},{"damage":8,"enemies":"Chosen","floor":18,"turns":5},{"damage":4,"enemies":"Spheric Guardian","floor":21,"turns":4},{"damage":10,"enemies":"3 Cultists","floor":22,"turns":6},{"damage":23,"enemies":"Shelled Parasite and Fungi","floor":24,"turns":6},{"damage":23,"enemies":"Colosseum Slavers","floor":27,"turns":5},{"damage":22,"enemies":"Colosseum Nobs","floor":27,"turns":6},{"damage":9,"enemies":"Snake Plant","floor":28,"turns":4},{"damage":5,"enemies":"Cultist and Chosen","floor":31,"turns":4},{"damage":32,"enemies":"Automaton","floor":33,"turns":10},{"damage":12,"enemies":"3 Darklings","floor":35,"turns":8},{"damage":1,"enemies":"Mind Bloom Boss Battle","floor":37,"turns":9},{"damage":5,"enemies":"3 Shapes","floor":38,"turns":5},{"damage":42,"enemies":"Sphere and 2 Shapes","floor":39,"turns":5},{"damage":26,"enemies":"Maw","floor":41,"turns":9},{"damage":29,"enemies":"Nemesis","floor":42,"turns":11},{"damage":3,"enemies":"3 Darklings","floor":45,"turns":8},{"damage":24,"enemies":"Spire Growth","floor":46,"turns":7},{"damage":31,"enemies":"Writhing Mass","floor":47,"turns":9},{"damage":144,"enemies":"Time Eater","floor":50,"turns":19}],"seed_played":"-3433469164642870447","potions_obtained":[{"floor":1,"key":"DuplicationPotion"},{"floor":7,"key":"GamblersBrew"},{"floor":11,"key":"FairyPotion"},{"floor":16,"key":"PotionOfCapacity"},{"floor":22,"key":"GamblersBrew"},{"floor":27,"key":"Ancient Potion"},{"floor":31,"key":"BlessingOfTheForge"},{"floor":35,"key":"hexamod:EctoCoolerPotion"},{"floor":38,"key":"SmokeBomb"},{"floor":39,"key":"Swift Potion"},{"floor":46,"key":"sneckomod:MuddlingPotion"},{"floor":47,"key":"DistilledChaos"}],"is_trial":false,"path_per_floor":["M","?","?","$","?","R","E","M","T","M","M","E","R","M","R","B",null,"M","?","$","M","M","R","M","R","T","?","M","$","R","M","R","B",null,"M","?","?","M","M","R","M","E","T","?","M","M","M","$","R","B",null],"character_chosen":"DEFECT","items_purchased":["Barrage","Mercury Hourglass","champ:CounterPotion","Explosive Potion","EssenceOfSteel","Lantern","Energy Potion"],"campfire_rested":9,"item_purchase_floors":[4,29,29,29,29,48,48],"current_hp_per_floor":[74,74,74,74,59,75,59,59,59,59,54,49,71,68,75,51,75,67,67,67,63,53,75,52,74,74,29,22,22,44,43,65,37,75,65,55,68,69,37,59,45,34,34,40,47,35,16,16,42,43],"gold":33,"neow_bonus":"RANDOM_COMMON_RELIC","is_daily":false,"chose_seed":false,"campfire_upgraded":0,"win_rate":0.0,"timestamp":1610325892,"path_taken":["M","?","?","$","?","R","E","M","T","M","M","E","R","M","R","BOSS","M","?","$","M","M","R","M","R","T","?","M","$","R","M","R","BOSS","M","?","?","M","M","R","M","E","T","?","?","?","M","$","R","BOSS"],"items_purchased_type":["Card","Relic","Potion","Potion","Potion","Relic","Potion"],"build_version":"2020-12-22","purchased_purges":2,"victory":true,"max_hp_per_floor":[75,75,75,75,75,75,75,75,75,75,75,75,75,75,75,75,75,75,75,75,75,75,75,75,75,75,75,75,75,75,75,75,75,75,75,75,75,75,75,75,75,75,75,81,81,81,87,87,87,87],"card_choices":[{"not_picked":["Consume","Cold Snap"],"picked":"Chill","floor":1},{"not_picked":["Stack","Tempest"],"picked":"Ball Lightning","floor":7},{"not_picked":["Static Discharge","Tempest"],"picked":"Rebound","floor":8},{"not_picked":["Rip and Tear","Chaos"],"picked":"Redo","floor":10},{"not_picked":["Sunder","Chill"],"picked":"Cold Snap","floor":11},{"not_picked":["Rainbow","Doom and Gloom"],"picked":"Capacitor","floor":12},{"not_picked":["Coolheaded","Beam Cell"],"picked":"Leap","floor":14},{"not_picked":["Biased Cognition","Electrodynamics"],"picked":"Amplify","floor":16},{"not_picked":["Auto Shields+1","Hologram"],"picked":"Leap+1","floor":18},{"not_picked":["Go for the Eyes","Steam"],"picked":"Turbo","floor":21},{"not_picked":["Conserve Battery","Sweeping Beam+1"],"picked":"Doom and Gloom","floor":22},{"not_picked":["Tempest","Steam"],"picked":"Defragment","floor":24},{"not_picked":["Stack+1","Skim"],"picked":"Go for the Eyes","floor":27},{"not_picked":["Beam Cell+1","Reprogram"],"picked":"Chaos+1","floor":28},{"not_picked":["Hologram","Chaos+1"],"picked":"Glacier","floor":31},{"not_picked":["Fission","Machine Learning"],"picked":"Creative AI","floor":33},{"not_picked":["Capacitor","Reinforced Body+1"],"picked":"Undo","floor":35},{"not_picked":["expansioncontent:QuickStudy","Chrysalis"],"picked":"Thinking Ahead","floor":36},{"not_picked":["PanicButton","expansioncontent:BronzeBeam"],"picked":"Finesse","floor":36},{"not_picked":["Metamorphosis","expansioncontent:QuickStudy"],"picked":"Chrysalis","floor":36},{"not_picked":["Hologram","Gash"],"picked":"Redo+1","floor":37},{"not_picked":["Doom and Gloom+1","Hello World+1"],"picked":"White Noise","floor":38},{"not_picked":["Leap","Turbo"],"picked":"BootSequence","floor":39},{"not_picked":["Rebound","Undo"],"picked":"Stack","floor":41},{"not_picked":["Beam Cell+1","Barrage+1","Coolheaded+1"],"picked":"SKIP","floor":42},{"not_picked":["Rebound","Turbo"],"picked":"Sunder+1","floor":45},{"not_picked":["Compile Driver+1","Reinforced Body+1"],"picked":"Reboot","floor":46},{"not_picked":["Steam","Compile Driver"],"picked":"Stack+1","floor":47}],"player_experience":41010,"relics_obtained":[{"floor":7,"key":"Matryoshka"},{"floor":9,"key":"HornCleat"},{"floor":9,"key":"Darkstone Periapt"},{"floor":12,"key":"War Paint"},{"floor":26,"key":"Vajra"},{"floor":26,"key":"Potion Belt"},{"floor":27,"key":"Bird Faced Urn"},{"floor":27,"key":"Bottled Flame"},{"floor":37,"key":"Girya"},{"floor":42,"key":"Pantograph"},{"floor":43,"key":"Lizard Tail"}],"event_choices":[{"damage_healed":0,"gold_gain":0,"player_choice":"Box","damage_taken":0,"relics_obtained":["WingedGreaves"],"max_hp_gain":0,"max_hp_loss":0,"event_name":"Big Fish","floor":2,"gold_loss":0,"cards_obtained":["Regret"]},{"damage_healed":0,"gold_gain":0,"player_choice":"Grow","damage_taken":0,"max_hp_gain":0,"max_hp_loss":0,"event_name":"Living Wall","floor":3,"gold_loss":0,"cards_upgraded":["Zap"]},{"damage_healed":0,"gold_gain":0,"player_choice":"Entered Light","damage_taken":15,"max_hp_gain":0,"max_hp_loss":0,"event_name":"Shining Light","floor":5,"gold_loss":0,"cards_upgraded":["Dualcast","Defend_B"]},{"damage_healed":0,"gold_gain":0,"player_choice":"Simplicity","damage_taken":0,"max_hp_gain":0,"max_hp_loss":0,"event_name":"Back to Basics","floor":19,"gold_loss":0,"cards_upgraded":["Strike_B","Strike_B","Strike_B","Defend_B"]},{"damage_healed":0,"gold_gain":0,"player_choice":"Fight","damage_taken":0,"max_hp_gain":0,"max_hp_loss":0,"event_name":"Colosseum","floor":27,"gold_loss":0},{"damage_healed":0,"gold_gain":0,"player_choice":"Fought Nobs","damage_taken":0,"max_hp_gain":0,"max_hp_loss":0,"event_name":"Colosseum","floor":27,"gold_loss":0},{"damage_healed":0,"gold_gain":0,"player_choice":"Memory 3","damage_taken":10,"max_hp_gain":0,"max_hp_loss":0,"event_name":"SensoryStone","floor":36,"gold_loss":0},{"damage_healed":0,"gold_gain":0,"player_choice":"Fight","damage_taken":0,"max_hp_gain":0,"max_hp_loss":0,"event_name":"MindBloom","floor":37,"gold_loss":0},{"damage_healed":0,"gold_gain":0,"player_choice":"2 cards matched","damage_taken":0,"max_hp_gain":0,"max_hp_loss":0,"event_name":"Match and Keep!","floor":44,"gold_loss":0,"cards_obtained":["Zap","Writhe"]}],"is_beta":false,"boss_relics":[{"not_picked":["Runic Dome","Runic Pyramid"],"picked":"Empty Cage"},{"not_picked":["Coffee Dripper","Black Star"],"picked":"FrozenCore"}],"items_purged_floors":[4,48],"is_endless":false,"potions_floor_spawned":[1,7,11,16,22,27,31,35,38,39,46,47],"ascension_level":0}}