{"host":"2xi35nzst5j6xtbr","time":1610359351,"event":{"mods":["BaseMod","Colored Map","Colored Powertips","Dota2Spire","Downfall","Minty Spire (QoL Compilation)","Replay The Spire","Shop Mod","StSLib","The Gatherer","¡¾ÒÅÎï¿¨ÅÆ¡¿REMEMod"],"gold_per_floor":[110,122,138,158,171,171,202,202,229,241,80,106,106,120,120,222,222,238,82,7,7,7,7],"floor_reached":21,"playtime":2066,"items_purged":["sneckomod:UnknownRareSkill"],"score":191,"play_id":"c8cd6ce5-df9b-41d2-bb8f-7da5806653fd","local_time":"20210111180231","daily_mods":["SealedDeck","Heirloom","Time Dilation","Flight"],"is_ascension_mode":false,"metric_token":725,"campfire_choices":[{"data":"Gatherer:ScrollOfWall","floor":6,"key":"SMITH"},{"data":"Gatherer:Misfortune","floor":8,"key":"SMITH"},{"floor":13,"key":"REST"},{"data":"Gatherer:RecipeChange","floor":15,"key":"SMITH"}],"circlet_count":0,"master_deck":["Gatherer:Misfortune+1","Gatherer:AcidicSpray","Gatherer:Misfortune","Gatherer:AromaProtection","Gatherer:TreeGrowth","Gatherer:AlchemyTrial","Gatherer:DrugPower","Gatherer:AlchemyTrial","Gatherer:QuickSynthesis","Gatherer:QuickSynthesis","Gatherer:ScrollOfWall+1","Gatherer:TreeGrowth","Gatherer:QuickSynthesis","Gatherer:CarefulStrike","Gatherer:Overflowing","Gatherer:Pollute","Gatherer:MindSearch","Gatherer:RecipeChange+1","Gatherer:Frenzy","Gatherer:Overflowing","Gatherer:UpgradeBag","Gatherer:LesserPotionOption"],"relics":["Gatherer:AlchemyBag","REME_ComplimentaryCards","BranchBurnRelic","Replay:WaspNest","Dota2Spire:EchoSabre","Juzu Bracelet","ChewingGum","MerchantsRug"],"acts_visited":["Exordium","TheCity"],"potions_floor_usage":[7,10,12,16,16],"damage_taken":[{"damage":0,"enemies":"Small Slimes","floor":1,"turns":2},{"damage":0,"enemies":"2 Louse","floor":2,"turns":1},{"damage":0,"enemies":"Cultist","floor":3,"turns":4},{"damage":0,"enemies":"Large Slime","floor":4,"turns":5},{"damage":5,"enemies":"Gremlin Gang","floor":5,"turns":4},{"damage":13,"enemies":"Lagavulin","floor":7,"turns":4},{"damage":9,"enemies":"Lots of Slimes","floor":10,"turns":3},{"damage":16,"enemies":"3 Sentries","floor":12,"turns":5},{"damage":1,"enemies":"2 Fungi Beasts","floor":14,"turns":2},{"damage":20,"enemies":"Fading Forest","floor":16,"turns":11},{"damage":15,"enemies":"2 Thieves","floor":18,"turns":4},{"damage":0,"enemies":"Spheric Guardian","floor":21,"turns":3}],"seed_played":"3920151781561673853","potions_obtained":[{"floor":1,"key":"Toxic Potion"},{"floor":3,"key":"DuplicationPotion"},{"floor":7,"key":"LifebloodPotion"},{"floor":10,"key":"Poison Potion"},{"floor":14,"key":"SpeedPotion"},{"floor":18,"key":"PowerPotion"}],"is_trial":true,"path_per_floor":["M","M","M","M","M","R","E","R","T","M","$","E","R","M","R","B",null,"M","$","$","M"],"character_chosen":"THE_GATHERER","items_purchased":["Gatherer:MindSearch","MerchantsRug"],"campfire_rested":1,"item_purchase_floors":[11,19],"current_hp_per_floor":[72,72,72,72,67,67,62,62,62,62,62,46,67,72,72,55,72,57,57,57,57,57,57],"gold":7,"neow_bonus":"","is_daily":false,"chose_seed":false,"campfire_upgraded":3,"win_rate":0.0,"timestamp":1610359351,"path_taken":["M","M","M","M","M","R","E","R","T","M","$","E","R","M","R","BOSS","M","$","$","M"],"items_purchased_type":["Card","Relic"],"build_version":"2020-12-22","purchased_purges":1,"victory":false,"max_hp_per_floor":[72,72,72,72,72,72,72,72,72,72,72,72,72,72,72,72,72,72,72,72,72,72,72],"card_choices":[{"not_picked":["Gatherer:FeelingFine","Gatherer:AromaProtection"],"picked":"Gatherer:ScrollOfWall","floor":1},{"not_picked":["Gatherer:AcidicSpray","Gatherer:FragileHammer"],"picked":"Gatherer:TreeGrowth","floor":2},{"not_picked":["Gatherer:TreeGrowth","Gatherer:PotentialSlash","Gatherer:EnergyBasket"],"picked":"SKIP","floor":3},{"not_picked":["Gatherer:Snatch","Gatherer:FlowerFalling"],"picked":"Gatherer:QuickSynthesis","floor":4},{"not_picked":["Gatherer:Frenzy","Gatherer:BambuSword"],"picked":"Gatherer:CarefulStrike","floor":5},{"not_picked":["Gatherer:Uplift","Gatherer:ScherryThrow"],"picked":"Gatherer:Overflowing","floor":7},{"not_picked":["Gatherer:EnergyBasket","Gatherer:WoolGloves"],"picked":"Gatherer:Pollute","floor":10},{"not_picked":["Gatherer:SaveValuables","Gatherer:Snatch"],"picked":"Gatherer:RecipeChange","floor":12},{"not_picked":["Gatherer:ScrollOfWall","Gatherer:FlowerShield"],"picked":"Gatherer:Frenzy","floor":14},{"not_picked":["Gatherer:Bulldoze","Gatherer:HeartToFruit"],"picked":"Gatherer:Overflowing","floor":16},{"not_picked":["Gatherer:CarefulStrike","Gatherer:Snatch"],"picked":"Gatherer:UpgradeBag","floor":18}],"player_experience":104089,"relics_obtained":[{"floor":7,"key":"Replay:WaspNest"},{"floor":9,"key":"Dota2Spire:EchoSabre"},{"floor":12,"key":"Juzu Bracelet"}],"event_choices":[],"is_beta":false,"boss_relics":[{"not_picked":["Empty Cage","Calling Bell"],"picked":"ChewingGum"}],"items_purged_floors":[20],"is_endless":false,"potions_floor_spawned":[1,3,7,10,14,18],"killed_by":"Spheric Guardian","ascension_level":0}}