{"host":"3y2rtlgteqp2nuo3","time":1610385834,"event":{"mods":["2.2 Compatiblity","AchievementEnabler","BaseMod","Colored Map","DeckTracker","Highlight Path","Keyboard Shortcuts","Minty Spire (QoL Compilation)","Permanent Neow","Quick Restart","StSLib","SuperFastMode","everything is the same but u backflip on backflip"],"gold_per_floor":[117,128,139,64,75,75,95,124,203,203,214,242,261,292,292,292,292],"floor_reached":16,"playtime":505,"items_purged":["Strike_G"],"score":167,"play_id":"20cd3156-2bab-4cc6-ac36-75b88327e79b","local_time":"20210112022354","is_ascension_mode":true,"campfire_choices":[{"floor":6.0,"key":"REST"},{"floor":10,"key":"REST"},{"data":"Adrenaline","floor":15,"key":"SMITH"}],"circlet_count":0,"master_deck":["Strike_G","Strike_G","Strike_G","Strike_G","Defend_G","Defend_G","Defend_G","Defend_G","Defend_G","Survivor","Neutralize+1","Flying Knee","Poisoned Stab","Sucker Punch","Poisoned Stab","Adrenaline+1","Dagger Throw","Noxious Fumes","Backflip","Burst"],"relics":["Ring of the Snake","Nunchaku","Eternal Feather","Bird Faced Urn","Toy Ornithopter"],"acts_visited":["Exordium"],"potions_floor_usage":[7,14,14,16],"damage_taken":[{"damage":0.0,"enemies":"Jaw Worm","floor":1.0,"turns":5.0},{"damage":1.0,"enemies":"Small Slimes","floor":2.0,"turns":5.0},{"damage":0.0,"enemies":"Cultist","floor":3.0,"turns":4.0},{"damage":25.0,"enemies":"Gremlin Gang","floor":5.0,"turns":6.0},{"damage":18,"enemies":"Exordium Wildlife","floor":7,"turns":4},{"damage":20,"enemies":"Lagavulin","floor":8,"turns":5},{"damage":16,"enemies":"Exordium Thugs","floor":11,"turns":4},{"damage":6,"enemies":"Gremlin Nob","floor":12,"turns":3},{"damage":0,"enemies":"Large Slime","floor":13,"turns":4},{"damage":20,"enemies":"Lagavulin","floor":14,"turns":5},{"damage":23,"enemies":"Slime Boss","floor":16,"turns":4}],"seed_played":"-8926720312384749545","potions_obtained":[{"floor":2.0,"key":"AttackPotion"},{"floor":5.0,"key":"SneckoOil"},{"floor":8,"key":"Swift Potion"},{"floor":11,"key":"GamblersBrew"}],"is_trial":false,"path_per_floor":["M","M","M","$","M","R","M","E","T","R","M","E","M","E","R","B"],"character_chosen":"THE_SILENT","items_purchased":[],"campfire_rested":2,"item_purchase_floors":[],"current_hp_per_floor":[63,62,62,62,37,58,40,20,20,50,34,28,30,12,24,8,8],"gold":292,"neow_bonus":"UPGRADE_CARD","is_daily":false,"chose_seed":false,"campfire_upgraded":1,"win_rate":0.0,"timestamp":1610385834,"path_taken":["M","M","M","$","M","R","M","E","T","R","M","E","M","E","R","BOSS"],"items_purchased_type":[],"build_version":"2020-12-22","purchased_purges":1,"victory":false,"max_hp_per_floor":[70,70,70,70,70,70,70,70,70,70,70,70,70,70,70,70,70],"card_choices":[{"not_picked":["Quick Slash","Bane"],"picked":"Flying Knee","floor":1.0},{"not_picked":["Heel Hook","Setup"],"picked":"Poisoned Stab","floor":2.0},{"not_picked":["Sucker Punch","Endless Agony","Skewer"],"picked":"SKIP","floor":3.0},{"not_picked":["Endless Agony","Skewer"],"picked":"Sucker Punch","floor":3.0},{"not_picked":["Sucker Punch","Flying Knee","Poisoned Stab"],"picked":"SKIP","floor":5.0},{"not_picked":["Dodge and Roll","Skewer"],"picked":"Poisoned Stab","floor":7},{"not_picked":["Dagger Spray","Setup"],"picked":"Adrenaline","floor":8},{"not_picked":["Riddle With Holes","Flying Knee"],"picked":"Dagger Throw","floor":11},{"not_picked":["Dagger Throw","Flying Knee"],"picked":"Noxious Fumes","floor":12},{"not_picked":["Cloak And Dagger","Acrobatics"],"picked":"Backflip","floor":13},{"not_picked":["Prepared","Finisher"],"picked":"Burst","floor":14}],"player_experience":673214,"relics_obtained":[{"floor":8,"key":"Nunchaku"},{"floor":9,"key":"Eternal Feather"},{"floor":12,"key":"Bird Faced Urn"},{"floor":14,"key":"Toy Ornithopter"}],"event_choices":[],"is_beta":false,"boss_relics":[],"items_purged_floors":[4],"is_endless":false,"potions_floor_spawned":[2,5,8,11,13],"killed_by":"Slime Boss","ascension_level":7}}