{"host":"gzk4gkgy3zij1c51","time":1610348407,"event":{"mods":["BaseMod","Colored Map","Highlight Path","Marked Mod","Minty Spire (QoL Compilation)","Relic Stats","StSLib","everything is the same but u backflip on backflip"],"gold_per_floor":[113,113,113,78,103,143,143,164,189,212,246,23,57,76,76,195,195,211,224,75,91,6,6,6],"floor_reached":23,"playtime":1648,"items_purged":["Strike_P"],"score":278,"play_id":"7e6572fc-8b37-40c1-afb1-208004b34579","local_time":"20210111070007","is_ascension_mode":true,"campfire_choices":[{"data":"TalkToTheHand","floor":7.0,"key":"SMITH"},{"data":"ThirdEye","floor":15.0,"key":"SMITH"}],"circlet_count":0,"master_deck":["Strike_P","Strike_P","Defend_P","Defend_P","Defend_P","Defend_P","Eruption","Vigilance","TalkToTheHand+1","Meditate","Consecrate","Evaluate","ReachHeaven","ThirdEye+1","MarkedMod:Acupuncture","FearNoEvil","ConjureBlade","Wireheading","Wallop+1","LikeWater","Collect","Prostrate"],"relics":["PureWater","Golden Idol","Akabeko","Potion Belt","Pantograph","Lee\u0027s Waffle","Strawberry","VioletLotus","Anchor"],"acts_visited":["Exordium","TheCity"],"potions_floor_usage":[],"damage_taken":[{"damage":5.0,"enemies":"Small Slimes","floor":1.0,"turns":4.0},{"damage":2.0,"enemies":"Jaw Worm","floor":5.0,"turns":4.0},{"damage":25.0,"enemies":"Gremlin Nob","floor":6.0,"turns":4.0},{"damage":0.0,"enemies":"2 Louse","floor":8.0,"turns":3.0},{"damage":4.0,"enemies":"Blue Slaver","floor":10.0,"turns":3.0},{"damage":20.0,"enemies":"Lagavulin","floor":11.0,"turns":4.0},{"damage":45.0,"enemies":"Gremlin Nob","floor":13.0,"turns":4.0},{"damage":2.0,"enemies":"Red Slaver","floor":14.0,"turns":3.0},{"damage":22.0,"enemies":"Hexaghost","floor":16.0,"turns":11.0},{"damage":18.0,"enemies":"Shell Parasite","floor":18.0,"turns":6.0},{"damage":30,"enemies":"3 Byrds","floor":19,"turns":6},{"damage":37,"enemies":"Shelled Parasite and Fungi","floor":21,"turns":11},{"damage":16,"enemies":"Book of Stabbing","floor":23,"turns":3}],"seed_played":"606804385510515045","potions_obtained":[{"floor":1.0,"key":"Dexterity Potion"},{"floor":6.0,"key":"Weak Potion"},{"floor":14.0,"key":"Energy Potion"},{"floor":18.0,"key":"Ancient Potion"}],"is_trial":false,"path_per_floor":["M","?","?","?","M","E","R","M","T","M","E","$","E","M","R","B",null,"M","M","$","M","?","E"],"character_chosen":"WATCHER","items_purchased":["Lee\u0027s Waffle","LikeWater","Collect"],"campfire_rested":0,"item_purchase_floors":[12,20,20],"current_hp_per_floor":[74,74,55,74,72,47,47,47,47,43,23,86,48,46,46,49,93,75,45,45,8,8,0,0],"gold":6,"neow_bonus":"TEN_PERCENT_HP_BONUS","is_daily":false,"chose_seed":false,"campfire_upgraded":2,"win_rate":0.0,"timestamp":1610348407,"path_taken":["M","?","?","?","M","E","R","?","T","M","E","$","E","M","R","BOSS","M","M","$","M","?","E"],"items_purchased_type":["Relic","Card","Card"],"build_version":"2020-12-22","purchased_purges":1,"victory":false,"max_hp_per_floor":[79,79,79,79,79,79,79,79,79,79,79,86,93,93,93,93,93,93,93,93,93,93,93,93],"relic_stats":{"Lee\u0027s Waffle":63,"counters":[13,66],"Golden Idol":73,"Pantograph":25,"VioletLotus":[5],"obtain_stats":[{"Potion Belt":9,"Lee\u0027s Waffle":12,"Anchor":22,"Golden Idol":3,"Pantograph":11,"Strawberry":13,"VioletLotus":17,"PureWater":0,"Akabeko":6},{"Potion Belt":4,"Lee\u0027s Waffle":6,"Anchor":12,"Golden Idol":1,"Pantograph":6,"Strawberry":7,"VioletLotus":9,"PureWater":0,"Akabeko":3},{"Potion Belt":15,"Lee\u0027s Waffle":22,"Anchor":63,"Golden Idol":4,"Pantograph":22,"Strawberry":26,"VioletLotus":40,"PureWater":0,"Akabeko":12}]},"card_choices":[{"not_picked":["Worship","FearNoEvil"],"picked":"TalkToTheHand","floor":1.0},{"not_picked":["FlurryOfBlows","FlyingSleeves"],"picked":"Consecrate","floor":5.0},{"not_picked":["SashWhip","FlurryOfBlows"],"picked":"Evaluate","floor":6.0},{"not_picked":["TalkToTheHand","MentalFortress"],"picked":"ReachHeaven","floor":8.0},{"not_picked":["WaveOfTheHand","EmptyBody"],"picked":"ThirdEye","floor":10.0},{"not_picked":["Adaptation","ConjureBlade"],"picked":"MarkedMod:Acupuncture","floor":11.0},{"not_picked":["EmptyFist","Meditate","Evaluate"],"picked":"SKIP","floor":13.0},{"not_picked":["EmptyFist","SignatureMove"],"picked":"FearNoEvil","floor":14.0},{"not_picked":["DeusExMachina","Omniscience"],"picked":"ConjureBlade","floor":16.0},{"not_picked":["EmptyFist","EmptyBody"],"picked":"Wireheading","floor":18.0},{"not_picked":["MentalFortress","ClearTheMind"],"picked":"Wallop+1","floor":19},{"not_picked":["FlurryOfBlows","EmptyBody"],"picked":"Prostrate","floor":21}],"player_experience":581239,"relics_obtained":[{"floor":6.0,"key":"Akabeko"},{"floor":9.0,"key":"Potion Belt"},{"floor":11.0,"key":"Pantograph"},{"floor":13.0,"key":"Strawberry"}],"event_choices":[{"damage_healed":0.0,"max_hp_gain":0.0,"max_hp_loss":0.0,"gold_gain":0.0,"cards_transformed":["Strike_P"],"event_name":"Living Wall","player_choice":"Change","floor":2.0,"gold_loss":0.0,"damage_taken":0.0,"cards_obtained":["Meditate"]},{"damage_healed":0.0,"max_hp_gain":0.0,"max_hp_loss":0.0,"gold_gain":0.0,"event_name":"Golden Idol","player_choice":"Take Damage","floor":3.0,"gold_loss":0.0,"damage_taken":19.0,"relics_obtained":["Golden Idol"]},{"damage_healed":19.0,"max_hp_gain":0.0,"max_hp_loss":0.0,"gold_gain":0.0,"event_name":"The Cleric","player_choice":"Healed","floor":4.0,"gold_loss":35.0,"damage_taken":0.0},{"damage_healed":0,"gold_gain":0,"player_choice":"Obtained Relic","damage_taken":0,"relics_obtained":["Anchor"],"max_hp_gain":0,"max_hp_loss":0,"event_name":"Addict","floor":22,"gold_loss":85}],"is_beta":false,"boss_relics":[{"not_picked":["Calling Bell","Sozu"],"picked":"VioletLotus"}],"items_purged_floors":[12],"is_endless":false,"potions_floor_spawned":[1,6,14,18],"killed_by":"Book of Stabbing","ascension_level":4}}