{"host":"w97dq1whmpm6b2tc","time":1610390933,"event":{"mods":["BaseMod","Challenge The Spire","Downfall","Minty Spire (QoL Compilation)","Replay The Spire","StSLib","The Animator"],"gold_per_floor":[119,119,119,142,157,165,165],"floor_reached":6,"playtime":589,"items_purged":[],"score":72,"play_id":"e51f7a90-78d4-4978-ab51-60da5f69b672","local_time":"20210111204853","is_ascension_mode":true,"campfire_choices":[],"circlet_count":0,"master_deck":["AscendersBane","animator:AcuraAkari","animator:Gillette","animator:Chris","animator:Tyuule","animator:Envy","animator:AcuraAkari","animator:Layla","animator:PinaCoLada","animator:YunYun"],"relics":["animator:TheMissingPiece","Pandora\u0027s Box"],"acts_visited":["Exordium"],"potions_floor_usage":[],"damage_taken":[{"damage":7,"enemies":"Small Slimes","floor":1,"turns":3},{"damage":3,"enemies":"2 Louse","floor":4,"turns":3},{"damage":8,"enemies":"Jaw Worm","floor":5,"turns":2},{"damage":53,"enemies":"Gremlin Nob","floor":6,"turns":4}],"seed_played":"-3947304163800129706","potions_obtained":[{"floor":4,"key":"GamblersBrew"},{"floor":5,"key":"Swift Potion"}],"is_trial":false,"path_per_floor":["M","?","?","M","M","E"],"character_chosen":"THE_ANIMATOR","items_purchased":[],"campfire_rested":0,"item_purchase_floors":[],"current_hp_per_floor":[47,40,40,37,29,0,0],"gold":165,"neow_bonus":"BOSS_RELIC","is_daily":false,"chose_seed":false,"campfire_upgraded":0,"win_rate":0.0,"timestamp":1610390933,"path_taken":["M","?","?","M","M","E"],"items_purchased_type":[],"build_version":"2020-12-22","purchased_purges":0,"victory":false,"max_hp_per_floor":[60,60,60,60,60,60,60],"card_choices":[{"not_picked":["animator:Assassin","animator:YaoHaDucy","animator:EmiyaShirou"],"picked":"SKIP","floor":1},{"not_picked":["animator:Assassin","animator:Rider","animator:Bozes"],"picked":"SKIP","floor":4},{"not_picked":["animator:RoyMustang","animator:Millim","animator:DolaRiku"],"picked":"SKIP","floor":5}],"player_experience":4392451,"relics_obtained":[],"event_choices":[{"cards_removed":["animator:Rider"],"damage_healed":0,"gold_gain":0,"player_choice":"Card Removal","damage_taken":7,"max_hp_gain":0,"max_hp_loss":0,"event_name":"Golden Wing","floor":2,"gold_loss":0},{"damage_healed":0,"gold_gain":0,"player_choice":"Ignored","damage_taken":0,"max_hp_gain":0,"max_hp_loss":0,"event_name":"Shining Light","floor":3,"gold_loss":0}],"is_beta":false,"boss_relics":[],"items_purged_floors":[],"is_endless":false,"potions_floor_spawned":[4,5],"killed_by":"Gremlin Nob","ascension_level":20}}