{"host":"kw4o7b3ro2ktmmbe","time":1610337194,"event":{"mods":["BaseMod","Evolution","Minty Spire (QoL Compilation)","StSLib","TheArtist"],"gold_per_floor":[118,168,180,199,210,210,230,230,230,180,190,208,218,238,238,338,338,349,448,459,459,459,459],"floor_reached":22,"playtime":2919,"items_purged":[],"score":182,"play_id":"f38b40e3-375c-43ed-a18c-278028757c3b","local_time":"20210111165314","is_ascension_mode":false,"campfire_choices":[{"floor":6,"key":"REST"},{"floor":8,"key":"REST"},{"floor":15,"key":"REST"}],"circlet_count":0,"master_deck":["artistmod:StrokeStrike","artistmod:StrokeStrike","artistmod:StrokeStrike","artistmod:DaringDefend","artistmod:DaringDefend","artistmod:DaringDefend","artistmod:DaringDefend","artistmod:BrushBash","artistmod:DarkenDrawing","artistmod:CursedClash","artistmod:RedRage","artistmod:CursedClash","artistmod:BlueBrews","artistmod:FantasyForm","artistmod:TreasureTrove","artistmod:BrownBrush","artistmod:DarkerDanger","artistmod:RadicalRainbows","artistmod:PurplePurpose","artistmod:GreenGreed+1"],"relics":["EVO:Axolotl","Fusion Hammer","Letter Opener","SacredBark","Blue Candle"],"acts_visited":["Exordium","TheCity"],"potions_floor_usage":[13,16,18,20,20,20],"damage_taken":[{"damage":4,"enemies":"Cultist","floor":1,"turns":4},{"damage":0,"enemies":"2 Louse","floor":3,"turns":2},{"damage":0,"enemies":"Small Slimes","floor":4,"turns":3},{"damage":8,"enemies":"3 Louse","floor":5,"turns":3},{"damage":3,"enemies":"Large Slime","floor":7,"turns":7},{"damage":5,"enemies":"Looter","floor":11,"turns":2},{"damage":27,"enemies":"Exordium Wildlife","floor":12,"turns":5},{"damage":13,"enemies":"3 Louse","floor":13,"turns":4},{"damage":7,"enemies":"2 Fungi Beasts","floor":14,"turns":4},{"damage":15,"enemies":"Slime Boss","floor":16,"turns":10},{"damage":17,"enemies":"3 Byrds","floor":18,"turns":4},{"damage":27,"enemies":"2 Thieves","floor":20,"turns":3},{"damage":32,"enemies":"Snake Plant","floor":22,"turns":5}],"seed_played":"4032804934154706597","potions_obtained":[{"floor":3,"key":"LiquidBronze"},{"floor":7,"key":"Regen Potion"},{"floor":13,"key":"Energy Potion"},{"floor":14,"key":"BlessingOfTheForge"},{"floor":16,"key":"Energy Potion"},{"floor":18,"key":"Fire Potion"}],"is_trial":false,"path_per_floor":["M","?","M","M","M","R","M","R","T","?","M","M","M","M","R","B",null,"M","?","M","?","M"],"character_chosen":"THE_ARTIST","items_purchased":[],"campfire_rested":3,"item_purchase_floors":[],"current_hp_per_floor":[67,67,67,67,59,71,68,71,71,71,66,39,35,28,49,34,71,54,54,27,27,0,0],"gold":459,"neow_bonus":"BOSS_RELIC","is_daily":false,"chose_seed":false,"campfire_upgraded":0,"win_rate":0.0,"timestamp":1610337194,"path_taken":["M","?","M","M","M","R","M","R","T","?","M","M","M","M","R","BOSS","M","?","M","?","M"],"items_purchased_type":[],"build_version":"2020-12-22","purchased_purges":0,"victory":false,"max_hp_per_floor":[71,71,71,71,71,71,71,71,71,71,71,71,71,71,71,71,71,71,71,71,71,71,71],"card_choices":[{"not_picked":["artistmod:BrownBrush","artistmod:AquaAnnoyance"],"picked":"artistmod:CursedClash","floor":1},{"not_picked":["artistmod:BrownBrush","artistmod:CanvasCatapult"],"picked":"artistmod:RedRage","floor":3},{"not_picked":["artistmod:ChosenColors","artistmod:InsaneInspiration"],"picked":"artistmod:CursedClash","floor":4},{"not_picked":["artistmod:RedRage","artistmod:SuperbSchooling"],"picked":"artistmod:BlueBrews","floor":5},{"not_picked":["artistmod:SweepingSadness","artistmod:ClearChroma"],"picked":"artistmod:FantasyForm","floor":7},{"not_picked":["artistmod:ClearChroma","artistmod:DualDash"],"picked":"artistmod:TreasureTrove","floor":11},{"not_picked":["artistmod:RedRazzing","artistmod:ColoredCollision"],"picked":"artistmod:BrownBrush","floor":12},{"not_picked":["artistmod:ColoredCollision","artistmod:ColorfulClobber"],"picked":"artistmod:DarkerDanger","floor":13},{"not_picked":["artistmod:AquaAnnoyance","artistmod:ChromaCrash","artistmod:SimpleStudies"],"picked":"SKIP","floor":14},{"not_picked":["artistmod:AquaAnger","artistmod:ArtificialArt"],"picked":"artistmod:RadicalRainbows","floor":16},{"not_picked":["artistmod:ChromaCrash","artistmod:MagentaMadness"],"picked":"artistmod:PurplePurpose","floor":18},{"not_picked":["artistmod:CursedClash","artistmod:EnlightenedEpiphany"],"picked":"artistmod:GreenGreed+1","floor":20}],"player_experience":1828590,"relics_obtained":[{"floor":9,"key":"Letter Opener"}],"event_choices":[{"damage_healed":0,"gold_gain":50,"player_choice":"Gained Gold","damage_taken":0,"max_hp_gain":0,"max_hp_loss":0,"event_name":"Golden Wing","floor":2,"gold_loss":0},{"cards_removed":["artistmod:StrokeStrike"],"damage_healed":0,"gold_gain":0,"player_choice":"Card Removal","damage_taken":0,"max_hp_gain":0,"max_hp_loss":0,"event_name":"The Cleric","floor":10,"gold_loss":50},{"damage_healed":0,"gold_gain":99,"player_choice":"Stole From Cult","damage_taken":0,"max_hp_gain":0,"max_hp_loss":0,"event_name":"Nest","floor":19,"gold_loss":0},{"damage_healed":0,"gold_gain":0,"player_choice":"Opened","damage_taken":0,"relics_obtained":["Blue Candle"],"max_hp_gain":0,"max_hp_loss":0,"event_name":"The Mausoleum","floor":21,"gold_loss":0}],"is_beta":false,"boss_relics":[{"not_picked":["Empty Cage","Tiny House"],"picked":"SacredBark"}],"items_purged_floors":[],"is_endless":false,"potions_floor_spawned":[3,7,13,14,16,18],"killed_by":"Snake Plant","ascension_level":0}}