{"host":"2lo6hma6kymb0g9i","time":1610345520,"event":{"mods":["BaseMod","Colored Map","DeckTracker","Minty Spire (QoL Compilation)"],"gold_per_floor":[19,19,19,34,47,47,65,65,92,92,118,118,168,93,93,168,168,185,284,297,53,53,53],"floor_reached":22,"playtime":1299,"items_purged":["Strike_B","Strike_B"],"score":300,"play_id":"4cdac7c2-a322-490b-a12c-2cbca9264420","local_time":"20210111151200","is_ascension_mode":true,"campfire_choices":[{"data":"Cold Snap","floor":6,"key":"SMITH"},{"data":"Zap","floor":8,"key":"SMITH"},{"data":"Go for the Eyes","floor":12,"key":"SMITH"},{"floor":15,"key":"REST"}],"circlet_count":0,"master_deck":["AscendersBane","Strike_B+1","Defend_B","Defend_B","Defend_B","Defend_B","Zap+1","Dualcast+1","Cold Snap+1","Go for the Eyes+1","Capacitor","Gash","Echo Form","Redo","Beam Cell"],"relics":["Cracked Core","Unceasing Top","Lantern","Boot","MealTicket","OrangePellets"],"acts_visited":["Exordium","TheCity"],"potions_floor_usage":[5,16,20,20],"damage_taken":[{"damage":9,"enemies":"Jaw Worm","floor":1,"turns":4},{"damage":0,"enemies":"Cultist","floor":4,"turns":3},{"damage":5,"enemies":"2 Louse","floor":5,"turns":2},{"damage":0,"enemies":"Exordium Wildlife","floor":7,"turns":3},{"damage":16,"enemies":"Lagavulin","floor":11,"turns":8},{"damage":6,"enemies":"The Guardian","floor":16,"turns":10},{"damage":3,"enemies":"3 Byrds","floor":18,"turns":5},{"damage":30,"enemies":"Spheric Guardian","floor":20,"turns":6},{"damage":79,"enemies":"Masked Bandits","floor":22,"turns":4}],"seed_played":"8957906879768568321","potions_obtained":[{"floor":4,"key":"BlessingOfTheForge"},{"floor":5,"key":"Fruit Juice"},{"floor":7,"key":"ColorlessPotion"},{"floor":18,"key":"Regen Potion"}],"is_trial":false,"path_per_floor":["M","?","$","M","M","R","M","R","T","?","E","R","T","$","R","B",null,"M","?","M","$","?"],"character_chosen":"DEFECT","items_purchased":["OrangePellets"],"campfire_rested":1,"item_purchase_floors":[21],"current_hp_per_floor":[59,59,59,59,59,59,59,59,59,43,27,27,27,42,66,60,75,72,72,56,71,0,0],"gold":53,"neow_bonus":"ONE_RARE_RELIC","is_daily":false,"chose_seed":false,"campfire_upgraded":3,"win_rate":0.0,"timestamp":1610345520,"path_taken":["M","?","?","?","M","R","M","R","T","?","E","R","?","$","R","BOSS","M","?","M","$","?"],"items_purchased_type":["Relic"],"build_version":"2020-12-22","purchased_purges":2,"victory":false,"max_hp_per_floor":[75,75,75,75,80,80,80,80,80,80,80,80,80,80,80,80,80,80,80,80,80,80,80],"card_choices":[{"not_picked":["Ball Lightning","Steam Power","Sweeping Beam"],"picked":"SKIP","floor":1},{"not_picked":["Conserve Battery","Hologram"],"picked":"Cold Snap","floor":4},{"not_picked":["Scrape","Static Discharge"],"picked":"Go for the Eyes","floor":5},{"not_picked":["Ball Lightning","Coolheaded"],"picked":"Capacitor","floor":7},{"not_picked":["Sweeping Beam","Steam"],"picked":"Gash","floor":11},{"not_picked":["Core Surge","Amplify"],"picked":"Echo Form","floor":16},{"not_picked":["Self Repair","Turbo"],"picked":"Redo","floor":18},{"not_picked":["Steam","Tempest"],"picked":"Beam Cell","floor":20}],"player_experience":1021307,"relics_obtained":[{"floor":9,"key":"Lantern"},{"floor":11,"key":"Boot"},{"floor":13,"key":"MealTicket"}],"event_choices":[{"cards_removed":["Strike_B"],"damage_healed":0,"gold_gain":0,"player_choice":"Forget","damage_taken":0,"max_hp_gain":0,"max_hp_loss":0,"event_name":"Living Wall","floor":2,"gold_loss":0},{"damage_healed":0,"gold_gain":0,"player_choice":"Entered Light","damage_taken":16,"max_hp_gain":0,"max_hp_loss":0,"event_name":"Shining Light","floor":10,"gold_loss":0,"cards_upgraded":["Dualcast","Strike_B"]},{"damage_healed":0,"gold_gain":99,"player_choice":"Stole From Cult","damage_taken":0,"max_hp_gain":0,"max_hp_loss":0,"event_name":"Nest","floor":19,"gold_loss":0},{"damage_healed":0,"gold_gain":0,"player_choice":"Fought Bandits","damage_taken":0,"max_hp_gain":0,"max_hp_loss":0,"event_name":"Masked Bandits","floor":22,"gold_loss":0}],"is_beta":false,"boss_relics":[{"not_picked":["Calling Bell","Philosopher\u0027s Stone","Runic Pyramid"]}],"items_purged_floors":[14,21],"is_endless":false,"potions_floor_spawned":[4,5,7,18],"killed_by":"Masked Bandits","ascension_level":13}}