{"host":"ktoxvvst1mwxww91","time":1610376218,"event":{"mods":["BaseMod","Hermit","Minty Spire (QoL Compilation)","StSLib","The Hierophant","The Mystic","The Necromancer"],"gold_per_floor":[116,39,4,4,22,22,53,66,91,151,171,171,171,218,230,320,332,354,393,320,345,371,383,383],"floor_reached":23,"playtime":1027,"items_purged":[],"score":338,"play_id":"a7d6ad9f-6f2a-4214-bfc6-d8a97e3791de","local_time":"20210111154338","is_ascension_mode":true,"campfire_choices":[{"data":"Footwork","floor":6.0,"key":"SMITH"},{"data":"Noxious Fumes","floor":12.0,"key":"SMITH"},{"floor":15.0,"key":"REST"}],"circlet_count":0,"master_deck":["AscendersBane","Strike_G","Strike_G","Strike_G","Defend_G","Defend_G","Defend_G","Defend_G","Defend_G","Survivor","Neutralize","Dash","All Out Attack","Footwork+1","Bullet Time","Footwork","Slice","Noxious Fumes+1","Escape Plan","Bouncing Flask","Deadly Poison","Blur"],"relics":["Ring of the Snake","Regal Pillow","Tiny Chest","Nunchaku","MawBank","Bronze Scales","Black Star","Happy Flower","Question Card"],"acts_visited":["Exordium","TheCity"],"potions_floor_usage":[22,22],"damage_taken":[{"damage":3.0,"enemies":"2 Louse","floor":1.0,"turns":4.0},{"damage":0.0,"enemies":"Jaw Worm","floor":5.0,"turns":4.0},{"damage":6.0,"enemies":"3 Sentries","floor":7.0,"turns":11.0},{"damage":0.0,"enemies":"Cultist","floor":8.0,"turns":5.0},{"damage":8.0,"enemies":"3 Sentries","floor":10.0,"turns":9.0},{"damage":0.0,"enemies":"Blue Slaver","floor":11.0,"turns":5.0},{"damage":32.0,"enemies":"Lagavulin","floor":14.0,"turns":7.0},{"damage":46.0,"enemies":"Slime Boss","floor":16.0,"turns":11.0},{"damage":9.0,"enemies":"Spheric Guardian","floor":18.0,"turns":6.0},{"damage":9.0,"enemies":"Chosen","floor":21.0,"turns":6.0},{"damage":25,"enemies":"Snake Plant","floor":22,"turns":4},{"damage":10,"enemies":"Slavers","floor":23,"turns":1}],"seed_played":"-5998109142721913565","potions_obtained":[{"floor":5.0,"key":"EssenceOfSteel"},{"floor":7.0,"key":"Ancient Potion"},{"floor":10.0,"key":"Weak Potion"},{"floor":14.0,"key":"DuplicationPotion"},{"floor":16.0,"key":"PowerPotion"},{"floor":18.0,"key":"Strength Potion"}],"is_trial":false,"path_per_floor":["M","$","?","?","M","R","E","M","T","?","M","R","?","E","R","B",null,"M","T","?","M","M","E"],"character_chosen":"THE_SILENT","items_purchased":["Footwork"],"campfire_rested":1,"item_purchase_floors":[2],"current_hp_per_floor":[56,56,66,66,66,66,60,60,60,52,52,52,49,17,51,5,51,42,42,42,33,8,0,0],"gold":383,"neow_bonus":"TRANSFORM_CARD","is_daily":false,"chose_seed":false,"campfire_upgraded":2,"win_rate":0.0,"timestamp":1610376218,"path_taken":["M","$","?","?","M","R","E","M","T","?","?","R","?","E","R","BOSS","M","?","?","M","M","E"],"items_purchased_type":["Card"],"build_version":"2020-12-22","purchased_purges":0,"victory":false,"max_hp_per_floor":[66,66,66,66,66,66,66,66,66,66,66,66,66,66,66,66,66,66,66,66,66,66,66,66],"card_choices":[{"not_picked":["Prepared","Well Laid Plans"],"picked":"All Out Attack","floor":1.0},{"not_picked":["Outmaneuver","Poisoned Stab"],"picked":"Footwork","floor":5.0},{"not_picked":["Masterful Stab","Outmaneuver","Prepared"],"picked":"SKIP","floor":7.0},{"not_picked":["Predator","Masterful Stab"],"picked":"Slice","floor":8.0},{"not_picked":["Bane","Eviscerate"],"picked":"Noxious Fumes","floor":10.0},{"not_picked":["Catalyst","Slice"],"picked":"Escape Plan","floor":11.0},{"not_picked":["Burst","Quick Slash"],"picked":"Bouncing Flask","floor":14.0},{"not_picked":["Eviscerate","Dagger Spray","Sucker Punch"],"picked":"SKIP","floor":18.0},{"not_picked":["Deflect","Prepared","Quick Slash"],"picked":"Deadly Poison","floor":21.0},{"not_picked":["PiercingWail","Outmaneuver","Storm of Steel"],"picked":"Blur","floor":22}],"player_experience":989008,"relics_obtained":[{"floor":7.0,"key":"Regal Pillow"},{"floor":9.0,"key":"Tiny Chest"},{"floor":10.0,"key":"Nunchaku"},{"floor":14.0,"key":"Bronze Scales"},{"floor":19.0,"key":"Happy Flower"}],"event_choices":[{"damage_healed":16.0,"max_hp_gain":0.0,"max_hp_loss":0.0,"gold_gain":0.0,"event_name":"The Cleric","player_choice":"Healed","floor":3.0,"gold_loss":35.0,"damage_taken":0.0},{"damage_healed":0.0,"max_hp_gain":0.0,"max_hp_loss":0.0,"gold_gain":0.0,"cards_transformed":["Strike_G"],"event_name":"Living Wall","player_choice":"Change","floor":4.0,"gold_loss":0.0,"damage_taken":0.0,"cards_obtained":["Bullet Time"]},{"damage_healed":0.0,"max_hp_gain":0.0,"max_hp_loss":0.0,"gold_gain":0.0,"event_name":"Dead Adventurer","player_choice":"Searched \u00271\u0027 times","floor":10.0,"gold_loss":0.0,"damage_taken":0.0},{"damage_healed":0.0,"max_hp_gain":0.0,"max_hp_loss":0.0,"gold_gain":0.0,"event_name":"Scrap Ooze","player_choice":"Success","floor":13.0,"gold_loss":0.0,"damage_taken":3.0,"relics_obtained":["MawBank"]},{"damage_healed":0.0,"max_hp_gain":0.0,"max_hp_loss":0.0,"gold_gain":0.0,"event_name":"Addict","player_choice":"Obtained Relic","floor":20.0,"gold_loss":85.0,"damage_taken":0.0,"relics_obtained":["Question Card"]}],"is_beta":false,"boss_relics":[{"not_picked":["Runic Dome","Coffee Dripper"],"picked":"Black Star"}],"items_purged_floors":[],"is_endless":false,"potions_floor_spawned":[5,7,10,14,16,18],"killed_by":"Slavers","ascension_level":14}}