{"host":"fwszrsv3xaezmgui","time":1610332319,"event":{"mods":["BaseMod","Highlight Path","Minty Spire (QoL Compilation)","Quick Restart"],"gold_per_floor":[209,11,24,99,112,143,143,176,202,202,220,249,249,11,11,106,106,123,123,137,28,45,45,80,92,92,92,191,204,237,237,237,341,341,352,362,52,0,999,999,999],"floor_reached":40,"playtime":5949,"items_purged":[],"score":517,"play_id":"8c99766a-2697-4b57-b5ad-be78a1e752fc","local_time":"20210110213159","is_ascension_mode":false,"campfire_choices":[{"floor":7.0,"key":"REST"},{"floor":10.0,"key":"REST"},{"data":"Fusion","floor":15.0,"key":"SMITH"},{"data":"Rainbow","floor":23.0,"key":"SMITH"},{"floor":27.0,"key":"REST"},{"data":"Zap","floor":32.0,"key":"SMITH"}],"circlet_count":0,"master_deck":["Strike_B","Strike_B","Strike_B","Strike_B","Defend_B+1","Defend_B","Defend_B+1","Defend_B","Zap+1","Dualcast","Beam Cell","Stack","Ball Lightning","Sweeping Beam","Conserve Battery","Melter","Coolheaded","Fusion+1","Rainbow+1","Steam","Coolheaded+1","Bandage Up","Sweeping Beam","Blizzard+1","Static Discharge+1","Coolheaded+1","BootSequence+1","Loop+1","Fission+1","Barrage+1","Go for the Eyes+1","Coolheaded+1","Melter","Darkness+1","Normality","Normality"],"relics":["Medical Kit","Happy Flower","Anchor","War Paint","Bronze Scales","Eternal Feather","Runic Pyramid","Nloth\u0027s Gift","Toxic Egg 2","Matryoshka","Bottled Flame","SlaversCollar","PreservedInsect","Red Mask"],"acts_visited":["Exordium","TheCity","TheBeyond"],"potions_floor_usage":[36],"damage_taken":[{"damage":5.0,"enemies":"2 Louse","floor":1.0,"turns":3.0},{"damage":0.0,"enemies":"Small Slimes","floor":3.0,"turns":3.0},{"damage":6.0,"enemies":"Jaw Worm","floor":5.0,"turns":2.0},{"damage":21.0,"enemies":"3 Sentries","floor":6.0,"turns":6.0},{"damage":6.0,"enemies":"Gremlin Nob","floor":8.0,"turns":3.0},{"damage":0.0,"enemies":"Exordium Thugs","floor":11.0,"turns":4.0},{"damage":10.0,"enemies":"3 Sentries","floor":12.0,"turns":5.0},{"damage":8.0,"enemies":"Slime Boss","floor":16.0,"turns":11.0},{"damage":2.0,"enemies":"2 Thieves","floor":18.0,"turns":4.0},{"damage":0.0,"enemies":"Chosen","floor":20.0,"turns":6.0},{"damage":5.0,"enemies":"Snake Plant","floor":22.0,"turns":4.0},{"damage":36.0,"enemies":"Slavers","floor":24.0,"turns":6.0},{"damage":12.0,"enemies":"Centurion and Healer","floor":25.0,"turns":8.0},{"damage":16.0,"enemies":"3 Cultists","floor":29.0,"turns":4.0},{"damage":5.0,"enemies":"Book of Stabbing","floor":30.0,"turns":6.0},{"damage":41.0,"enemies":"Champ","floor":33.0,"turns":13.0},{"damage":0,"enemies":"Orb Walker","floor":35,"turns":4},{"damage":20,"enemies":"3 Darklings","floor":36,"turns":4},{"damage":5,"enemies":"Giant Head","floor":40,"turns":3}],"seed_played":"3853596244110242587","potions_obtained":[{"floor":5.0,"key":"PotionOfCapacity"},{"floor":11.0,"key":"SkillPotion"},{"floor":12.0,"key":"Energy Potion"},{"floor":20.0,"key":"SteroidPotion"},{"floor":25.0,"key":"Strength Potion"},{"floor":30.0,"key":"Explosive Potion"},{"floor":33.0,"key":"SmokeBomb"},{"floor":36,"key":"BlessingOfTheForge"}],"is_trial":false,"path_per_floor":["M","$","M","?","M","E","R","E","T","R","M","E","?","$","R","B",null,"M","?","M","$","M","R","E","M","T","R","?","M","E","?","R","B",null,"M","M","$","?","?","E"],"character_chosen":"DEFECT","items_purchased":["Medical Kit","Stack","Eternal Feather","Bandage Up","Sweeping Beam","PreservedInsect","Coolheaded+1","Melter","Darkness+1"],"campfire_rested":3,"item_purchase_floors":[2,2,14,21,21,37,37,37,37],"current_hp_per_floor":[70,70,70,59,53,32,54,48,48,70,70,60,60,60,69,61,75,73,73,73,73,72,75,43,35,35,72,72,56,55,55,70,33,75,75,55,55,55,55,50,50],"gold":999,"neow_bonus":"HUNDRED_GOLD","is_daily":false,"chose_seed":false,"campfire_upgraded":3,"win_rate":0.0,"timestamp":1610332319,"path_taken":["M","$","M","?","M","E","R","E","T","R","M","E","?","$","R","BOSS","M","?","M","?","M","R","E","M","T","R","?","M","E","?","R","BOSS","M","M","$","?","?","E"],"items_purchased_type":["Relic","Card","Relic","Card","Card","Relic","Card","Card","Card"],"build_version":"2020-12-22","purchased_purges":0,"victory":false,"max_hp_per_floor":[75,75,75,75,75,75,75,75,75,75,75,75,75,75,75,75,75,75,75,75,75,75,75,75,75,75,75,75,75,75,75,75,75,75,75,75,75,75,75,75,75],"card_choices":[{"not_picked":["Reprogram","Leap"],"picked":"Beam Cell","floor":1.0},{"not_picked":["Leap","Lockon"],"picked":"Ball Lightning","floor":3.0},{"not_picked":["Storm","Ball Lightning"],"picked":"Streamline","floor":5.0},{"not_picked":["Genetic Algorithm","Self Repair"],"picked":"Sweeping Beam","floor":6.0},{"not_picked":["Compile Driver","White Noise"],"picked":"Conserve Battery","floor":8.0},{"not_picked":["Sweeping Beam","Fusion"],"picked":"Melter","floor":11.0},{"not_picked":["Tempest","Doom and Gloom"],"picked":"Coolheaded","floor":12.0},{"not_picked":["Amplify","Biased Cognition"],"picked":"Rainbow","floor":16.0},{"not_picked":["Coolheaded","Glacier+1"],"picked":"Steam","floor":18.0},{"not_picked":["Sweeping Beam","Streamline"],"picked":"Coolheaded+1","floor":20.0},{"not_picked":["Genetic Algorithm","Ball Lightning"],"picked":"Blizzard+1","floor":22.0},{"not_picked":["Amplify+1","Loop+1"],"picked":"Static Discharge+1","floor":24.0},{"not_picked":["Storm","Defragment+1"],"picked":"Coolheaded+1","floor":25.0},{"not_picked":["Darkness+1","Stack+1"],"picked":"BootSequence+1","floor":29.0},{"not_picked":["Doom and Gloom","Darkness+1"],"picked":"Loop+1","floor":30.0},{"not_picked":["All For One","Buffer"],"picked":"Fission+1","floor":33.0},{"not_picked":["Hello World","Compile Driver"],"picked":"Barrage+1","floor":35},{"not_picked":["Gash+1","Machine Learning"],"picked":"Go for the Eyes+1","floor":36}],"player_experience":43319,"relics_obtained":[{"floor":6.0,"key":"Happy Flower"},{"floor":8.0,"key":"Anchor"},{"floor":9.0,"key":"War Paint"},{"floor":12.0,"key":"Bronze Scales"},{"floor":24.0,"key":"Toxic Egg 2"},{"floor":26.0,"key":"Matryoshka"},{"floor":30.0,"key":"Bottled Flame"}],"event_choices":[{"damage_healed":0.0,"max_hp_gain":0.0,"max_hp_loss":0.0,"gold_gain":75.0,"event_name":"World of Goop","player_choice":"Gather Gold","floor":4.0,"gold_loss":0.0,"damage_taken":11.0},{"damage_healed":0.0,"max_hp_gain":0.0,"max_hp_loss":0.0,"gold_gain":0.0,"cards_transformed":["Streamline"],"event_name":"Living Wall","player_choice":"Change","floor":13.0,"gold_loss":0.0,"damage_taken":0.0,"cards_obtained":["Fusion"]},{"damage_healed":0.0,"max_hp_gain":0.0,"max_hp_loss":0.0,"gold_gain":0.0,"event_name":"N\u0027loth","player_choice":"Traded Relic","floor":19.0,"relics_lost":["Cracked Core"],"gold_loss":0.0,"damage_taken":0.0,"relics_obtained":["Nloth\u0027s Gift"]},{"damage_healed":0.0,"max_hp_gain":0.0,"max_hp_loss":0.0,"gold_gain":99.0,"event_name":"Nest","player_choice":"Stole From Cult","floor":28.0,"gold_loss":0.0,"damage_taken":0.0},{"damage_healed":0.0,"max_hp_gain":0.0,"max_hp_loss":0.0,"gold_gain":0.0,"event_name":"The Mausoleum","player_choice":"Ignored","floor":31.0,"gold_loss":0.0,"damage_taken":0.0},{"damage_healed":0,"gold_gain":0,"player_choice":"Paid","damage_taken":0,"relics_obtained":["Red Mask"],"max_hp_gain":0,"max_hp_loss":0,"event_name":"Tomb of Lord Red Mask","floor":38,"gold_loss":52},{"damage_healed":0,"gold_gain":999,"player_choice":"Gold","damage_taken":0,"max_hp_gain":0,"max_hp_loss":0,"event_name":"MindBloom","floor":39,"gold_loss":0,"cards_obtained":["Normality","Normality"]}],"is_beta":false,"boss_relics":[{"not_picked":["SacredBark","FrozenCore"],"picked":"Runic Pyramid"},{"not_picked":["Black Star","Cursed Key"],"picked":"SlaversCollar"}],"items_purged_floors":[],"is_endless":false,"potions_floor_spawned":[5,11,12,20,25,30,33,36],"killed_by":"Giant Head","ascension_level":0}}