{"host":"56ghxnzsglgdq727","time":1610381570,"event":{"mods":["AchievementEnabler","BaseMod","Downfall","Duelist Mod","Minty Spire (QoL Compilation)","Rare Cards Sparkle","StSLib","The Bug Knight","The Exalted","The Senshi","The Wild Card"],"gold_per_floor":[137,137,152,152,9,9,28,128,128,157,175,186,203,213,213,213,213],"floor_reached":16,"playtime":505,"items_purged":["theDuelist:Sparks"],"score":104,"play_id":"d99ff488-bdc2-4e81-9408-ef1fee18d90b","local_time":"20210111111250","is_ascension_mode":false,"campfire_choices":[{"data":"theDuelist:ExodiaRA","floor":6,"key":"SMITH"},{"floor":15,"key":"REST"}],"circlet_count":0,"master_deck":["theDuelist:CastleWalls","theDuelist:DarkMagician","theDuelist:MysticalElf","theDuelist:MysticalElf","theDuelist:NeoMagic","theDuelist:NeoMagic","theDuelist:Sparks","theDuelist:ExodiaLL","theDuelist:ExodiaRA+1","theDuelist:ExodiaLA","theDuelist:ExodiaRL","theDuelist:Reload"],"relics":["theDuelist:MillenniumPuzzle","theDuelist:CardPoolRelic","theDuelist:CardPoolBasicRelic","theDuelist:BoosterPackPoolRelic","theDuelist:CardPoolAddRelic","theDuelist:CardPoolMinusRelic","theDuelist:CardPoolSaveRelic","theDuelist:CardPoolOptionsRelic","NeowsBlessing","Bromod:ArcaneTrickery","theDuelist:ElectricToken"],"acts_visited":["Exordium"],"potions_floor_usage":[10,14,16],"damage_taken":[{"damage":0,"enemies":"Jaw Worm","floor":1,"turns":1},{"damage":0,"enemies":"Cultist","floor":3,"turns":1},{"damage":0,"enemies":"Small Slimes","floor":7,"turns":1},{"damage":24,"enemies":"Gremlin Nob","floor":10,"turns":5},{"damage":0,"enemies":"Red Slaver","floor":11,"turns":4},{"damage":0,"enemies":"Lots of Slimes","floor":12,"turns":5},{"damage":4,"enemies":"Blue Slaver","floor":13,"turns":4},{"damage":34,"enemies":"Large Slime","floor":14,"turns":8},{"damage":39,"enemies":"The Guardian","floor":16,"turns":6}],"seed_played":"370684336186767479","potions_obtained":[{"floor":7,"key":"PowerPotion"},{"floor":12,"key":"theDuelist:TokenPotionB"},{"floor":14,"key":"theDuelist:TokenPotion"}],"is_trial":false,"path_per_floor":["M","?","M","?","$","R","M","?","T","E","M","M","M","M","R","B"],"character_chosen":"THE_DUELIST","items_purchased":["theDuelist:ExodiaLA"],"campfire_rested":1,"item_purchase_floors":[5],"current_hp_per_floor":[80,80,80,80,80,80,80,80,80,56,56,56,52,18,42,3,3],"gold":213,"neow_bonus":"THREE_ENEMY_KILL","is_daily":false,"chose_seed":false,"campfire_upgraded":1,"win_rate":0.0,"timestamp":1610381570,"path_taken":["M","?","?","?","$","R","M","?","T","E","?","M","M","M","R","BOSS"],"items_purchased_type":["Card"],"build_version":"2020-12-22","purchased_purges":1,"victory":false,"max_hp_per_floor":[80,80,80,80,80,80,80,80,80,80,80,80,80,80,80,80,80],"card_choices":[{"not_picked":["theDuelist:BlizzardWarrior","theDuelist:BlueDragonSummoner","theDuelist:SpellShatteringArrow","theDuelist:WitchBlackRose"],"picked":"theDuelist:ExodiaLL","floor":1},{"not_picked":["theDuelist:LegendaryFlameLord","theDuelist:BlueDragonSummoner","theDuelist:LordD","theDuelist:MythicalBeast"],"picked":"theDuelist:ExodiaRA","floor":3},{"not_picked":["theDuelist:AttackTheMoon","theDuelist:HammerShot","theDuelist:WingedKuriboh","theDuelist:WormKing","theDuelist:Mudora"],"picked":"SKIP","floor":7},{"not_picked":["theDuelist:CrystalWingDragon","theDuelist:RainbowDarkDragon","theDuelist:RainbowMagician","theDuelist:QueenDragunDjinn","theDuelist:IrisEarthMother"],"picked":"SKIP","floor":10},{"not_picked":["theDuelist:InjectionFairy","theDuelist:LordD","theDuelist:DarkMagicianGirl","theDuelist:BlizzardPrincess"],"picked":"theDuelist:ExodiaRL","floor":11},{"not_picked":["theDuelist:MythicalBeast","theDuelist:FairyBox","theDuelist:TimeWizard","theDuelist:MindAir","theDuelist:MagiciansRobe"],"picked":"SKIP","floor":12},{"not_picked":["theDuelist:SpellShatteringArrow","theDuelist:GeminiElf","theDuelist:BlueDragonSummoner","theDuelist:OnslaughtFireKings","theDuelist:BlizzardPrincess"],"picked":"SKIP","floor":13},{"not_picked":["theDuelist:WormWarlord","theDuelist:Reload","theDuelist:RedHeadedOni","theDuelist:FeatherPho","theDuelist:MagicHoleGolem"],"picked":"SKIP","floor":14},{"not_picked":["theDuelist:WormWarlord","theDuelist:RedHeadedOni","theDuelist:FeatherPho","theDuelist:MagicHoleGolem"],"picked":"theDuelist:Reload","floor":14}],"player_experience":222076,"relics_obtained":[{"floor":9,"key":"Bromod:ArcaneTrickery"},{"floor":10,"key":"theDuelist:ElectricToken"}],"event_choices":[{"cards_removed":["theDuelist:Sparks"],"damage_healed":0,"gold_gain":0,"player_choice":"Purged","damage_taken":0,"max_hp_gain":0,"max_hp_loss":0,"event_name":"Purifier","floor":2,"gold_loss":0},{"cards_removed":["theDuelist:CastleWalls"],"damage_healed":0,"gold_gain":0,"player_choice":"Forget","damage_taken":0,"max_hp_gain":0,"max_hp_loss":0,"event_name":"Living Wall","floor":4,"gold_loss":0},{"damage_healed":0,"gold_gain":100,"player_choice":"Pray","damage_taken":0,"max_hp_gain":0,"max_hp_loss":0,"event_name":"Golden Shrine","floor":8,"gold_loss":0}],"is_beta":false,"boss_relics":[],"items_purged_floors":[5],"is_endless":false,"potions_floor_spawned":[7,12,14],"killed_by":"The Guardian","ascension_level":0}}