{"host":"grooae7peokc63vv","time":1610386448,"event":{"mods":["ATMod(°¢èªMod)","BaseMod","Minty Spire (QoL Compilation)","MostiFishMod","Replay The Spire","StSLib","TestMod"],"gold_per_floor":[119,137,67,67,83,116,3,29,29,54,54,70,100,117,117,117,117],"floor_reached":16,"playtime":1064,"items_purged":[],"score":228,"play_id":"89cbf75b-0cf6-493b-8aa6-17f3f25e6618","local_time":"20210112013408","is_ascension_mode":true,"campfire_choices":[{"data":"AT_Desolate","floor":11,"key":"SMITH"},{"data":"Dual Wield","floor":15,"key":"SMITH"}],"circlet_count":0,"master_deck":["Strike_R+1","Strike_R+1","Strike_R","Strike_R","Strike_R","Defend_R","Defend_R","Defend_R","Defend_R","Bash","AT_Desolate+1","Dual Wield+1","Armaments","Life Link","Body Slam","AT_BodySlamDance","Inflame","AT_CaressingTears","Rupture","Anger"],"relics":["Burning Blood","DaveBox","testmod-TestBox","AT_ATBox","testmod-RealStoneCalender","Transparent","SynthV:TestCard","SentryEyes","ReplayTheSpireMod:CursedCoin","Simple Rune","Bottled Lightning","Kunai","AT_BellDemon","Red Skull","testmod-OneHitWonder","Oddly Smooth Stone","AT_EbonyIvory"],"acts_visited":["Exordium"],"potions_floor_usage":[13,16],"damage_taken":[{"damage":16,"enemies":"2 Louse","floor":1,"turns":2},{"damage":16,"enemies":"Cultist","floor":2,"turns":2},{"damage":20,"enemies":"Jaw Worm","floor":5,"turns":2},{"damage":56,"enemies":"3 Sentries","floor":6,"turns":4},{"damage":18,"enemies":"Gremlin Nob","floor":8,"turns":2},{"damage":30,"enemies":"Lots of Slimes","floor":12,"turns":2},{"damage":20,"enemies":"Replay:BlueRogue","floor":13,"turns":2},{"damage":9,"enemies":"Blue Slaver","floor":14,"turns":1},{"damage":223,"enemies":"Fading Forest","floor":16,"turns":3}],"seed_played":"-4526689836329875820","potions_obtained":[{"floor":1,"key":"SteroidPotion"},{"floor":5,"key":"Swift Potion"},{"floor":8,"key":"SkillPotion"},{"floor":13,"key":"SneckoOil"}],"is_trial":false,"path_per_floor":["M","M","$","?","M","E","$","E","T","T","R","M","E","M","R","B"],"character_chosen":"IRONCLAD","items_purchased":["MostiFishMod:FireWorks","ReplayTheSpireMod:CursedCoin","Simple Rune","AT_BodySlamDance","Inflame"],"campfire_rested":0,"item_purchase_floors":[3,7,7,7,7],"current_hp_per_floor":[88,88,88,98,98,98,98,98,98,98,98,98,98,98,98,0,0],"gold":117,"neow_bonus":"TEN_PERCENT_HP_BONUS","is_daily":false,"chose_seed":false,"campfire_upgraded":2,"win_rate":0.0,"timestamp":1610386448,"path_taken":["M","M","$","?","?","E","?","E","T","?","R","M","E","?","R","BOSS"],"items_purchased_type":["Card","Relic","Relic","Card","Card"],"build_version":"2020-12-22","purchased_purges":0,"victory":false,"max_hp_per_floor":[88,88,88,98,98,98,98,98,98,98,98,98,98,98,98,98,98],"card_choices":[{"not_picked":["Uppercut","Replay:Undeath\u0027s Touch"],"picked":"Dual Wield","floor":1},{"not_picked":["Perfected Strike","ReplayTheSpireMod:Corrosion Curse","Thunderclap","Carnage"],"picked":"Armaments","floor":2},{"not_picked":["Battle Trance","Body Slam","Uppercut","Entrench"],"picked":"Life Link","floor":5},{"not_picked":["AT_ManFootWork","Reckless Charge","Flame Barrier","AT_CaressingTears"],"picked":"Body Slam","floor":6},{"not_picked":["Clash","Armaments","Clothesline","Run Through"],"picked":"AT_CaressingTears","floor":8},{"not_picked":["ReplayTheSpireMod:LeadingStrike","Power Through","ReplayTheSpireMod:Corrosion Curse","MostiFishMod:NewArrival","Clash"],"picked":"SKIP","floor":12},{"not_picked":["Sever Soul","AT_IchimonjiDouble","Iron Wave","Shrug It Off"],"picked":"Rupture","floor":13},{"not_picked":["Body Slam","Twin Strike","True Grit","Shrug It Off"],"picked":"Anger","floor":14}],"player_experience":172626,"relics_obtained":[{"floor":1,"key":"SynthV:TestCard"},{"floor":6,"key":"SentryEyes"},{"floor":8,"key":"Bottled Lightning"},{"floor":9,"key":"Kunai"},{"floor":10,"key":"AT_BellDemon"},{"floor":12,"key":"Red Skull"},{"floor":13,"key":"testmod-OneHitWonder"},{"floor":13,"key":"Oddly Smooth Stone"},{"floor":14,"key":"AT_EbonyIvory"}],"event_choices":[{"cards_removed":["MostiFishMod:FireWorks"],"damage_healed":0,"gold_gain":0,"player_choice":"Offered Rare","damage_taken":0,"max_hp_gain":10,"max_hp_loss":0,"event_name":"Bonfire Elementals","floor":4,"gold_loss":0}],"is_beta":false,"boss_relics":[],"items_purged_floors":[],"is_endless":false,"potions_floor_spawned":[1,5,8,13],"killed_by":"Fading Forest","ascension_level":8}}