{"host":"h4lp0eeso8a0ssq0","time":1610377426,"event":{"mods":["2.2 Compatiblity","AchievementEnabler","BaseMod","CapriCore","Colored Map","Minty Spire (QoL Compilation)","StSLib","SuperFastMode"],"gold_per_floor":[112,127,127,127,137,137,172,172,172,172,183,203,203,220,220,317,367,377,302,315,328,328,328],"floor_reached":22,"playtime":788,"items_purged":[],"score":263,"play_id":"667a4fbd-7a3b-4d64-b608-8bce57fa4b79","local_time":"20210112000346","is_ascension_mode":true,"campfire_choices":[{"data":"Setup","floor":6,"key":"SMITH"},{"data":"Bouncing Flask","floor":8,"key":"SMITH"},{"data":"Neutralize","floor":10,"key":"SMITH"},{"data":"Blade Dance","floor":15,"key":"SMITH"}],"circlet_count":0,"master_deck":["Strike_G","Strike_G+1","Defend_G","Defend_G","Defend_G","Defend_G","Defend_G","Survivor","Neutralize+1","Predator+1","Blur","Bouncing Flask+1","Setup+1","Dagger Throw","Blade Dance+1","PiercingWail+1","Infinite Blades+1","Wraith Form v2+1","Blade Dance","Bouncing Flask","Reflex"],"relics":["Ring of the Snake","Frozen Egg 2","White Beast Statue","Kunai","Tiny House"],"acts_visited":["Exordium","TheCity"],"potions_floor_usage":[7,16,20,21],"damage_taken":[{"damage":2.0,"enemies":"Jaw Worm","floor":1.0,"turns":5.0},{"damage":6,"enemies":"Small Slimes","floor":2,"turns":4},{"damage":0,"enemies":"2 Louse","floor":5,"turns":4},{"damage":10,"enemies":"Lagavulin","floor":7,"turns":6},{"damage":7,"enemies":"Exordium Thugs","floor":11,"turns":4},{"damage":4,"enemies":"3 Louse","floor":12,"turns":3},{"damage":7,"enemies":"Gremlin Gang","floor":14,"turns":6},{"damage":3,"enemies":"Hexaghost","floor":16,"turns":7},{"damage":16,"enemies":"Chosen","floor":18,"turns":5},{"damage":13,"enemies":"3 Byrds","floor":20,"turns":5},{"damage":19,"enemies":"Centurion and Healer","floor":21,"turns":7}],"seed_played":"-8881603906521467969","potions_obtained":[{"floor":1.0,"key":"Poison Potion"},{"floor":11,"key":"GamblersBrew"},{"floor":12,"key":"Fire Potion"},{"floor":14,"key":"DuplicationPotion"},{"floor":16,"key":"Strength Potion"},{"floor":17,"key":"Block Potion"},{"floor":20,"key":"LiquidMemories"},{"floor":21,"key":"FairyPotion"}],"is_trial":false,"path_per_floor":["M","M","?","?","M","R","E","R","T","R","M","M","?","M","R","B",null,"M","?","M","M","$"],"character_chosen":"THE_SILENT","items_purchased":[],"campfire_rested":0,"item_purchase_floors":[],"current_hp_per_floor":[61,55,55,41,41,41,31,31,31,31,24,20,20,13,13,10,60,44,44,31,12,12,12],"gold":328,"neow_bonus":"REMOVE_CARD","is_daily":false,"chose_seed":false,"campfire_upgraded":4,"win_rate":0.0,"timestamp":1610377426,"path_taken":["M","M","?","?","M","R","E","R","T","R","M","M","?","M","R","BOSS","M","?","M","M","$"],"items_purchased_type":[],"build_version":"2020-12-22","purchased_purges":0,"victory":false,"max_hp_per_floor":[70,70,70,70,70,70,70,70,70,70,70,70,70,70,70,70,75,75,75,75,75,75,75],"card_choices":[{"not_picked":["Terror","Flying Knee"],"picked":"Predator","floor":1.0},{"not_picked":["Finisher","Flying Knee"],"picked":"Blur","floor":2},{"not_picked":["Predator","Prepared"],"picked":"Setup","floor":5},{"not_picked":["Night Terror","Distraction"],"picked":"Dagger Throw","floor":7},{"not_picked":["Leg Sweep","Masterful Stab"],"picked":"Blade Dance","floor":11},{"not_picked":["Deflect","Underhanded Strike"],"picked":"PiercingWail","floor":12},{"not_picked":["Eviscerate","Choke"],"picked":"Infinite Blades+1","floor":14},{"not_picked":["Grand Finale","Night Terror"],"picked":"Wraith Form v2+1","floor":16},{"not_picked":["Backstab","Masterful Stab"],"picked":"Blade Dance","floor":17},{"not_picked":["Dagger Spray+1","PiercingWail"],"picked":"Bouncing Flask","floor":18},{"not_picked":["Concentrate","Dagger Throw"],"picked":"Reflex","floor":20},{"not_picked":["Infinite Blades+1","Underhanded Strike","Dash"],"picked":"SKIP","floor":21}],"player_experience":133641,"relics_obtained":[{"floor":7,"key":"Frozen Egg 2"},{"floor":9,"key":"White Beast Statue"},{"floor":13,"key":"Kunai"}],"event_choices":[{"damage_healed":0,"gold_gain":0,"cards_transformed":["Strike_G"],"player_choice":"Change","damage_taken":0,"max_hp_gain":0,"max_hp_loss":0,"event_name":"Living Wall","floor":3,"gold_loss":0,"cards_obtained":["Bouncing Flask"]},{"damage_healed":0,"gold_gain":0,"player_choice":"Entered Light","damage_taken":14,"max_hp_gain":0,"max_hp_loss":0,"event_name":"Shining Light","floor":4,"gold_loss":0,"cards_upgraded":["Strike_G","Predator"]},{"damage_healed":0,"gold_gain":0,"player_choice":"Relic","damage_taken":0,"max_hp_gain":0,"max_hp_loss":0,"event_name":"Wheel of Change","floor":13,"gold_loss":0},{"cards_removed":["Strike_G"],"damage_healed":0,"gold_gain":0,"player_choice":"Gave Gold","damage_taken":0,"max_hp_gain":0,"max_hp_loss":0,"event_name":"Beggar","floor":19,"gold_loss":75}],"is_beta":false,"boss_relics":[{"not_picked":["Runic Dome","Runic Pyramid"],"picked":"Tiny House"}],"items_purged_floors":[],"is_endless":false,"potions_floor_spawned":[1,11,12,14,16,18,20,21],"ascension_level":8}}