{"host":"z9811rt50ti81n54","time":1610349858,"event":{"mods":["BaseMod","Better Match","Better Sensory Stone","Better Skull","Better Third Choice","Minty Spire (QoL Compilation)","Permanent Neow","StSLib","SuperFastMode"],"gold_per_floor":[99,99,99,99,99,99,99,99,99,99,99,99,99,99,99,99,99,99,99,24,24,24,24,24,24,24,24,24,24,24,24,24,24,24,24,24,24,24,24],"floor_reached":38,"playtime":812,"items_purged":["Strike_G"],"score":397,"play_id":"58be0dd2-4848-499c-a5c1-300bf1f4f9c2","local_time":"20210111162418","is_ascension_mode":false,"campfire_choices":[{"data":"Adrenaline","floor":8.0,"key":"SMITH"},{"data":"Accuracy","floor":12,"key":"SMITH"},{"data":"Blade Dance","floor":15,"key":"SMITH"},{"data":"Storm of Steel","floor":23,"key":"SMITH"},{"data":"Malaise","floor":27,"key":"SMITH"},{"data":"Ghostly","floor":30,"key":"SMITH"},{"floor":32,"key":"REST"}],"circlet_count":0,"master_deck":["Defend_G","Defend_G","Defend_G","Defend_G","Survivor","Neutralize","All Out Attack","Infinite Blades","Predator","Malaise+1","Adrenaline+1","Accuracy+1","Blade Dance+1","Storm of Steel+1","Acrobatics+1","Infinite Blades","Ghostly+1","Ghostly","Ghostly","Ghostly","Ghostly","Venomology","Terror+1"],"relics":["Ectoplasm","Centennial Puzzle","Ice Cream","Toy Ornithopter","WristBlade","betterThird:NestCultRelic","CeramicFish","SlaversCollar"],"acts_visited":["Exordium","TheCity","TheBeyond"],"potions_floor_usage":[29,33],"damage_taken":[{"damage":0.0,"enemies":"Cultist","floor":1.0,"turns":4.0},{"damage":1.0,"enemies":"Jaw Worm","floor":3.0,"turns":4.0},{"damage":0.0,"enemies":"2 Louse","floor":6.0,"turns":2.0},{"damage":7.0,"enemies":"Lagavulin","floor":7.0,"turns":8.0},{"damage":0.0,"enemies":"Gremlin Gang","floor":10.0,"turns":3.0},{"damage":4,"enemies":"2 Fungi Beasts","floor":14,"turns":3},{"damage":16,"enemies":"Slime Boss","floor":16,"turns":6},{"damage":0,"enemies":"Chosen","floor":18,"turns":4},{"damage":0,"enemies":"Spheric Guardian","floor":19,"turns":3},{"damage":0,"enemies":"Centurion and Healer","floor":22,"turns":3},{"damage":18,"enemies":"Snake Plant","floor":29,"turns":4},{"damage":12,"enemies":"Cultist and Chosen","floor":31,"turns":5},{"damage":14,"enemies":"Champ","floor":33,"turns":7},{"damage":23,"enemies":"3 Shapes","floor":35,"turns":3},{"damage":15,"enemies":"Orb Walker","floor":38,"turns":1}],"seed_played":"4914324912057197718","potions_obtained":[{"floor":6.0,"key":"Fire Potion"},{"floor":14,"key":"Weak Potion"},{"floor":18,"key":"Energy Potion"}],"is_trial":false,"path_per_floor":["M","?","M","T","?","M","E","R","T","M","?","R","?","M","R","B",null,"M","M","$","?","M","R","?","$","T","R","?","M","R","M","R","B",null,"M","$","?","M"],"character_chosen":"THE_SILENT","items_purchased":[],"campfire_rested":1,"item_purchase_floors":[],"current_hp_per_floor":[70,75,74,74,74,74,67,67,67,72,65,65,65,61,61,45,75,75,75,75,75,75,75,75,75,75,75,37,19,19,7,18,9,37,14,14,14,0,0],"gold":24,"neow_bonus":"BOSS_RELIC","is_daily":false,"chose_seed":false,"campfire_upgraded":6,"win_rate":0.0,"timestamp":1610349858,"path_taken":["M","?","M","?","?","?","E","R","T","M","?","R","?","M","R","BOSS","M","M","$","?","?","R","?","$","T","R","?","M","R","M","R","BOSS","M","$","?","?"],"items_purchased_type":[],"build_version":"2020-12-22","purchased_purges":1,"victory":false,"max_hp_per_floor":[70,75,75,75,75,75,75,75,75,75,75,75,75,75,75,75,75,75,75,75,75,75,75,75,75,75,75,37,37,37,37,37,37,37,37,37,37,37,37],"card_choices":[{"not_picked":["Blade Dance","Dagger Throw"],"picked":"All Out Attack","floor":1.0},{"not_picked":["Distraction","Dodge and Roll"],"picked":"Infinite Blades","floor":3.0},{"not_picked":["Prepared","Bane"],"picked":"Malaise","floor":6.0},{"not_picked":["Venomology","Quick Slash"],"picked":"Adrenaline","floor":7.0},{"not_picked":["Outmaneuver","Prepared"],"picked":"Accuracy","floor":10.0},{"not_picked":["Leg Sweep","Backflip"],"picked":"Blade Dance","floor":14},{"not_picked":["Grand Finale","Unload"],"picked":"Storm of Steel","floor":16},{"not_picked":["Underhanded Strike+1","Blade Dance+1"],"picked":"Acrobatics+1","floor":18},{"not_picked":["Outmaneuver","Dagger Throw","Blade Dance"],"picked":"SKIP","floor":19},{"not_picked":["Dagger Throw","Heel Hook"],"picked":"Infinite Blades","floor":22},{"not_picked":["Poisoned Stab+1","Blade Dance","Heel Hook"],"picked":"SKIP","floor":29},{"not_picked":["Choke","Tactician","PiercingWail"],"picked":"SKIP","floor":31},{"not_picked":["Bullet Time","Die Die Die"],"picked":"Venomology","floor":33},{"not_picked":["Blade Dance","Footwork"],"picked":"Terror+1","floor":35}],"player_experience":367552,"relics_obtained":[{"floor":4.0,"key":"Centennial Puzzle"},{"floor":7.0,"key":"Ice Cream"},{"floor":9.0,"key":"Toy Ornithopter"},{"floor":26,"key":"CeramicFish"}],"event_choices":[{"damage_healed":0.0,"max_hp_gain":5.0,"max_hp_loss":0.0,"gold_gain":0.0,"event_name":"Big Fish","player_choice":"Donut","floor":2.0,"gold_loss":0.0,"damage_taken":0.0},{"damage_healed":0.0,"max_hp_gain":0.0,"max_hp_loss":0.0,"gold_gain":0.0,"cards_transformed":["Strike_G"],"event_name":"Transmorgrifier","player_choice":"Transformed","floor":5.0,"gold_loss":0.0,"damage_taken":0.0,"cards_obtained":["Predator"]},{"cards_removed":["Strike_G"],"damage_healed":0,"gold_gain":0,"player_choice":"Card Removal","damage_taken":7,"max_hp_gain":0,"max_hp_loss":0,"event_name":"Golden Wing","floor":11,"gold_loss":0},{"cards_removed":["Strike_G"],"damage_healed":0,"gold_gain":0,"player_choice":"Purged","damage_taken":0,"max_hp_gain":0,"max_hp_loss":0,"event_name":"Purifier","floor":13,"gold_loss":0},{"cards_removed":["Strike_G"],"damage_healed":0,"gold_gain":0,"player_choice":"Card Removal","damage_taken":0,"max_hp_gain":0,"max_hp_loss":0,"event_name":"Wheel of Change","floor":21,"gold_loss":0},{"damage_healed":0,"gold_gain":0,"player_choice":"Madness","damage_taken":0,"relics_obtained":["betterThird:NestCultRelic"],"max_hp_gain":0,"max_hp_loss":0,"event_name":"betterThird:BetterNest","floor":24,"gold_loss":0},{"damage_healed":0,"gold_gain":0,"player_choice":"Became a Ghost","damage_taken":0,"max_hp_gain":0,"max_hp_loss":38,"event_name":"Ghosts","floor":28,"gold_loss":0,"cards_obtained":["Ghostly","Ghostly","Ghostly","Ghostly","Ghostly"]},{"cards_removed":["Defend_G"],"damage_healed":0,"gold_gain":0,"player_choice":"Purged","damage_taken":0,"max_hp_gain":0,"max_hp_loss":0,"event_name":"Purifier","floor":37,"gold_loss":0}],"is_beta":false,"boss_relics":[{"not_picked":["SacredBark","Cursed Key"],"picked":"WristBlade"},{"not_picked":["Busted Crown","Runic Dome"],"picked":"SlaversCollar"}],"items_purged_floors":[20],"is_endless":false,"potions_floor_spawned":[6,14,18],"killed_by":"Orb Walker","ascension_level":0}}