{"host":"12ua7wmg1suouds3","time":1610388881,"event":{"mods":["ATMod(°¢èªMod)","Act Like it!","Aspiration","BaseMod","CapriCore","Chen","Easy Mod","Gensokyo","Hubris","Jedi Mod","Koishi","KomeijiMod","Marisa£¨ìFÓê¡¡Ä§ÀíÉ³£©","Minty Spire (QoL Compilation)","MostiFishMod","Reimu£¨²©ÀöÁéÃÎ£©","Remilia£¨ÀÙÃ×ÀòÑÇ£©","RumiaBox-Â¶Ã×æ«µÄÉñÃØºÐ×Ó","StSLib","TestMod","The Immortal","Waifu the Spire","Yakumo Yukari mod","Youmu£¨»êÆÇÑýÃÎ£©","Yuyuko","vexMod","¡¾ÒÅÎï¿¨ÅÆ¡¿REMEMod"],"gold_per_floor":[117,127,139,39,39,39,54,79,153,153,153,153,199,199,199,381,381,412,412,412,436,411,411,411,863,910,980,1005,1025,1025,1028,1028,1028],"floor_reached":31,"playtime":2090,"items_purged":[],"score":280,"play_id":"cf716c5c-1dc9-4fb3-840b-330436637cc8","local_time":"20210112021441","is_ascension_mode":false,"campfire_choices":[{"floor":6.0,"key":"RECALL"},{"data":"MokouMod:RadiantBlade","floor":11.0,"key":"SMITH"},{"data":"MokouMod:Extinguish","floor":15.0,"key":"SMITH"},{"data":"MokouMod:PhoenixForm","floor":23.0,"key":"SMITH"}],"circlet_count":0,"master_deck":["EasyMod:card_1","MokouMod:Strike","MokouMod:Strike","MokouMod:Strike","MokouMod:Strike","MokouMod:Strike","MokouMod:Defend","MokouMod:HeatSpark","AT_FamilyPortrait","MokouMod:GuidingSmoke","MokouMod:Extinguish+1","MokouMod:Burn","MokouMod:RadiantBlade+1","MokouMod:HeatTransfer","Clumsy","MokouMod:PhoenixForm+1","MokouMod:ScorchedEarth","MokouMod:WarmUp+1","Terror","Setup","Deflect","MokouMod:IgnitionBlast+1","MokouMod:HeartofFire","MokouMod:ProfanedFlare","MokouMod:Refresh+1","MokouMod:CrimsonArmoury"],"relics":["MokouMod:PhoenixFeather","AT_ATBox","DaveBox","testmod-TestBox","REME_ComplimentaryCards","xbg","testmod-MagicalMallet","NeowsBlessing","SynthV:TestCard","GodSword1","Gensokyo:Justice","REME_ArchaeologicalTools","Pear","Gensokyo:OccultBall","Gensokyo:NagashiBinaDoll","REME_ChargedStone","Gensokyo:RedStar","RuthlessExorcism:ReiMu","Tiny Chest"],"acts_visited":["Exordium","Gensokyo:Gensokyo"],"potions_floor_usage":[],"damage_taken":[{"damage":0.0,"enemies":"Gensokyo:Python","floor":1.0,"turns":1.0},{"damage":0.0,"enemies":"Gensokyo:2_Kodama","floor":2.0,"turns":1.0},{"damage":0.0,"enemies":"Gensokyo:Gryphon","floor":3.0,"turns":1.0},{"damage":3.0,"enemies":"Gensokyo:VengefulSpirit","floor":7.0,"turns":4.0},{"damage":24.0,"enemies":"Gensokyo:Mamizou","floor":8.0,"turns":9.0},{"damage":2.0,"enemies":"Gensokyo:3_Kodama","floor":13.0,"turns":3.0},{"damage":82.0,"enemies":"Gensokyo:Kokoro","floor":16.0,"turns":14.0},{"damage":0.0,"enemies":"Gensokyo:2_Gloops","floor":18.0,"turns":4.0},{"damage":5.0,"enemies":"Gensokyo:AngelMirror","floor":21.0,"turns":2.0},{"damage":8152060.0,"enemies":"Gensokyo:Swordslinger","floor":25.0,"turns":4.0},{"damage":24.0,"enemies":"Gensokyo:Reisen","floor":27.0,"turns":8.0},{"damage":29.0,"enemies":"Gensokyo:Wraith","floor":28.0,"turns":5.0},{"damage":0,"enemies":"Gensokyo:3_Gloops","floor":29,"turns":3},{"damage":21,"enemies":"Gensokyo:Slime_Group","floor":31,"turns":1}],"seed_played":"1508028626698276559","potions_obtained":[{"floor":7.0,"key":"SteroidPotion"},{"floor":8.0,"key":"BlessingOfTheForge"},{"floor":13.0,"key":"CalmPotion"},{"floor":18.0,"key":"jedi:wingpotion"},{"floor":25.0,"key":"Weak Potion"}],"is_trial":false,"path_per_floor":["M","M","M","?","?","R","M","E","T","?","R","?","M","?","R","B",null,"M","?","?","M","?","R","?","M","T","E","M","M","?","M"],"character_chosen":"MKU","items_purchased":[],"campfire_rested":0,"item_purchase_floors":[],"current_hp_per_floor":[75,75,75,75,75,75,72,48,48,43,43,43,41,41,41,23,85,85,85,85,82,82,82,82,12,12,14,14,14,14,0,0,0],"gold":1028,"neow_bonus":"THREE_ENEMY_KILL","is_daily":false,"chose_seed":false,"campfire_upgraded":3,"win_rate":0.0,"timestamp":1610388881,"path_taken":["M","M","M","?","?","R","M","E","T","?","R","?","?","?","R","BOSS","M","?","?","M","?","R","?","M","T","E","M","?","?","M"],"items_purchased_type":[],"build_version":"2020-12-22","purchased_purges":0,"victory":false,"max_hp_per_floor":[75,75,75,75,75,75,75,75,75,85,85,85,85,85,85,85,85,85,85,85,85,85,85,85,85,85,85,85,85,85,85,85,85],"card_choices":[{"not_picked":["MokouMod:BlazingComet","MokouMod:FlareStarter"],"picked":"MokouMod:DanceofFlames","floor":1.0},{"not_picked":["MokouMod:IgnitionBarrier","MokouMod:HeatCyclone","MokouMod:Meltdown","MokouMod:FlickeringFlame"],"picked":"MokouMod:GuidingSmoke","floor":2.0},{"not_picked":["MokouMod:AdaptivePyromancy","MokouMod:IndiscriminateIgnition","MokouMod:Stoke","MokouMod:UncontrollableSolarReaction"],"picked":"MokouMod:Extinguish","floor":3.0},{"not_picked":["MokouMod:Wildfire","MokouMod:Scorch","MokouMod:BurningDraft","MokouMod:Overheat"],"picked":"MokouMod:Burn","floor":7.0},{"not_picked":["MokouMod:AdaptivePyromancy","MokouMod:FlickeringFlame","MokouMod:WarmUp","MokouMod:Sear"],"picked":"MokouMod:RadiantBlade","floor":8.0},{"not_picked":["MokouMod:FusionFlare","MokouMod:EternalBurstReactor","MokouMod:Meltdown","MokouMod:UncontrollableSolarReaction"],"picked":"MokouMod:HeatTransfer","floor":13.0},{"not_picked":["MokouMod:SpontaneousHumanCombustion","MokouMod:ProfanedFlare","MokouMod:Extinguish","MokouMod:BurningHiddenBullet"],"picked":"MokouMod:PhoenixForm","floor":16.0},{"not_picked":["MokouMod:FujiyamaVolcano","MokouMod:BurningDraft+1","MokouMod:UncontrollableSolarReaction","MokouMod:Overheat"],"picked":"MokouMod:ScorchedEarth","floor":18.0},{"not_picked":["MokouMod:RoaringFlare","MokouMod:Trailblazer","MokouMod:FlareStarter","MokouMod:SubterraneanCore+1"],"picked":"MokouMod:WarmUp+1","floor":21.0},{"not_picked":["MokouMod:Stoke","MokouMod:Cataclysm","MokouMod:SearingShot+1","MokouMod:Burn"],"picked":"MokouMod:IgnitionBlast+1","floor":25.0},{"not_picked":["MokouMod:Singe","MokouMod:EternalBurstReactor+1","MokouMod:Meltdown","MokouMod:FlareStarter"],"picked":"MokouMod:HeartofFire","floor":27.0},{"not_picked":["MokouMod:TemporalFireSeal+1","MokouMod:ResoluteFlare","MokouMod:Firecracker+1","MokouMod:Overheat","MokouMod:ScorchingColumn+1"],"picked":"MokouMod:ProfanedFlare","floor":28.0},{"not_picked":["MokouMod:UncontrollableSolarReaction+1","MokouMod:RetainTemperature","MokouMod:SearingShot+1","MokouMod:CrimsonArmoury"],"picked":"MokouMod:Refresh+1","floor":29}],"player_experience":304238,"relics_obtained":[{"floor":1.0,"key":"SynthV:TestCard"},{"floor":8.0,"key":"REME_ArchaeologicalTools"},{"floor":16.0,"key":"Gensokyo:OccultBall"},{"floor":25.0,"key":"Gensokyo:OccultBall"},{"floor":26.0,"key":"RuthlessExorcism:ReiMu"},{"floor":27.0,"key":"Tiny Chest"}],"event_choices":[{"damage_healed":0.0,"max_hp_gain":0.0,"max_hp_loss":0.0,"gold_gain":0.0,"event_name":"¸ø×Ô¼ºµÄºÐ×Ó","player_choice":"Ignored","floor":20.0,"gold_loss":0.0,"damage_taken":0.0}],"is_beta":false,"boss_relics":[{"not_picked":["vexMod:DeviousBotling","vexMod:ImprovementManual"],"picked":"REME_ChargedStone"}],"items_purged_floors":[],"is_endless":false,"potions_floor_spawned":[7,8,13,18,25],"killed_by":"Gensokyo:Slime_Group","ascension_level":0}}