{"host":"dfyfjscm69glluav","time":1610335857,"event":{"mods":["BaseMod","Minty Spire (QoL Compilation)","Replay The Spire","StSLib"],"gold_per_floor":[117,128,128,128,144,154,154,166,166,166,177,102,102,128,128,226,226,237,252,117,128,3,3,29,29,29,49,77,96,36,136,136,238,238,252,252,264,114,164,195,195,34,34,34,49,49,49,49,49,49],"floor_reached":51,"playtime":2601,"items_purged":["Strike_B","Defend_B","Strike_B","Hello World+1"],"score":613,"play_id":"233dc0c7-b314-4507-9a6f-faad09b27d30","local_time":"20210111123057","is_ascension_mode":false,"campfire_choices":[{"data":"Defragment","floor":7.0,"key":"SMITH"},{"data":"Rainbow","floor":10,"key":"SMITH"},{"data":"White Noise","floor":23,"key":"SMITH"},{"data":"Hello World","floor":25,"key":"SMITH"},{"data":"Time Bomb","floor":32,"key":"SMITH"},{"data":"Time Bomb","floor":41,"key":"SMITH"},{"data":"Electrodynamics","floor":44,"key":"SMITH"},{"data":"Buffer","floor":46,"key":"SMITH"},{"floor":49,"key":"REST"}],"circlet_count":0,"master_deck":["Strike_B","Defend_B","Defend_B","Zap+1","Dualcast","Glacier","Defragment+1","Static Discharge","Melter","Rainbow+1","Melter","Leap","ReplayTheSpireMod:Reroute Power","White Noise+1","Chill+1","Loop","Chill+1","Self Repair+1","Time Bomb+1","Buffer+1","Time Bomb+1","Thunder Strike","Electrodynamics+1","Static Discharge+1","Jack Of All Trades"],"relics":["Cracked Core","ReplayTheSpireMod:Ring of Challenge","ReplayTheSpireMod:Ring of Addiction","Toy Ornithopter","Chameleon Ring","Replay:Bottled Snecko","WarpedTongs","Nunchaku","Empty Cage","Prayer Wheel","FossilizedHelix","Bag of Preparation","Peace Pipe","Velvet Choker","Letter Opener","Incense Burner","Boot","Question Card","The Courier"],"acts_visited":["Exordium","TheCity","TheBeyond"],"potions_floor_usage":[21,24,27,33,33,40,40,50,50,50,50,50,50,50,50,50,50,50,50],"damage_taken":[{"damage":1.0,"enemies":"Jaw Worm","floor":1.0,"turns":3.0},{"damage":0.0,"enemies":"2 Louse","floor":2.0,"turns":3.0},{"damage":0.0,"enemies":"Small Slimes","floor":5.0,"turns":3.0},{"damage":9.0,"enemies":"Blue Slaver","floor":6.0,"turns":4.0},{"damage":12.0,"enemies":"3 Louse","floor":8.0,"turns":3.0},{"damage":3,"enemies":"Red Slaver","floor":11,"turns":4},{"damage":6,"enemies":"3 Sentries","floor":14,"turns":7},{"damage":12,"enemies":"Hexaghost","floor":16,"turns":9},{"damage":2,"enemies":"Chosen","floor":18,"turns":5},{"damage":0,"enemies":"Spheric Guardian","floor":19,"turns":2},{"damage":9,"enemies":"Centurion and Healer","floor":21,"turns":4},{"damage":33,"enemies":"Slavers","floor":24,"turns":6},{"damage":14,"enemies":"Snake Plant","floor":27,"turns":5},{"damage":0,"enemies":"Replay:Snechameleon","floor":28,"turns":8},{"damage":0,"enemies":"Snecko","floor":29,"turns":5},{"damage":44,"enemies":"Pondfish","floor":33,"turns":12},{"damage":0,"enemies":"3 Shapes","floor":35,"turns":7},{"damage":0,"enemies":"3 Darklings","floor":37,"turns":5},{"damage":24,"enemies":"Mind Bloom Boss Battle","floor":39,"turns":8},{"damage":32,"enemies":"Giant Head","floor":40,"turns":10},{"damage":3,"enemies":"Maw","floor":45,"turns":7},{"damage":6,"enemies":"Replay:Hell Engine","floor":50,"turns":20}],"seed_played":"2650895562506781124","potions_obtained":[{"floor":1.0,"key":"Weak Potion"},{"floor":4.0,"key":"PowerPotion"},{"floor":4.0,"key":"EssenceOfDarkness"},{"floor":6.0,"key":"GamblersBrew"},{"floor":11,"key":"BlessingOfTheForge"},{"floor":16,"key":"Ancient Potion"},{"floor":27,"key":"GamblersBrew"},{"floor":29,"key":"Ancient Potion"},{"floor":37,"key":"Adrenaline Potion"},{"floor":39,"key":"Fire Potion"},{"floor":45,"key":"Adrenaline Potion"}],"is_trial":false,"path_per_floor":["M","M","?","?","M","M","R","M","T","R","M","$","?","E","R","B",null,"M","M","$","M","$","R","E","R","T","M","E","M","?","?","R","B",null,"M","T","M","$","?","E","R","$","T","R","M","R","?","?","R","B",null],"character_chosen":"DEFECT","items_purchased":["Loop","Electrodynamics"],"campfire_rested":1,"item_purchase_floors":[20,42],"current_hp_per_floor":[74,74,67,67,72,63,63,56,56,56,53,53,53,47,47,35,71,67,67,67,63,63,63,34,34,34,25,25,35,35,35,35,11,65,65,65,63,63,49,37,37,37,37,37,44,44,44,44,57,55],"gold":49,"neow_bonus":"UPGRADE_CARD","is_daily":false,"chose_seed":false,"campfire_upgraded":8,"win_rate":0.0,"timestamp":1610335857,"path_taken":["M","M","?","?","M","M","R","M","T","R","M","$","?","E","R","BOSS","M","M","$","M","$","R","E","R","T","M","E","?","?","?","R","BOSS","M","?","M","$","?","E","R","$","T","R","M","R","?","?","R","BOSS"],"items_purchased_type":["Card","Card"],"build_version":"2020-12-22","purchased_purges":4,"victory":true,"max_hp_per_floor":[75,75,75,75,75,75,75,75,75,75,75,73,73,73,71,71,71,69,69,69,67,67,67,67,67,67,67,67,67,67,65,65,65,65,65,65,63,63,63,61,61,61,61,59,59,59,57,57,57,55],"card_choices":[{"not_picked":["Go for the Eyes","BasicCrystalCard"],"picked":"Glacier","floor":1.0},{"not_picked":["Cold Snap","Redo"],"picked":"Defragment","floor":2.0},{"not_picked":["ReplayTheSpireMod:System Scan","Stack"],"picked":"Static Discharge","floor":5.0},{"not_picked":["Sweeping Beam","Barrage"],"picked":"Melter","floor":6.0},{"not_picked":["Gash","Turbo"],"picked":"Rainbow","floor":8.0},{"not_picked":["Leap","Gash"],"picked":"Melter","floor":11},{"not_picked":["ReplayTheSpireMod:System Scan","Panic Button"],"picked":"Leap","floor":14},{"not_picked":["ReplayRNGCard","Machine Learning"],"picked":"ReplayTheSpireMod:Fabricate Wheel","floor":16},{"not_picked":["Rip and Tear","Turbo"],"picked":"White Noise","floor":18},{"not_picked":["ReplayTheSpireMod:Repulse","Barrage"],"picked":"Chill+1","floor":19},{"not_picked":["Blizzard","Gash+1","Reprogram"],"picked":"SKIP","floor":19},{"not_picked":["Rebound","Sweeping Beam"],"picked":"Chill+1","floor":21},{"not_picked":["Rebound+1","Compile Driver"],"picked":"Hello World","floor":21},{"not_picked":["Streamline+1","Rebound","Beam Cell+1"],"picked":"SKIP","floor":24},{"not_picked":["Ball Lightning+1","Recycle"],"picked":"Self Repair+1","floor":27},{"not_picked":["Compile Driver","Genetic Algorithm","Hologram"],"picked":"SKIP","floor":27},{"not_picked":["ReplayRNGCard","Recycle","ReplaySort+1"],"picked":"SKIP","floor":28},{"not_picked":["Sweeping Beam","Barrage"],"picked":"Time Bomb","floor":29},{"not_picked":["Panic Button","Compile Driver","Steam+1"],"picked":"SKIP","floor":29},{"not_picked":["Machine Learning","All For One"],"picked":"Buffer","floor":33},{"not_picked":["Cold Snap","Hologram+1"],"picked":"Time Bomb","floor":35},{"not_picked":["Go for the Eyes+1","Scrape","Compile Driver"],"picked":"SKIP","floor":35},{"not_picked":["Stack","Hologram+1"],"picked":"Thunder Strike","floor":37},{"not_picked":["Force Field","Steam+1","ReplayTheSpireMod:Repulse"],"picked":"SKIP","floor":37},{"not_picked":["Barrage","Compile Driver+1","Coolheaded"],"picked":"SKIP","floor":40},{"not_picked":["Steam+1","Hologram+1","Multi-Cast"],"picked":"Static Discharge+1","floor":45},{"not_picked":["Go for the Eyes","Beam Cell+1","Tempest+1","Streamline+1"],"picked":"SKIP","floor":45},{"not_picked":["Impatience","Enlightenment","ReplayTheSpireMod:Trickstab"],"picked":"Jack Of All Trades","floor":47}],"player_experience":158857,"relics_obtained":[{"floor":4.0,"key":"ReplayTheSpireMod:Ring of Challenge"},{"floor":4.0,"key":"ReplayTheSpireMod:Ring of Addiction"},{"floor":4.0,"key":"Toy Ornithopter"},{"floor":4.0,"key":"Chameleon Ring"},{"floor":9,"key":"Replay:Bottled Snecko"},{"floor":14,"key":"Nunchaku"},{"floor":24,"key":"FossilizedHelix"},{"floor":26,"key":"Bag of Preparation"},{"floor":28,"key":"Peace Pipe"},{"floor":36,"key":"Letter Opener"},{"floor":39,"key":"Incense Burner"},{"floor":40,"key":"Boot"},{"floor":43,"key":"Question Card"},{"floor":48,"key":"The Courier"}],"event_choices":[{"cards_removed":["Strike_B"],"damage_healed":0.0,"max_hp_gain":0.0,"max_hp_loss":0.0,"gold_gain":0.0,"event_name":"Golden Wing","player_choice":"Card Removal","floor":3.0,"gold_loss":0.0,"damage_taken":7.0},{"damage_healed":0,"gold_gain":0,"player_choice":"Rummage","damage_taken":0,"relics_obtained":["WarpedTongs"],"max_hp_gain":0,"max_hp_loss":0,"event_name":"Accursed Blacksmith","floor":13,"gold_loss":0,"cards_obtained":["Pain"]},{"damage_healed":0,"gold_gain":100,"player_choice":"Pray","damage_taken":0,"max_hp_gain":0,"max_hp_loss":0,"event_name":"Golden Shrine","floor":31,"gold_loss":0},{"damage_healed":0,"gold_gain":0,"player_choice":"Fight","damage_taken":0,"max_hp_gain":0,"max_hp_loss":0,"event_name":"MindBloom","floor":39,"gold_loss":0},{"damage_healed":0,"gold_gain":0,"player_choice":"Memory 1","damage_taken":0,"max_hp_gain":0,"max_hp_loss":0,"event_name":"SensoryStone","floor":47,"gold_loss":0},{"damage_healed":0,"gold_gain":0,"player_choice":"Relic","damage_taken":0,"max_hp_gain":0,"max_hp_loss":0,"event_name":"Wheel of Change","floor":48,"gold_loss":0}],"is_beta":false,"boss_relics":[{"not_picked":["Cursed Key","Runic Pyramid"],"picked":"Empty Cage"},{"not_picked":["Kintsugi","Sozu"],"picked":"Velvet Choker"}],"items_purged_floors":[12,20,22,38],"is_endless":false,"potions_floor_spawned":[1,6,11,14,16,18,27,29,37,39,45],"ascension_level":0}}