{"host":"jepbxlyr671awj3c","time":1610327815,"event":{"mods":["100% Spire Juice","A Magickal Journey","AchievementEnabler","Act Like it!","Astrologer","Bard","BaseMod","BetterRewards","Colored Map","Conjunction","Conspire","Decade(???)","Downfall","Downfall-Rebalance","Duelist Mod","Fireblade Mod","GifTheSpireLib","HololiveMod","Hubris","Hyrulean Relics","Infinite Spire","Ironclad Rager","Mimic Mod","Minty Spire (QoL Compilation)","MostiFishMod","Pale of the Ancients","Potionbrewer","Prisma Mod","Quarter Circle Forward PUNCH!","Quick Restart","RNG Fix","Random Character Button","Replay The Spire","Reworked Bosses","Shade Mod","Small Relic Pack","Somnambulant","Spicy Shops","StSLib","The Blackbeard","The Caster","The Clintock","The Construct","The Dragon Tamer","The Gatherer","The Sage","TheSwordswoman"],"gold_per_floor":[144,144,11,24,24,53,53,53,91,108,125,95,110,200,200,296,296,286,286,297,297,297],"floor_reached":21,"playtime":2463,"items_purged":[],"score":225,"play_id":"b8fc1a5e-4699-41ad-a3ba-5eb2f01249ca","local_time":"20210110191655","is_ascension_mode":true,"campfire_choices":[{"floor":8,"key":"RECALL"},{"floor":15,"key":"REST"}],"circlet_count":0,"master_deck":["theDuelist:ArmoredZombie","theDuelist:ArmoredZombie","theDuelist:ClownZombie","theDuelist:ClownZombie","theDuelist:PatricianDarkness","theDuelist:ShallowGrave+1","theDuelist:SkullConductor","theDuelist:TutanMask+1","theDuelist:DesLacooda+1","theDuelist:GhostrickDoll","theDuelist:PyramidWonders","theDuelist:Wasteland","theDuelist:GhostReaper","theDuelist:DecayedCommander","theDuelist:GhostrickSpecter","theDuelist:GhostrickJiangshi","theDuelist:GhostrickFairy","theDuelist:YukiOnnaAbsolute","theDuelist:VendreadChimera+1","theDuelist:VampireLord+1"],"relics":["theDuelist:MillenniumPuzzle","theDuelist:CardPoolRelic","theDuelist:CardPoolBasicRelic","theDuelist:BoosterPackPoolRelic","theDuelist:CardPoolAddRelic","theDuelist:CardPoolMinusRelic","theDuelist:CardPoolSaveRelic","theDuelist:CardPoolOptionsRelic","DaveBox","BloodWine","SynthV:TestCard","Omamori","theDuelist:CursedHealer","Gatherer:MistGenerator","Black Star"],"acts_visited":["Exordium","TheCity"],"potions_floor_usage":[6,6,13,13,21],"damage_taken":[{"damage":2,"enemies":"Small Slimes","floor":1,"turns":3},{"damage":0,"enemies":"Cultist","floor":4,"turns":3},{"damage":0,"enemies":"3 Sentries","floor":6,"turns":5},{"damage":1,"enemies":"Jaw Worm","floor":9,"turns":5},{"damage":8,"enemies":"Jaw Worm","floor":10,"turns":4},{"damage":13,"enemies":"2 Fungi Beasts","floor":11,"turns":4},{"damage":10,"enemies":"Large Slime","floor":13,"turns":6},{"damage":25,"enemies":"Lagavulin","floor":14,"turns":6},{"damage":31,"enemies":"Slime Boss","floor":16,"turns":4},{"damage":10,"enemies":"2 Thieves","floor":18,"turns":4},{"damage":54,"enemies":"Shell Parasite","floor":20,"turns":5},{"damage":21,"enemies":"Centurion and Healer","floor":21,"turns":7}],"seed_played":"3588451925435618292","potions_obtained":[{"floor":4,"key":"champ:CounterPotion"},{"floor":10,"key":"theDuelist:MillenniumElixir"},{"floor":11,"key":"Explosive Potion"},{"floor":14,"key":"Death Potion"},{"floor":20,"key":"theDuelist:VampireVial"}],"is_trial":false,"path_per_floor":["M","?","$","M","?","E","?","R","MIM","M","M","?","M","E","R","B",null,"M","?","M","M"],"character_chosen":"THE_DUELIST","items_purchased":["theDuelist:GhostrickDoll","theDuelist:LavaBottle"],"campfire_rested":1,"item_purchase_floors":[3,3],"current_hp_per_floor":[78,62,62,62,62,67,80,80,80,72,59,59,64,39,63,32,80,70,70,16,0,0],"gold":297,"neow_bonus":"UPGRADE_CARD","is_daily":false,"chose_seed":false,"campfire_upgraded":0,"win_rate":0.0,"timestamp":1610327815,"path_taken":["M","?","$","M","?","E","?","R","MIM","M","M","?","?","E","R","BOSS","M","?","M","M"],"items_purchased_type":["Card","Potion"],"build_version":"2020-12-22","purchased_purges":0,"victory":false,"max_hp_per_floor":[80,80,80,80,80,80,80,80,80,80,80,80,80,80,80,80,80,80,80,80,80,80],"card_choices":[{"not_picked":["theDuelist:PhantomGhost","theDuelist:BattleFusion","theDuelist:MechMoleZombie","theDuelist:VendreadReorigin"],"picked":"theDuelist:DesLacooda","floor":1},{"not_picked":["theDuelist:VampireDomain","theDuelist:MayakashiReturn","theDuelist:GhostrickMansion"],"picked":"theDuelist:PyramidWonders","floor":4},{"not_picked":["theDuelist:OboroGuruma","theDuelist:Mausoleum","theDuelist:EndlessDecay"],"picked":"theDuelist:Wasteland","floor":6},{"not_picked":["theDuelist:ZombieWarrior","theDuelist:TriWight","theDuelist:Mezuki","theDuelist:GiantAxeMummy"],"picked":"theDuelist:GhostReaper","floor":9},{"not_picked":["theDuelist:AshBlossom","theDuelist:VendreadHoundhorde","theDuelist:SpiritReaper","theDuelist:ImmortalRuler"],"picked":"theDuelist:DecayedCommander","floor":10},{"not_picked":["theDuelist:GhostrickYeti","theDuelist:Wightprincess","theDuelist:MoltenZombie","theDuelist:AntiFusionDevice"],"picked":"theDuelist:GhostrickSpecter","floor":11},{"not_picked":["theDuelist:VampireScarletScourge","theDuelist:ShiranuiSpiritmaster","theDuelist:RevendreadSlayer","theDuelist:Tsukahagi"],"picked":"theDuelist:GhostrickJiangshi","floor":13},{"not_picked":["theDuelist:GhostrickDoll","theDuelist:GhostrickNekomusume","theDuelist:GhostrickSocuteboss","theDuelist:GhostrickWitch"],"picked":"theDuelist:GhostrickFairy","floor":14},{"not_picked":["theDuelist:VendreadStriges","theDuelist:VendreadNightmare","theDuelist:VendreadDaybreak","theDuelist:MayakashiWinter"],"picked":"theDuelist:YukiOnnaAbsolute","floor":16},{"not_picked":["theDuelist:VendreadStriges","theDuelist:VendreadRevenants","theDuelist:VendreadHoundhorde+1","theDuelist:RevendreadSlayer"],"picked":"theDuelist:VendreadChimera+1","floor":18},{"not_picked":["theDuelist:VampireScarletScourge","theDuelist:VampireFamiliar","theDuelist:YukiOnnaIce","theDuelist:Tsukahagi"],"picked":"theDuelist:VampireLord+1","floor":20}],"player_experience":155440,"relics_obtained":[{"floor":1,"key":"SynthV:TestCard"},{"floor":6,"key":"Omamori"},{"floor":14,"key":"Gatherer:MistGenerator"}],"event_choices":[{"damage_healed":0,"gold_gain":0,"player_choice":"Entered Light","damage_taken":16,"max_hp_gain":0,"max_hp_loss":0,"event_name":"Shining Light","floor":2,"gold_loss":0,"cards_upgraded":["theDuelist:DesLacooda","theDuelist:TutanMask"]},{"cards_removed":["theDuelist:ArmoredZombie"],"damage_healed":0,"gold_gain":0,"player_choice":"Purged","damage_taken":0,"max_hp_gain":0,"max_hp_loss":0,"event_name":"Purifier","floor":5,"gold_loss":0},{"damage_healed":0,"gold_gain":0,"player_choice":"Succumb - +25HP/Cursed Relic","duelist":true,"damage_taken":0,"max_hp_gain":0,"max_hp_loss":0,"event_name":"Tomb of the Nameless","floor":7,"gold_loss":0},{"damage_healed":0,"gold_gain":0,"player_choice":"Left Gold","damage_taken":0,"max_hp_gain":0,"max_hp_loss":0,"event_name":"World of Goop","floor":12,"gold_loss":30}],"is_beta":false,"boss_relics":[{"not_picked":["hubris:TerracottaHorce","hubris:BlackHole"],"picked":"Black Star"}],"items_purged_floors":[],"is_endless":false,"potions_floor_spawned":[4,10,11,14,20],"killed_by":"Centurion and Healer","ascension_level":1}}