{"host":"egwexuw5uvnxf11j","time":1610350481,"event":{"mods":["2.2 Compatiblity","Aspiration","BaseMod","Better Altar","Better Note","Better Sensory Stone","Better Third Choice","Displayed Cursed Tome","Downfall","Hermit","Key Reminder","Koishi","Marisa????????","Minty Spire (QoL Compilation)","Quick Restart","Shade Mod","Spicy Shops","StSLib","The Construct","The Cursed","The Hierophant","The Runesmith","The Senshi","The Servant 0.9.4","Transform Curses"],"gold_per_floor":[116,130,142,160,6,6,40,40,65,65,93,20,40,13,13,13,13],"floor_reached":16,"playtime":805,"items_purged":[],"score":113,"play_id":"366833c7-5dd6-49c1-85f6-fa7186ff9844","local_time":"20210111023441","is_ascension_mode":true,"campfire_choices":[{"floor":6,"key":"REST"},{"data":"hermit:NoHoldsBarred","floor":10,"key":"SMITH"},{"floor":15,"key":"REST"}],"circlet_count":0,"master_deck":["hermit:Strike_Hermit","hermit:Strike_Hermit","hermit:Strike_Hermit","hermit:Strike_Hermit","hermit:Defend_Hermit","hermit:Defend_Hermit","hermit:Defend_Hermit","hermit:Defend_Hermit","hermit:Snapshot","hermit:Covet","hermit:NoHoldsBarred+1","hermit:SprayPray","hermit:TrackingShot","hermit:Roughhouse","hermit:WideOpen","Regret","hermit:BigShot","hermit:Headshot"],"relics":["hermit:Momento","Centennial Puzzle","Membership Card","aspiration:Lifesprig","Runesmith:AutoHammer","Omamori","aspiration:StickyExplosives_weak","keyreminder:keyreminder","PreservedInsect","Odd Mushroom"],"acts_visited":["Exordium"],"potions_floor_usage":[7,16,16],"damage_taken":[{"damage":1,"enemies":"Cultist","floor":1,"turns":3},{"damage":6,"enemies":"Jaw Worm","floor":2,"turns":3},{"damage":5,"enemies":"Small Slimes","floor":3,"turns":2},{"damage":10,"enemies":"Exordium Wildlife","floor":4,"turns":4},{"damage":8,"enemies":"3 Sentries","floor":7,"turns":6},{"damage":30,"enemies":"Gremlin Nob","floor":11,"turns":4},{"damage":0,"enemies":"The Mushroom Lair","floor":13,"turns":2},{"damage":62,"enemies":"The Guardian","floor":16,"turns":9}],"seed_played":"-4857096410071591456","potions_obtained":[{"floor":1,"key":"ColorlessPotion"},{"floor":2,"key":"Energy Potion"},{"floor":3,"key":"SkillPotion"}],"is_trial":false,"path_per_floor":["M","M","M","M","$","R","E","?","T","R","E","$","?","?","R","B"],"character_chosen":"HERMIT","items_purchased":["Membership Card","PreservedInsect"],"campfire_rested":2,"item_purchase_floors":[5,12],"current_hp_per_floor":[74,68,63,53,53,75,67,67,67,67,37,37,37,37,59,0,0],"gold":13,"neow_bonus":"RANDOM_COMMON_RELIC","is_daily":false,"chose_seed":false,"campfire_upgraded":1,"win_rate":0.0,"timestamp":1610350481,"path_taken":["M","M","M","?","$","R","E","?","T","R","E","$","?","?","R","BOSS"],"items_purchased_type":["Relic","Relic"],"build_version":"2020-12-22","purchased_purges":0,"victory":false,"max_hp_per_floor":[75,75,75,75,75,75,75,75,75,75,75,75,75,75,75,75,75],"card_choices":[{"not_picked":["hermit:CalledShot","hermit:Snipe"],"picked":"hermit:NoHoldsBarred","floor":1},{"not_picked":["hermit:Midnight","hermit:Dive"],"picked":"hermit:SprayPray","floor":2},{"not_picked":["hermit:Glare","hermit:Feint"],"picked":"hermit:TrackingShot","floor":3},{"not_picked":["hermit:Dive","hermit:CalledShot"],"picked":"hermit:Roughhouse","floor":4},{"not_picked":["hermit:LoneWolf","hermit:LowProfile"],"picked":"hermit:WideOpen","floor":7},{"not_picked":["hermit:DeadMansHand","hermit:Roulette"],"picked":"hermit:BigShot","floor":11},{"not_picked":["hermit:FullyLoaded","hermit:Manifest"],"picked":"hermit:Headshot","floor":13}],"player_experience":2193398,"relics_obtained":[{"floor":7,"key":"aspiration:Lifesprig"},{"floor":9,"key":"Omamori"},{"floor":11,"key":"aspiration:StickyExplosives_weak"},{"floor":13,"key":"Odd Mushroom"}],"event_choices":[{"damage_healed":0,"gold_gain":0,"player_choice":"Box","damage_taken":0,"relics_obtained":["Runesmith:AutoHammer"],"max_hp_gain":0,"max_hp_loss":0,"event_name":"Big Fish","floor":8,"gold_loss":0,"cards_obtained":["Regret"]},{"damage_healed":0,"gold_gain":0,"player_choice":"Fought Mushrooms","damage_taken":0,"max_hp_gain":0,"max_hp_loss":0,"event_name":"Mushrooms","floor":13,"gold_loss":0},{"damage_healed":0,"gold_gain":0,"player_choice":"Left","damage_taken":0,"max_hp_gain":0,"max_hp_loss":0,"event_name":"betterThird:BetterGoop","floor":14,"gold_loss":27}],"is_beta":false,"boss_relics":[],"items_purged_floors":[],"is_endless":false,"potions_floor_spawned":[1,2,3],"killed_by":"The Guardian","ascension_level":1}}