{"host":"y7sd46uq4xlni546","time":1610395658,"event":{"mods":["AchievementEnabler","BaseMod","Colored Map","Colored Powertips","Curses Come First","Filter the Spire","Minty Spire (QoL Compilation)","Quick Restart","Random Character Button","Rare Cards Sparkle","StSLib"],"gold_per_floor":[115,80,93,93,158,190,190,220,274,118,153,167,167,198,198,302,302,315,315,315,325,340,372,397,420,432,444,456,493,505,552,564,680,692,722,734,746,776,807,88,120,120,167,195,195,195,195,195,195,195,195,195,120,153,153],"floor_reached":56,"playtime":3300,"items_purged":["Shame"],"score":1714,"play_id":"503f95ba-7957-43ac-9734-f32c5bbbc5e2","local_time":"20210111210738","is_ascension_mode":true,"campfire_choices":[{"floor":7.0,"key":"REST"},{"floor":13.0,"key":"REST"},{"data":"Bash","floor":15.0,"key":"SMITH"},{"floor":28.0,"key":"REST"},{"floor":30.0,"key":"REST"},{"floor":32.0,"key":"REST"},{"floor":42.0,"key":"REST"},{"floor":45.0,"key":"REST"},{"data":"Rupture","floor":47.0,"key":"SMITH"},{"floor":49.0,"key":"RECALL"},{"data":"Metamorphosis","floor":52.0,"key":"SMITH"}],"circlet_count":0,"master_deck":["Strike_R+1","Strike_R+1","Strike_R+1","Defend_R+1","Defend_R+1","Defend_R+1","Bash+1","Pummel+1","Dark Embrace+1","Exhume+1","Cleave+1","Feed","Power Through","Thunderclap","Dual Wield","Bludgeon","Armaments","Rage+1","Pain","Body Slam+1","Doubt","Fiend Fire+1","Offering","Rupture+1","Mind Blast+1","Jack Of All Trades","Mind Blast+1","Feel No Pain","Reaper+1","Metamorphosis+1","Rampage+1","Body Slam+1","Parasite","Juggernaut"],"relics":["Astrolabe","Bronze Scales","Oddly Smooth Stone","Ancient Tea Set","Medical Kit","Tiny Chest","Singing Bowl","Cursed Key","Matryoshka","Question Card","Molten Egg 2","MawBank","Kunai","StrikeDummy","MutagenicStrength","Self Forming Clay","Bag of Preparation","Mark of Pain","Anchor","Gremlin Horn","Boot","Red Skull","Mummified Hand","Bag of Marbles"],"acts_visited":["Exordium","TheCity","TheBeyond","TheEnding"],"potions_floor_usage":[54,55,55],"damage_taken":[{"damage":18.0,"enemies":"Small Slimes","floor":1.0,"turns":4.0},{"damage":12.0,"enemies":"Jaw Worm","floor":3.0,"turns":2.0},{"damage":30.0,"enemies":"3 Sentries","floor":6.0,"turns":6.0},{"damage":40.0,"enemies":"Lagavulin","floor":8.0,"turns":6.0},{"damage":8.0,"enemies":"3 Sentries","floor":11.0,"turns":7.0},{"damage":4.0,"enemies":"Cultist","floor":12.0,"turns":5.0},{"damage":6.0,"enemies":"Gremlin Nob","floor":14.0,"turns":4.0},{"damage":30.0,"enemies":"Hexaghost","floor":16.0,"turns":12.0},{"damage":11.0,"enemies":"Spheric Guardian","floor":18.0,"turns":5.0},{"damage":3.0,"enemies":"3 Byrds","floor":21.0,"turns":2.0},{"damage":7.0,"enemies":"3 Cultists","floor":22.0,"turns":5.0},{"damage":51.0,"enemies":"Gremlin Leader","floor":23.0,"turns":6.0},{"damage":11.0,"enemies":"Shelled Parasite and Fungi","floor":25.0,"turns":5.0},{"damage":22.0,"enemies":"Book of Stabbing","floor":29.0,"turns":4.0},{"damage":7.0,"enemies":"Gremlin Leader","floor":31.0,"turns":4.0},{"damage":8.0,"enemies":"Collector","floor":33.0,"turns":2.0},{"damage":13.0,"enemies":"3 Shapes","floor":35.0,"turns":2.0},{"damage":0.0,"enemies":"Orb Walker","floor":38.0,"turns":1.0},{"damage":33.0,"enemies":"Jaw Worm Horde","floor":39.0,"turns":4.0},{"damage":18.0,"enemies":"Giant Head","floor":41.0,"turns":5.0},{"damage":5.0,"enemies":"Nemesis","floor":44.0,"turns":3.0},{"damage":69.0,"enemies":"Awakened One","floor":50.0,"turns":9.0},{"damage":66,"enemies":"Shield and Spear","floor":54,"turns":5},{"damage":69,"enemies":"The Heart","floor":55,"turns":5}],"seed_played":"5737359162936761244","potions_obtained":[{"floor":3.0,"key":"ColorlessPotion"},{"floor":6.0,"key":"Weak Potion"},{"floor":11.0,"key":"Weak Potion"},{"floor":16.0,"key":"CultistPotion"},{"floor":21.0,"key":"SpeedPotion"},{"floor":23.0,"key":"GamblersBrew"},{"floor":39.0,"key":"HeartOfIron"},{"floor":41.0,"key":"Energy Potion"},{"floor":54,"key":"FairyPotion"}],"is_trial":false,"path_per_floor":["M","?","M","?","?","E","R","E","T","$","E","M","R","E","R","B",null,"M","?","?","M","M","E","T","M","T","?","R","E","R","E","R","B",null,"M","?","?","M","M","$","E","R","T","E","R","T","R","?","R","B",null,"R","$","E","B",null],"character_chosen":"IRONCLAD","items_purchased":["Medical Kit","Anchor","Gremlin Horn","Reaper+1","Metamorphosis"],"campfire_rested":7,"item_purchase_floors":[10,40,40,40,40],"current_hp_per_floor":[54,74,62,62,62,32,56,19,19,19,14,13,39,36,36,9,74,68,68,68,68,61,12,12,4,4,4,36,18,51,47,81,76,108,98,88,88,90,60,60,45,82,82,77,114,114,114,114,114,61,105,105,105,53,29],"gold":153,"neow_bonus":"BOSS_RELIC","is_daily":false,"chose_seed":false,"campfire_upgraded":3,"win_rate":0.0,"timestamp":1610395658,"path_taken":["M","?","M","?","?","E","R","E","T","$","E","M","R","E","R","BOSS","M","?","?","?","M","E","?","M","T","?","R","E","R","E","R","BOSS","M","?","?","M","M","$","E","R","T","E","R","?","R","?","R","BOSS","R","$","E","BOSS"],"items_purchased_type":["Relic","Relic","Relic","Card","Card"],"build_version":"2020-12-22","purchased_purges":1,"victory":true,"max_hp_per_floor":[80,80,80,80,80,80,80,83,83,83,86,89,89,92,92,95,95,100,100,100,103,103,105,105,108,108,108,108,112,112,115,115,118,118,121,121,121,123,126,126,126,126,126,126,126,126,126,120,120,120,120,120,120,120,120],"card_choices":[{"not_picked":["Ghostly Armor","Armaments"],"picked":"Cleave","floor":1.0},{"not_picked":["Cleave","Flex","Perfected Strike"],"picked":"SKIP","floor":3.0},{"not_picked":["Pommel Strike","Clash"],"picked":"Feed","floor":6.0},{"not_picked":["Flex","Clothesline"],"picked":"Power Through","floor":8.0},{"not_picked":["Heavy Blade","Armaments"],"picked":"Thunderclap","floor":11.0},{"not_picked":["Anger","Iron Wave","Pommel Strike"],"picked":"SKIP","floor":12.0},{"not_picked":["Blood for Blood","Pummel"],"picked":"Dual Wield","floor":14.0},{"not_picked":["Juggernaut","Limit Break"],"picked":"Bludgeon","floor":16.0},{"not_picked":["Flex","Perfected Strike","Shockwave"],"picked":"Singing Bowl","floor":18.0},{"not_picked":["Pommel Strike","Body Slam"],"picked":"Armaments","floor":21.0},{"not_picked":["Pommel Strike","Sword Boomerang+1"],"picked":"Rage+1","floor":22.0},{"not_picked":["Shockwave","Searing Blow+1","Twin Strike"],"picked":"Singing Bowl","floor":23.0},{"not_picked":["Pummel+1","Entrench","Inflame"],"picked":"Body Slam+1","floor":25.0},{"not_picked":["Anger+1","Body Slam+1","Sever Soul+1"],"picked":"Fiend Fire+1","floor":29.0},{"not_picked":["Headbutt+1","Perfected Strike+1","True Grit"],"picked":"Offering","floor":31.0},{"not_picked":["Limit Break","Corruption","Double Tap"],"picked":"Juggernaut","floor":33.0},{"not_picked":["Burning Pact+1","Warcry","Headbutt+1"],"picked":"Rupture","floor":35.0},{"not_picked":["Good Instincts","Master of Strategy","Thinking Ahead"],"picked":"Mind Blast+1","floor":36.0},{"not_picked":["Master of Strategy","Finesse","Mayhem"],"picked":"Jack Of All Trades","floor":36.0},{"not_picked":["Madness","Purity","PanicButton"],"picked":"Mind Blast+1","floor":36.0},{"not_picked":["Evolve","Carnage+1","Battle Trance+1","Warcry+1"],"picked":"Singing Bowl","floor":38.0},{"not_picked":["Battle Trance","Iron Wave+1","Seeing Red+1"],"picked":"Feel No Pain","floor":39.0},{"not_picked":["Impervious","Exhume","Perfected Strike+1"],"picked":"Rampage+1","floor":41.0},{"not_picked":["Havoc+1","Entrench","Pommel Strike+1"],"picked":"Body Slam+1","floor":44.0},{"not_picked":["Limit Break","Havoc+1","Brutality"],"picked":"Juggernaut","floor":54}],"player_experience":631911,"relics_obtained":[{"floor":6.0,"key":"Bronze Scales"},{"floor":8.0,"key":"Oddly Smooth Stone"},{"floor":9.0,"key":"Ancient Tea Set"},{"floor":11.0,"key":"Tiny Chest"},{"floor":14.0,"key":"Singing Bowl"},{"floor":20.0,"key":"Matryoshka"},{"floor":23.0,"key":"Question Card"},{"floor":24.0,"key":"Molten Egg 2"},{"floor":24.0,"key":"MawBank"},{"floor":26.0,"key":"Kunai"},{"floor":26.0,"key":"StrikeDummy"},{"floor":29.0,"key":"Self Forming Clay"},{"floor":31.0,"key":"Bag of Preparation"},{"floor":41.0,"key":"Boot"},{"floor":44.0,"key":"Red Skull"},{"floor":46.0,"key":"Mummified Hand"},{"floor":54,"key":"Bag of Marbles"}],"event_choices":[{"damage_healed":20.0,"max_hp_gain":0.0,"max_hp_loss":0.0,"gold_gain":0.0,"event_name":"The Cleric","player_choice":"Healed","floor":2.0,"gold_loss":35.0,"damage_taken":0.0},{"damage_healed":0.0,"max_hp_gain":0.0,"max_hp_loss":0.0,"gold_gain":0.0,"event_name":"Living Wall","player_choice":"Grow","floor":4.0,"gold_loss":0.0,"damage_taken":0.0,"cards_upgraded":["Cleave"]},{"damage_healed":0.0,"max_hp_gain":0.0,"max_hp_loss":0.0,"gold_gain":65.0,"event_name":"Golden Wing","player_choice":"Gained Gold","floor":5.0,"gold_loss":0.0,"damage_taken":0.0},{"damage_healed":0.0,"max_hp_gain":0.0,"max_hp_loss":0.0,"gold_gain":0.0,"event_name":"Back to Basics","player_choice":"Simplicity","floor":19.0,"gold_loss":0.0,"damage_taken":0.0,"cards_upgraded":["Strike_R","Strike_R","Strike_R","Defend_R","Defend_R","Defend_R"]},{"damage_healed":0.0,"max_hp_gain":0.0,"max_hp_loss":0.0,"gold_gain":0.0,"event_name":"Wheel of Change","player_choice":"Relic","floor":20.0,"gold_loss":0.0,"damage_taken":0.0},{"damage_healed":0.0,"max_hp_gain":0.0,"max_hp_loss":0.0,"gold_gain":0.0,"event_name":"Drug Dealer","player_choice":"Inject Mutagens","floor":27.0,"gold_loss":0.0,"damage_taken":0.0,"relics_obtained":["MutagenicStrength"]},{"damage_healed":0.0,"max_hp_gain":0.0,"max_hp_loss":0.0,"gold_gain":0.0,"event_name":"SensoryStone","player_choice":"Memory 3","floor":36.0,"gold_loss":0.0,"damage_taken":10.0},{"cards_removed":["Juggernaut"],"damage_healed":0.0,"max_hp_gain":0.0,"max_hp_loss":0.0,"gold_gain":0.0,"event_name":"Falling","player_choice":"Removed Power","floor":37.0,"gold_loss":0.0,"damage_taken":0.0},{"damage_healed":0.0,"max_hp_gain":0.0,"max_hp_loss":6.0,"gold_gain":0.0,"event_name":"Winding Halls","player_choice":"Max HP","floor":48.0,"gold_loss":0.0,"damage_taken":0.0}],"is_beta":false,"boss_relics":[{"not_picked":["Runic Dome","Ectoplasm"],"picked":"Cursed Key"},{"not_picked":["Snecko Eye","Coffee Dripper"],"picked":"Mark of Pain"}],"items_purged_floors":[53],"is_endless":false,"potions_floor_spawned":[3,6,11,16,21,23,39,41,54],"ascension_level":7}}