{"host":"jlz4is0nf6zo9oab","time":1610390477,"event":{"mods":["AchievementEnabler","BaseMod","Colored Map","Colored Powertips","Highlight Path","Minty Spire (QoL Compilation)","StSLib"],"gold_per_floor":[113,83,103,123,141,141,175,175,175,175,185,199,222,240,240,240,240],"floor_reached":16,"playtime":538,"items_purged":[],"score":166,"play_id":"8f3ffc29-6593-4c10-8966-9b237fbff955","local_time":"20210111194117","is_ascension_mode":true,"campfire_choices":[{"data":"Terror","floor":6,"key":"SMITH"},{"floor":8,"key":"REST"},{"floor":15,"key":"REST"}],"circlet_count":0,"master_deck":["AscendersBane","Strike_G","Strike_G","Strike_G","Strike_G","Strike_G","Defend_G","Defend_G","Defend_G","Defend_G","Defend_G","Survivor","Neutralize+1","Prepared","Terror+1","Dagger Spray","Blur","Finisher"],"relics":["Ring of the Snake","Vajra","Blood Vial","The Courier","Bronze Scales"],"acts_visited":["Exordium"],"potions_floor_usage":[5,7,7,14],"damage_taken":[{"damage":2,"enemies":"Cultist","floor":1,"turns":4},{"damage":8,"enemies":"Small Slimes","floor":3,"turns":5},{"damage":1,"enemies":"Jaw Worm","floor":4,"turns":5},{"damage":4,"enemies":"Looter","floor":5,"turns":4},{"damage":13,"enemies":"Gremlin Nob","floor":7,"turns":3},{"damage":2,"enemies":"Blue Slaver","floor":11,"turns":4},{"damage":0,"enemies":"2 Fungi Beasts","floor":12,"turns":4},{"damage":0,"enemies":"3 Louse","floor":14,"turns":1},{"damage":98,"enemies":"Slime Boss","floor":16,"turns":9}],"seed_played":"8368732320711832348","potions_obtained":[{"floor":2,"key":"LiquidBronze"},{"floor":2,"key":"EntropicBrew"},{"floor":5,"key":"EntropicBrew"},{"floor":11,"key":"LiquidMemories"}],"is_trial":false,"path_per_floor":["M","?","M","M","M","R","E","R","T","?","M","M","T","M","R","B"],"character_chosen":"THE_SILENT","items_purchased":[],"campfire_rested":2,"item_purchase_floors":[],"current_hp_per_floor":[61,61,53,52,48,48,35,56,56,38,38,40,40,42,63,0,0],"gold":240,"neow_bonus":"UPGRADE_CARD","is_daily":false,"chose_seed":false,"campfire_upgraded":1,"win_rate":0.0,"timestamp":1610390477,"path_taken":["M","?","?","M","M","R","E","R","T","?","M","M","?","M","R","BOSS"],"items_purchased_type":[],"build_version":"2020-12-22","purchased_purges":0,"victory":false,"max_hp_per_floor":[70,70,70,70,70,70,70,70,70,70,70,70,70,70,70,70,70],"card_choices":[{"not_picked":["Dodge and Roll","Reflex"],"picked":"Prepared","floor":1},{"not_picked":["Dagger Throw","Eviscerate"],"picked":"Terror","floor":3},{"not_picked":["Well Laid Plans","Predator","Sucker Punch"],"picked":"SKIP","floor":4},{"not_picked":["Outmaneuver","Backstab"],"picked":"Dagger Spray","floor":5},{"not_picked":["Choke","Dagger Throw","Underhanded Strike"],"picked":"SKIP","floor":7},{"not_picked":["Deflect","Setup"],"picked":"Blur","floor":11},{"not_picked":["Slice","Sucker Punch"],"picked":"Finisher","floor":12},{"not_picked":["Quick Slash","Poisoned Stab","Sucker Punch"],"picked":"SKIP","floor":14}],"player_experience":940465,"relics_obtained":[{"floor":7,"key":"Vajra"},{"floor":9,"key":"Blood Vial"},{"floor":13,"key":"Bronze Scales"}],"event_choices":[{"damage_healed":0,"gold_gain":0,"player_choice":"Bought 2 Potions","damage_taken":0,"max_hp_gain":0,"max_hp_loss":0,"event_name":"The Woman in Blue","floor":2,"gold_loss":0},{"damage_healed":0,"gold_gain":0,"player_choice":"Success","damage_taken":18,"relics_obtained":["The Courier"],"max_hp_gain":0,"max_hp_loss":0,"event_name":"Scrap Ooze","floor":10,"gold_loss":0}],"is_beta":false,"boss_relics":[],"items_purged_floors":[],"is_endless":false,"potions_floor_spawned":[4,5,11],"killed_by":"Slime Boss","ascension_level":12}}