{"host":"4mxntv5hh20ijfso","time":1610404498,"event":{"mods":["2.2 Compatiblity","AchievementEnabler","Act Like it!","Astrologer","BaseMod","Bestiary","Better Altar","Better Match","Better Note","Better Sensory Stone","Better Skull","Better Third Choice","Better Vampires","Elementarium","Energized Spire","Fireblade Mod","Friendly Minions","Halation","Infinite Spire","Ironclad Rager","Koishi","Lobotomy","LobotomyExtend","Mari Mod (Legacy)","Mari\u0027s V1 Patch","Minty Spire (QoL Compilation)","Quick Restart","Random Character Button","Rare Cards Sparkle","Robot Space Explorer","Shade Mod","Shop Mod","Spicy Shops","StSLib","The Alterego","The Blackbeard","The Bladedancer","The Bug Knight","The Druid","The Elementalist","The Hayseed","The Kombatant","The Marked","The Mystic","The Runesmith","Uncapped","Waifu the Spire","Wandering Minibosses","Yohane!","Yuri Mod","thorton","vexMod"],"gold_per_floor":[110,110,120,120,133,168,168,201,201,201,87,87,87],"floor_reached":12,"playtime":656,"items_purged":[],"score":86,"play_id":"68bb265d-6181-4082-a91f-96e56f583d38","local_time":"20210111173458","is_ascension_mode":false,"campfire_choices":[{"data":"Endless Agony","floor":7,"key":"SMITH"}],"circlet_count":0,"master_deck":["Strike_G","Strike_G","Strike_G","Strike_G","Strike_G","Defend_G","Defend_G","Defend_G+1","Defend_G","Defend_G","Survivor","Neutralize","OSAHOGD","Endless Agony+1","Scorched","Deadly Poison","BeautyBeast","Deadly Poison","Mercenary","Dash","BlackArmy","Slice+1","Noxious Fumes"],"relics":["Ring of the Snake","CogitoBucket","LetterFromLob","Kunai","Pear","vexMod:RedPlottingStone","Bottled Lightning"],"acts_visited":["Exordium"],"potions_floor_usage":[6],"damage_taken":[{"damage":0,"enemies":"Jaw Worm","floor":1,"turns":6},{"damage":13,"enemies":"Cultist","floor":3,"turns":8},{"damage":0,"enemies":"2 Louse","floor":5,"turns":2},{"damage":3,"enemies":"3 Sentries","floor":6,"turns":3},{"damage":15,"enemies":"Gremlin Nob","floor":8,"turns":4},{"damage":20,"enemies":"3 Sentries","floor":12,"turns":1}],"seed_played":"5569473831229367650","potions_obtained":[{"floor":1,"key":"DistilledChaos"}],"is_trial":false,"path_per_floor":["M","?","M","?","M","E","R","E","T","?","$","E"],"character_chosen":"THE_SILENT","items_purchased":["Noxious Fumes"],"campfire_rested":0,"item_purchase_floors":[11],"current_hp_per_floor":[70,63,50,38,38,45,45,30,30,14,14,0,0],"gold":87,"neow_bonus":"","is_daily":false,"chose_seed":false,"campfire_upgraded":1,"win_rate":0.0,"timestamp":1610404498,"path_taken":["M","?","?","?","M","E","R","E","T","?","$","E"],"items_purchased_type":["Card"],"build_version":"2020-12-22","purchased_purges":0,"victory":false,"max_hp_per_floor":[70,70,70,70,70,80,80,80,80,80,80,80,80],"card_choices":[{"not_picked":["OldLady","Scarecrow"],"picked":"OSAHOGD","floor":1},{"not_picked":["Cloak And Dagger","Outmaneuver"],"picked":"Endless Agony","floor":1},{"not_picked":["ShyLook","Murderer"],"picked":"Scorched","floor":3},{"not_picked":["Crippling Poison","Choke"],"picked":"Deadly Poison","floor":3},{"not_picked":["CrumblingArmor","MHz","CherryBlossoms"],"picked":"Singing Bowl","floor":5},{"not_picked":["Laetitia","BodiesMountain"],"picked":"BeautyBeast","floor":5},{"not_picked":["Underhanded Strike","Acrobatics"],"picked":"Deadly Poison","floor":5},{"not_picked":["Variant","SpiderBud"],"picked":"Mercenary","floor":6},{"not_picked":["Sucker Punch","Flying Knee"],"picked":"Dash","floor":6},{"not_picked":["VoidDream","ShyLook"],"picked":"BlackArmy","floor":8},{"not_picked":["PiercingWail","Dagger Throw"],"picked":"Slice","floor":8}],"player_experience":11929,"relics_obtained":[{"floor":1,"key":"LetterFromLob"},{"floor":6,"key":"Pear"},{"floor":8,"key":"vexMod:RedPlottingStone"},{"floor":9,"key":"Bottled Lightning"}],"event_choices":[{"damage_healed":0,"gold_gain":0,"player_choice":"Damaged","damage_taken":7,"max_hp_gain":0,"max_hp_loss":0,"event_name":"Wheel of Change","floor":2,"gold_loss":0},{"damage_healed":0,"gold_gain":0,"player_choice":"Relic ","damage_taken":12,"max_hp_gain":0,"max_hp_loss":0,"event_name":"betterThird:BetterScrap","floor":4,"gold_loss":0,"cards_obtained":["Burning Pact"]},{"damage_healed":30,"gold_gain":0,"player_choice":"Upgrade","damage_taken":16,"max_hp_gain":0,"max_hp_loss":80,"event_name":"betterThird:BetterShining","floor":10,"gold_loss":0,"cards_upgraded":["Defend_G","Slice"]}],"is_beta":false,"boss_relics":[],"items_purged_floors":[],"is_endless":false,"potions_floor_spawned":[1],"killed_by":"3 Sentries","ascension_level":0}}