{"host":"9n6i2vl93jt4o42q","time":1610408270,"event":{"mods":["BaseMod","Downfall","Minty Spire (QoL Compilation)","Relic Stats","StSLib"],"gold_per_floor":[0,16,31,46,96,113,113,113,131,56,41,41,41,71,83,157,157,157,157,15,33,43,74,74,74,104,29,29,42,42,27,40,114,114,39,49,49,34,54,54,104,115,133,251,265,297,297,322,339,339,339,373,100,100,100],"floor_reached":56,"playtime":15628,"items_purged":["Guardian:Strike_Guardian","Guardian:Strike_Guardian"],"score":1971,"play_id":"ad0407cc-c244-4b55-aa25-a9ce1e25a471","local_time":"20210112003750","is_ascension_mode":true,"campfire_choices":[{"data":"Guardian:TwinSlam","floor":1,"key":"SMITH"},{"floor":8,"key":"RECALL"},{"data":"Guardian:ArmoredProtocol","floor":10,"key":"SMITH"},{"data":"Guardian:EvasiveProtocol","floor":12,"key":"SMITH"},{"data":"Guardian:CurlUp","floor":18,"key":"SMITH"},{"data":"Guardian:FuturePlans","floor":25,"key":"SMITH"},{"data":"Guardian:PiercingHide","floor":27,"key":"SMITH"},{"floor":30,"key":"REST"},{"data":"Guardian:Orbwalk","floor":35,"key":"SMITH"},{"data":"Guardian:PolyBeam","floor":40,"key":"SMITH"},{"floor":47,"key":"REST"},{"floor":54,"key":"REST"}],"circlet_count":0,"master_deck":["AscendersBane","Guardian:Strike_Guardian","Guardian:Strike_Guardian","Guardian:Defend_Guardian","Guardian:Defend_Guardian","Guardian:Defend_Guardian","Guardian:Defend_Guardian","Guardian:CurlUp+1","Guardian:TwinSlam+1","Guardian:ExploitGems","Guardian:Recover","Guardian:PolyBeam+1","Guardian:ArmoredProtocol+1","Guardian:PiercingHide+1","Guardian:EvasiveProtocol+1","Guardian:SentryBeam+1","Guardian:Orbwalk+1","Guardian:StasisEngine","Guardian:FuturePlans+1","Guardian:ChargeCore+1","Guardian:MultiBeam+1","Guardian:PrimingBeam+1","Guardian:TemporalShield","Guardian:Repulse+1","Guardian:MultiBeam+1","Guardian:RevengeProtocol","Guardian:PrimingBeam+1","Guardian:Gem_Blue","Guardian:ChargeCore+1","Guardian:AncientConstruct"],"relics":["Guardian:ModeShifter","Molten Egg 2","downfall:HeartBlessingRed","Odd Mushroom","Black Star","Red Mask","Meat on the Bone","Mummified Hand","downfall:HeartBlessingBlue","Sozu","downfall:HeartBlessingGreen","MealTicket","Akabeko","Pear","Unceasing Top","Sundial","Anchor","Calipers","Gremlin Horn"],"acts_visited":["Exordium","TheCity","TheBeyond","TheEnding"],"potions_floor_usage":[23,55,55],"damage_taken":[{"damage":7,"enemies":"Jaw Worm","floor":2,"turns":4},{"damage":4,"enemies":"Small Slimes","floor":3,"turns":4},{"damage":0,"enemies":"2 Louse","floor":4,"turns":2},{"damage":14,"enemies":"Large Slime","floor":6,"turns":10},{"damage":2,"enemies":"2 Fungi Beasts","floor":9,"turns":4},{"damage":0,"enemies":"downfall:FleeingMerchant","floor":11,"turns":4},{"damage":0,"enemies":"The Mushroom Lair","floor":14,"turns":4},{"damage":0,"enemies":"Exordium Wildlife","floor":15,"turns":3},{"damage":17,"enemies":"downfall:Ironclad","floor":16,"turns":9},{"damage":0,"enemies":"Chosen","floor":19,"turns":1},{"damage":1,"enemies":"downfall:FleeingMerchant","floor":20,"turns":4},{"damage":9,"enemies":"Shell Parasite","floor":21,"turns":5},{"damage":7,"enemies":"Snake Plant","floor":22,"turns":5},{"damage":11,"enemies":"Masked Bandits","floor":23,"turns":4},{"damage":4,"enemies":"Book of Stabbing","floor":26,"turns":7},{"damage":5,"enemies":"Cultist and Chosen","floor":29,"turns":5},{"damage":0,"enemies":"downfall:FleeingMerchant","floor":31,"turns":4},{"damage":10,"enemies":"Centurion and Healer","floor":32,"turns":5},{"damage":9,"enemies":"downfall:Watcher","floor":33,"turns":11},{"damage":3,"enemies":"3 Darklings","floor":36,"turns":4},{"damage":5,"enemies":"downfall:FleeingMerchant","floor":38,"turns":4},{"damage":5,"enemies":"Orb Walker","floor":39,"turns":4},{"damage":16,"enemies":"3 Darklings","floor":42,"turns":4},{"damage":12,"enemies":"Jaw Worm Horde","floor":43,"turns":4},{"damage":18,"enemies":"downfall:FleeingMerchant","floor":44,"turns":4},{"damage":24,"enemies":"Transient","floor":45,"turns":5},{"damage":0,"enemies":"Reptomancer","floor":46,"turns":6},{"damage":0,"enemies":"Giant Head","floor":48,"turns":6},{"damage":0,"enemies":"Sphere and 2 Shapes","floor":49,"turns":1},{"damage":12,"enemies":"downfall:Defect","floor":50,"turns":7},{"damage":61,"enemies":"downfall:CharBossMerchant","floor":52,"turns":9},{"damage":15,"enemies":"downfall:NeowBoss","floor":55,"turns":17}],"seed_played":"-9132360343635976780","potions_obtained":[{"floor":4,"key":"hexamod:EctoCoolerPotion"},{"floor":14,"key":"CultistPotion"},{"floor":16,"key":"Block Potion"},{"floor":23,"key":"Dexterity Potion"}],"is_trial":false,"path_per_floor":["R","M","M","M","?","M","T","R","M","R","$","R","?","?","M","B",null,"R","M","$","M","M","?","T","R","E","R","?","M","R","$","M","B",null,"R","M","?","$","M","R","T","M","M","$","M","E","R","E","M","B",null,"E","$","R","B",null],"character_chosen":"GUARDIAN","items_purchased":["Guardian:MultiBeam+1","Guardian:Gem_White","Akabeko","Guardian:AncientConstruct"],"campfire_rested":3,"item_purchase_floors":[20,20,44,53],"current_hp_per_floor":[65,58,54,54,54,40,40,40,38,38,38,38,38,38,38,21,59,59,59,58,49,42,31,31,31,27,37,37,44,68,68,58,49,74,74,71,71,66,61,61,61,45,45,42,30,52,79,79,79,67,86,37,52,79,64],"gold":100,"neow_bonus":"THREE_RARE_CARDS","is_daily":false,"chose_seed":false,"campfire_upgraded":8,"win_rate":0.0,"timestamp":1610408270,"path_taken":["R","M","M","M","?","M","T","R","M","R","$","R","?","?","M","BOSS","R","M","$","M","M","?","T","R","E","R","?","M","R","?","M","BOSS","R","M","?","$","M","R","T","M","?","?","M","E","R","E","M","BOSS","E","$","R","BOSS"],"items_purchased_type":["Card","Card","Relic","Card"],"build_version":"2020-12-22","purchased_purges":2,"victory":true,"max_hp_per_floor":[72,72,72,72,72,72,72,72,72,72,72,72,72,72,72,72,72,72,72,72,72,72,72,72,72,72,82,82,82,82,82,82,82,82,82,82,82,82,82,82,82,82,82,82,82,92,92,92,92,92,92,92,92,92,92],"relic_stats":{"Sozu":5,"Gremlin Horn":[3,3],"counters":[32,170],"Mummified Hand":[79],"Sundial":[8],"MealTicket":30,"Black Star":4,"obtain_stats":[{"Pear":46,"Calipers":52,"downfall:HeartBlessingRed":10,"Gremlin Horn":52,"Guardian:ModeShifter":0,"downfall:HeartBlessingGreen":35,"Odd Mushroom":14,"Akabeko":44,"Sozu":34,"Anchor":48,"downfall:BrokenWingStatue":13,"Mummified Hand":26,"downfall:HeartBlessingBlue":27,"Sundial":48,"Molten Egg 2":7,"MealTicket":41,"Black Star":17,"Red Mask":23,"Unceasing Top":46,"Meat on the Bone":26},{"Pear":27,"Calipers":31,"downfall:HeartBlessingRed":5,"Gremlin Horn":31,"Guardian:ModeShifter":0,"downfall:HeartBlessingGreen":19,"Odd Mushroom":7,"Akabeko":25,"Sozu":19,"Anchor":28,"downfall:BrokenWingStatue":6,"Mummified Hand":15,"downfall:HeartBlessingBlue":15,"Sundial":28,"Molten Egg 2":4,"MealTicket":22,"Black Star":9,"Red Mask":14,"Unceasing Top":27,"Meat on the Bone":15},{"Pear":130,"Calipers":153,"downfall:HeartBlessingRed":24,"Gremlin Horn":153,"Guardian:ModeShifter":0,"downfall:HeartBlessingGreen":95,"Odd Mushroom":32,"Akabeko":119,"Sozu":95,"Anchor":136,"downfall:BrokenWingStatue":28,"Mummified Hand":70,"downfall:HeartBlessingBlue":70,"Sundial":136,"Molten Egg 2":20,"MealTicket":107,"Black Star":44,"Red Mask":63,"Unceasing Top":130,"Meat on the Bone":70}],"Unceasing Top":[6],"Meat on the Bone":60},"card_choices":[{"not_picked":["Guardian:StasisStrike","Guardian:CompilePackage"],"picked":"Guardian:ExploitGems","floor":0},{"not_picked":["Guardian:Emergency","Guardian:PrismaticBeam"],"picked":"Guardian:Recover","floor":2},{"not_picked":["Guardian:CrystalBeam","Guardian:Recover"],"picked":"Guardian:PolyBeam","floor":3},{"not_picked":["Guardian:WalkerClaw","Guardian:Gem_Red"],"picked":"Guardian:ArmoredProtocol","floor":4},{"not_picked":["Guardian:GuardianWhirl","Guardian:TemporalShield"],"picked":"Guardian:Gem_Cyan","floor":6},{"not_picked":["Guardian:Preprogram","Guardian:Clone"],"picked":"Guardian:PiercingHide","floor":9},{"not_picked":["Guardian:BaubleBeam+1","Guardian:Gem_Lightblue"],"picked":"Guardian:EvasiveProtocol","floor":11},{"not_picked":["Guardian:Gem_Blue","Guardian:PiercingHide"],"picked":"Guardian:SentryBeam+1","floor":14},{"not_picked":["Guardian:RollAttack+1","Guardian:Gem_Fragmented"],"picked":"Guardian:Orbwalk","floor":15},{"not_picked":["Guardian:Gem_Orange","Guardian:StasisField"],"picked":"Guardian:StasisEngine","floor":16},{"not_picked":["Guardian:WalkerClaw+1","Guardian:Gem_Fragmented"],"picked":"Guardian:FuturePlans","floor":19},{"not_picked":["Guardian:Planning","Guardian:Gem_Red"],"picked":"Guardian:ChargeCore+1","floor":20},{"not_picked":["Guardian:Gem_Purple","Guardian:TemporalShield"],"picked":"Guardian:Gem_Cyan","floor":21},{"not_picked":["Guardian:ChargeCore+1","Guardian:Suspension","Guardian:Emergency"],"picked":"SKIP","floor":22},{"not_picked":["Guardian:Reroute+1","Guardian:Incinerate+1"],"picked":"Guardian:PrimingBeam+1","floor":26},{"not_picked":["Guardian:Gem_Green","Guardian:TemporalStrike+1","Guardian:Preprogram"],"picked":"SKIP","floor":29},{"not_picked":["Guardian:PiercingHide","Guardian:PolyBeam+1"],"picked":"Guardian:Gem_Yellow","floor":31},{"not_picked":["Guardian:Incinerate+1","Guardian:Reroute+1"],"picked":"Guardian:TemporalShield","floor":32},{"not_picked":["Guardian:Gem_Green","Guardian:EvasiveProtocol"],"picked":"Guardian:Repulse+1","floor":36},{"not_picked":["Guardian:TemporalShield","Guardian:TemporalStrike+1"],"picked":"Guardian:MultiBeam+1","floor":38},{"not_picked":["Guardian:Suspension","Guardian:ShieldSpikes","Guardian:Planning"],"picked":"SKIP","floor":39},{"not_picked":["Guardian:Reroute+1","Guardian:Suspension","Guardian:RollAttack+1"],"picked":"SKIP","floor":42},{"not_picked":["Guardian:Gem_Crimson","Guardian:Gem_Cyan"],"picked":"Guardian:RevengeProtocol","floor":43},{"not_picked":["Guardian:Incinerate+1","Guardian:SentryBeam+1","Guardian:VentSteam"],"picked":"SKIP","floor":44},{"not_picked":["Guardian:VentSteam+1","Guardian:TemporalShield","Guardian:Suspension"],"picked":"SKIP","floor":45},{"not_picked":["Guardian:ShieldSpikes","Guardian:WalkerClaw+1"],"picked":"Guardian:PrimingBeam+1","floor":46},{"not_picked":["Guardian:FuturePlans","Guardian:Repulse"],"picked":"Guardian:Gem_Blue","floor":48},{"not_picked":["Guardian:VentSteam","Guardian:TimeCapacitor"],"picked":"Guardian:Gem_Synthetic","floor":49},{"not_picked":["Guardian:WalkerClaw+1","Guardian:Gem_Red"],"picked":"Guardian:ChargeCore+1","floor":52}],"player_experience":2325090,"relics_obtained":[{"floor":7,"key":"Molten Egg 2"},{"floor":14,"key":"Odd Mushroom"},{"floor":23,"key":"Red Mask"},{"floor":26,"key":"Meat on the Bone"},{"floor":26,"key":"Mummified Hand"},{"floor":41,"key":"MealTicket"},{"floor":46,"key":"Pear"},{"floor":46,"key":"Unceasing Top"},{"floor":48,"key":"Sundial"},{"floor":48,"key":"Anchor"},{"floor":52,"key":"Calipers"},{"floor":52,"key":"Gremlin Horn"}],"event_choices":[{"damage_healed":0,"gold_gain":0,"player_choice":"Fought Mushrooms","damage_taken":0,"max_hp_gain":0,"max_hp_loss":0,"event_name":"Mushrooms","floor":14,"gold_loss":0},{"damage_healed":0,"gold_gain":0,"player_choice":"Fought Bandits","damage_taken":0,"max_hp_gain":0,"max_hp_loss":0,"event_name":"Masked Bandits","floor":23,"gold_loss":0},{"damage_healed":0,"gold_gain":0,"player_choice":"Got Potions","damage_taken":0,"max_hp_gain":0,"max_hp_loss":0,"event_name":"Lab","floor":37,"gold_loss":0}],"is_beta":false,"boss_relics":[{"not_picked":["Runic Pyramid","Tiny House"],"picked":"Black Star"},{"not_picked":["Busted Crown","Philosopher\u0027s Stone"],"picked":"Sozu"}],"items_purged_floors":[44,53],"is_endless":false,"potions_floor_spawned":[4,14,15,16,22,23,26,29,43,45,48,49],"ascension_level":16}}