{"host":"ilrepnd391jk07a9","time":1610351450,"event":{"mods":["Act Like it!","Aspiration","BaseMod","Better Altar","Better Note","Better Skull","Better Third Choice","BetterRewards","Colored Powertips","DeckTracker","Defuse TimeMaze Blight","Downfall","Elementarium","GifTheSpireLib","Gremlin Skip","Halation","Highlight Path","Hubris","Infinite Spire","Minty Spire (QoL Compilation)","Quick Restart","Relic Stats","Replay The Spire","StSLib","Stuff the Spire","everything is the same but u backflip on backflip","vexMod"],"gold_per_floor":[117,117,92,104,104,104,137,137,164,199,217,231,241,15,15,87,87,98,98,9,9,28,28,47,47,47,61,61,75,105,124,124,199,199,212,212,262,275,163,163,163],"floor_reached":40,"playtime":2611,"items_purged":["Strike_R","Defend_R"],"score":862,"play_id":"19d4c2ee-5f95-4d06-8145-2cc6d7f4d2d2","local_time":"20210111205050","is_ascension_mode":true,"campfire_choices":[{"data":"Bash","floor":6.0,"key":"SMITH"},{"data":"Carnage","floor":8.0,"key":"SMITH"},{"data":"Apotheosis","floor":15,"key":"SMITH"},{"floor":23,"key":"REST"},{"data":"Disarm","floor":25,"key":"SMITH"},{"data":"Rupture","floor":28,"key":"SMITH"},{"floor":32,"key":"REST"}],"circlet_count":0,"master_deck":["AscendersBane","Defend_R","Defend_R","Defend_R","Bash+1","Headbutt","Metallicize","Impervious","Hemokinesis","Carnage+1","hubris:CleavingFinish","Thunderclap","Disarm+1","Apotheosis+1","Spot Weakness","Exhume","Sword Boomerang","Rupture+1","Pommel Strike","Ghostly Armor","Barricade","Replay:Many Hands","Uppercut","Blood for Blood"],"relics":["Burning Blood","NeowsBlessing","Replay:PocketPolymizer","Centennial Puzzle","Replay:Mystery Machine","Happy Flower","aspiration:RitualDagger","halation:Thesaurus","Quantum Egg","Mirror","King of Hearts","Elementarium:ElementariumTrophy","hubris:Stopwatch"],"acts_visited":["Exordium","Exordium","TheBeyond"],"potions_floor_usage":[10,24,30,33,40],"damage_taken":[{"damage":0.0,"enemies":"Cultist","floor":1.0,"turns":1.0},{"damage":0.0,"enemies":"Small Slimes","floor":4.0,"turns":1.0},{"damage":0.0,"enemies":"Gremlin Nob","floor":7.0,"turns":1.0},{"damage":22,"enemies":"Lagavulin","floor":10,"turns":6},{"damage":7,"enemies":"Jaw Worm","floor":11,"turns":3},{"damage":2,"enemies":"Large Slime","floor":12,"turns":4},{"damage":12,"enemies":"3 Louse","floor":13,"turns":6},{"damage":39,"enemies":"Fading Forest","floor":16,"turns":13},{"damage":17,"enemies":"Elementarium:2_ELEMENTALS","floor":18,"turns":3},{"damage":23,"enemies":"Elementarium:Cyclone","floor":22,"turns":5},{"damage":36,"enemies":"Elementarium:STONE_GOLEMS","floor":24,"turns":5},{"damage":46,"enemies":"Elementarium:Hydrostalker","floor":27,"turns":6},{"damage":39,"enemies":"Elementarium:3_ELEMENTALS","floor":29,"turns":6},{"damage":76,"enemies":"Elementarium:FIRE_NOBILITY","floor":30,"turns":6},{"damage":20,"enemies":"Elementarium:RubyGolem","floor":31,"turns":6},{"damage":45,"enemies":"Elementarium:PHOENIXES","floor":33,"turns":9},{"damage":46,"enemies":"3 Darklings","floor":35,"turns":5},{"damage":22,"enemies":"3 Shapes","floor":38,"turns":4},{"damage":74,"enemies":"Nightmare","floor":40,"turns":5}],"seed_played":"-7390757956459539372","potions_obtained":[{"floor":1.0,"key":"Venom Potion"},{"floor":4.0,"key":"Adrenaline Potion"},{"floor":11,"key":"BloodPotion"},{"floor":18,"key":"AttackPotion"},{"floor":29,"key":"Reflective Coating"},{"floor":30,"key":"Strength Potion"},{"floor":38,"key":"SkillPotion"}],"is_trial":false,"path_per_floor":["M","T","?","M","?","R","E","R","T","E","M","M","M","$","R","B",null,"M","?","$","AVR","M","R","M","R","T","M","R","M","E","M","R","B",null,"M","?","?","M","$","NM"],"character_chosen":"IRONCLAD","items_purchased":["Apotheosis","True Grit","Rupture","Blood for Blood"],"campfire_rested":2,"item_purchase_floors":[14,14,20,39],"current_hp_per_floor":[74,74,74,75,70,70,75,75,75,59,58,62,56,56,56,35,65,54,56,56,56,39,61,31,31,31,75,75,58,31,26,48,62,72,62,62,62,58,58,0,0],"gold":163,"neow_bonus":"THREE_ENEMY_KILL","is_daily":false,"chose_seed":false,"campfire_upgraded":5,"win_rate":0.0,"timestamp":1610351450,"path_taken":["M","?","?","?","?","R","E","R","T","E","M","M","M","$","R","BOSS","M","?","?","AVR","M","R","M","R","T","M","R","M","E","M","R","BOSS","M","?","?","?","$","NM"],"items_purchased_type":["Card","Card","Card","Card"],"build_version":"2020-12-22","purchased_purges":2,"victory":false,"max_hp_per_floor":[75,75,75,75,75,75,75,75,75,75,75,75,75,75,75,75,75,75,75,75,75,75,75,75,75,75,75,75,75,75,75,75,75,75,75,75,75,75,75,75,75],"relic_stats":{"Centennial Puzzle":[48],"Happy Flower":[30],"counters":[19,95],"obtain_stats":[{"Replay:PocketPolymizer":2,"NeowsBlessing":0,"Happy Flower":9,"Quantum Egg":21,"King of Hearts":30,"halation:Thesaurus":21,"Replay:Mystery Machine":7,"Burning Blood":0,"Centennial Puzzle":5,"Elementarium:ElementariumTrophy":33,"hubris:Stopwatch":34,"StuffTheSpire:RubySignet":10,"aspiration:RitualDagger":17,"Mirror":26},{"Replay:PocketPolymizer":1,"NeowsBlessing":0,"Happy Flower":3,"Quantum Egg":9,"King of Hearts":14,"halation:Thesaurus":9,"Replay:Mystery Machine":3,"Burning Blood":0,"Centennial Puzzle":2,"Elementarium:ElementariumTrophy":16,"hubris:Stopwatch":16,"StuffTheSpire:RubySignet":4,"aspiration:RitualDagger":8,"Mirror":11},{"Replay:PocketPolymizer":1,"NeowsBlessing":0,"Happy Flower":3,"Quantum Egg":38,"King of Hearts":66,"halation:Thesaurus":38,"Replay:Mystery Machine":3,"Burning Blood":0,"Centennial Puzzle":2,"Elementarium:ElementariumTrophy":81,"hubris:Stopwatch":81,"StuffTheSpire:RubySignet":9,"aspiration:RitualDagger":35,"Mirror":48}],"Burning Blood":96},"card_choices":[{"not_picked":["Dual Wield","Combust"],"picked":"Headbutt","floor":1.0},{"not_picked":["hubris:CleavingFinish","Iron Wave"],"picked":"Metallicize","floor":4.0},{"not_picked":["Anger","Havoc"],"picked":"Hemokinesis","floor":7.0},{"not_picked":["Hemokinesis","Shockwave"],"picked":"hubris:CleavingFinish","floor":10},{"not_picked":["Wild Strike","Havoc"],"picked":"Thunderclap","floor":11},{"not_picked":["ReplayTheSpireMod:Muscle Training","Run Through","ReplayTheSpireMod:Limb From Limb"],"picked":"SKIP","floor":12},{"not_picked":["Perfected Strike","Cleave"],"picked":"Disarm","floor":13},{"not_picked":["Eclipse","Demon Form"],"picked":"Exhume","floor":16},{"not_picked":["StuffTheSpire:RockThrow","Shrug It Off"],"picked":"Sword Boomerang","floor":18},{"not_picked":["Replay:Undeath\u0027s Touch","Metallicize"],"picked":"Pommel Strike","floor":22},{"not_picked":["StuffTheSpire:Incineration","Perfected Strike","Warcry"],"picked":"SKIP","floor":24},{"not_picked":["StuffTheSpire:RockThrow+1","StuffTheSpire:RagingBull","Havoc"],"picked":"SKIP","floor":27},{"not_picked":["Perfected Strike","Armaments","Eclipse"],"picked":"SKIP","floor":29},{"not_picked":["Inflame","ReplayTheSpireMod:Corrosion Curse","Armaments"],"picked":"SKIP","floor":30},{"not_picked":["Run Through+1","Warcry","StuffTheSpire:RockThrow"],"picked":"SKIP","floor":31},{"not_picked":["Eclipse","Demon Form"],"picked":"Replay:Many Hands","floor":33},{"not_picked":["StuffTheSpire:Resist","Battle Trance"],"picked":"Uppercut","floor":35},{"not_picked":["Headbutt","Clothesline","Intimidate"],"picked":"SKIP","floor":38}],"player_experience":851881,"relics_obtained":[{"floor":2.0,"key":"Replay:PocketPolymizer"},{"floor":7.0,"key":"Replay:Mystery Machine"},{"floor":9.0,"key":"Happy Flower"},{"floor":10,"key":"StuffTheSpire:RubySignet"},{"floor":26,"key":"Mirror"},{"floor":30,"key":"King of Hearts"}],"event_choices":[{"damage_healed":0.0,"max_hp_gain":0.0,"max_hp_loss":0.0,"gold_gain":0.0,"event_name":"betterThird:BetterScrap","player_choice":"Relic ","floor":5.0,"gold_loss":0.0,"damage_taken":5.0,"cards_obtained":["StuffTheSpire:EventHorizon"]},{"damage_healed":2,"gold_gain":0,"player_choice":"LEAVE ","damage_taken":0,"relics_obtained":[],"max_hp_gain":0,"max_hp_loss":0,"event_name":"betterSkull:BetterSkull","floor":19,"gold_loss":0,"cards_upgraded":[]},{"damage_healed":0,"gold_gain":0,"player_choice":"Memory 1","damage_taken":0,"max_hp_gain":0,"max_hp_loss":0,"event_name":"SensoryStone","floor":36,"gold_loss":0},{"damage_healed":0,"gold_gain":50,"player_choice":"Pray","damage_taken":0,"max_hp_gain":0,"max_hp_loss":0,"event_name":"Golden Shrine","floor":37,"gold_loss":0}],"is_beta":false,"boss_relics":[{"not_picked":["halation:ForbiddenBikini","StuffTheSpire:RunicConfusion"],"picked":"aspiration:RitualDagger"},{"not_picked":["hubris:VirtuousBlindfold","halation:LoveArrow"],"picked":"hubris:Stopwatch"}],"items_purged_floors":[21,39],"is_endless":false,"potions_floor_spawned":[1,4,11,18,29,30,38],"killed_by":"Nightmare","ascension_level":20}}