{"host":"f5n4tidiz2n5sooh","time":1610379873,"event":{"mods":["BaseMod","Colored Map","Minty Spire (QoL Compilation)","Relic Stats","Slay the Relics Exporter","StSLib"],"gold_per_floor":[115,131,131,56,74,74,106,106,106,106,118,43,43,69,69,140,140,154,154,171,171,171,205,205,205,205,237,255,287,20,20,20],"floor_reached":31,"playtime":897,"items_purged":["Strike_P","Strike_P"],"score":648,"play_id":"64cc641f-1053-40f0-8fc7-4fdab04e21fa","local_time":"20210111094433","is_ascension_mode":true,"campfire_choices":[{"data":"EmptyFist","floor":6,"key":"SMITH"},{"data":"Conclude","floor":8,"key":"SMITH"},{"data":"CutThroughFate","floor":13,"key":"SMITH"},{"data":"Vigilance","floor":15,"key":"SMITH"},{"floor":24,"key":"REST"}],"circlet_count":0,"master_deck":["AscendersBane","Defend_P","Defend_P","Defend_P","Defend_P","Eruption","Vigilance+1","EmptyFist+1","CutThroughFate+1","Conclude+1","ForeignInfluence","Omniscience","Vigilance+1","Fasting2"],"relics":["Runic Dome","Lizard Tail","Gambling Chip","White Beast Statue","Ice Cream","Runic Pyramid","Art of War","MutagenicStrength","Lantern","Eternal Feather","Vajra","Happy Flower","TheAbacus"],"acts_visited":["Exordium","TheCity"],"potions_floor_usage":[16],"damage_taken":[{"damage":0,"enemies":"Small Slimes","floor":1,"turns":3},{"damage":0,"enemies":"Cultist","floor":2,"turns":4},{"damage":0,"enemies":"2 Louse","floor":5,"turns":3},{"damage":22,"enemies":"Lagavulin","floor":7,"turns":6},{"damage":0,"enemies":"Exordium Wildlife","floor":11,"turns":2},{"damage":0,"enemies":"Gremlin Nob","floor":14,"turns":2},{"damage":29,"enemies":"The Guardian","floor":16,"turns":9},{"damage":0,"enemies":"Chosen","floor":18,"turns":2},{"damage":9,"enemies":"Shell Parasite","floor":20,"turns":3},{"damage":40,"enemies":"Slavers","floor":23,"turns":2},{"damage":18,"enemies":"Gremlin Leader","floor":27,"turns":3},{"damage":0,"enemies":"Shelled Parasite and Fungi","floor":28,"turns":1},{"damage":34,"enemies":"Book of Stabbing","floor":29,"turns":4},{"damage":14,"enemies":"Centurion and Healer","floor":31,"turns":2}],"seed_played":"6812471872545812660","potions_obtained":[{"floor":7,"key":"Ambrosia"},{"floor":11,"key":"Fire Potion"},{"floor":14,"key":"Ancient Potion"},{"floor":16,"key":"Ancient Potion"},{"floor":20,"key":"Dexterity Potion"},{"floor":23,"key":"Block Potion"},{"floor":27,"key":"StancePotion"},{"floor":29,"key":"Ancient Potion"}],"is_trial":false,"path_per_floor":["M","M","?","?","M","R","E","R","T","?","M","$","R","E","R","B",null,"M","?","M","T","?","E","R","?","T","E","M","E","$","M"],"character_chosen":"WATCHER","items_purchased":["TheAbacus"],"campfire_rested":1,"item_purchase_floors":[30],"current_hp_per_floor":[61,61,54,54,54,54,32,32,32,32,32,32,32,32,32,3,52,52,52,43,43,43,3,23,23,23,5,5,6,6,0,0],"gold":20,"neow_bonus":"BOSS_RELIC","is_daily":false,"chose_seed":false,"campfire_upgraded":4,"win_rate":0.0,"timestamp":1610379873,"path_taken":["M","M","?","?","M","R","E","R","T","?","?","$","R","E","R","BOSS","M","?","M","?","?","E","R","?","T","E","?","E","$","M"],"items_purchased_type":["Relic"],"build_version":"2020-12-22","purchased_purges":2,"victory":false,"max_hp_per_floor":[68,68,68,68,68,68,68,68,68,68,68,68,68,68,68,68,68,68,68,68,68,68,68,68,68,68,68,68,68,68,68,68],"relic_stats":{"Lizard Tail":34,"TheAbacus":[0],"Happy Flower":[0],"counters":[14,46],"Gambling Chip":[22],"Eternal Feather":0,"Art of War":[1],"obtain_stats":[{"Ice Cream":14,"Lantern":23,"Happy Flower":29,"Vajra":27,"Eternal Feather":26,"White Beast Statue":10,"Runic Dome":0,"Lizard Tail":7,"TheAbacus":30,"Gambling Chip":9,"MutagenicStrength":22,"Art of War":21,"PureWater":0,"Runic Pyramid":17},{"Ice Cream":6,"Lantern":10,"Happy Flower":13,"Vajra":11,"Eternal Feather":10,"White Beast Statue":4,"Runic Dome":0,"Lizard Tail":4,"TheAbacus":13,"Gambling Chip":4,"MutagenicStrength":9,"Art of War":9,"PureWater":0,"Runic Pyramid":7},{"Ice Cream":20,"Lantern":36,"Happy Flower":44,"Vajra":39,"Eternal Feather":36,"White Beast Statue":16,"Runic Dome":0,"Lizard Tail":16,"TheAbacus":44,"Gambling Chip":16,"MutagenicStrength":34,"Art of War":34,"PureWater":0,"Runic Pyramid":29}]},"card_choices":[{"not_picked":["Crescendo","PathToVictory","CrushJoints"],"picked":"SKIP","floor":1},{"not_picked":["Vengeance","Crescendo"],"picked":"EmptyFist","floor":2},{"not_picked":["Judgement","FlurryOfBlows"],"picked":"CutThroughFate","floor":5},{"not_picked":["Devotion","Pray"],"picked":"Conclude","floor":7},{"not_picked":["WindmillStrike","Study","WaveOfTheHand"],"picked":"SKIP","floor":11},{"not_picked":["Consecrate","Crescendo"],"picked":"ForeignInfluence","floor":14},{"not_picked":["Scrawl","Establishment"],"picked":"Omniscience","floor":16},{"not_picked":["Pray","PathToVictory","BowlingBash"],"picked":"SKIP","floor":18},{"not_picked":["CarveReality","Perseverance","Collect+1"],"picked":"SKIP","floor":20},{"not_picked":["WheelKick","FollowUp","EmptyFist"],"picked":"SKIP","floor":23},{"not_picked":["Crescendo","Sanctity","ForeignInfluence"],"picked":"SKIP","floor":27},{"not_picked":["FlurryOfBlows+1","DeceiveReality","CrushJoints"],"picked":"SKIP","floor":28},{"not_picked":["TalkToTheHand","FearNoEvil+1"],"picked":"Fasting2","floor":29}],"player_experience":1998160,"relics_obtained":[{"floor":7,"key":"Lizard Tail"},{"floor":9,"key":"Gambling Chip"},{"floor":14,"key":"Ice Cream"},{"floor":21,"key":"Art of War"},{"floor":23,"key":"Lantern"},{"floor":26,"key":"Eternal Feather"},{"floor":27,"key":"Vajra"},{"floor":29,"key":"Happy Flower"}],"event_choices":[{"cards_removed":["Strike_P"],"damage_healed":0,"gold_gain":0,"player_choice":"Card Removal","damage_taken":7,"max_hp_gain":0,"max_hp_loss":0,"event_name":"Golden Wing","floor":3,"gold_loss":0},{"cards_removed":["Strike_P"],"damage_healed":0,"gold_gain":0,"player_choice":"Card Removal","damage_taken":0,"max_hp_gain":0,"max_hp_loss":0,"event_name":"The Cleric","floor":4,"gold_loss":75},{"damage_healed":0,"gold_gain":0,"player_choice":"Gave Potion","damage_taken":0,"relics_obtained":["White Beast Statue"],"max_hp_gain":0,"max_hp_loss":0,"event_name":"WeMeetAgain","floor":10,"gold_loss":0},{"damage_healed":0,"gold_gain":0,"player_choice":"Ignored","damage_taken":0,"max_hp_gain":0,"max_hp_loss":0,"event_name":"Vampires","floor":19,"gold_loss":0},{"damage_healed":0,"gold_gain":0,"player_choice":"Inject Mutagens","damage_taken":0,"relics_obtained":["MutagenicStrength"],"max_hp_gain":0,"max_hp_loss":0,"event_name":"Drug Dealer","floor":22,"gold_loss":0},{"damage_healed":0,"gold_gain":0,"player_choice":"Copied","damage_taken":0,"max_hp_gain":0,"max_hp_loss":0,"event_name":"Duplicator","floor":25,"gold_loss":0,"cards_obtained":["Vigilance"]}],"is_beta":false,"boss_relics":[{"not_picked":["Velvet Choker","Calling Bell"],"picked":"Runic Pyramid"}],"items_purged_floors":[12,30],"is_endless":false,"potions_floor_spawned":[7,11,14,16,18,20,23,27,28,29],"killed_by":"Centurion and Healer","ascension_level":20}}