{"host":"exy3zpg5dyhzfzxn","time":1610392286,"event":{"mods":["2.2 Compatiblity","Aspiration","BaseMod","Better Third Choice","BetterRewards","Energized Spire","GifTheSpireLib","Hubris","Infinite Spire","Jedi Mod","Minty Spire (QoL Compilation)","Replay The Spire","StSLib","The Poker Player","vexMod"],"gold_per_floor":[110,110,120,134,149,180,196,196,196,225,2,34,34,52,52,153,153,170,120,139,159,170,197,197,236,236,255,270,30,30,30,30,140,140,167,167,167,167,167,211,211,257,331,368,414,477,530,43,43,47,47,47],"floor_reached":50,"playtime":3489,"items_purged":["PokerPlayerMod:Spade1","PokerPlayerMod:Diamond1","PokerPlayerMod:Club1"],"score":1040,"play_id":"375a3296-ab6f-441d-a01c-4ce590924c83","local_time":"20210111221126","is_ascension_mode":true,"metric_token":993,"campfire_choices":[{"data":"PokerPlayerMod:Sharpen","floor":8,"key":"SMITH"},{"data":"PokerPlayerMod:Raise","floor":15,"key":"SMITH"},{"data":"PokerPlayerMod:TrumpStrike","floor":24,"key":"SMITH"},{"data":"PokerPlayerMod:ItsShowtime","floor":30,"key":"SMITH"},{"data":"PokerPlayerMod:Promotion","floor":32,"key":"SMITH"},{"data":"PokerPlayerMod:TheDieIsCast","floor":41,"key":"SMITH"},{"data":"PokerPlayerMod:DamnStraight","floor":49,"key":"SMITH"}],"circlet_count":0,"master_deck":["PokerPlayerMod:Diamond2","PokerPlayerMod:Diamond3","PokerPlayerMod:Diamond4","PokerPlayerMod:Diamond5","PokerPlayerMod:Spade2","PokerPlayerMod:Spade3","PokerPlayerMod:Spade4","PokerPlayerMod:Club2","PokerPlayerMod:Heart2","PokerPlayerMod:TrumpStrike+1","PokerPlayerMod:BadJoker","PokerPlayerMod:Mulligan","PokerPlayerMod:Club10+","PokerPlayerMod:Diamond10+","PokerPlayerMod:Club10+","PokerPlayerMod:Spade4","PokerPlayerMod:Diamond3","PokerPlayerMod:Overdeal+1","PokerPlayerMod:Club4","PokerPlayerMod:Sharpen+1","PokerPlayerMod:Spade4","PokerPlayerMod:Sharpen+1","PokerPlayerMod:Heart2","PokerPlayerMod:Diamond8","PokerPlayerMod:Diamond6","PokerPlayerMod:Promotion+1","PokerPlayerMod:Spade10+","PokerPlayerMod:Diamond8","PokerPlayerMod:Club3","PokerPlayerMod:ItsShowtime+1","PokerPlayerMod:Heart6","PokerPlayerMod:TrumpStrike+1","PokerPlayerMod:TheDieIsCast+1","PokerPlayerMod:DamnStraight+1","PokerPlayerMod:Harden+1","PokerPlayerMod:Club6"],"relics":["PokerPlayerMod:DeckCase","hubris:BundleOfHerbs","DollysMirror","Gremlin Food","Replay:Bottled Eggs","hubris:Teleporter","BargainBundle","aspiration:FetidBarrel","Replay:Bandana","vexMod:InvisibilityCloak","infinitespire:FocusingShard","Lee\u0027s Waffle","infinitespire:EvilPickle","hubris:Stopwatch","hubris:Reverence","vexMod:RedPlottingStone","jedi:shrinkray","PokerPlayerMod:BottledPoker","vexMod:MemoryStick","Chemical X","Pondfish Scales"],"acts_visited":["Exordium","TheCity","TheBeyond"],"potions_floor_usage":[6,10,12,12,16,16,18,29,33,33,46,50],"damage_taken":[{"damage":0,"enemies":"2 Louse","floor":1,"turns":1},{"damage":0,"enemies":"Cultist","floor":3,"turns":1},{"damage":0,"enemies":"Small Slimes","floor":4,"turns":1},{"damage":1,"enemies":"Exordium Wildlife","floor":5,"turns":3},{"damage":0,"enemies":"Replay:BlueRogue","floor":6,"turns":3},{"damage":0,"enemies":"Lots of Slimes","floor":7,"turns":1},{"damage":3,"enemies":"Lagavulin","floor":10,"turns":3},{"damage":9,"enemies":"3 Sentries","floor":12,"turns":3},{"damage":0,"enemies":"Large Slime","floor":14,"turns":2},{"damage":26,"enemies":"Hexaghost","floor":16,"turns":4},{"damage":5,"enemies":"3 Byrds","floor":18,"turns":2},{"damage":4,"enemies":"Shell Parasite","floor":20,"turns":3},{"damage":0,"enemies":"Snake Plant","floor":21,"turns":1},{"damage":6,"enemies":"Shelled Parasite and Fungi","floor":22,"turns":3},{"damage":18,"enemies":"Gremlin Leader","floor":23,"turns":4},{"damage":18,"enemies":"Book of Stabbing","floor":25,"turns":3},{"damage":0,"enemies":"3 Cultists","floor":27,"turns":2},{"damage":11,"enemies":"Snecko","floor":28,"turns":4},{"damage":47,"enemies":"Pondfish","floor":33,"turns":10},{"damage":0,"enemies":"3 Shapes","floor":35,"turns":2},{"damage":38,"enemies":"Nemesis","floor":40,"turns":6},{"damage":64,"enemies":"Giant Head","floor":42,"turns":8},{"damage":0,"enemies":"Orb Walker","floor":44,"turns":2},{"damage":0,"enemies":"Jaw Worm Horde","floor":45,"turns":2},{"damage":15,"enemies":"Nightmare","floor":46,"turns":6},{"damage":0,"enemies":"4 Shapes","floor":47,"turns":1},{"damage":103,"enemies":"hubris:GrandSnecko","floor":50,"turns":11}],"seed_played":"-1586164824491703085","potions_obtained":[{"floor":3,"key":"Dexterity Potion"},{"floor":6,"key":"SkillPotion"},{"floor":14,"key":"ColorlessPotion"},{"floor":16,"key":"Fire Potion"},{"floor":20,"key":"Block Potion"},{"floor":22,"key":"EssenceOfSteel"},{"floor":28,"key":"Adrenaline Potion"},{"floor":44,"key":"Adrenaline Potion"},{"floor":47,"key":"FairyPotion"}],"is_trial":false,"path_per_floor":["M","?","M","M","M","E","M","R","T","E","$","E","?","M","R","B",null,"M","?","M","M","M","E","R","E","T","M","M","$","R","?","R","B",null,"M","?","?","AVR","?","E","R","E","T","M","M","NM","M","$","R","B"],"character_chosen":"THE_POKER_PLAYER","items_purchased":["hubris:BundleOfHerbs","PokerPlayerMod:Club10+","PokerPlayerMod:Diamond10+","DollysMirror","PokerPlayerMod:Raise","PokerPlayerMod:ClubShade","BargainBundle","PokerPlayerMod:Sharpen","PokerPlayerMod:Heart2","PokerPlayerMod:Diamond8","Adrenaline Potion","jedi:StrikingPotion","Elixir","Lee\u0027s Waffle","Fruit Juice","Chemical X","Pondfish Scales","PowerPotion"],"campfire_rested":0,"item_purchase_floors":[0,0,0,0,0,0,11,11,11,11,11,11,11,29,29,48,48,48],"current_hp_per_floor":[32,52,52,52,52,52,52,52,52,49,49,43,43,46,46,29,52,47,47,43,52,48,39,39,34,34,34,37,64,64,64,64,23,64,64,64,64,64,64,57,57,1,1,11,40,46,64,64,64,0,0,0],"gold":47,"neow_bonus":"","is_daily":false,"chose_seed":false,"campfire_upgraded":7,"win_rate":0.0,"timestamp":1610392286,"path_taken":["M","?","M","M","?","E","M","R","T","E","$","E","?","M","R","BOSS","M","?","M","?","M","E","R","E","T","M","M","$","R","?","R","BOSS","M","?","?","AVR","?","E","R","E","T","M","M","NM","?","$","R","BOSS"],"items_purchased_type":["Relic","Undefined","Undefined","Relic","Card","Card","Relic","Card","Card","Card","Potion","Potion","Potion","Relic","Potion","Relic","Relic","Potion"],"build_version":"2020-12-22","purchased_purges":3,"victory":false,"max_hp_per_floor":[52,52,52,52,52,52,52,52,52,52,52,52,52,52,52,52,52,52,52,52,52,52,52,52,52,52,52,52,64,64,64,64,64,64,64,64,64,64,64,64,64,64,64,64,64,64,64,64,64,64,64,64],"card_choices":[{"not_picked":["PokerPlayerMod:Spade1","PokerPlayerMod:Club1"],"picked":"PokerPlayerMod:Spade4","floor":1},{"not_picked":["PokerPlayerMod:Diamond2","PokerPlayerMod:MagicTrick"],"picked":"PokerPlayerMod:Diamond3","floor":3},{"not_picked":["PokerPlayerMod:Configure","PokerPlayerMod:Diamond3","PokerPlayerMod:DiamondStrike"],"picked":"SKIP","floor":4},{"not_picked":["PokerPlayerMod:Diamond5","PokerPlayerMod:Trickery"],"picked":"PokerPlayerMod:Overdeal","floor":5},{"not_picked":["PokerPlayerMod:ClubsClub","PokerPlayerMod:Extraction"],"picked":"PokerPlayerMod:Club4","floor":6},{"not_picked":["PokerPlayerMod:HiddenCard","PokerPlayerMod:Diamond1"],"picked":"PokerPlayerMod:Sharpen","floor":7},{"not_picked":["PokerPlayerMod:ClubDance","PokerPlayerMod:Configure"],"picked":"PokerPlayerMod:Spade4","floor":10},{"not_picked":["PokerPlayerMod:Sharpen","PokerPlayerMod:Spade5"],"picked":"PokerPlayerMod:Diamond6","floor":12},{"not_picked":["PokerPlayerMod:RiskyBet","PokerPlayerMod:Spade2","PokerPlayerMod:Manipulation"],"picked":"SKIP","floor":14},{"not_picked":["PokerPlayerMod:RoyalStrike","PokerPlayerMod:ChangeRules"],"picked":"PokerPlayerMod:Promotion","floor":16},{"not_picked":["PokerPlayerMod:Sharpen","PokerPlayerMod:Club3"],"picked":"PokerPlayerMod:Spade10+","floor":18},{"not_picked":["PokerPlayerMod:CardPrinter+1","PokerPlayerMod:CardBurn"],"picked":"PokerPlayerMod:Diamond8","floor":20},{"not_picked":["PokerPlayerMod:DartThrow+1","PokerPlayerMod:Diamond2","PokerPlayerMod:Raise"],"picked":"SKIP","floor":21},{"not_picked":["PokerPlayerMod:CardPrinter","PokerPlayerMod:HiddenCard+1"],"picked":"PokerPlayerMod:Club3","floor":22},{"not_picked":["PokerPlayerMod:JackOfSpades+1","PokerPlayerMod:HiddenCard","PokerPlayerMod:Diamond3"],"picked":"SKIP","floor":23},{"not_picked":["PokerPlayerMod:Spade3","PokerPlayerMod:DartThrow"],"picked":"PokerPlayerMod:ItsShowtime","floor":25},{"not_picked":["PokerPlayerMod:Club1","PokerPlayerMod:Club5"],"picked":"PokerPlayerMod:Heart6","floor":27},{"not_picked":["PokerPlayerMod:Heart2","PokerPlayerMod:SpadeStrike+1","PokerPlayerMod:Spade3"],"picked":"SKIP","floor":28},{"not_picked":["PokerPlayerMod:Promotion","PokerPlayerMod:Diamond8"],"picked":"PokerPlayerMod:TheDieIsCast","floor":33},{"not_picked":["PokerPlayerMod:CardBurn","PokerPlayerMod:Diamond2","PokerPlayerMod:Fold"],"picked":"SKIP","floor":35},{"not_picked":["PokerPlayerMod:HotShotCut+1","PokerPlayerMod:DiamondStrike"],"picked":"PokerPlayerMod:DamnStraight","floor":40},{"not_picked":["PokerPlayerMod:Spade2","PokerPlayerMod:Trickery"],"picked":"PokerPlayerMod:Harden+1","floor":42},{"not_picked":["PokerPlayerMod:RiskyBet+1","PokerPlayerMod:CloakAndDiamond+1","PokerPlayerMod:FillThePot"],"picked":"SKIP","floor":44},{"not_picked":["PokerPlayerMod:Spade3","PokerPlayerMod:Spade4"],"picked":"PokerPlayerMod:Club6","floor":45},{"not_picked":["PokerPlayerMod:WildCard","PokerPlayerMod:Diamond4","PokerPlayerMod:MagicTrick"],"picked":"SKIP","floor":46},{"not_picked":["PokerPlayerMod:WildCard","PokerPlayerMod:Diamond4","PokerPlayerMod:MagicTrick"],"picked":"SKIP","floor":46},{"not_picked":["PokerPlayerMod:CloakAndDiamond+1","PokerPlayerMod:Trickery+1","PokerPlayerMod:JackOfSpades"],"picked":"SKIP","floor":47}],"player_experience":408091,"relics_obtained":[{"floor":6,"key":"Gremlin Food"},{"floor":9,"key":"Replay:Bottled Eggs"},{"floor":10,"key":"hubris:Teleporter"},{"floor":12,"key":"aspiration:FetidBarrel"},{"floor":23,"key":"Replay:Bandana"},{"floor":25,"key":"vexMod:InvisibilityCloak"},{"floor":26,"key":"infinitespire:FocusingShard"},{"floor":40,"key":"vexMod:RedPlottingStone"},{"floor":42,"key":"jedi:shrinkray"},{"floor":43,"key":"PokerPlayerMod:BottledPoker"},{"floor":46,"key":"vexMod:MemoryStick"}],"event_choices":[{"cards_removed":["PokerPlayerMod:ClubShade"],"damage_healed":20,"gold_gain":0,"player_choice":"Offered Uncommon","damage_taken":0,"max_hp_gain":0,"max_hp_loss":0,"event_name":"Bonfire Elementals","floor":2,"gold_loss":0},{"damage_healed":0,"gold_gain":0,"player_choice":"Bet on Owner","damage_taken":0,"max_hp_gain":0,"max_hp_loss":0,"event_name":"The Joust","floor":19,"gold_loss":50},{"damage_healed":0,"gold_gain":0,"player_choice":"Copied","damage_taken":0,"max_hp_gain":0,"max_hp_loss":0,"event_name":"Duplicator","floor":31,"gold_loss":0,"cards_obtained":["PokerPlayerMod:TrumpStrike"]},{"cards_removed":["PokerPlayerMod:Raise"],"damage_healed":0,"gold_gain":0,"player_choice":"Removed Skill","damage_taken":0,"max_hp_gain":0,"max_hp_loss":0,"event_name":"Falling","floor":36,"gold_loss":0},{"damage_healed":0,"gold_gain":0,"player_choice":"Ignored","damage_taken":0,"max_hp_gain":0,"max_hp_loss":0,"event_name":"NoteForYourself","floor":39,"gold_loss":0}],"is_beta":false,"boss_relics":[{"not_picked":["energizedSpire:SpiderWeb","aspiration:DefectSkillbook","Honey Jar"]},{"not_picked":["hubris:VirtuousBlindfold","vexMod:DeviousBotling"],"picked":"hubris:Stopwatch"}],"items_purged_floors":[0,11,38],"is_endless":true,"potions_floor_spawned":[3,6,14,16,20,22,28,44,47],"killed_by":"hubris:GrandSnecko","ascension_level":1}}