{"host":"pl1fbpkom0aq337f","time":1610363985,"event":{"mods":["AchievementEnabler","BaseMod","Colored Map","Minty Spire (QoL Compilation)"],"gold_per_floor":[109,59,59,59,72,72,72,86,11,11,31,31,31,31,31,31,31,31,31],"floor_reached":18,"playtime":292,"items_purged":["Defend_R"],"score":98,"play_id":"fea403f6-8da2-4583-a54d-96bc290c2e65","local_time":"20210111121945","is_ascension_mode":false,"campfire_choices":[{"floor":6,"key":"REST"},{"data":"Whirlwind","floor":12,"key":"SMITH"},{"floor":16,"key":"REST"},{"data":"Bash","floor":17,"key":"SMITH"}],"circlet_count":0,"master_deck":["Strike_R","Strike_R+1","Strike_R","Strike_R+1","Bash+1","Whirlwind+1"],"relics":["Burning Blood","Mercury Hourglass","Anchor","Strawberry","Regal Pillow"],"acts_visited":["Exordium"],"potions_floor_usage":[],"damage_taken":[{"damage":6,"enemies":"Jaw Worm","floor":1,"turns":3},{"damage":5,"enemies":"Small Slimes","floor":5,"turns":3},{"damage":6,"enemies":"Cultist","floor":8,"turns":3},{"damage":16,"enemies":"Large Slime","floor":11,"turns":4},{"damage":73,"enemies":"Hexaghost","floor":18,"turns":7}],"seed_played":"-8946450311667392139","potions_obtained":[{"floor":1,"key":"Dexterity Potion"}],"is_trial":false,"path_per_floor":["M","?","?","?","M","R","$","M","$","T","M","R","T","?","?","R","R","B"],"character_chosen":"IRONCLAD","items_purchased":[],"campfire_rested":2,"item_purchase_floors":[],"current_hp_per_floor":[56,56,49,33,34,58,58,58,58,58,48,48,48,30,30,71,71,0,0],"gold":31,"neow_bonus":"REMOVE_TWO","is_daily":false,"chose_seed":false,"campfire_upgraded":2,"win_rate":0.0,"timestamp":1610363985,"path_taken":["M","?","?","?","M","R","?","?","$","T","M","R","?","?","?","R","R","BOSS"],"items_purchased_type":[],"build_version":"2020-12-22","purchased_purges":1,"victory":false,"max_hp_per_floor":[80,80,80,80,80,80,80,80,80,80,80,80,80,87,87,87,87,87,87],"card_choices":[{"not_picked":["Rage","Warcry","Anger"],"picked":"SKIP","floor":1},{"not_picked":["Clothesline","Shrug It Off","Warcry"],"picked":"SKIP","floor":5},{"not_picked":["Sever Soul","Warcry","Battle Trance"],"picked":"SKIP","floor":8},{"not_picked":["Blood for Blood","Clothesline"],"picked":"Whirlwind","floor":11}],"player_experience":449938,"relics_obtained":[{"floor":10,"key":"Mercury Hourglass"},{"floor":13,"key":"Anchor"}],"event_choices":[{"cards_removed":["Defend_R"],"damage_healed":0,"gold_gain":0,"player_choice":"Card Removal","damage_taken":0,"max_hp_gain":0,"max_hp_loss":0,"event_name":"The Cleric","floor":2,"gold_loss":50},{"cards_removed":["Defend_R"],"damage_healed":0,"gold_gain":0,"player_choice":"Card Removal","damage_taken":7,"max_hp_gain":0,"max_hp_loss":0,"event_name":"Golden Wing","floor":3,"gold_loss":0},{"damage_healed":0,"gold_gain":0,"player_choice":"Entered Light","damage_taken":16,"max_hp_gain":0,"max_hp_loss":0,"event_name":"Shining Light","floor":4,"gold_loss":0,"cards_upgraded":["Strike_R","Strike_R"]},{"damage_healed":0,"gold_gain":0,"player_choice":"Success","damage_taken":25,"relics_obtained":["Strawberry"],"max_hp_gain":0,"max_hp_loss":0,"event_name":"Scrap Ooze","floor":14,"gold_loss":0},{"damage_healed":0,"gold_gain":0,"player_choice":"Gave Potion","damage_taken":0,"relics_obtained":["Regal Pillow"],"max_hp_gain":0,"max_hp_loss":0,"event_name":"WeMeetAgain","floor":15,"gold_loss":0}],"is_beta":false,"boss_relics":[],"items_purged_floors":[9],"is_endless":false,"potions_floor_spawned":[1],"killed_by":"Hexaghost","ascension_level":0}}