{"host":"8xi53560pl5zaoq2","time":1610352747,"event":{"mods":["BaseMod","Colored Map","Highlight Path","Minty Spire (QoL Compilation)","StSLib","Synergy Search"],"gold_per_floor":[215,40,53,68,68,95,95,95,95,95,111,111,17,37,37,110,110,110,110,110,37,0,0,0,0,0,0,0,0,0,0,0],"floor_reached":31,"playtime":1286,"items_purged":[],"score":452,"play_id":"70fda9a9-a968-47ba-b433-12481efe03d0","local_time":"20210111011227","is_ascension_mode":true,"campfire_choices":[{"floor":8,"key":"REST"},{"data":"Blur","floor":10,"key":"SMITH"},{"data":"Backflip","floor":12,"key":"SMITH"},{"floor":15,"key":"REST"},{"data":"Accuracy","floor":23,"key":"SMITH"},{"data":"Glass Knife","floor":25,"key":"SMITH"}],"circlet_count":0,"master_deck":["AscendersBane","Defend_G","Defend_G","Defend_G","Defend_G","Defend_G","Survivor","Neutralize","Bouncing Flask","Backflip+1","Accuracy+1","Escape Plan","Blur+1","Bouncing Flask","Infinite Blades","Backflip","Glass Knife+1","Infinite Blades","Backflip","Storm of Steel","Bite","Bite","Bite","Bite","Bite"],"relics":["Ring of the Snake","Whetstone","Happy Flower","InkBottle","Ectoplasm","White Beast Statue","Orichalcum","Pen Nib"],"acts_visited":["Exordium","TheCity"],"potions_floor_usage":[6,16,22],"damage_taken":[{"damage":10,"enemies":"Small Slimes","floor":1,"turns":6},{"damage":5,"enemies":"2 Louse","floor":3,"turns":4},{"damage":0,"enemies":"Jaw Worm","floor":4,"turns":3},{"damage":35,"enemies":"Gremlin Nob","floor":6,"turns":4},{"damage":1,"enemies":"Exordium Wildlife","floor":11,"turns":4},{"damage":0,"enemies":"Large Slime","floor":14,"turns":7},{"damage":7,"enemies":"The Guardian","floor":16,"turns":8},{"damage":4,"enemies":"Chosen","floor":18,"turns":4},{"damage":12,"enemies":"2 Thieves","floor":22,"turns":4},{"damage":33,"enemies":"Book of Stabbing","floor":27,"turns":7},{"damage":5,"enemies":"Centurion and Healer","floor":30,"turns":6},{"damage":24,"enemies":"Cultist and Chosen","floor":31,"turns":7}],"seed_played":"-7739622453287323542","potions_obtained":[{"floor":1,"key":"Energy Potion"},{"floor":3,"key":"SkillPotion"},{"floor":14,"key":"DuplicationPotion"},{"floor":22,"key":"SmokeBomb"},{"floor":27,"key":"Block Potion"},{"floor":30,"key":"CunningPotion"}],"is_trial":false,"path_per_floor":["M","$","M","M","?","E","?","R","T","R","M","R","$","M","R","B",null,"M","?","T","$","M","R","$","R","T","E","?","?","M","M"],"character_chosen":"THE_SILENT","items_purchased":["Whetstone","Backflip","Infinite Blades","Backflip","Infinite Blades"],"campfire_rested":2,"item_purchase_floors":[2,2,13,13,21],"current_hp_per_floor":[49,49,44,44,44,9,9,28,28,28,27,27,27,27,46,39,59,55,55,55,55,43,43,43,43,43,10,10,10,15,3,3],"gold":0,"neow_bonus":"HUNDRED_GOLD","is_daily":false,"chose_seed":false,"campfire_upgraded":4,"win_rate":0.0,"timestamp":1610352747,"path_taken":["M","$","M","M","?","E","?","R","T","R","M","R","$","M","R","BOSS","M","?","?","?","M","R","$","R","T","E","?","?","M","?"],"items_purchased_type":["Relic","Card","Card","Card","Card"],"build_version":"2020-12-22","purchased_purges":0,"victory":false,"max_hp_per_floor":[66,66,66,66,66,66,66,66,66,66,66,66,66,66,66,66,66,66,66,66,66,66,66,66,66,66,66,46,46,46,46,46],"card_choices":[{"not_picked":["Concentrate","PiercingWail"],"picked":"Bouncing Flask","floor":1},{"not_picked":["Slice","Eviscerate"],"picked":"Accuracy","floor":3},{"not_picked":["Underhanded Strike","Flying Knee"],"picked":"Escape Plan","floor":4},{"not_picked":["Bane","Dash"],"picked":"Blur","floor":6},{"not_picked":["Expertise","Quick Slash"],"picked":"Bouncing Flask","floor":11},{"not_picked":["Dagger Spray","Concentrate","Underhanded Strike"],"picked":"SKIP","floor":14},{"not_picked":["Malaise","Grand Finale"],"picked":"Glass Knife","floor":16},{"not_picked":["Dagger Throw","Reflex","Flechettes"],"picked":"SKIP","floor":18},{"not_picked":["PiercingWail+1","Dodge and Roll"],"picked":"Backflip","floor":22},{"not_picked":["Bouncing Flask","Riddle With Holes"],"picked":"Storm of Steel","floor":27},{"not_picked":["Predator","Flechettes+1","Slice"],"picked":"SKIP","floor":30}],"player_experience":1288460,"relics_obtained":[{"floor":6,"key":"Happy Flower"},{"floor":9,"key":"InkBottle"},{"floor":20,"key":"White Beast Statue"},{"floor":26,"key":"Orichalcum"},{"floor":27,"key":"Pen Nib"}],"event_choices":[{"damage_healed":0,"gold_gain":0,"player_choice":"Ignored","damage_taken":0,"max_hp_gain":0,"max_hp_loss":0,"event_name":"Liars Game","floor":5,"gold_loss":0},{"damage_healed":0,"gold_gain":0,"player_choice":"Ignored","damage_taken":0,"max_hp_gain":0,"max_hp_loss":0,"event_name":"Shining Light","floor":7,"gold_loss":0},{"damage_healed":0,"gold_gain":0,"player_choice":"Ignored","damage_taken":0,"max_hp_gain":0,"max_hp_loss":0,"event_name":"Ghosts","floor":19,"gold_loss":0},{"damage_healed":0,"gold_gain":0,"player_choice":"Became a vampire","damage_taken":0,"max_hp_gain":0,"max_hp_loss":20,"event_name":"Vampires","floor":28,"gold_loss":0,"cards_obtained":["Bite","Bite","Bite","Bite","Bite"]},{"damage_healed":0,"gold_gain":200,"player_choice":"Gold","damage_taken":0,"max_hp_gain":0,"max_hp_loss":0,"event_name":"Wheel of Change","floor":29,"gold_loss":0}],"is_beta":false,"boss_relics":[{"not_picked":["Astrolabe","SacredBark"],"picked":"Ectoplasm"}],"items_purged_floors":[],"is_endless":false,"potions_floor_spawned":[1,3,4,14,22,27,30],"killed_by":"Cultist and Chosen","ascension_level":14}}