{"host":"w8hjdfrntrrvtiu5","time":1610340367,"event":{"mods":["AchievementEnabler","BaseMod","BetterRewards","Conspire","Hubris","Marisa????????","Minty Spire (QoL Compilation)","Shop Mod","StSLib","Td1madao Mod","The Animator","egg","everything is the same but u backflip on backflip"],"gold_per_floor":[119,119,119,134,154,186,196,212,212,242,242,262,281,281,281,376,376,395,395,85,85,85,85,110,110,110,144,144,144,155,169,169,169,169],"floor_reached":33,"playtime":1029,"items_purged":[],"score":472,"play_id":"fee04e61-88d8-400f-9268-f57709a98aad","local_time":"20210110234607","is_ascension_mode":true,"campfire_choices":[{"data":"Infernal Blade","floor":11.0,"key":"SMITH"},{"data":"Anger","floor":15.0,"key":"SMITH"},{"data":"Fiend Fire","floor":23,"key":"SMITH"},{"data":"Evolve","floor":25,"key":"SMITH"},{"data":"Battle Trance","floor":28,"key":"SMITH"},{"data":"Bash","floor":32,"key":"SMITH"}],"circlet_count":0,"master_deck":["AscendersBane","Strike_R","Strike_R","Strike_R","Strike_R","Strike_R","Defend_R","Defend_R","Defend_R","Defend_R","Bash+1","Immolate+1","Battle Trance+1","Wild Strike","Shrug It Off","Evolve+1","Ghostly Armor","Infernal Blade+1","Anger+1","Fiend Fire+1","Thunderclap+1","Iron Wave+1"],"relics":["Burning Blood","Centennial Puzzle","Singing Bowl","Lantern","Pen Nib","conspire:SpecialSausage","Sling","Regal Pillow","Nilry\u0027s Codex","Eternal Feather","Tiny Chest","Strawberry"],"acts_visited":["Exordium","TheCity"],"potions_floor_usage":[16,27,31,33,33],"damage_taken":[{"damage":9.0,"enemies":"conspire:RoseBush","floor":1.0,"turns":3.0},{"damage":1.0,"enemies":"Cultist","floor":4.0,"turns":3.0},{"damage":7.0,"enemies":"Jaw Worm","floor":5.0,"turns":2.0},{"damage":34.0,"enemies":"Lagavulin","floor":6.0,"turns":7.0},{"damage":4.0,"enemies":"Looter","floor":7.0,"turns":3.0},{"damage":17.0,"enemies":"Exordium Thugs","floor":8.0,"turns":4.0},{"damage":4.0,"enemies":"Gremlin Nob","floor":10.0,"turns":4.0},{"damage":17.0,"enemies":"Large Slime","floor":12.0,"turns":5.0},{"damage":0.0,"enemies":"2 Fungi Beasts","floor":13.0,"turns":3.0},{"damage":31,"enemies":"The Guardian","floor":16,"turns":10},{"damage":0,"enemies":"Chosen","floor":18,"turns":3},{"damage":12,"enemies":"Gremlin Leader","floor":24,"turns":3},{"damage":16,"enemies":"conspire:SneckoGhost","floor":27,"turns":5},{"damage":9,"enemies":"2 Thieves","floor":30,"turns":2},{"damage":18,"enemies":"Centurion and Healer","floor":31,"turns":3},{"damage":69,"enemies":"conspire:MysteriousRune","floor":33,"turns":7}],"seed_played":"-5727363172034757915","potions_obtained":[{"floor":5.0,"key":"Block Potion"},{"floor":6.0,"key":"SteroidPotion"},{"floor":12.0,"key":"CultistPotion"},{"floor":24,"key":"DistilledChaos"},{"floor":27,"key":"Fruit Juice"},{"floor":30,"key":"DistilledChaos"},{"floor":31,"key":"Ancient Potion"}],"is_trial":false,"path_per_floor":["M","$","?","M","M","E","M","M","T","E","R","M","M","T","R","B",null,"M","?","$","?","?","R","E","R","T","E","R","?","M","M","R","B"],"character_chosen":"IRONCLAD","items_purchased":["Sling","Regal Pillow"],"campfire_rested":0,"item_purchase_floors":[20,20],"current_hp_per_floor":[69,69,69,72,71,43,45,34,34,36,36,25,33,33,33,8,58,66,66,66,50,50,50,44,56,56,58,70,70,69,59,71,2,2],"gold":169,"neow_bonus":"THREE_RARE_CARDS","is_daily":false,"chose_seed":false,"campfire_upgraded":6,"win_rate":0.0,"timestamp":1610340367,"path_taken":["M","$","?","M","M","E","M","?","T","E","R","M","M","?","R","BOSS","M","?","?","?","?","R","E","R","T","E","R","?","?","M","R","BOSS"],"items_purchased_type":["Relic","Relic"],"build_version":"2020-12-22","purchased_purges":0,"victory":false,"max_hp_per_floor":[72,72,72,72,72,72,72,72,72,72,72,72,74,74,74,74,74,76,76,76,76,76,76,76,76,76,88,88,88,90,92,92,92,92],"card_choices":[{"not_picked":["Berserk","Reaper"],"picked":"Immolate","floor":0.0},{"not_picked":["Armaments","hubris:ReadiedAction"],"picked":"Battle Trance","floor":1.0},{"not_picked":["Bloodletting","Pommel Strike"],"picked":"Wild Strike","floor":4.0},{"not_picked":["Clash","Bloodletting"],"picked":"Shrug It Off","floor":5.0},{"not_picked":["Bludgeon","Burning Pact"],"picked":"Evolve","floor":6.0},{"not_picked":["Body Slam","Perfected Strike","hubris:ReadiedAction"],"picked":"SKIP","floor":7.0},{"not_picked":["Evolve","Iron Wave"],"picked":"Ghostly Armor","floor":8.0},{"not_picked":["Sword Boomerang","True Grit"],"picked":"Infernal Blade","floor":10.0},{"not_picked":["Cleave","hubris:ReadiedAction"],"picked":"Anger","floor":12.0},{"not_picked":["Flex","Havoc","Rampage"],"picked":"Singing Bowl","floor":13.0},{"not_picked":["Barricade","Offering"],"picked":"Fiend Fire","floor":16},{"not_picked":["Anger+1","Searing Blow","Heavy Blade"],"picked":"Singing Bowl","floor":18},{"not_picked":["Warcry","Flex"],"picked":"Thunderclap+1","floor":24},{"not_picked":["Rampage","Clothesline"],"picked":"Iron Wave","floor":27},{"not_picked":["Rage","Thunderclap","Exhume"],"picked":"Singing Bowl","floor":30},{"not_picked":["Twin Strike","Shrug It Off","Armaments"],"picked":"Singing Bowl","floor":31}],"player_experience":2388597,"relics_obtained":[{"floor":6.0,"key":"Centennial Puzzle"},{"floor":9.0,"key":"Singing Bowl"},{"floor":10.0,"key":"Lantern"},{"floor":14.0,"key":"Pen Nib"},{"floor":21,"key":"Nilry\u0027s Codex"},{"floor":24,"key":"Eternal Feather"},{"floor":26,"key":"Tiny Chest"},{"floor":27,"key":"Strawberry"}],"event_choices":[{"damage_healed":0.0,"max_hp_gain":0.0,"max_hp_loss":0.0,"gold_gain":0.0,"event_name":"Upgrade Shrine","player_choice":"Upgraded","floor":3.0,"gold_loss":0.0,"damage_taken":0.0,"cards_upgraded":["Immolate"]},{"damage_healed":0,"gold_gain":0,"player_choice":"Ignored","damage_taken":0,"max_hp_gain":0,"max_hp_loss":0,"event_name":"N\u0027loth","floor":19,"gold_loss":0},{"damage_healed":0,"gold_gain":0,"player_choice":"Obtained Book","damage_taken":16,"max_hp_gain":0,"max_hp_loss":0,"event_name":"Cursed Tome","floor":21,"gold_loss":0},{"damage_healed":0,"gold_gain":0,"player_choice":"Ignored","damage_taken":0,"max_hp_gain":0,"max_hp_loss":0,"event_name":"Ghosts","floor":22,"gold_loss":0},{"damage_healed":0,"gold_gain":0,"player_choice":"Forge","damage_taken":0,"max_hp_gain":0,"max_hp_loss":0,"event_name":"Accursed Blacksmith","floor":29,"gold_loss":0,"cards_upgraded":["Iron Wave"]}],"is_beta":false,"boss_relics":[{"not_picked":["conspire:RunicOctahedron","Tiny House"],"picked":"conspire:SpecialSausage"}],"items_purged_floors":[],"is_endless":false,"potions_floor_spawned":[5,6,12,24,27,30,31],"killed_by":"conspire:MysteriousRune","ascension_level":12}}