{"host":"pq8o62wp0h1hflf3","time":1610393092,"event":{"mods":["BaseMod","Minty Spire (QoL Compilation)","Relic Stats","ojb\u0027s Info Mod"],"gold_per_floor":[111,111,111,36,110,141,141,162,188,223,223,241,186,186,186,186,186],"floor_reached":16,"playtime":461,"items_purged":["Regret"],"score":262,"play_id":"18277ac6-4b80-4c6d-8e38-50f8a5dbacf9","local_time":"20210111142452","is_ascension_mode":true,"campfire_choices":[{"data":"Hemokinesis","floor":7,"key":"SMITH"},{"data":"Bash","floor":11,"key":"SMITH"},{"data":"True Grit","floor":15,"key":"SMITH"}],"circlet_count":0,"master_deck":["AscendersBane","Strike_R+1","Strike_R+1","Strike_R","Strike_R","Strike_R","Defend_R","Defend_R","Defend_R","Defend_R","Bash+1","Perfected Strike","Hemokinesis+1","Shrug It Off","Inflame","True Grit+1","Pain"],"relics":["Burning Blood","NeowsBlessing","Akabeko","Golden Idol","Letter Opener","Smiling Mask","Bag of Preparation","Whetstone","WarpedTongs"],"acts_visited":["Exordium"],"potions_floor_usage":[],"damage_taken":[{"damage":0,"enemies":"2 Louse","floor":1,"turns":1},{"damage":0,"enemies":"3 Sentries","floor":6,"turns":2},{"damage":0,"enemies":"Small Slimes","floor":8,"turns":1},{"damage":26,"enemies":"Lagavulin","floor":10,"turns":5},{"damage":2,"enemies":"Jaw Worm","floor":12,"turns":3},{"damage":73,"enemies":"Hexaghost","floor":16,"turns":10}],"seed_played":"-6457478131765706258","potions_obtained":[{"floor":1,"key":"FairyPotion"},{"floor":10,"key":"Energy Potion"}],"is_trial":false,"path_per_floor":["M","?","?","$","T","E","R","M","T","E","R","M","$","?","R","B"],"character_chosen":"IRONCLAD","items_purchased":["True Grit"],"campfire_rested":0,"item_purchase_floors":[13],"current_hp_per_floor":[74,74,48,48,48,54,54,60,60,40,40,44,44,44,44,0,0],"gold":186,"neow_bonus":"THREE_ENEMY_KILL","is_daily":false,"chose_seed":false,"campfire_upgraded":3,"win_rate":0.0,"timestamp":1610393092,"path_taken":["M","?","?","$","?","E","R","M","T","E","R","M","$","?","R","BOSS"],"items_purchased_type":["Card"],"build_version":"2020-12-22","purchased_purges":1,"victory":false,"max_hp_per_floor":[75,75,75,75,75,75,75,75,75,75,75,75,75,75,75,75,75],"relic_stats":{"counters":[6,22],"Golden Idol":21,"Bag of Preparation":[6],"Letter Opener":[5],"Whetstone":["Strike_R","Strike_R"],"Smiling Mask":0,"obtain_stats":[{"NeowsBlessing":0,"Golden Idol":3,"Bag of Preparation":9,"Letter Opener":5,"Whetstone":10,"Smiling Mask":6,"Burning Blood":0,"Akabeko":2,"WarpedTongs":14},{"NeowsBlessing":0,"Golden Idol":1,"Bag of Preparation":3,"Letter Opener":1,"Whetstone":4,"Smiling Mask":2,"Burning Blood":0,"Akabeko":1,"WarpedTongs":5},{"NeowsBlessing":0,"Golden Idol":1,"Bag of Preparation":4,"Letter Opener":1,"Whetstone":9,"Smiling Mask":3,"Burning Blood":0,"Akabeko":1,"WarpedTongs":12}],"Burning Blood":30,"WarpedTongs":[9]},"card_choices":[{"not_picked":["Heavy Blade","Warcry"],"picked":"Perfected Strike","floor":1},{"not_picked":["Havoc","Dropkick"],"picked":"Hemokinesis","floor":6},{"not_picked":["Whirlwind","Sword Boomerang","True Grit"],"picked":"SKIP","floor":8},{"not_picked":["Perfected Strike","Cleave"],"picked":"Shrug It Off","floor":10},{"not_picked":["Sword Boomerang","Sentinel"],"picked":"Inflame","floor":12}],"player_experience":1122904,"relics_obtained":[{"floor":5,"key":"Letter Opener"},{"floor":6,"key":"Smiling Mask"},{"floor":9,"key":"Bag of Preparation"},{"floor":10,"key":"Whetstone"}],"event_choices":[{"damage_healed":0,"gold_gain":0,"player_choice":"Box","damage_taken":0,"relics_obtained":["Akabeko"],"max_hp_gain":0,"max_hp_loss":0,"event_name":"Big Fish","floor":2,"gold_loss":0,"cards_obtained":["Regret"]},{"damage_healed":0,"gold_gain":0,"player_choice":"Take Damage","damage_taken":26,"relics_obtained":["Golden Idol"],"max_hp_gain":0,"max_hp_loss":0,"event_name":"Golden Idol","floor":3,"gold_loss":0},{"damage_healed":0,"gold_gain":0,"player_choice":"Rummage","damage_taken":0,"relics_obtained":["WarpedTongs"],"max_hp_gain":0,"max_hp_loss":0,"event_name":"Accursed Blacksmith","floor":14,"gold_loss":0,"cards_obtained":["Pain"]}],"is_beta":false,"boss_relics":[],"items_purged_floors":[4],"is_endless":false,"potions_floor_spawned":[1,10],"killed_by":"Hexaghost","ascension_level":20}}