{"host":"wvaiab5ya9pyia0u","time":1610393077,"event":{"mods":["2.2 Compatiblity","Act Like it!","Alarm Clock","Aspiration","Bard","BaseMod","Bestiary","Better Vampires","BetterRewards","Challenge The Spire","Colored Map","Colored Powertips","Conspire","Curses Come First","Custom Start","Dark Map","DeckTracker","Dio Mod","Filter the Spire","Fox Events","Hermit","Highlight Path","Hubris","Humility","Infinite Spire","Lobotomy","Mimic Mod","Minty Spire (QoL Compilation)","Pale of the Ancients","Poor People Problems","Practice Mode","Quarter Circle Forward PUNCH!","Quick Restart","Rare Cards Sparkle","Relic Sorter","Relic Stats","Replay The Spire","Reworked Bosses","SacredBarkPlus","Shop Mod","Small Relic Pack","Spicy Shops","StSLib","The Blue Laboratory","The Construct","The Cursed","The Disciple","The Factory","The Hierophant","The Jungle","The Marked","The Mystic","The Runesmith","The Servant 0.9.4","TheBandit","Thieving Mod","Wandering Minibosses","everything is the same but u backflip on backflip","slay the spire mod where everything is the same but ironclad has a cowboy hat"],"gold_per_floor":[114,150,168,188,188,188,188,188,261,261,274,274,274,294,294,396,396,412,430,65,65,77,111,111,111,111,59,59,72,86,26,26,129,129,148,174,1173,1239,1335,1590,1390,1390,1414,1726,2400,2400,3263,3263,3263],"floor_reached":48,"playtime":3135,"items_purged":[],"score":823,"play_id":"424e23a3-8f2f-4fed-816e-0cde9744b9db","local_time":"20210111202436","is_ascension_mode":false,"campfire_choices":[{"data":"TheCursedMod:HellfireBreathing","floor":6.0,"key":"SMITH"},{"data":"Magnetism","floor":10.0,"key":"SMITH"},{"floor":15.0,"key":"REST"},{"floor":25.0,"key":"REST"},{"data":"TheCursedMod:VoidForm","floor":28.0,"key":"SMITH"},{"data":"TheCursedMod:CollectTribute","floor":32.0,"key":"SMITH"},{"data":"Massacre","floor":42.0,"key":"SMITH"},{"floor":46.0,"key":"REST"}],"circlet_count":0,"master_deck":["TheCursedMod:Strike_TheCursed","TheCursedMod:Strike_TheCursed","TheCursedMod:Strike_TheCursed","TheCursedMod:Strike_TheCursed","TheCursedMod:Defend_TheCursed","TheCursedMod:Defend_TheCursed","TheCursedMod:Defend_TheCursed","TheCursedMod:Defend_TheCursed","TheCursedMod:CursedWand","TheCursedMod:CleanUpWorkshop","TheCursedMod:Dregs","Injury","Magnetism+1","TheCursedMod:HellfireBreathing+1","TheCursedMod:CursedBlade","TheCursedMod:RapidMovement+1","Injury","TheCursedMod:ShockAndAwe","TheCursedMod:CursedSpellbook","TheCursedMod:VoidForm+1","TheCursedMod:Hemoplague+1","Metallicize","Decay","TheCursedMod:CollectTribute+1","Heavy Blade","TheCursedMod:RapidMovement+1","Massacre+1","TheCursedMod:CircleOfAmplification+1","hubris:StunningStrike","TheCursedMod:HellsGateOpen","TheCursedMod:SpitefulPlan","TheCursedMod:SurpriseAttack+1","Eclipse","hubris:Greed","TheCursedMod:Stretching+1","hubris:Greed","hubris:Greed","TheCursedMod:CursedArmor+1","Normality","Normality","hubris:Greed","hubris:Greed","hubris:Greed","hubris:Greed","hubris:Greed","hubris:Greed","hubris:Greed","hubris:Greed","hubris:Greed","hubris:Greed","hubris:Greed","hubris:Greed","hubris:Greed","hubris:Greed","hubris:Greed","hubris:Greed","hubris:Greed","hubris:Greed","hubris:Greed","hubris:Greed","hubris:Greed","hubris:Greed","hubris:Greed","hubris:Greed","hubris:Greed","hubris:Greed","hubris:Greed","TheCursedMod:CircleOfFocus+1","hubris:Greed","hubris:Greed","hubris:Greed","hubris:Greed","hubris:Greed","hubris:Greed","hubris:Greed","hubris:Greed","hubris:Greed","hubris:Greed","hubris:Greed","hubris:Greed","hubris:Greed","hubris:Greed","hubris:Greed","hubris:Greed","hubris:Greed","hubris:Greed","TheCursedMod:RavingStaff","conspire:SpireCoStock","conspire:SpireCoStock","conspire:SpireCoStock","conspire:SpireCoStock","hubris:Greed","hubris:Greed","hubris:Greed","hubris:Greed","hubris:Greed","hubris:Greed","hubris:Greed","hubris:Greed","hubris:Greed","hubris:Greed","hubris:Greed","hubris:Greed","Offering","hubris:Greed","hubris:Greed","hubris:Greed","hubris:Greed","hubris:Greed","hubris:Greed","hubris:Greed","hubris:Greed","hubris:Greed","hubris:Greed","hubris:Greed","hubris:Greed","hubris:Greed","hubris:Greed","hubris:Greed","hubris:Greed","hubris:Greed","hubris:Greed","hubris:Greed","hubris:Greed","hubris:Greed","hubris:Greed","hubris:Greed","hubris:Greed","hubris:Greed","hubris:Greed","hubris:Greed","hubris:Greed","hubris:Greed","hubris:Greed","hubris:Greed","hubris:Greed","hubris:Greed","hubris:Greed","hubris:Greed","hubris:Greed","hubris:Greed","hubris:Greed","hubris:Greed","hubris:Greed","hubris:Greed","hubris:Greed","hubris:Greed","hubris:Greed","hubris:Greed","hubris:Greed","hubris:Greed","hubris:Greed","hubris:Greed","hubris:Greed","hubris:Greed","hubris:Greed","hubris:Greed","hubris:Greed","hubris:Greed","hubris:Greed","hubris:Greed","hubris:Greed","hubris:Greed","hubris:Greed","Parasite","hubris:Greed","hubris:Greed","hubris:Greed","hubris:Greed","hubris:Greed","hubris:Greed","hubris:Greed","hubris:Greed","hubris:Greed","hubris:Greed","hubris:Greed","hubris:Greed","hubris:Greed","hubris:Greed","hubris:Greed","hubris:Greed","hubris:Greed","hubris:Greed","hubris:Greed","hubris:Greed","hubris:Greed","hubris:Greed","hubris:Greed","hubris:Greed","hubris:Greed","hubris:Greed","hubris:Greed","hubris:Greed","hubris:Greed","hubris:Greed","hubris:Greed","hubris:Greed","hubris:Greed","hubris:Greed","hubris:Greed","hubris:Greed","hubris:Greed","hubris:Greed","hubris:Greed","hubris:Greed","hubris:Greed","hubris:Greed","hubris:Greed","hubris:Greed","hubris:Greed","hubris:Greed","hubris:Greed","hubris:Greed","hubris:Greed"],"relics":["TheCursedMod:BlackMagic101","hubris:DisguiseKit","hubris:PeanutButter","conspire:RunicOctahedron","Strawberry","Orichalcum","Orrery","Letter Opener","qcfpunch:Not_Strongest_Fighting_Style_Guidebook","qcfpunch:Combat_Fatigues","Replay:Bronze Core","qcfpunch:Army_Boots"],"acts_visited":["Exordium","TheCity","TheBeyond"],"potions_floor_usage":[],"damage_taken":[{"damage":8.0,"enemies":"Small Slimes","floor":1.0,"turns":5.0},{"damage":2.0,"enemies":"Jaw Worm","floor":2.0,"turns":5.0},{"damage":9.0,"enemies":"Cultist","floor":3.0,"turns":4.0},{"damage":6.0,"enemies":"Exordium Wildlife","floor":4.0,"turns":6.0},{"damage":9.0,"enemies":"Large Slime","floor":11.0,"turns":6.0},{"damage":0.0,"enemies":"3 Louse","floor":14.0,"turns":5.0},{"damage":33.0,"enemies":"The Guardian","floor":16.0,"turns":14.0},{"damage":2.0,"enemies":"3 Byrds","floor":18.0,"turns":4.0},{"damage":27.0,"enemies":"Spheric Guardian","floor":19.0,"turns":6.0},{"damage":4.0,"enemies":"Snecko","floor":22.0,"turns":4.0},{"damage":11.0,"enemies":"conspire:SneckoGhost","floor":23.0,"turns":6.0},{"damage":5.0,"enemies":"Shelled Parasite and Fungi","floor":24.0,"turns":3.0},{"damage":16.0,"enemies":"Centurion and Healer","floor":29.0,"turns":6.0},{"damage":0.0,"enemies":"conspire:HollyBat","floor":30.0,"turns":5.0},{"damage":11.0,"enemies":"hubris:MusketHawk","floor":33.0,"turns":6.0},{"damage":0.0,"enemies":"3 Shapes","floor":35.0,"turns":3.0},{"damage":0.0,"enemies":"3 Darklings","floor":36.0,"turns":3.0},{"damage":2.0,"enemies":"Transient","floor":38.0,"turns":6.0},{"damage":22.0,"enemies":"conspire:MimicChest","floor":39.0,"turns":7.0},{"damage":12.0,"enemies":"Sphere and 2 Shapes","floor":40.0,"turns":4.0},{"damage":0.0,"enemies":"Jaw Worm Horde","floor":44.0,"turns":2.0},{"damage":11.0,"enemies":"Maw","floor":45.0,"turns":6.0},{"damage":0.0,"enemies":"Writhing Mass","floor":47.0,"turns":3.0},{"damage":0,"enemies":"Spire Growth","floor":48,"turns":1}],"seed_played":"-5666945258403498794","potions_obtained":[{"floor":2.0,"key":"SmokeBomb"},{"floor":3.0,"key":"SpeedPotion"},{"floor":4.0,"key":"SteroidPotion"},{"floor":22.0,"key":"TheCursedMod:DregsPotion"},{"floor":29.0,"key":"blueLaboratory:RememoryPotion"},{"floor":40.0,"key":"blueLaboratory:BubblePotion"},{"floor":47.0,"key":"Fruit Juice"}],"is_trial":false,"path_per_floor":["M","M","M","M","?","R","?","?","T","R","M","?","?","M","R","B",null,"M","M","$","?","M","E","M","R","T","$","R","M","M","?","R","B",null,"M","M","?","M","?","M","?","R","T","M","M","R","M","M"],"character_chosen":"THE_CURSED","items_purchased":["Strawberry","Orichalcum","Orrery","TheCursedMod:SpitefulPlan"],"campfire_rested":3,"item_purchase_floors":[20,20,20,27],"current_hp_per_floor":[67,65,56,50,50,50,50,50,50,50,41,41,41,41,63,30,75,73,46,53,53,49,38,33,57,57,57,57,41,41,61,61,50,82,82,82,82,80,60,48,48,48,48,48,37,61,66,66,66],"gold":3263,"neow_bonus":"RANDOM_COLORLESS_2","is_daily":false,"chose_seed":false,"campfire_upgraded":5,"win_rate":0.0,"timestamp":1610393076,"path_taken":["M","M","M","M","?","R","?","?","T","R","?","?","?","M","R","BOSS","M","M","$","?","M","E","M","R","T","$","R","M","M","?","R","BOSS","M","M","?","M","?","M","?","R","T","M","M","R","M","M"],"items_purchased_type":["Relic","Relic","Relic","Card"],"build_version":"2020-12-22","purchased_purges":0,"victory":false,"max_hp_per_floor":[75,75,75,75,75,75,75,75,75,75,75,75,75,75,75,75,75,75,75,82,82,82,82,82,82,82,82,82,82,82,82,82,82,82,82,82,82,82,82,82,82,82,82,82,82,82,87,87,87],"relic_stats":{"counters":[29,142],"Letter Opener":[212],"Orichalcum":[102],"obtain_stats":[{"TheCursedMod:BlackMagic101":0,"hubris:DisguiseKit":5,"qcfpunch:Army_Boots":39,"qcfpunch:Not_Strongest_Fighting_Style_Guidebook":23,"conspire:RunicOctahedron":17,"Letter Opener":21,"Orichalcum":20,"qcfpunch:Combat_Fatigues":26,"FaceOfCleric":4,"Strawberry":20,"Replay:Bronze Core":34,"Orrery":20,"hubris:PeanutButter":9},{"TheCursedMod:BlackMagic101":0,"hubris:DisguiseKit":9,"qcfpunch:Army_Boots":24,"qcfpunch:Not_Strongest_Fighting_Style_Guidebook":16,"conspire:RunicOctahedron":12,"Letter Opener":14,"Orichalcum":14,"qcfpunch:Combat_Fatigues":17,"FaceOfCleric":2,"Strawberry":14,"Replay:Bronze Core":20,"Orrery":14,"hubris:PeanutButter":9},{"TheCursedMod:BlackMagic101":0,"hubris:DisguiseKit":47,"qcfpunch:Army_Boots":127,"qcfpunch:Not_Strongest_Fighting_Style_Guidebook":89,"conspire:RunicOctahedron":70,"Letter Opener":79,"Orichalcum":79,"qcfpunch:Combat_Fatigues":92,"FaceOfCleric":8,"Strawberry":79,"Replay:Bronze Core":108,"Orrery":79,"hubris:PeanutButter":47}]},"card_choices":[{"not_picked":["Violence","Panache"],"picked":"Magnetism","floor":0.0},{"not_picked":["TheCursedMod:CircleOfBlood","TheCursedMod:DoubleShield"],"picked":"TheCursedMod:HellfireBreathing","floor":1.0},{"not_picked":["TheCursedMod:Stretching","TheCursedMod:SpreadPlague"],"picked":"TheCursedMod:CursedBlade","floor":2.0},{"not_picked":["TheCursedMod:VitalStrike","TheCursedMod:Stretching","TheCursedMod:SmokeScreen"],"picked":"SKIP","floor":3.0},{"not_picked":["TheCursedMod:DoubleShield","TheCursedMod:CircleOfFlame"],"picked":"TheCursedMod:RapidMovement","floor":4.0},{"not_picked":["TheCursedMod:SmokeScreen","TheCursedMod:Grudge","Rampage"],"picked":"TheCursedMod:ShockAndAwe","floor":11.0},{"not_picked":["TheCursedMod:SpitefulStrike","TheCursedMod:DoubleShield","Hemokinesis"],"picked":"TheCursedMod:CursedSpellbook","floor":14.0},{"not_picked":["TheCursedMod:DemonSword","TheCursedMod:UltimatePain","Double Tap"],"picked":"TheCursedMod:VoidForm","floor":16.0},{"not_picked":["TheCursedMod:SurpriseAttack+1","TheCursedMod:Mangle","Heavy Blade"],"picked":"TheCursedMod:Hemoplague+1","floor":18.0},{"not_picked":["TheCursedMod:RapidMovement+1","TheCursedMod:FleshFromBone+1","TheCursedMod:TacticalStrike+1"],"picked":"Metallicize","floor":19.0},{"not_picked":["TheCursedMod:Hemoplague","TheCursedMod:CircleOfBlood+1","Pommel Strike"],"picked":"TheCursedMod:CollectTribute","floor":20.0},{"not_picked":["TheCursedMod:Wield","TheCursedMod:CircleOfAmplification","TheCursedMod:CursedStaff"],"picked":"Heavy Blade","floor":20.0},{"not_picked":["TheCursedMod:RavingStaff","TheCursedMod:VitalStrike","Headbutt"],"picked":"TheCursedMod:RapidMovement+1","floor":20.0},{"not_picked":["TheCursedMod:SaltUponWound+1","TheCursedMod:Torture","TheCursedMod:Wield"],"picked":"Massacre","floor":20.0},{"not_picked":["TheCursedMod:DoubleShield","TheCursedMod:Hemoplague","Cleave"],"picked":"TheCursedMod:CircleOfAmplification+1","floor":20.0},{"not_picked":["TheCursedMod:AshesToAshes","TheCursedMod:ReleasedStrength","TheCursedMod:CircleOfFlame"],"picked":"hubris:StunningStrike","floor":22.0},{"not_picked":["TheCursedMod:WearCloak","TheCursedMod:FleshFromBone","Bludgeon"],"picked":"TheCursedMod:HellsGateOpen","floor":23.0},{"not_picked":["TheCursedMod:PrepareRite+1","TheCursedMod:Obscuration","Inflame"],"picked":"TheCursedMod:SurpriseAttack+1","floor":29.0},{"not_picked":["TheCursedMod:SpitefulStrike+1","TheCursedMod:Torture","TheCursedMod:CursedBlade"],"picked":"Eclipse","floor":30.0},{"not_picked":["TheCursedMod:CircleOfCorruption+1","TheCursedMod:SpitefulStrike","Flex"],"picked":"TheCursedMod:Stretching+1","floor":35.0},{"not_picked":["TheCursedMod:Obscuration+1","TheCursedMod:DemonSword","Rage"],"picked":"TheCursedMod:CursedArmor+1","floor":36.0},{"not_picked":["TheCursedMod:SpitefulPray","TheCursedMod:CursedBlade","TheCursedMod:WearCloak","Heavy Blade"],"picked":"SKIP","floor":38.0},{"not_picked":["TheCursedMod:TacticalStrike","TheCursedMod:Stretching+1","Burning Pact"],"picked":"TheCursedMod:CircleOfFocus+1","floor":39.0},{"not_picked":["TheCursedMod:Stigma+1","TheCursedMod:PrepareRite+1","Clash"],"picked":"TheCursedMod:RavingStaff","floor":40.0},{"not_picked":["TheCursedMod:SoulReap+1","TheCursedMod:CursedAmulet","TheCursedMod:Grudge+1"],"picked":"Offering","floor":44.0},{"not_picked":["TheCursedMod:CursedMace","TheCursedMod:VitalStrike","TheCursedMod:OutForBlood","Clothesline"],"picked":"SKIP","floor":45.0},{"not_picked":["TheCursedMod:CursedBlade","TheCursedMod:CircleOfWindfury","TheCursedMod:HellsGateOpen","Anger"],"picked":"SKIP","floor":47.0}],"player_experience":244371,"relics_obtained":[{"floor":9.0,"key":"hubris:PeanutButter"},{"floor":23.0,"key":"qcfpunch:Not_Strongest_Fighting_Style_Guidebook"},{"floor":26.0,"key":"qcfpunch:Combat_Fatigues"},{"floor":39.0,"key":"qcfpunch:Army_Boots"}],"event_choices":[{"damage_healed":0.0,"max_hp_gain":0.0,"max_hp_loss":0.0,"gold_gain":0.0,"event_name":"Golden Wing","player_choice":"Ignored","floor":7.0,"gold_loss":0.0,"damage_taken":0.0},{"damage_healed":0.0,"max_hp_gain":0.0,"max_hp_loss":0.0,"gold_gain":0.0,"event_name":"The Woman in Blue","player_choice":"Bought 0 Potions","floor":8.0,"gold_loss":0.0,"damage_taken":0.0},{"damage_healed":0.0,"max_hp_gain":0.0,"max_hp_loss":0.0,"gold_gain":0.0,"event_name":"Living Wall","player_choice":"Grow","floor":13.0,"gold_loss":0.0,"damage_taken":0.0,"cards_upgraded":["TheCursedMod:RapidMovement"]},{"damage_healed":0.0,"max_hp_gain":0.0,"max_hp_loss":0.0,"gold_gain":0.0,"event_name":"The Mausoleum","player_choice":"Opened","floor":21.0,"gold_loss":0.0,"damage_taken":0.0,"relics_obtained":["Letter Opener"]},{"damage_healed":0.0,"max_hp_gain":0.0,"max_hp_loss":0.0,"gold_gain":999.0,"event_name":"MindBloom","player_choice":"Gold","floor":37.0,"gold_loss":0.0,"damage_taken":0.0,"cards_obtained":["Normality","Normality"]},{"damage_healed":0.0,"max_hp_gain":0.0,"max_hp_loss":0.0,"gold_gain":0.0,"event_name":"conspire:Investor","player_choice":"Invest 4","floor":41.0,"gold_loss":0.0,"damage_taken":0.0}],"is_beta":false,"boss_relics":[{"not_picked":["Runesmith:UraniumAnvil","aspiration:RunicSpoon"],"picked":"conspire:RunicOctahedron"},{"not_picked":["Pandora\u0027s Box","Abe\u0027s Treasure"],"picked":"Replay:Bronze Core"}],"items_purged_floors":[],"is_endless":false,"potions_floor_spawned":[2,3,4,22,29,30,36,38,40,47],"killed_by":"Spire Growth","ascension_level":0}}