{"host":"h4lp0eeso8a0ssq0","time":1610380527,"event":{"mods":["2.2 Compatiblity","AchievementEnabler","BaseMod","CapriCore","Colored Map","Minty Spire (QoL Compilation)","StSLib","SuperFastMode"],"gold_per_floor":[118,46,65,65,30,55,68,102,102,102,129,129,140,174,174,271,271,285,305,8,0,17,17,44,143,168,182,82,111,140,15,15,115,115,130,130,149,167,167,167,186,186,186,36,36,70,86,101,101,101,101,101,4,35,35],"floor_reached":56,"playtime":2528,"items_purged":["Strike_G","Strike_G","Strike_G","Defend_G"],"score":1673,"play_id":"44cc6844-587d-4374-a4f3-1a58717521a2","local_time":"20210112005527","is_ascension_mode":true,"campfire_choices":[{"data":"Venomology","floor":10.0,"key":"SMITH"},{"data":"Malaise","floor":15.0,"key":"SMITH"},{"data":"Night Terror","floor":23.0,"key":"SMITH"},{"data":"Wraith Form v2","floor":32.0,"key":"SMITH"},{"data":"Terror","floor":40.0,"key":"SMITH"},{"data":"Accuracy","floor":45.0,"key":"SMITH"},{"floor":49.0,"key":"RECALL"},{"data":"Footwork","floor":52.0,"key":"SMITH"}],"circlet_count":0,"master_deck":["Defend_G","Defend_G","Defend_G","Survivor","Neutralize","Tactician","Accuracy+1","Blade Dance","Tactician","Venomology+1","Footwork","PiercingWail","Footwork+1","Malaise+1","Well Laid Plans","Night Terror+1","Acrobatics","Terror+1","Finisher","Blur+1","Blade Dance","Wraith Form v2+1","Grand Finale","Blade Dance+1","Unload+1","Flechettes+1","Blade Dance","Prepared+1","Accuracy+1","Backflip+1","Prepared+1"],"relics":["Ring of the Snake","NeowsBlessing","StrikeDummy","Lizard Tail","WingedGreaves","Eternal Feather","Blood Vial","White Beast Statue","WristBlade","Chemical X","MealTicket","Tiny Chest","Vajra","Centennial Puzzle","Astrolabe","Lantern","Ninja Scroll","Oddly Smooth Stone"],"acts_visited":["Exordium","TheCity","TheBeyond","TheEnding"],"potions_floor_usage":[55,55,55],"damage_taken":[{"damage":0.0,"enemies":"Jaw Worm","floor":1.0,"turns":1.0},{"damage":0.0,"enemies":"Cultist","floor":3.0,"turns":1.0},{"damage":0.0,"enemies":"3 Sentries","floor":6.0,"turns":1.0},{"damage":4.0,"enemies":"Small Slimes","floor":7.0,"turns":5.0},{"damage":13.0,"enemies":"Lagavulin","floor":8.0,"turns":4.0},{"damage":12.0,"enemies":"3 Sentries","floor":11.0,"turns":6.0},{"damage":0.0,"enemies":"Blue Slaver","floor":13.0,"turns":2.0},{"damage":2.0,"enemies":"Gremlin Nob","floor":14.0,"turns":3.0},{"damage":19.0,"enemies":"Hexaghost","floor":16.0,"turns":16.0},{"damage":4.0,"enemies":"2 Thieves","floor":18.0,"turns":3.0},{"damage":2.0,"enemies":"3 Byrds","floor":19.0,"turns":6.0},{"damage":6.0,"enemies":"Snake Plant","floor":22.0,"turns":7.0},{"damage":21.0,"enemies":"Gremlin Leader","floor":24.0,"turns":8.0},{"damage":0.0,"enemies":"Chosen and Byrds","floor":27.0,"turns":4.0},{"damage":23.0,"enemies":"Slavers","floor":29.0,"turns":8.0},{"damage":42.0,"enemies":"Book of Stabbing","floor":30.0,"turns":7.0},{"damage":15.0,"enemies":"Champ","floor":33.0,"turns":9.0},{"damage":11.0,"enemies":"3 Darklings","floor":35.0,"turns":4.0},{"damage":15.0,"enemies":"3 Shapes","floor":37.0,"turns":6.0},{"damage":10.0,"enemies":"Sphere and 2 Shapes","floor":38.0,"turns":7.0},{"damage":3.0,"enemies":"Spire Growth","floor":41.0,"turns":2.0},{"damage":8.0,"enemies":"Giant Head","floor":46.0,"turns":2.0},{"damage":2.0,"enemies":"Transient","floor":47.0,"turns":5.0},{"damage":13.0,"enemies":"Maw","floor":48.0,"turns":5.0},{"damage":31.0,"enemies":"Time Eater","floor":50.0,"turns":10.0},{"damage":11.0,"enemies":"Shield and Spear","floor":54.0,"turns":6.0},{"damage":168,"enemies":"The Heart","floor":55,"turns":12}],"seed_played":"843466397053891214","potions_obtained":[{"floor":3.0,"key":"Fire Potion"},{"floor":7.0,"key":"Energy Potion"},{"floor":8.0,"key":"DistilledChaos"},{"floor":16.0,"key":"CunningPotion"},{"floor":18.0,"key":"Strength Potion"},{"floor":19.0,"key":"SpeedPotion"},{"floor":22.0,"key":"Strength Potion"},{"floor":24.0,"key":"DuplicationPotion"},{"floor":27.0,"key":"PowerPotion"},{"floor":29.0,"key":"CultistPotion"},{"floor":30.0,"key":"ColorlessPotion"},{"floor":33.0,"key":"Regen Potion"},{"floor":35.0,"key":"AttackPotion"},{"floor":36.0,"key":"Block Potion"},{"floor":36.0,"key":"Swift Potion"},{"floor":37.0,"key":"SteroidPotion"},{"floor":41.0,"key":"Energy Potion"},{"floor":46.0,"key":"DistilledChaos"},{"floor":47.0,"key":"Swift Potion"}],"is_trial":false,"path_per_floor":["M","$","M","?","$","E","M","E","T","R","E","?","M","E","R","B",null,"M","M","$","?","M","R","E","?","T","M","$","E","E","$","R","B",null,"M","?","M","M","T","R","M","?","T","$","R","E","M","M","R","B",null,"R","$","E","B",null],"character_chosen":"THE_SILENT","items_purchased":["Accuracy","Tactician","Chemical X","Terror","FairyPotion"],"campfire_rested":0,"item_purchase_floors":[2,5,20,20,53],"current_hp_per_floor":[63,63,63,63,63,63,59,46,46,46,34,31,33,33,45,28,60,58,58,58,58,54,69,49,49,49,51,66,60,20,35,50,37,62,58,58,45,37,37,52,51,51,51,66,70,62,62,51,69,39,62,70,70,59,31],"gold":35,"neow_bonus":"THREE_ENEMY_KILL","is_daily":false,"chose_seed":false,"campfire_upgraded":7,"win_rate":0.0,"timestamp":1610380527,"path_taken":["M","$","M","?","?","E","M","E","T","R","E","?","M","E","R","BOSS","M","M","$","?","M","R","E","?","T","M","$","E","E","?","R","BOSS","M","?","M","?","?","R","M","?","T","$","R","E","M","?","R","BOSS","R","$","E","BOSS"],"items_purchased_type":["Card","Card","Relic","Card","Potion"],"build_version":"2020-12-22","purchased_purges":4,"victory":true,"max_hp_per_floor":[70,70,70,70,70,70,70,70,70,70,70,70,70,70,70,70,70,70,70,70,70,70,70,70,70,70,70,70,70,70,70,70,70,70,70,70,70,70,70,70,70,70,70,70,70,70,70,70,70,70,70,70,70,70,70],"card_choices":[{"not_picked":["Outmaneuver","Caltrops"],"picked":"Tactician","floor":1.0},{"not_picked":["Dagger Spray","Riddle With Holes"],"picked":"Blade Dance","floor":3.0},{"not_picked":["Dodge and Roll","Well Laid Plans"],"picked":"Venomology","floor":6.0},{"not_picked":["Tactician","Dagger Throw"],"picked":"Footwork","floor":7.0},{"not_picked":["All Out Attack","Deadly Poison"],"picked":"PiercingWail","floor":8.0},{"not_picked":["Sucker Punch","Outmaneuver"],"picked":"Footwork","floor":11.0},{"not_picked":["Sucker Punch","Dagger Throw"],"picked":"Malaise","floor":13.0},{"not_picked":["Predator","Heel Hook"],"picked":"Well Laid Plans","floor":14.0},{"not_picked":["Grand Finale","Burst"],"picked":"Night Terror","floor":16.0},{"not_picked":["Bouncing Flask","Deflect+1"],"picked":"Acrobatics","floor":18.0},{"not_picked":["All Out Attack","Masterful Stab","Poisoned Stab+1"],"picked":"SKIP","floor":19.0},{"not_picked":["Dagger Throw","Distraction"],"picked":"Finisher","floor":22.0},{"not_picked":["PiercingWail","Dodge and Roll"],"picked":"Blur+1","floor":24.0},{"not_picked":["Backflip","Slice"],"picked":"Blade Dance","floor":27.0},{"not_picked":["Dash","PiercingWail","Poisoned Stab"],"picked":"SKIP","floor":29.0},{"not_picked":["Riddle With Holes","Dash"],"picked":"Wraith Form v2","floor":30.0},{"not_picked":["A Thousand Cuts","Tools of the Trade"],"picked":"Grand Finale","floor":33.0},{"not_picked":["Prepared+1","Choke+1"],"picked":"Blade Dance","floor":35.0},{"not_picked":["Riddle With Holes+1","Underhanded Strike"],"picked":"Prepared+1","floor":37.0},{"not_picked":["Deadly Poison","Crippling Poison","PiercingWail"],"picked":"SKIP","floor":38.0},{"not_picked":["Flying Knee","Reflex"],"picked":"Accuracy","floor":41.0},{"not_picked":["PiercingWail","Bouncing Flask","Bullet Time"],"picked":"SKIP","floor":46.0},{"not_picked":["Deflect","Caltrops"],"picked":"Backflip+1","floor":47.0},{"not_picked":["Dagger Throw","PiercingWail+1","Noxious Fumes"],"picked":"SKIP","floor":48.0},{"not_picked":["Masterful Stab","Predator+1"],"picked":"Prepared+1","floor":54.0}],"player_experience":134595,"relics_obtained":[{"floor":6.0,"key":"StrikeDummy"},{"floor":8.0,"key":"Lizard Tail"},{"floor":9.0,"key":"WingedGreaves"},{"floor":11.0,"key":"Eternal Feather"},{"floor":14.0,"key":"White Beast Statue"},{"floor":24.0,"key":"MealTicket"},{"floor":26.0,"key":"Tiny Chest"},{"floor":29.0,"key":"Vajra"},{"floor":30.0,"key":"Centennial Puzzle"},{"floor":43.0,"key":"Lantern"},{"floor":46.0,"key":"Ninja Scroll"},{"floor":54.0,"key":"Oddly Smooth Stone"}],"event_choices":[{"damage_healed":0.0,"max_hp_gain":0.0,"max_hp_loss":0.0,"gold_gain":0.0,"event_name":"Accursed Blacksmith","player_choice":"Forge","floor":4.0,"gold_loss":0.0,"damage_taken":0.0,"cards_upgraded":["Accuracy"]},{"damage_healed":0.0,"max_hp_gain":0.0,"max_hp_loss":0.0,"gold_gain":0.0,"event_name":"Scrap Ooze","player_choice":"Success","floor":12.0,"gold_loss":0.0,"damage_taken":3.0,"relics_obtained":["Blood Vial"]},{"damage_healed":0.0,"max_hp_gain":0.0,"max_hp_loss":0.0,"gold_gain":0.0,"event_name":"Masked Bandits","player_choice":"Paid Fearfully","floor":21.0,"gold_loss":8.0,"damage_taken":0.0},{"damage_healed":0.0,"max_hp_gain":0.0,"max_hp_loss":0.0,"gold_gain":99.0,"event_name":"Nest","player_choice":"Stole From Cult","floor":25.0,"gold_loss":0.0,"damage_taken":0.0},{"damage_healed":0.0,"max_hp_gain":0.0,"max_hp_loss":0.0,"gold_gain":0.0,"event_name":"Lab","player_choice":"Got Potions","floor":36.0,"gold_loss":0.0,"damage_taken":0.0},{"damage_healed":0.0,"max_hp_gain":0.0,"max_hp_loss":0.0,"gold_gain":0.0,"event_name":"The Woman in Blue","player_choice":"Bought 0 Potions","floor":42.0,"gold_loss":0.0,"damage_taken":0.0}],"is_beta":false,"boss_relics":[{"not_picked":["Pandora\u0027s Box","HoveringKite"],"picked":"WristBlade"},{"not_picked":["Runic Dome","SlaversCollar"],"picked":"Astrolabe"}],"items_purged_floors":[20,28,31,44],"is_endless":false,"potions_floor_spawned":[3,7,8,16,18,19,22,24,27,29,30,33,35,37,38,41,46,47,48,54],"ascension_level":8}}