{"host":"newqdrzxfhh2im9e","time":1610326248,"event":{"mods":["AchievementEnabler","BaseMod","BetterRewards","Block Reminder","Colored Map","Jorbs\u0027s Wanderer Trilogy","Minty Spire (QoL Compilation)","Rare Cards Sparkle","Shop Mod","StSLib"],"gold_per_floor":[123,149,236,248,260,272,304,342,354,381,423,451,463,485,497,608,670,699,725,97,110,10,10,27,27,75,85,99,99,99],"floor_reached":29,"playtime":1004,"items_purged":[],"score":252,"play_id":"d9ac33db-2ebf-424b-8b98-9464b2d0c8a5","local_time":"20210110165048","is_ascension_mode":false,"campfire_choices":[{"floor":6,"key":"REST"},{"floor":13,"key":"REST"},{"floor":15,"key":"REST"},{"data":"Judgement","floor":23,"key":"SMITH"},{"data":"Worship","floor":25,"key":"SMITH"}],"circlet_count":0,"master_deck":["Strike_P","Strike_P","Strike_P+1","Strike_P","Defend_P+1","Defend_P","Defend_P","Defend_P","Eruption","Vigilance","CarveReality+1","Pray","Worship+1","DeceiveReality","WreathOfFlame","Brilliance","Judgement+1","WaveOfTheHand","Study+1","Swift Strike","Perseverance+1","Prostrate+1","Tantrum+1"],"relics":["PureWater","MawBank","Letter Opener","Odd Mushroom","Damaru","Mango","Ice Cream","Tiny House","Torii","Bottled Lightning","Happy Flower"],"acts_visited":["Exordium","TheCity"],"potions_floor_usage":[11,18,18,19,24,24,24,27,28,29],"damage_taken":[{"damage":0,"enemies":"2 Louse","floor":1,"turns":1},{"damage":2,"enemies":"Small Slimes","floor":2,"turns":3},{"damage":4,"enemies":"The Mushroom Lair","floor":7,"turns":4},{"damage":0,"enemies":"Jaw Worm","floor":10,"turns":2},{"damage":62,"enemies":"Lagavulin","floor":11,"turns":4},{"damage":0,"enemies":"Red Slaver","floor":12,"turns":2},{"damage":22,"enemies":"Exordium Thugs","floor":14,"turns":3},{"damage":18,"enemies":"Hexaghost","floor":16,"turns":9},{"damage":7,"enemies":"Shell Parasite","floor":18,"turns":3},{"damage":0,"enemies":"Chosen","floor":19,"turns":3},{"damage":2,"enemies":"Snake Plant","floor":21,"turns":3},{"damage":9,"enemies":"3 Cultists","floor":24,"turns":6},{"damage":15,"enemies":"Cultist and Chosen","floor":27,"turns":5},{"damage":44,"enemies":"Snecko","floor":28,"turns":4},{"damage":20,"enemies":"Snake Plant","floor":29,"turns":3}],"seed_played":"3554388706069793631","potions_obtained":[{"floor":7,"key":"SkillPotion"},{"floor":16,"key":"LiquidMemories"},{"floor":17,"key":"FearPotion"},{"floor":18,"key":"Fruit Juice"},{"floor":19,"key":"FearPotion"},{"floor":24,"key":"SteroidPotion"}],"is_trial":false,"path_per_floor":["M","M","?","?","?","R","?","T","T","M","E","M","R","M","R","B",null,"M","M","$","M","$","R","M","R","T","M","M","M"],"character_chosen":"WATCHER","items_purchased":["Torii","Bottled Lightning","Swift Strike","EntropicBrew"],"campfire_rested":3,"item_purchase_floors":[20,20,20,22],"current_hp_per_floor":[72,70,59,56,42,63,59,59,73,73,11,11,36,14,39,21,91,84,89,89,87,87,87,78,78,78,63,19,0,0],"gold":99,"neow_bonus":"RANDOM_COMMON_RELIC","is_daily":false,"chose_seed":false,"campfire_upgraded":2,"win_rate":0.0,"timestamp":1610326248,"path_taken":["M","M","?","?","?","R","?","?","T","M","E","?","R","M","R","BOSS","M","M","$","M","$","R","M","R","T","M","M","M"],"items_purchased_type":["Relic","Relic","Card","Potion"],"build_version":"2020-12-22","purchased_purges":0,"victory":false,"max_hp_per_floor":[72,72,72,72,72,72,72,72,86,86,86,86,86,86,86,86,91,91,96,96,96,96,96,96,96,96,96,96,96,96],"card_choices":[{"not_picked":["PathToVictory","WreathOfFlame"],"picked":"CarveReality","floor":1},{"not_picked":["Crescendo","Study"],"picked":"Pray","floor":2},{"not_picked":["SashWhip","CutThroughFate"],"picked":"Worship","floor":7},{"not_picked":["Evaluate","FlurryOfBlows","BowlingBash"],"picked":"SKIP","floor":10},{"not_picked":["Perseverance","Consecrate"],"picked":"DeceiveReality","floor":11},{"not_picked":["SandsOfTime","ThirdEye"],"picked":"WreathOfFlame","floor":12},{"not_picked":["Prostrate","SashWhip"],"picked":"Brilliance","floor":14},{"not_picked":["DeusExMachina","ConjureBlade"],"picked":"Judgement","floor":16},{"not_picked":["Perseverance","EmptyFist"],"picked":"WaveOfTheHand","floor":17},{"not_picked":["CarveReality","Protect"],"picked":"Study+1","floor":18},{"not_picked":["WreathOfFlame","Wireheading+1","CrushJoints"],"picked":"SKIP","floor":19},{"not_picked":["FollowUp","Worship"],"picked":"Perseverance+1","floor":21},{"not_picked":["JustLucky","EmptyMind"],"picked":"Prostrate+1","floor":24},{"not_picked":["Nirvana","ThirdEye+1"],"picked":"Tantrum+1","floor":27},{"not_picked":["Prostrate","Halt+1","WheelKick"],"picked":"SKIP","floor":28}],"player_experience":720220,"relics_obtained":[{"floor":7,"key":"Odd Mushroom"},{"floor":8,"key":"Damaru"},{"floor":9,"key":"Mango"},{"floor":11,"key":"Ice Cream"},{"floor":26,"key":"Happy Flower"}],"event_choices":[{"damage_healed":0,"gold_gain":75,"player_choice":"Gather Gold","damage_taken":11,"max_hp_gain":0,"max_hp_loss":0,"event_name":"World of Goop","floor":3,"gold_loss":0},{"damage_healed":0,"gold_gain":0,"player_choice":"Success","damage_taken":3,"relics_obtained":["Letter Opener"],"max_hp_gain":0,"max_hp_loss":0,"event_name":"Scrap Ooze","floor":4,"gold_loss":0},{"damage_healed":0,"gold_gain":0,"player_choice":"Entered Light","damage_taken":14,"max_hp_gain":0,"max_hp_loss":0,"event_name":"Shining Light","floor":5,"gold_loss":0,"cards_upgraded":["Defend_P","Strike_P"]},{"damage_healed":0,"gold_gain":0,"player_choice":"Fought Mushrooms","damage_taken":0,"max_hp_gain":0,"max_hp_loss":0,"event_name":"Mushrooms","floor":7,"gold_loss":0}],"is_beta":false,"boss_relics":[{"not_picked":["VioletLotus","Runic Dome"],"picked":"Tiny House"}],"items_purged_floors":[],"is_endless":false,"potions_floor_spawned":[7,16,18,19,24],"killed_by":"Snake Plant","ascension_level":0}}