{"host":"gg","time":1610335533,"event":{"mods":["BaseMod","Colored Map","Googly Eyes","Minty Spire (QoL Compilation)","Permanent Neow","Relic Stats","The IronCluck"],"gold_per_floor":[111,124,147,147,164,164,190,25,25,68,68,18,44,83,83,169,169,216,216,237,259,219,219,262,310,334,370,388,388,338,356,356,466,466,511,520,520,540,549,579,196,239,273,273,273],"floor_reached":44,"playtime":2646,"items_purged":["Normality","Defend_P","Strike_P"],"score":1188,"play_id":"dfdd0d84-1b6c-46bb-9a4a-2b68878456a2","local_time":"20210110192533","is_ascension_mode":true,"campfire_choices":[{"data":"Consecrate","floor":6.0,"key":"SMITH"},{"data":"CrushJoints","floor":15.0,"key":"SMITH"},{"floor":23,"key":"REST"},{"floor":29,"key":"REST"},{"data":"Ragnarok","floor":32,"key":"SMITH"}],"circlet_count":0,"master_deck":["AscendersBane","Strike_P","Defend_P","Defend_P","Defend_P","Eruption+1","Vigilance","Consecrate+1","CrushJoints+1","SignatureMove+1","FlurryOfBlows","Ragnarok+1","Wish","Halt+1","CutThroughFate","Tantrum","Sanctity","Meditate","SandsOfTime+1","Study","DevaForm","LessonLearned","Dark Shackles+1","Ragnarok+1","Pain"],"relics":["Cursed Key","Happy Flower","Shuriken","Smiling Mask","Lee\u0027s Waffle","CeramicFish","Omamori","Philosopher\u0027s Stone","Necronomicon","Tiny Chest","Lantern","Anchor","Snecko Eye","Blood Vial","ClockworkSouvenir","Potion Belt"],"acts_visited":["Exordium","TheCity","TheBeyond"],"potions_floor_usage":[27,33],"damage_taken":[{"damage":11.0,"enemies":"Cultist","floor":1.0,"turns":6.0},{"damage":0.0,"enemies":"Jaw Worm","floor":2.0,"turns":4.0},{"damage":1.0,"enemies":"Small Slimes","floor":5.0,"turns":4.0},{"damage":36.0,"enemies":"Lagavulin","floor":7.0,"turns":8.0},{"damage":8.0,"enemies":"Gremlin Nob","floor":10.0,"turns":3.0},{"damage":4.0,"enemies":"Red Slaver","floor":13.0,"turns":2.0},{"damage":30.0,"enemies":"Lagavulin","floor":14.0,"turns":3.0},{"damage":30.0,"enemies":"Hexaghost","floor":16.0,"turns":5.0},{"damage":14.0,"enemies":"Shell Parasite","floor":18.0,"turns":3.0},{"damage":0.0,"enemies":"3 Byrds","floor":20.0,"turns":3.0},{"damage":9,"enemies":"Centurion and Healer","floor":21,"turns":4},{"damage":16,"enemies":"Gremlin Leader","floor":24,"turns":3},{"damage":0,"enemies":"3 Cultists","floor":25,"turns":3},{"damage":0,"enemies":"Slavers","floor":27,"turns":1},{"damage":0,"enemies":"Sentry and Sphere","floor":28,"turns":2},{"damage":0,"enemies":"Collector","floor":33,"turns":2},{"damage":9,"enemies":"3 Darklings","floor":35,"turns":3},{"damage":0,"enemies":"Orb Walker","floor":38,"turns":1},{"damage":0,"enemies":"Reptomancer","floor":40,"turns":1},{"damage":26,"enemies":"Sphere and 2 Shapes","floor":42,"turns":4},{"damage":5,"enemies":"3 Darklings","floor":44,"turns":2}],"seed_played":"8736868358278902659","potions_obtained":[{"floor":2.0,"key":"Fire Potion"},{"floor":14.0,"key":"Weak Potion"},{"floor":16.0,"key":"Fire Potion"},{"floor":22,"key":"Strength Potion"},{"floor":22,"key":"BottledMiracle"},{"floor":27,"key":"SkillPotion"},{"floor":33,"key":"StancePotion"},{"floor":38,"key":"StancePotion"},{"floor":40,"key":"Regen Potion"},{"floor":42,"key":"StancePotion"}],"is_trial":false,"path_per_floor":["M","M","T","?","M","R","E","$","T","E","?","$","M","E","R","B",null,"M","?","M","M","?","R","E","M","T","E","M","R","$","?","R","B",null,"M","?","T","M","?","E","$","M","T","M"],"character_chosen":"WATCHER","items_purchased":["Lee\u0027s Waffle","ClockworkSouvenir","Potion Belt"],"campfire_rested":2,"item_purchase_floors":[8,41,41],"current_hp_per_floor":[50,50,50,39,38,38,2,75,75,67,67,67,63,33,33,3,57,43,22,22,13,13,35,19,19,19,19,19,41,41,41,41,41,67,58,58,58,58,58,58,58,34,34,31,31],"gold":273,"neow_bonus":"BOSS_RELIC","is_daily":false,"chose_seed":false,"campfire_upgraded":3,"win_rate":0.0,"timestamp":1610335533,"path_taken":["M","M","?","?","M","R","E","?","T","E","?","$","M","E","R","BOSS","M","?","M","M","?","R","E","M","T","E","?","R","$","?","R","BOSS","M","?","?","M","?","E","$","M","T","?"],"items_purchased_type":["Relic","Relic","Relic"],"build_version":"2020-12-18","purchased_purges":3,"victory":false,"max_hp_per_floor":[68,68,68,68,68,68,68,75,75,75,75,75,75,75,75,75,75,75,75,75,75,75,75,75,75,75,75,75,75,75,75,75,75,75,75,75,75,75,75,75,75,75,75,75,75],"relic_stats":{"Blood Vial":4,"Lee\u0027s Waffle":73,"Happy Flower":[19],"counters":[21,67],"Shuriken":[37],"CeramicFish":144,"Snecko Eye":[21,24,23,17],"Tiny Chest":1,"Necronomicon":[15],"Cursed Key":3,"Smiling Mask":150,"obtain_stats":[{"Potion Belt":41,"Lee\u0027s Waffle":8,"Lantern":26,"Happy Flower":3,"CeramicFish":10,"Omamori":14,"Cursed Key":0,"Smiling Mask":7,"ClockworkSouvenir":41,"Blood Vial":40,"Anchor":27,"Shuriken":4,"Snecko Eye":34,"Philosopher\u0027s Stone":17,"Tiny Chest":24,"Necronomicon":19,"PureWater":0},{"Potion Belt":19,"Lee\u0027s Waffle":4,"Lantern":13,"Happy Flower":2,"CeramicFish":5,"Omamori":7,"Cursed Key":0,"Smiling Mask":4,"ClockworkSouvenir":19,"Blood Vial":19,"Anchor":14,"Shuriken":2,"Snecko Eye":16,"Philosopher\u0027s Stone":8,"Tiny Chest":12,"Necronomicon":9,"PureWater":0},{"Potion Belt":61,"Lee\u0027s Waffle":22,"Lantern":51,"Happy Flower":10,"CeramicFish":25,"Omamori":30,"Cursed Key":0,"Smiling Mask":22,"ClockworkSouvenir":61,"Blood Vial":61,"Anchor":52,"Shuriken":10,"Snecko Eye":56,"Philosopher\u0027s Stone":35,"Tiny Chest":48,"Necronomicon":38,"PureWater":0}]},"card_choices":[{"not_picked":["EmptyBody","InnerPeace","Protect"],"picked":"SKIP","floor":1.0},{"not_picked":["Nirvana","Pray","Protect"],"picked":"SKIP","floor":2.0},{"not_picked":["Crescendo","Evaluate"],"picked":"Consecrate","floor":5.0},{"not_picked":["SandsOfTime","EmptyFist"],"picked":"CrushJoints","floor":7.0},{"not_picked":["CrushJoints","WaveOfTheHand"],"picked":"SignatureMove","floor":10.0},{"not_picked":["Pray","Crescendo"],"picked":"FlurryOfBlows","floor":13.0},{"not_picked":["JustLucky","DevaForm"],"picked":"Ragnarok","floor":14.0},{"not_picked":["Judgement","Blasphemy"],"picked":"Wish","floor":16.0},{"not_picked":["CrushJoints+1","Crescendo"],"picked":"Halt+1","floor":18.0},{"not_picked":["Halt+1","SashWhip"],"picked":"CutThroughFate","floor":20.0},{"not_picked":["BowlingBash","Sanctity"],"picked":"Tantrum","floor":21},{"not_picked":["Study","FollowUp"],"picked":"Sanctity","floor":24},{"not_picked":["EmptyFist","SashWhip"],"picked":"Meditate","floor":25},{"not_picked":["EmptyMind","Consecrate"],"picked":"SandsOfTime+1","floor":27},{"not_picked":["ForeignInfluence","Consecrate+1","BowlingBash"],"picked":"SKIP","floor":28},{"not_picked":["ConjureBlade","Scrawl"],"picked":"LessonLearned","floor":33},{"not_picked":["SashWhip","CrushJoints+1","FlurryOfBlows+1"],"picked":"SKIP","floor":35},{"not_picked":["Purity","Thinking Ahead"],"picked":"Dark Shackles","floor":36},{"not_picked":["JustLucky+1","EmptyBody","FollowUp"],"picked":"SKIP","floor":38},{"not_picked":["MasterReality","Crescendo","EmptyFist"],"picked":"SKIP","floor":40},{"not_picked":["Crescendo","Halt","JustLucky"],"picked":"SKIP","floor":42}],"player_experience":1154192,"relics_obtained":[{"floor":3.0,"key":"Happy Flower"},{"floor":7.0,"key":"Smiling Mask"},{"floor":10.0,"key":"CeramicFish"},{"floor":14.0,"key":"Omamori"},{"floor":19.0,"key":"Necronomicon"},{"floor":24,"key":"Tiny Chest"},{"floor":26,"key":"Lantern"},{"floor":27,"key":"Anchor"},{"floor":40,"key":"Blood Vial"}],"event_choices":[{"damage_healed":0.0,"max_hp_gain":0.0,"max_hp_loss":0.0,"gold_gain":0.0,"event_name":"Scrap Ooze","player_choice":"Success","floor":4.0,"gold_loss":0.0,"damage_taken":11.0,"relics_obtained":["Shuriken"]},{"damage_healed":0.0,"max_hp_gain":0.0,"max_hp_loss":0.0,"gold_gain":0.0,"event_name":"Accursed Blacksmith","player_choice":"Forge","floor":11.0,"gold_loss":0.0,"damage_taken":0.0,"cards_upgraded":["Eruption"]},{"damage_healed":0.0,"max_hp_gain":0.0,"max_hp_loss":0.0,"gold_gain":0.0,"event_name":"Cursed Tome","player_choice":"Obtained Book","floor":19.0,"gold_loss":0.0,"damage_taken":21.0},{"damage_healed":0,"gold_gain":0,"player_choice":"Bought 3 Potions","damage_taken":0,"max_hp_gain":0,"max_hp_loss":0,"event_name":"The Woman in Blue","floor":22,"gold_loss":0},{"damage_healed":0,"gold_gain":0,"cards_transformed":["Strike_P","Strike_P"],"player_choice":"Became Test Subject","damage_taken":0,"max_hp_gain":0,"max_hp_loss":0,"event_name":"Drug Dealer","floor":31,"gold_loss":0,"cards_obtained":["Study","DevaForm"]},{"damage_healed":0,"gold_gain":0,"player_choice":"Memory 1","damage_taken":0,"max_hp_gain":0,"max_hp_loss":0,"event_name":"SensoryStone","floor":36,"gold_loss":0},{"damage_healed":0,"gold_gain":0,"player_choice":"Copied","damage_taken":0,"max_hp_gain":0,"max_hp_loss":0,"event_name":"Duplicator","floor":39,"gold_loss":0,"cards_obtained":["Ragnarok"]}],"is_beta":true,"boss_relics":[{"not_picked":["Sozu","Coffee Dripper"],"picked":"Philosopher\u0027s Stone"},{"not_picked":["Empty Cage","Tiny House"],"picked":"Snecko Eye"}],"items_purged_floors":[12,30,41],"is_endless":false,"potions_floor_spawned":[2,14,16,24,27,33,38,40,42],"killed_by":"3 Darklings","ascension_level":20}}