{"host":"8u7tvcybuv0u72fd","time":1610346124,"event":{"mods":["BaseMod","BetterRewards","Colored Map","Colored Powertips","Minty Spire (QoL Compilation)","Quick Restart","Shop Mod"],"gold_per_floor":[116,133,33,108,119,119,180,207,207,207,262,262,274,287,287,390,390,405,417,417,428,428,455,472,472,523,523,130,150,150,160,160,255,255,270,270,270,289,339,372,372,124,148,41,71,71,87,87,87,87,87,87,17,44,44],"floor_reached":56,"playtime":2345,"items_purged":["Strike_R"],"score":1573,"play_id":"8921dfdc-d5f9-4680-86e7-c606ea63ddb0","local_time":"20210111012204","is_ascension_mode":false,"campfire_choices":[{"data":"Body Slam","floor":6.0,"key":"SMITH"},{"data":"Bash","floor":10.0,"key":"SMITH"},{"data":"Carnage","floor":12.0,"key":"SMITH"},{"data":"Iron Wave","floor":15.0,"key":"SMITH"},{"data":"RitualDagger","floor":25.0,"key":"SMITH"},{"data":"Berserk","floor":27.0,"key":"SMITH"},{"data":"Cleave","floor":30.0,"key":"SMITH"},{"data":"Defend_R","floor":32.0,"key":"SMITH"},{"data":"Double Tap","floor":41,"key":"SMITH"},{"floor":46,"key":"RECALL"},{"data":"Uppercut","floor":49,"key":"SMITH"},{"data":"Defend_R","floor":52,"key":"SMITH"}],"circlet_count":0,"master_deck":["Strike_R","Strike_R","Strike_R","Strike_R","Defend_R+1","Defend_R+1","Defend_R+1","Bash+1","Cleave+1","Body Slam+1","Carnage+1","Headbutt","Iron Wave+1","Berserk+1","RitualDagger+1","Flex+1","Disarm+1","Double Tap+1","Seeing Red","Infernal Blade+1","RitualDagger+1","Uppercut+1","Blind"],"relics":["Burning Blood","Potion Belt","Lantern","HornCleat","Sling","Turnip","Pen Nib","Kunai","Anchor","Velvet Choker","Membership Card","MerchantsRug","Gremlin Horn","Runic Cube","Torii","Ancient Tea Set","Oddly Smooth Stone","Pantograph","Vajra","Bag of Marbles","Medical Kit","Toy Ornithopter","Pear"],"acts_visited":["Exordium","TheCity","TheBeyond","TheEnding"],"potions_floor_usage":[45,55,55,55,55,55,55,55,55,55],"damage_taken":[{"damage":0.0,"enemies":"Cultist","floor":1.0,"turns":3.0},{"damage":0.0,"enemies":"Small Slimes","floor":2.0,"turns":3.0},{"damage":0.0,"enemies":"2 Louse","floor":5.0,"turns":2.0},{"damage":0.0,"enemies":"Gremlin Nob","floor":8.0,"turns":2.0},{"damage":0.0,"enemies":"Gremlin Nob","floor":11.0,"turns":3.0},{"damage":0.0,"enemies":"2 Fungi Beasts","floor":13.0,"turns":1.0},{"damage":0.0,"enemies":"Large Slime","floor":14.0,"turns":3.0},{"damage":35.0,"enemies":"The Guardian","floor":16.0,"turns":7.0},{"damage":0.0,"enemies":"Shell Parasite","floor":18.0,"turns":2.0},{"damage":0.0,"enemies":"Spheric Guardian","floor":19.0,"turns":2.0},{"damage":0.0,"enemies":"Snecko","floor":21.0,"turns":3.0},{"damage":0.0,"enemies":"Slavers","floor":23.0,"turns":2.0},{"damage":0.0,"enemies":"Centurion and Healer","floor":24.0,"turns":3.0},{"damage":0.0,"enemies":"Cultist and Chosen","floor":29.0,"turns":3.0},{"damage":0.0,"enemies":"3 Cultists","floor":31.0,"turns":3.0},{"damage":45.0,"enemies":"Automaton","floor":33.0,"turns":10.0},{"damage":0.0,"enemies":"3 Shapes","floor":35.0,"turns":2.0},{"damage":0.0,"enemies":"Orb Walker","floor":38.0,"turns":1.0},{"damage":8.0,"enemies":"2 Orb Walkers","floor":39.0,"turns":2.0},{"damage":8,"enemies":"Reptomancer","floor":40,"turns":3},{"damage":10,"enemies":"Giant Head","floor":45,"turns":5},{"damage":0,"enemies":"4 Shapes","floor":47,"turns":4},{"damage":43,"enemies":"Donu and Deca","floor":50,"turns":6},{"damage":13,"enemies":"Shield and Spear","floor":54,"turns":4},{"damage":72,"enemies":"The Heart","floor":55,"turns":9}],"seed_played":"2252906328856986066","potions_obtained":[{"floor":5.0,"key":"HeartOfIron"},{"floor":11.0,"key":"AttackPotion"},{"floor":31.0,"key":"Fire Potion"},{"floor":39.0,"key":"Fruit Juice"},{"floor":45,"key":"BloodPotion"}],"is_trial":false,"path_per_floor":["M","M","$","?","M","R","?","E","T","R","?","R","M","M","R","B",null,"M","M","?","M","?","E","M","R","T","R","$","M","R","M","R","B",null,"M","?","?","M","?","E","R","$","T","$","E","R","M","?","R","B",null,"R","$","E","B",null],"character_chosen":"IRONCLAD","items_purchased":["Potion Belt","Lantern","HornCleat","Sling","Fire Potion","AttackPotion","EssenceOfSteel","Body Slam","FearPotion","Membership Card","MerchantsRug","Gremlin Horn","BloodPotion","DistilledChaos","Oddly Smooth Stone","Pantograph","EntropicBrew","Uppercut","Vajra","CultistPotion","Medical Kit","Toy Ornithopter","Blind"],"campfire_rested":0,"item_purchase_floors":[0,0,0,0,0,0,0,3,3,28,28,28,28,28,42,42,42,44,44,53,53,53,53],"current_hp_per_floor":[38,44,44,33,39,39,39,45,45,45,51,51,57,63,63,34,80,80,80,74,80,72,78,80,80,80,80,80,80,80,80,80,41,80,80,80,80,80,83,81,81,81,81,81,85,85,85,85,85,48,85,85,85,88,78],"gold":44,"neow_bonus":"","is_daily":false,"chose_seed":false,"campfire_upgraded":11,"win_rate":0.0,"timestamp":1610346124,"path_taken":["M","M","?","?","M","R","?","E","T","R","?","R","M","M","R","BOSS","M","M","?","M","?","E","M","R","T","R","$","?","R","M","R","BOSS","M","?","?","?","?","E","R","$","T","$","E","R","M","?","R","BOSS","R","$","E","BOSS"],"items_purchased_type":["Relic","Relic","Relic","Relic","Potion","Potion","Potion","Card","Potion","Relic","Relic","Relic","Potion","Potion","Relic","Relic","Potion","Card","Relic","Potion","Relic","Relic","Card"],"build_version":"2020-12-22","purchased_purges":1,"victory":true,"max_hp_per_floor":[80,80,80,80,80,80,80,80,80,80,80,80,80,80,80,80,80,80,80,80,80,80,80,80,80,80,80,80,80,80,80,80,80,80,80,80,80,80,85,85,85,85,85,85,85,85,85,85,85,85,85,85,85,95,95],"card_choices":[{"not_picked":["Whirlwind","Clothesline"],"picked":"Cleave","floor":1.0},{"not_picked":["Flame Barrier","Sword Boomerang","Seeing Red"],"picked":"SKIP","floor":2.0},{"not_picked":["Pummel","Thunderclap"],"picked":"Carnage","floor":5.0},{"not_picked":["Second Wind","Bludgeon","Shockwave"],"picked":"SKIP","floor":8.0},{"not_picked":["Thunderclap","True Grit"],"picked":"Headbutt","floor":13.0},{"not_picked":["Body Slam","Rampage"],"picked":"Iron Wave","floor":14.0},{"not_picked":["Brutality","Bludgeon"],"picked":"Berserk","floor":16.0},{"not_picked":["Wild Strike","Anger","Twin Strike"],"picked":"SKIP","floor":18.0},{"not_picked":["Second Wind","Clash","Reckless Charge"],"picked":"SKIP","floor":19.0},{"not_picked":["Sword Boomerang","Wild Strike","Anger+1"],"picked":"SKIP","floor":21.0},{"not_picked":["Rampage","Metallicize+1","Dark Embrace"],"picked":"SKIP","floor":23.0},{"not_picked":["Intimidate","Armaments+1","Metallicize"],"picked":"SKIP","floor":24.0},{"not_picked":["Headbutt","Intimidate","Flex"],"picked":"SKIP","floor":24.0},{"not_picked":["Flex","Armaments+1","True Grit"],"picked":"SKIP","floor":29.0},{"not_picked":["Sword Boomerang","Evolve+1","Headbutt+1"],"picked":"SKIP","floor":29.0},{"not_picked":["Cleave","Perfected Strike+1"],"picked":"Flex+1","floor":31.0},{"not_picked":["Thunderclap+1","Headbutt"],"picked":"Disarm+1","floor":31.0},{"not_picked":["Brutality","Limit Break"],"picked":"Double Tap","floor":33.0},{"not_picked":["Dual Wield+1","Thunderclap+1"],"picked":"Seeing Red","floor":35.0},{"not_picked":["Cleave+1","Combust+1"],"picked":"Infernal Blade+1","floor":35.0},{"not_picked":["Rage","Perfected Strike","Twin Strike"],"picked":"SKIP","floor":38.0},{"not_picked":["Ghostly Armor","Corruption","Seeing Red"],"picked":"SKIP","floor":38.0},{"not_picked":["Thunderclap+1","Heavy Blade","True Grit"],"picked":"SKIP","floor":40},{"not_picked":["Anger","Flex","Entrench"],"picked":"SKIP","floor":45},{"not_picked":["Headbutt","Heavy Blade","Warcry+1"],"picked":"SKIP","floor":47},{"not_picked":["Impervious","Disarm+1","Clothesline"],"picked":"SKIP","floor":47},{"not_picked":["Cleave","Clash","Carnage"],"picked":"SKIP","floor":54}],"player_experience":1299702,"relics_obtained":[{"floor":8.0,"key":"Pen Nib"},{"floor":9.0,"key":"Kunai"},{"floor":11.0,"key":"Anchor"},{"floor":23.0,"key":"Prayer Wheel"},{"floor":26.0,"key":"War Paint"},{"floor":39.0,"key":"Torii"},{"floor":40,"key":"Ancient Tea Set"},{"floor":45,"key":"Bag of Marbles"},{"floor":54,"key":"Pear"}],"event_choices":[{"damage_healed":0.0,"max_hp_gain":0.0,"max_hp_loss":0.0,"gold_gain":75.0,"event_name":"World of Goop","player_choice":"Gather Gold","floor":4.0,"gold_loss":0.0,"damage_taken":11.0},{"damage_healed":0.0,"max_hp_gain":0.0,"max_hp_loss":0.0,"gold_gain":61.0,"event_name":"Golden Wing","player_choice":"Gained Gold","floor":7.0,"gold_loss":0.0,"damage_taken":0.0},{"damage_healed":0.0,"max_hp_gain":0.0,"max_hp_loss":0.0,"gold_gain":0.0,"event_name":"Dead Adventurer","player_choice":"Searched \u00271\u0027 times","floor":11.0,"gold_loss":0.0,"damage_taken":0.0},{"damage_healed":0.0,"max_hp_gain":0.0,"max_hp_loss":0.0,"gold_gain":0.0,"event_name":"Nest","player_choice":"Joined the Cult","floor":20.0,"gold_loss":0.0,"damage_taken":6.0,"cards_obtained":["RitualDagger"]},{"damage_healed":0.0,"max_hp_gain":0.0,"max_hp_loss":0.0,"gold_gain":0.0,"event_name":"Wheel of Change","player_choice":"Damaged","floor":22.0,"gold_loss":0.0,"damage_taken":8.0},{"damage_healed":0.0,"max_hp_gain":0.0,"max_hp_loss":0.0,"gold_gain":0.0,"event_name":"Tomb of Lord Red Mask","player_choice":"Ignored","floor":36.0,"gold_loss":0.0,"damage_taken":0.0},{"damage_healed":0.0,"max_hp_gain":0.0,"max_hp_loss":0.0,"gold_gain":0.0,"event_name":"Duplicator","player_choice":"Copied","floor":37.0,"gold_loss":0.0,"damage_taken":0.0,"cards_obtained":["RitualDagger"]},{"damage_healed":0.0,"max_hp_gain":0.0,"max_hp_loss":0.0,"gold_gain":0.0,"event_name":"Mysterious Sphere","player_choice":"Fight","floor":39.0,"gold_loss":0.0,"damage_taken":0.0},{"cards_removed":["Defend_R"],"damage_healed":0,"gold_gain":0,"player_choice":"Removed Skill","damage_taken":0,"max_hp_gain":0,"max_hp_loss":0,"event_name":"Falling","floor":48,"gold_loss":0}],"is_beta":false,"boss_relics":[{"not_picked":["Fusion Hammer","Snecko Eye"],"picked":"Velvet Choker"},{"not_picked":["Philosopher\u0027s Stone","Coffee Dripper"],"picked":"Runic Cube"}],"items_purged_floors":[0],"is_endless":false,"potions_floor_spawned":[5,11,14,18,19,31,35,39,45],"ascension_level":0}}