{"host":"i9h64q9gphvrup4n","time":1610394693,"event":{"mods":["2.2 Compatiblity","AchievementEnabler","Aspiration","Astrologer","Bard","BaseMod","Beaked The Cultist","BetterRewards","Colored Powertips","Conspire","Downfall","Gremlin Mod","Hermit","Hubris","Infinite Spire","Jorbs\u0027s Wanderer Trilogy","Minty Spire (QoL Compilation)","Replay The Spire","Shop Mod","StSLib","SuperFastMode","The Blackbeard","The Bladedancer","The Bug Knight","The Construct","The Cursed","The Disciple","The Hierophant","The Jungle","The Necromancer","The Runesmith","The Wild Card","slay the spire mod where everything is the same but ironclad has a cowboy hat","vexMod"],"gold_per_floor":[118,129,163,179,192,227,227,262,312,339,339,339,339,355,355,368,368,469,469,483,465,465,485,495,495,527,527,527,539,568,583,602,602,602,705,705,716,716,733,743,743,743,743],"floor_reached":42,"playtime":2396,"items_purged":["ReplayTheSpireMod:RavenHex"],"score":535,"play_id":"560215f0-f667-43b9-956a-f585c87364e5","local_time":"20210111135133","is_ascension_mode":true,"campfire_choices":[{"floor":15,"key":"REST"},{"floor":25,"key":"RECALL"},{"data":"beaked:BraceForImpact","floor":27,"key":"SMITH"}],"circlet_count":0,"master_deck":["beaked:Strike_Y","beaked:Strike_Y","beaked:Strike_Y","beaked:Strike_Y","beaked:Strike_Y","beaked:Strike_Y","beaked:Defend_Y","beaked:Defend_Y","beaked:Defend_Y","beaked:Defend_Y","beaked:Ceremony","beaked:Ceremony","beaked:Ceremony","beaked:FakeOut","beaked:CursingBlood","beaked:SacrificialAttack","beaked:Tweet+1","beaked:SacrificialScars+1","beaked:BraceForImpact+1","beaked:Windmill","beaked:Foresight","beaked:BraceForImpact","beaked:VolatileMisfortune","beaked:Windmill+1","ReplayTheSpireMod:RavenHex","beaked:CursingBlood+1","beaked:SurvivalInstinct+1","ReplayTheSpireMod:Wings of Steel","beaked:CursingBlood","beaked:Windmill","beaked:Roost","beaked:DigDeeper+1","beaked:KnowThyFoe","beaked:DesperateSwing","infinitespire:SevenWalls","beaked:DigDeep+1","beaked:HuntressEssence+1"],"relics":["beaked:MendingPlumage","ReplayTheSpireMod:TigerMarble","aspiration:DSix","The Courier","Tiny Chest","Vajra","hubris:CrystalStatue","Black Star","Frozen Egg 2","Nunchaku","aspiration:HatOfInfinitePower","Du-Vu Doll","GremlinMask","CultistMask","vexMod:MysteryBossChallenge","bard:DeepVero","hubris:GlazedTorus","HornCleat"],"acts_visited":["Exordium","TheCity","TheBeyond"],"potions_floor_usage":[10,20,23,23,29,32,35],"damage_taken":[{"damage":9,"enemies":"2 Louse","floor":1,"turns":5},{"damage":12,"enemies":"Small Slimes","floor":2,"turns":8},{"damage":8,"enemies":"conspire:MimicChest","floor":3,"turns":9},{"damage":17,"enemies":"Cultist","floor":4,"turns":5},{"damage":18,"enemies":"Blue Slaver","floor":5,"turns":7},{"damage":17,"enemies":"Replay:BlueRogue","floor":6,"turns":8},{"damage":18,"enemies":"Lagavulin","floor":8,"turns":7},{"damage":68,"enemies":"Gremlin Nob","floor":10,"turns":6},{"damage":6,"enemies":"2 Fungi Beasts","floor":14,"turns":4},{"damage":1,"enemies":"Exordium Thugs","floor":16,"turns":3},{"damage":30,"enemies":"The Guardian","floor":18,"turns":13},{"damage":49,"enemies":"conspire:FuzzyDice","floor":20,"turns":8},{"damage":32,"enemies":"2 Thieves","floor":21,"turns":4},{"damage":4,"enemies":"Snecko","floor":23,"turns":8},{"damage":8,"enemies":"Snake Plant","floor":24,"turns":6},{"damage":27,"enemies":"HollowMod:Nosk","floor":26,"turns":10},{"damage":62,"enemies":"Centurion and Healer","floor":29,"turns":13},{"damage":23,"enemies":"Replay:Snechameleon","floor":30,"turns":9},{"damage":19,"enemies":"conspire:HollyBat","floor":31,"turns":9},{"damage":79,"enemies":"3 Cultists","floor":32,"turns":9},{"damage":102,"enemies":"Champ","floor":35,"turns":18},{"damage":27,"enemies":"Orb Walker","floor":37,"turns":5},{"damage":27,"enemies":"3 Shapes","floor":39,"turns":6},{"damage":44,"enemies":"Jaw Worm Horde","floor":40,"turns":4},{"damage":74,"enemies":"Nemesis","floor":42,"turns":4}],"seed_played":"-9095722908502017765","potions_obtained":[{"floor":4,"key":"Dexterity Potion"},{"floor":6,"key":"Explosive Potion"},{"floor":8,"key":"beaked:MendingBrew"},{"floor":10,"key":"Doom Potion"},{"floor":16,"key":"EssenceOfSteel"},{"floor":21,"key":"Languid Potion"},{"floor":23,"key":"BlessingOfTheForge"},{"floor":26,"key":"SneckoOil"},{"floor":32,"key":"Languid Potion"}],"is_trial":false,"path_per_floor":["M","M","?","M","M","E","?","E","T","E","?","PTL","PTL","M","R","M","R","B",null,"M","M","?","M","M","R","E","R","T","M","E","M","M","?","R","B",null,"M","AVR","M","M","T","E"],"character_chosen":"BEAKED_THE_CULTIST","items_purchased":[],"campfire_rested":1,"item_purchase_floors":[],"current_hp_per_floor":[50,50,50,42,46,48,48,46,46,8,8,8,8,18,36,49,49,56,63,35,17,17,37,48,48,57,57,57,37,44,60,17,17,38,15,70,53,53,50,28,28,0,0],"gold":743,"neow_bonus":"ONE_RANDOM_RARE_CARD","is_daily":false,"chose_seed":false,"campfire_upgraded":1,"win_rate":0.0,"timestamp":1610394693,"path_taken":["M","M","?","M","?","E","?","E","T","E","?","PTL","PTL","M","R","M","R","BOSS","M","M","?","M","M","R","E","R","T","M","E","M","M","?","R","BOSS","M","AVR","M","M","?","E"],"items_purchased_type":[],"build_version":"2020-12-22","purchased_purges":1,"victory":false,"max_hp_per_floor":[50,50,50,50,52,54,54,57,57,60,60,60,60,60,60,60,60,63,63,64,64,64,64,64,64,67,67,67,67,67,70,70,70,70,70,70,70,70,70,73,73,73,73],"card_choices":[{"not_picked":["beaked:SurvivalInstinct","beaked:Negation"],"picked":"beaked:CursingBlood","floor":1},{"not_picked":["beaked:Resilience","beaked:SacrificialDive"],"picked":"beaked:SacrificialAttack","floor":2},{"not_picked":["beaked:WindBringer","beaked:Tradeoff"],"picked":"beaked:Tweet","floor":3},{"not_picked":["beaked:Redirect","beaked:FeelMyPain"],"picked":"beaked:SacrificialScars","floor":4},{"not_picked":["beaked:FeelMyPain","beaked:Brace"],"picked":"beaked:BraceForImpact","floor":5},{"not_picked":["beaked:Poke","beaked:Flinch"],"picked":"beaked:Windmill","floor":6},{"not_picked":["beaked:Daydream","beaked:CheekyTricks","beaked:Struggle"],"picked":"SKIP","floor":8},{"not_picked":["beaked:Tradeoff","beaked:SacrificialAttack"],"picked":"beaked:Foresight","floor":10},{"not_picked":["beaked:FeelMyPain","beaked:Mantra"],"picked":"ReplayTheSpireMod:RavenHex","floor":14},{"not_picked":["beaked:Mantra","beaked:Insight"],"picked":"beaked:BraceForImpact","floor":16},{"not_picked":["beaked:FullHouse","beaked:Brainwash"],"picked":"beaked:VolatileMisfortune","floor":18},{"not_picked":["beaked:Flinch+1","beaked:BloodForTheGods"],"picked":"beaked:Windmill+1","floor":20},{"not_picked":["beaked:Resilience","beaked:HuntressSpirit"],"picked":"ReplayTheSpireMod:RavenHex","floor":21},{"not_picked":["beaked:DigDeeper","beaked:Tradeoff+1"],"picked":"beaked:CursingBlood+1","floor":23},{"not_picked":["beaked:FeelMyPain+1","beaked:Tradeoff"],"picked":"beaked:SurvivalInstinct+1","floor":24},{"not_picked":["beaked:Brainwash","beaked:MimicWarrior"],"picked":"ReplayTheSpireMod:Wings of Steel","floor":26},{"not_picked":["beaked:Cower","beaked:Daydream+1"],"picked":"beaked:CursingBlood","floor":29},{"not_picked":["beaked:WarriorSpirit+1","beaked:Daydream"],"picked":"beaked:Windmill","floor":30},{"not_picked":["ReplayTheSpireMod:Prepare the Ceremony","beaked:MimicWarrior"],"picked":"beaked:Roost","floor":31},{"not_picked":["beaked:CursingBlood","beaked:BarbedWire"],"picked":"beaked:DigDeeper+1","floor":32},{"not_picked":["ReplayTheSpireMod:Owlgaze","beaked:Caw"],"picked":"beaked:KnowThyFoe","floor":35},{"not_picked":["beaked:WarriorEssence","beaked:Poke"],"picked":"beaked:DesperateSwing","floor":37},{"not_picked":["beaked:SacrificialAttack+1","beaked:MimicMachine+1"],"picked":"beaked:DigDeep+1","floor":39},{"not_picked":["beaked:Struggle+1","beaked:Resilience"],"picked":"beaked:HuntressEssence+1","floor":40}],"player_experience":713904,"relics_obtained":[{"floor":3,"key":"ReplayTheSpireMod:TigerMarble"},{"floor":6,"key":"aspiration:DSix"},{"floor":8,"key":"The Courier"},{"floor":9,"key":"Tiny Chest"},{"floor":10,"key":"Vajra"},{"floor":26,"key":"Frozen Egg 2"},{"floor":26,"key":"Nunchaku"},{"floor":28,"key":"aspiration:HatOfInfinitePower"},{"floor":30,"key":"Du-Vu Doll"},{"floor":41,"key":"HornCleat"}],"event_choices":[{"damage_healed":0,"gold_gain":0,"player_choice":"Gave Potion","damage_taken":0,"relics_obtained":["hubris:CrystalStatue"],"max_hp_gain":0,"max_hp_loss":0,"event_name":"WeMeetAgain","floor":11,"gold_loss":0},{"damage_healed":0,"gold_gain":0,"player_choice":"Trade","damage_taken":0,"relics_obtained":["GremlinMask"],"max_hp_gain":0,"max_hp_loss":0,"event_name":"FaceTrader","floor":33,"gold_loss":0}],"is_beta":false,"boss_relics":[{"not_picked":["Runic Dome","vexMod:RockOfEvil"],"picked":"Black Star"},{"not_picked":["aspiration:PoetsPen_weak","Replay:Drink Me"],"picked":"vexMod:MysteryBossChallenge"}],"items_purged_floors":[38],"is_endless":false,"potions_floor_spawned":[4,6,8,10,16,21,23,26,32,40],"killed_by":"Nemesis","ascension_level":1}}