{"host":"ff4g3thpm8pmsxyp","time":1610398527,"event":{"mods":["AchievementEnabler","BaseMod","Colored Map","DeckTracker","Highlight Path","Minty Spire (QoL Compilation)","Permanent Neow","Rare Cards Sparkle","Relic Stats","StSLib","SuperFastMode"],"gold_per_floor":[114,114,132,148,162,162,187,187,187,214,228,109,109,134,134,134,134],"floor_reached":16,"playtime":599,"items_purged":["Defend_P"],"score":174,"play_id":"807fbf69-9278-4512-98c4-05fc98a361af","local_time":"20210111155527","is_ascension_mode":true,"campfire_choices":[{"data":"Eruption","floor":6,"key":"SMITH"},{"floor":8,"key":"REST"},{"data":"TalkToTheHand","floor":15,"key":"SMITH"}],"circlet_count":0,"master_deck":["Strike_P","Strike_P","Strike_P","Defend_P","Defend_P","Defend_P","Eruption+1","Vigilance","CrushJoints","Consecrate","Vengeance","FollowUp","Halt","Swivel","EmptyFist","Tantrum","TalkToTheHand+1"],"relics":["Black Star","Strawberry","Yang","Juzu Bracelet","Smiling Mask","Bird Faced Urn","Regal Pillow","Blood Vial"],"acts_visited":["Exordium"],"potions_floor_usage":[7,14,16],"damage_taken":[{"damage":1,"enemies":"Jaw Worm","floor":1,"turns":5},{"damage":4,"enemies":"Cultist","floor":3,"turns":4},{"damage":0,"enemies":"Small Slimes","floor":4,"turns":3},{"damage":5,"enemies":"Red Slaver","floor":5,"turns":3},{"damage":40,"enemies":"Lagavulin","floor":7,"turns":5},{"damage":12,"enemies":"3 Sentries","floor":10,"turns":5},{"damage":0,"enemies":"2 Fungi Beasts","floor":11,"turns":2},{"damage":0,"enemies":"Lagavulin","floor":14,"turns":3},{"damage":38,"enemies":"The Guardian","floor":16,"turns":10}],"seed_played":"-5116054039255437597","potions_obtained":[{"floor":1,"key":"Explosive Potion"},{"floor":4,"key":"FearPotion"},{"floor":7,"key":"Weak Potion"},{"floor":10,"key":"DistilledChaos"}],"is_trial":false,"path_per_floor":["M","?","M","M","M","R","E","R","T","E","M","$","?","E","R","B"],"character_chosen":"WATCHER","items_purchased":["Tantrum"],"campfire_rested":1,"item_purchase_floors":[12],"current_hp_per_floor":[71,71,67,67,62,62,29,52,52,40,40,40,66,66,66,30,30],"gold":134,"neow_bonus":"BOSS_RELIC","is_daily":false,"chose_seed":false,"campfire_upgraded":2,"win_rate":0.0,"timestamp":1610398527,"path_taken":["M","?","M","?","M","R","E","R","T","E","M","$","?","E","R","BOSS"],"items_purchased_type":["Card"],"build_version":"2020-12-22","purchased_purges":1,"victory":false,"max_hp_per_floor":[72,72,72,72,72,72,79,79,79,79,79,79,79,79,79,79,79],"relic_stats":{"Blood Vial":2,"Regal Pillow":0,"counters":[9,40],"Bird Faced Urn":[0],"Yang":[45],"Black Star":3,"Juzu Bracelet":0,"Smiling Mask":25,"obtain_stats":[{"Blood Vial":14,"Regal Pillow":14,"Strawberry":7,"Bird Faced Urn":10,"Yang":7,"Black Star":0,"Juzu Bracelet":9,"PureWater":0,"Smiling Mask":10},{"Blood Vial":8,"Regal Pillow":8,"Strawberry":5,"Bird Faced Urn":6,"Yang":5,"Black Star":0,"Juzu Bracelet":5,"PureWater":0,"Smiling Mask":6},{"Blood Vial":30,"Regal Pillow":30,"Strawberry":20,"Bird Faced Urn":25,"Yang":20,"Black Star":0,"Juzu Bracelet":20,"PureWater":0,"Smiling Mask":25}]},"card_choices":[{"not_picked":["EmptyFist","Sanctity"],"picked":"CrushJoints","floor":1},{"not_picked":["DeceiveReality","Adaptation"],"picked":"Consecrate","floor":3},{"not_picked":["Adaptation","Prostrate"],"picked":"Vengeance","floor":4},{"not_picked":["PathToVictory","Protect"],"picked":"FollowUp","floor":5},{"not_picked":["SignatureMove","CrushJoints"],"picked":"Halt","floor":7},{"not_picked":["WaveOfTheHand","PathToVictory"],"picked":"Swivel","floor":10},{"not_picked":["ClearTheMind","JustLucky"],"picked":"EmptyFist","floor":11},{"not_picked":["ClearTheMind","PathToVictory"],"picked":"TalkToTheHand","floor":14}],"player_experience":264678,"relics_obtained":[{"floor":7,"key":"Strawberry"},{"floor":7,"key":"Yang"},{"floor":9,"key":"Juzu Bracelet"},{"floor":10,"key":"Smiling Mask"},{"floor":10,"key":"Bird Faced Urn"},{"floor":14,"key":"Regal Pillow"},{"floor":14,"key":"Blood Vial"}],"event_choices":[{"cards_removed":["Strike_P"],"damage_healed":0,"gold_gain":0,"player_choice":"Purged","damage_taken":0,"max_hp_gain":0,"max_hp_loss":0,"event_name":"Purifier","floor":2,"gold_loss":0},{"damage_healed":26,"gold_gain":0,"player_choice":"Banana","damage_taken":0,"max_hp_gain":0,"max_hp_loss":0,"event_name":"Big Fish","floor":13,"gold_loss":0}],"is_beta":false,"boss_relics":[],"items_purged_floors":[12],"is_endless":false,"potions_floor_spawned":[1,4,7,10],"killed_by":"The Guardian","ascension_level":4}}