{"host":"5x08nt64u3vxxcfi","time":1610352475,"event":{"mods":["BaseMod","Minty Spire (QoL Compilation)","StSLib","SuperFastMode"],"gold_per_floor":[109,119,44,44,44,44,69,69,69,69,83,258,258,258,258,358,358,372,372,389,99,118,151,151,176,176,207,56,70,35,53,53,53,53],"floor_reached":33,"playtime":973,"items_purged":["Strike_G"],"score":482,"play_id":"fe05c712-c1fe-4ac3-aaac-e7f09b74f0f5","local_time":"20210111170755","is_ascension_mode":true,"campfire_choices":[{"data":"Neutralize","floor":6.0,"key":"SMITH"},{"data":"Poisoned Stab","floor":13.0,"key":"SMITH"},{"floor":15.0,"key":"REST"},{"data":"After Image","floor":24,"key":"SMITH"},{"data":"Footwork","floor":32,"key":"SMITH"}],"circlet_count":0,"master_deck":["AscendersBane","Strike_G","Strike_G","Defend_G+1","Defend_G","Defend_G+1","Defend_G+1","Defend_G+1","Survivor","Neutralize+1","After Image+1","Quick Slash","Quick Slash","Poisoned Stab+1","Distraction+1","Doubt","After Image+1","Well Laid Plans","Blade Dance+1","Blade Dance+1","Backstab","Cloak And Dagger+1","Terror+1","Dagger Spray","Infinite Blades","Malaise+1","After Image+1","Footwork+1"],"relics":["Ring of the Snake","War Paint","Toxic Egg 2","Philosopher\u0027s Stone","Omamori","Strawberry","Mercury Hourglass","InkBottle","Art of War","DollysMirror"],"acts_visited":["Exordium","TheCity"],"potions_floor_usage":[27,27],"damage_taken":[{"damage":1.0,"enemies":"Small Slimes","floor":1.0,"turns":5.0},{"damage":3.0,"enemies":"Jaw Worm","floor":2.0,"turns":6.0},{"damage":26.0,"enemies":"3 Sentries","floor":7.0,"turns":14.0},{"damage":0.0,"enemies":"2 Louse","floor":11.0,"turns":4.0},{"damage":7.0,"enemies":"The Guardian","floor":16.0,"turns":12.0},{"damage":5.0,"enemies":"Spheric Guardian","floor":18.0,"turns":6.0},{"damage":0.0,"enemies":"Chosen","floor":20.0,"turns":7.0},{"damage":4.0,"enemies":"Centurion and Healer","floor":22.0,"turns":8.0},{"damage":2,"enemies":"Book of Stabbing","floor":23,"turns":6},{"damage":5,"enemies":"Slavers","floor":25,"turns":6},{"damage":15,"enemies":"Gremlin Leader","floor":27,"turns":5},{"damage":6,"enemies":"Chosen and Byrds","floor":29,"turns":5},{"damage":0,"enemies":"Snake Plant","floor":31,"turns":5},{"damage":24,"enemies":"Collector","floor":33,"turns":13}],"seed_played":"3232157705821054758","potions_obtained":[{"floor":2.0,"key":"Block Potion"},{"floor":11.0,"key":"Strength Potion"},{"floor":18.0,"key":"ColorlessPotion"},{"floor":22.0,"key":"Poison Potion"},{"floor":23,"key":"AttackPotion"}],"is_trial":false,"path_per_floor":["M","M","$","?","?","R","E","?","T","$","M","?","R","?","R","B",null,"M","?","M","$","M","E","R","E","T","E","$","M","$","M","R","B"],"character_chosen":"THE_SILENT","items_purchased":["Blade Dance+1","Backstab","Cloak And Dagger+1","Omamori","DollysMirror","Footwork"],"campfire_rested":1,"item_purchase_floors":[21,21,21,21,28,30],"current_hp_per_floor":[62,59,59,59,46,46,20,13,13,13,13,13,13,13,31,24,53,48,48,48,48,44,49,49,44,44,29,29,23,23,23,23,0,0],"gold":53,"neow_bonus":"THREE_RARE_CARDS","is_daily":false,"chose_seed":false,"campfire_upgraded":4,"win_rate":0.0,"timestamp":1610352475,"path_taken":["M","M","$","?","?","R","E","?","T","?","?","?","R","?","R","BOSS","M","?","M","$","?","E","R","E","T","E","$","M","$","M","R","BOSS"],"items_purchased_type":["Card","Card","Card","Relic","Relic","Card"],"build_version":"2020-12-22","purchased_purges":1,"victory":false,"max_hp_per_floor":[63,63,63,63,63,63,63,63,63,63,63,63,63,63,63,63,63,63,63,63,63,63,70,70,70,70,70,70,70,70,70,70,70,70],"card_choices":[{"not_picked":["Grand Finale","Storm of Steel"],"picked":"After Image","floor":0.0},{"not_picked":["Tactician","Underhanded Strike"],"picked":"Quick Slash","floor":1.0},{"not_picked":["Crippling Poison","Outmaneuver"],"picked":"Quick Slash","floor":2.0},{"not_picked":["Sucker Punch","Deadly Poison"],"picked":"Poisoned Stab","floor":7.0},{"not_picked":["Riddle With Holes","Prepared+1"],"picked":"Distraction+1","floor":11.0},{"not_picked":["Storm of Steel+1","Tools of the Trade"],"picked":"After Image","floor":16.0},{"not_picked":["Noxious Fumes","Quick Slash"],"picked":"Well Laid Plans","floor":18.0},{"not_picked":["Cloak And Dagger+1","Crippling Poison+1"],"picked":"Blade Dance+1","floor":20.0},{"not_picked":["Eviscerate","Dagger Throw"],"picked":"Terror+1","floor":22.0},{"not_picked":["Slice+1","Expertise+1"],"picked":"Dagger Spray","floor":23},{"not_picked":["Storm of Steel+1","Deadly Poison+1"],"picked":"Infinite Blades","floor":25},{"not_picked":["Calculated Gamble+1","Slice"],"picked":"Malaise+1","floor":27},{"not_picked":["Bane","Quick Slash","Underhanded Strike"],"picked":"SKIP","floor":29},{"not_picked":["Quick Slash","Dash","Expertise+1"],"picked":"SKIP","floor":31}],"player_experience":90901,"relics_obtained":[{"floor":7.0,"key":"War Paint"},{"floor":9.0,"key":"Toxic Egg 2"},{"floor":23,"key":"Strawberry"},{"floor":25,"key":"Mercury Hourglass"},{"floor":26,"key":"InkBottle"},{"floor":27,"key":"Art of War"}],"event_choices":[{"damage_healed":0.0,"max_hp_gain":0.0,"max_hp_loss":0.0,"gold_gain":0.0,"event_name":"Living Wall","player_choice":"Grow","floor":4.0,"gold_loss":0.0,"damage_taken":0.0,"cards_upgraded":["After Image"]},{"damage_healed":0.0,"max_hp_gain":0.0,"max_hp_loss":0.0,"gold_gain":0.0,"event_name":"Shining Light","player_choice":"Entered Light","floor":5.0,"gold_loss":0.0,"damage_taken":13.0,"cards_upgraded":["Defend_G","Defend_G"]},{"cards_removed":["Strike_G"],"damage_healed":0.0,"max_hp_gain":0.0,"max_hp_loss":0.0,"gold_gain":0.0,"event_name":"Golden Wing","player_choice":"Card Removal","floor":8.0,"gold_loss":0.0,"damage_taken":7.0},{"damage_healed":0.0,"max_hp_gain":0.0,"max_hp_loss":0.0,"gold_gain":175.0,"event_name":"Liars Game","player_choice":"AGREE","floor":12.0,"gold_loss":0.0,"damage_taken":0.0,"cards_obtained":["Doubt"]},{"cards_removed":["Strike_G"],"damage_healed":0.0,"max_hp_gain":0.0,"max_hp_loss":0.0,"gold_gain":0.0,"event_name":"Bonfire Elementals","player_choice":"Offered Basic","floor":14.0,"gold_loss":0.0,"damage_taken":0.0},{"damage_healed":0.0,"max_hp_gain":0.0,"max_hp_loss":0.0,"gold_gain":0.0,"event_name":"N\u0027loth","player_choice":"Ignored","floor":19.0,"gold_loss":0.0,"damage_taken":0.0}],"is_beta":false,"boss_relics":[{"not_picked":["Astrolabe","HoveringKite"],"picked":"Philosopher\u0027s Stone"}],"items_purged_floors":[3],"is_endless":false,"potions_floor_spawned":[2,11,18,22,23],"killed_by":"Collector","ascension_level":12}}