{"host":"bf9sa99gaumonoeu","time":1610388595,"event":{"mods":["AchievementEnabler","Act Like it!","BaseMod","Better Sensory Stone","Colored Map","Colored Powertips","Fox Events","Friendly Minions","Gensokyo","GifTheSpireLib","Googly Eyes","Hallownest","Hermit","Hubris","Jorbs\u0027s Wanderer Trilogy","KinomotoSakuraMod(????)","Koishi","Lobotomy","Marisa????????","Minty Spire (QoL Compilation)","Rare Cards Sparkle","Reimu??????","Relic Stats","Remilia??????","Replay The Spire","StSLib","The Administrix","The Animator","The Bug Knight","The Construct","The Cursed","The Disciple","The Hierophant","The Mystic","The Necromancer","The Poker Player","The Runesmith","The Senshi","The Servant 0.9.4","TheLocksmith","Yakumo Yukari mod","thorton"],"gold_per_floor":[119,141,158,171,194,194,213,236,236,256,256,271,271,142,142,227,227,239,255,255,268,268,268,268,268],"floor_reached":24,"playtime":1498,"items_purged":["animator:Strike"],"score":320,"play_id":"ef14d375-6917-4f5e-887f-41b9707be257","local_time":"20210111160955","is_ascension_mode":true,"campfire_choices":[{"data":"animator:Shimako","floor":6,"key":"SMITH"},{"floor":13,"key":"REST"},{"floor":15,"key":"REST"},{"floor":23,"key":"REST"}],"circlet_count":0,"master_deck":["AscendersBane","animator:Strike_Rewrite","animator:Defend_Rewrite","animator:Strike","animator:Defend","animator:Defend","animator:Defend","animator:YoshinoHaruhiko","animator:ShizuruNakatsu","animator:UneriGinkaku","animator:Chibimoth","animator:Kagari","animator:Shimako+1","animator:IzunaHatsuse","animator:SakuraKashima","animator:Assassin","animator:Shiro","animator:Sonic","animator:Sonic","animator:Sora","animator:Tatsumaki","animator:Kagari"],"relics":["animator:LivingPicture","animator:TheMissingPiece","hubris:PeanutButter","animator:CursedGlyph","hubris:VirtuousBlindfold"],"acts_visited":["Exordium","TheCity"],"potions_floor_usage":[12,18,24],"damage_taken":[{"damage":0,"enemies":"Small Slimes","floor":1,"turns":3},{"damage":0,"enemies":"Cultist","floor":2,"turns":3},{"damage":6,"enemies":"Jaw Worm","floor":3,"turns":4},{"damage":11,"enemies":"Looter","floor":4,"turns":4},{"damage":5,"enemies":"Blue Slaver","floor":5,"turns":3},{"damage":2,"enemies":"Exordium Wildlife","floor":7,"turns":6},{"damage":26,"enemies":"Exordium Thugs","floor":8,"turns":5},{"damage":1,"enemies":"Looter","floor":10,"turns":2},{"damage":0,"enemies":"Blue Slaver","floor":12,"turns":4},{"damage":40,"enemies":"Hexaghost","floor":16,"turns":14},{"damage":22,"enemies":"3 Byrds","floor":18,"turns":5},{"damage":9,"enemies":"Spheric Guardian","floor":19,"turns":5},{"damage":8,"enemies":"Snake Plant","floor":21,"turns":6},{"damage":46,"enemies":"Slavers","floor":24,"turns":4}],"seed_played":"-3700018227910622055","potions_obtained":[{"floor":4,"key":"FearPotion"},{"floor":5,"key":"MagicPotion:ReiMu"},{"floor":8,"key":"LifebloodPotion"},{"floor":18,"key":"Reflective Coating"},{"floor":21,"key":"Fire Potion"}],"is_trial":false,"path_per_floor":["M","M","M","M","M","R","M","M","T","M","?","M","R","$","R","B",null,"M","M","?","M","?","R","E"],"character_chosen":"THE_ANIMATOR","items_purchased":["animator:Sonic"],"campfire_rested":3,"item_purchase_floors":[14],"current_hp_per_floor":[59,59,53,43,38,38,36,10,10,13,13,18,37,37,56,16,52,30,21,21,17,17,36,0,0],"gold":268,"neow_bonus":"THREE_CARDS","is_daily":false,"chose_seed":true,"campfire_upgraded":1,"win_rate":0.0,"timestamp":1610388595,"path_taken":["M","M","M","M","M","R","M","M","T","M","?","M","R","$","R","BOSS","M","?","?","M","?","R","E"],"items_purchased_type":["Card"],"build_version":"2020-12-22","purchased_purges":1,"victory":false,"max_hp_per_floor":[66,66,66,67,67,67,67,67,67,63,63,64,64,64,64,64,64,64,64,64,64,64,64,64,64],"relic_stats":{"counters":[14,65],"obtain_stats":[{"animator:CursedGlyph":10,"animator:TheMissingPiece":0,"hubris:VirtuousBlindfold":17,"hubris:PeanutButter":9,"animator:LivingPicture":0},{"animator:CursedGlyph":8,"animator:TheMissingPiece":0,"hubris:VirtuousBlindfold":10,"hubris:PeanutButter":7,"animator:LivingPicture":0},{"animator:CursedGlyph":29,"animator:TheMissingPiece":0,"hubris:VirtuousBlindfold":47,"hubris:PeanutButter":27,"animator:LivingPicture":0}]},"card_choices":[{"not_picked":["animator:Geryuganshoop","animator:ShizuruNakatsu"],"picked":"animator:UneriGinkaku","floor":0},{"not_picked":["animator:Millim","animator:DolaSchwi","animator:Archer"],"picked":"SKIP","floor":1},{"not_picked":["animator:Azekura","animator:Tyuule"],"picked":"animator:Chibimoth","floor":2},{"not_picked":["animator:Alexander","animator:Bozes","animator:Boros"],"picked":"SKIP","floor":3},{"not_picked":["animator:SougenEsaka","animator:Shimako"],"picked":"animator:Kagari","floor":4},{"not_picked":["animator:AkaneSenri","animator:Konayuki"],"picked":"animator:Shimako","floor":5},{"not_picked":["animator:UneriGinkaku","animator:DolaSchwi","animator:Chibimoth"],"picked":"SKIP","floor":7},{"not_picked":["animator:Azekura","animator:Chibimoth"],"picked":"animator:IzunaHatsuse","floor":8},{"not_picked":["animator:Chibimoth","animator:ShizuruNakatsu"],"picked":"animator:SakuraKashima","floor":10},{"not_picked":["animator:Illya","animator:ZankiKiguchi"],"picked":"animator:Shiro","floor":12},{"not_picked":["animator:Shizu","animator:Saitama"],"picked":"animator:Sora","floor":16},{"not_picked":["animator:Chibimoth","animator:Tyuule+1"],"picked":"animator:Tatsumaki","floor":18},{"not_picked":["animator:Berserker","animator:SilverFang","animator:Kuribayashi+1"],"picked":"SKIP","floor":19},{"not_picked":["animator:ChihayaOhtori","animator:YoshinoHaruhiko"],"picked":"animator:Kagari","floor":21}],"player_experience":911237,"relics_obtained":[{"floor":9,"key":"hubris:PeanutButter"},{"floor":10,"key":"animator:CursedGlyph"}],"event_choices":[{"damage_healed":0,"gold_gain":0,"cards_transformed":["animator:Strike"],"player_choice":"Transformed","damage_taken":0,"max_hp_gain":0,"max_hp_loss":0,"event_name":"Transmorgrifier","floor":11,"gold_loss":0,"cards_obtained":["animator:Assassin"]}],"is_beta":false,"boss_relics":[{"not_picked":["Kintsugi","animator:RacePiece"],"picked":"hubris:VirtuousBlindfold"}],"items_purged_floors":[14],"is_endless":false,"potions_floor_spawned":[4,5,8,10,18,21],"killed_by":"Slavers","ascension_level":13}}