{"host":"2yqfi47fogfu1ic4","time":1610404893,"event":{"mods":["AchievementEnabler","BaseMod","Colored Map","Colored Powertips","Highlight Path","Minty Spire (QoL Compilation)","Permanent Neow","Relic Stats","StSLib"],"gold_per_floor":[109,109,34,51,62,62,94,108,108,138,138,149,74,108,108,185,185,198,215,215,215,242,268,279,305,328,328,340,367,394,413,413,491,491,501,532,422,438,455,455,175,206,288,313,329,349,361,386,386,386,386,386,60,88,88],"floor_reached":56,"playtime":5427,"items_purged":["Strike_G","Strike_G","Regret"],"score":2576,"play_id":"c28689d3-5302-415e-b72e-401234a43799","local_time":"20210111234133","is_ascension_mode":true,"campfire_choices":[{"data":"Bouncing Flask","floor":6.0,"key":"SMITH"},{"floor":11.0,"key":"REST"},{"data":"Leg Sweep","floor":15.0,"key":"SMITH"},{"floor":27.0,"key":"RECALL"},{"floor":32.0,"key":"REST"},{"floor":40.0,"key":"REST"},{"floor":49.0,"key":"REST"},{"floor":52.0,"key":"REST"}],"circlet_count":0,"master_deck":["AscendersBane","Strike_G+1","Defend_G","Defend_G+1","Defend_G","Defend_G+1","Defend_G","Survivor","Neutralize","Underhanded Strike","Bouncing Flask+1","Dagger Spray+1","Leg Sweep+1","Venomology","Bullet Time","Noxious Fumes","RitualDagger","Footwork","Underhanded Strike+1","Backflip","Wraith Form v2","Backflip","Leg Sweep","Burst","Apotheosis","Blade Dance+1","Crippling Poison","Bouncing Flask","Wraith Form v2","Eviscerate+1","Backflip"],"relics":["Snecko Eye","Singing Bowl","Darkstone Periapt","Question Card","Happy Flower","Fusion Hammer","FossilizedHelix","Art of War","Dead Branch","Incense Burner","War Paint","Red Mask","Turnip","Cursed Key","Vajra","StoneCalendar","Sundial","Whetstone"],"acts_visited":["Exordium","TheCity","TheBeyond","TheEnding"],"potions_floor_usage":[55,55,55],"damage_taken":[{"damage":5.0,"enemies":"2 Louse","floor":1.0,"turns":5.0},{"damage":2.0,"enemies":"Jaw Worm","floor":4.0,"turns":7.0},{"damage":1.0,"enemies":"Cultist","floor":5.0,"turns":3.0},{"damage":0.0,"enemies":"3 Sentries","floor":7.0,"turns":7.0},{"damage":14.0,"enemies":"Gremlin Gang","floor":8.0,"turns":6.0},{"damage":30.0,"enemies":"Gremlin Nob","floor":10.0,"turns":5.0},{"damage":8.0,"enemies":"Large Slime","floor":12.0,"turns":4.0},{"damage":4.0,"enemies":"3 Sentries","floor":14.0,"turns":4.0},{"damage":7.0,"enemies":"Hexaghost","floor":16.0,"turns":8.0},{"damage":0.0,"enemies":"3 Byrds","floor":18.0,"turns":9.0},{"damage":0.0,"enemies":"Spheric Guardian","floor":19.0,"turns":5.0},{"damage":0.0,"enemies":"Slavers","floor":23.0,"turns":5.0},{"damage":0.0,"enemies":"Centurion and Healer","floor":24.0,"turns":5.0},{"damage":8.0,"enemies":"Book of Stabbing","floor":25.0,"turns":4.0},{"damage":0.0,"enemies":"Snecko","floor":28.0,"turns":4.0},{"damage":0.0,"enemies":"Masked Bandits","floor":29.0,"turns":4.0},{"damage":29.0,"enemies":"Gremlin Leader","floor":30.0,"turns":7.0},{"damage":0.0,"enemies":"Snake Plant","floor":31.0,"turns":4.0},{"damage":0.0,"enemies":"Automaton","floor":33.0,"turns":10.0},{"damage":0.0,"enemies":"Orb Walker","floor":35.0,"turns":3.0},{"damage":0.0,"enemies":"3 Shapes","floor":36.0,"turns":3.0},{"damage":0.0,"enemies":"Spire Growth","floor":38.0,"turns":6.0},{"damage":0.0,"enemies":"Transient","floor":39.0,"turns":6.0},{"damage":0.0,"enemies":"Reptomancer","floor":42.0,"turns":6.0},{"damage":0.0,"enemies":"Nemesis","floor":44.0,"turns":7.0},{"damage":0.0,"enemies":"Jaw Worm Horde","floor":45.0,"turns":4.0},{"damage":1.0,"enemies":"4 Shapes","floor":46.0,"turns":3.0},{"damage":0.0,"enemies":"Spire Growth","floor":47.0,"turns":4.0},{"damage":0.0,"enemies":"Giant Head","floor":48.0,"turns":7.0},{"damage":17.0,"enemies":"Awakened One","floor":50.0,"turns":13.0},{"damage":0,"enemies":"Shield and Spear","floor":54,"turns":7},{"damage":23,"enemies":"The Heart","floor":55,"turns":10}],"seed_played":"-4745263296946473079","potions_obtained":[{"floor":5.0,"key":"Strength Potion"},{"floor":7.0,"key":"Ancient Potion"},{"floor":10.0,"key":"EntropicBrew"},{"floor":12.0,"key":"AttackPotion"},{"floor":14.0,"key":"Block Potion"},{"floor":23.0,"key":"CunningPotion"},{"floor":28.0,"key":"GhostInAJar"},{"floor":33.0,"key":"ColorlessPotion"},{"floor":44.0,"key":"Strength Potion"}],"is_trial":false,"path_per_floor":["M","?","?","M","M","R","E","M","T","E","R","M","$","E","R","B",null,"M","M","?","T","T","E","M","E","T","R","M","?","E","M","R","B",null,"M","M","?","M","M","R","$","E","T","E","M","M","M","E","R","B",null,"R","$","E","B",null],"character_chosen":"THE_SILENT","items_purchased":["Apotheosis","CultistPotion","Eviscerate"],"campfire_rested":5,"item_purchase_floors":[41,53,53],"current_hp_per_floor":[54,54,54,52,51,51,53,41,41,11,32,24,24,20,20,13,56,72,72,66,66,66,68,70,64,64,64,64,64,37,37,61,61,75,75,75,75,77,77,82,82,82,88,88,90,89,91,91,92,75,88,92,92,92,69],"gold":88,"neow_bonus":"BOSS_RELIC","is_daily":false,"chose_seed":false,"campfire_upgraded":2,"win_rate":0.0,"timestamp":1610404893,"path_taken":["M","?","?","M","M","R","E","M","T","E","R","M","$","E","R","BOSS","M","M","?","?","?","E","M","E","T","R","?","?","E","M","R","BOSS","M","M","?","?","M","R","$","E","T","E","?","M","M","E","R","BOSS","R","$","E","BOSS"],"items_purchased_type":["Card","Potion","Card"],"build_version":"2020-12-22","purchased_purges":3,"victory":true,"max_hp_per_floor":[66,66,66,66,66,66,68,70,70,70,70,70,70,70,70,70,70,72,72,72,72,72,74,76,78,78,78,78,78,80,80,80,80,80,80,80,80,82,82,82,82,82,88,88,90,90,92,92,92,92,92,92,92,92,92],"relic_stats":{"Darkstone Periapt":6,"Singing Bowl":20,"Happy Flower":[48],"counters":[32,185],"Dead Branch":[143],"StoneCalendar":[124],"Whetstone":["Eviscerate","Dagger Spray"],"War Paint":["Defend_G","Defend_G"],"Question Card":24,"Cursed Key":1,"Sundial":[4],"Snecko Eye":[336,360,339,327],"Turnip":[4],"Art of War":[21],"obtain_stats":[{"Darkstone Periapt":9,"Singing Bowl":7,"Happy Flower":14,"Dead Branch":23,"Vajra":42,"StoneCalendar":44,"Incense Burner":25,"Whetstone":54,"War Paint":26,"Question Card":10,"Cursed Key":34,"Sundial":48,"Snecko Eye":0,"Fusion Hammer":17,"Turnip":30,"Art of War":22,"Red Mask":29,"FossilizedHelix":21,"Ring of the Snake":0},{"Darkstone Periapt":5,"Singing Bowl":4,"Happy Flower":8,"Dead Branch":12,"Vajra":24,"StoneCalendar":25,"Incense Burner":14,"Whetstone":31,"War Paint":14,"Question Card":6,"Cursed Key":19,"Sundial":29,"Snecko Eye":0,"Fusion Hammer":9,"Turnip":17,"Art of War":11,"Red Mask":16,"FossilizedHelix":11,"Ring of the Snake":0},{"Darkstone Periapt":28,"Singing Bowl":22,"Happy Flower":41,"Dead Branch":68,"Vajra":130,"StoneCalendar":137,"Incense Burner":77,"Whetstone":175,"War Paint":77,"Question Card":33,"Cursed Key":106,"Sundial":155,"Snecko Eye":0,"Fusion Hammer":49,"Turnip":92,"Art of War":63,"Red Mask":85,"FossilizedHelix":63,"Ring of the Snake":0}]},"card_choices":[{"not_picked":["Cloak And Dagger","Distraction"],"picked":"Underhanded Strike","floor":1.0},{"not_picked":["Blade Dance","Dagger Spray"],"picked":"Bouncing Flask","floor":4.0},{"not_picked":["Cloak And Dagger","Distraction","Outmaneuver"],"picked":"SKIP","floor":5.0},{"not_picked":["Outmaneuver","Accuracy","Slice"],"picked":"Singing Bowl","floor":7.0},{"not_picked":["Quick Slash","Outmaneuver","Deadly Poison"],"picked":"Singing Bowl","floor":8.0},{"not_picked":["Dodge and Roll","Accuracy"],"picked":"Dagger Spray","floor":10.0},{"not_picked":["Tactician","All Out Attack","Blade Dance"],"picked":"Leg Sweep","floor":12.0},{"not_picked":["Tactician","Calculated Gamble","Noxious Fumes"],"picked":"Venomology","floor":14.0},{"not_picked":["Storm of Steel","Glass Knife","Burst"],"picked":"Bullet Time","floor":16.0},{"not_picked":["Blade Dance","Escape Plan","Flying Knee","Choke"],"picked":"Singing Bowl","floor":18.0},{"not_picked":["Dagger Throw","Accuracy","Sucker Punch"],"picked":"Noxious Fumes","floor":19.0},{"not_picked":["Slice","Poisoned Stab","Doppelganger","Prepared"],"picked":"Singing Bowl","floor":23.0},{"not_picked":["Prepared","All Out Attack","Deflect+1","Accuracy"],"picked":"Singing Bowl","floor":24.0},{"not_picked":["Backstab","Calculated Gamble","Doppelganger","Glass Knife"],"picked":"Singing Bowl","floor":25.0},{"not_picked":["Skewer","Blade Dance","Backflip"],"picked":"Footwork","floor":28.0},{"not_picked":["PiercingWail","Quick Slash","Dagger Spray"],"picked":"Underhanded Strike+1","floor":29.0},{"not_picked":["Flying Knee","Deflect","Poisoned Stab","Underhanded Strike"],"picked":"Singing Bowl","floor":30.0},{"not_picked":["Poisoned Stab","Deflect","Infinite Blades"],"picked":"Backflip","floor":31.0},{"not_picked":["Burst","Phantasmal Killer","Envenom"],"picked":"Wraith Form v2","floor":33.0},{"not_picked":["Well Laid Plans","Reflex","Distraction"],"picked":"Backflip","floor":35.0},{"not_picked":["Blade Dance","Bane","Expertise+1"],"picked":"Leg Sweep","floor":36.0},{"not_picked":["Finisher","Deflect","Accuracy+1","Dagger Spray+1"],"picked":"Singing Bowl","floor":38.0},{"not_picked":["Deflect","Dodge and Roll+1","Backflip"],"picked":"Burst","floor":39.0},{"not_picked":["Poisoned Stab","Backflip","Heel Hook"],"picked":"Blade Dance+1","floor":42.0},{"not_picked":["Caltrops","Accuracy","Eviscerate"],"picked":"Crippling Poison","floor":44.0},{"not_picked":["Underhanded Strike","Accuracy+1","Sucker Punch","Dagger Throw"],"picked":"Singing Bowl","floor":45.0},{"not_picked":["Quick Slash","Blade Dance","Skewer+1"],"picked":"Bouncing Flask","floor":46.0},{"not_picked":["Underhanded Strike+1","Bane+1","Deadly Poison","Backstab"],"picked":"Singing Bowl","floor":47.0},{"not_picked":["Poisoned Stab","Reflex","PiercingWail"],"picked":"Wraith Form v2","floor":48.0},{"not_picked":["Accuracy+1","Prepared","Dagger Throw"],"picked":"Backflip","floor":54}],"player_experience":1527552,"relics_obtained":[{"floor":7.0,"key":"Singing Bowl"},{"floor":9.0,"key":"Darkstone Periapt"},{"floor":10.0,"key":"Question Card"},{"floor":14.0,"key":"Happy Flower"},{"floor":21.0,"key":"FossilizedHelix"},{"floor":22.0,"key":"Art of War"},{"floor":23.0,"key":"Dead Branch"},{"floor":25.0,"key":"Incense Burner"},{"floor":26.0,"key":"War Paint"},{"floor":29.0,"key":"Red Mask"},{"floor":30.0,"key":"Turnip"},{"floor":42.0,"key":"Vajra"},{"floor":44.0,"key":"StoneCalendar"},{"floor":48.0,"key":"Sundial"},{"floor":54,"key":"Whetstone"}],"event_choices":[{"damage_healed":0.0,"max_hp_gain":0.0,"max_hp_loss":0.0,"gold_gain":0.0,"event_name":"Liars Game","player_choice":"Ignored","floor":2.0,"gold_loss":0.0,"damage_taken":0.0},{"cards_removed":["Strike_G"],"damage_healed":0.0,"max_hp_gain":0.0,"max_hp_loss":0.0,"gold_gain":0.0,"event_name":"The Cleric","player_choice":"Card Removal","floor":3.0,"gold_loss":75.0,"damage_taken":0.0},{"damage_healed":0.0,"max_hp_gain":0.0,"max_hp_loss":0.0,"gold_gain":0.0,"event_name":"Nest","player_choice":"Joined the Cult","floor":20.0,"gold_loss":0.0,"damage_taken":6.0,"cards_obtained":["RitualDagger"]},{"damage_healed":0.0,"max_hp_gain":0.0,"max_hp_loss":0.0,"gold_gain":0.0,"event_name":"Masked Bandits","player_choice":"Fought Bandits","floor":29.0,"gold_loss":0.0,"damage_taken":0.0},{"cards_removed":["Strike_G"],"damage_healed":0.0,"max_hp_gain":0.0,"max_hp_loss":0.0,"gold_gain":0.0,"event_name":"Designer","player_choice":"Upgrade and Remove","floor":37.0,"gold_loss":110.0,"damage_taken":0.0,"cards_upgraded":["Strike_G"]}],"is_beta":false,"boss_relics":[{"not_picked":["Empty Cage","Tiny House"],"picked":"Fusion Hammer"},{"not_picked":["Sozu","Runic Dome"],"picked":"Cursed Key"}],"items_purged_floors":[13,41,53],"is_endless":false,"potions_floor_spawned":[5,7,10,12,14,16,18,19,23,28,33,36,39,44,45],"ascension_level":17}}