{"host":"v54ek091sdz7ha6h","time":1610341723,"event":{"mods":["BaseMod","Better Vampires","Colored Map","Colored Powertips","Custom Start","DeckTracker","Friendly Minions","Highlight Path","KOR Keyword Fix","Minty Spire (QoL Compilation)","Rare Cards Sparkle","StSLib","SuperFastMode","everything is the same but u backflip on backflip","slay the spire mod where everything is the same but ironclad has a cowboy hat"],"gold_per_floor":[110,260,335,346,271,271,303,303,303,330,330,48,68,79,79,158,158,168,168,183,193,28,28,28,28,78,89,100,100,129,139,139,139,139],"floor_reached":33,"playtime":643,"items_purged":["Pain"],"score":550,"play_id":"e7361722-1c0f-46e3-a1b1-0eda7e5a4e10","local_time":"20210111140843","is_ascension_mode":true,"campfire_choices":[{"data":"Chaos","floor":6.0,"key":"SMITH"},{"data":"Dualcast","floor":8.0,"key":"SMITH"},{"floor":15.0,"key":"REST"},{"floor":23.0,"key":"REST"},{"data":"Fission","floor":25.0,"key":"SMITH"},{"floor":32.0,"key":"RECALL"}],"circlet_count":0,"master_deck":["AscendersBane","Zap","Dualcast+1","Go for the Eyes","Chaos+1","Turbo","Defragment","Apotheosis+1","Amplify","Meteor Strike","Auto Shields","Multi-Cast","Consume","Melter","All For One","Tempest","Stack","Reinforced Body","Undo","Capacitor","Fission+1","PathToVictory","Bandage Up","Swift Strike","SpiritShield","Expertise"],"relics":["Cracked Core","Boot","Singing Bowl","Letter Opener","Bronze Scales","WarpedTongs","Pandora\u0027s Box","PrismaticShard","Tiny Chest"],"acts_visited":["Exordium","TheCity"],"potions_floor_usage":[33],"damage_taken":[{"damage":0.0,"enemies":"Jaw Worm","floor":1.0,"turns":4.0},{"damage":4.0,"enemies":"Small Slimes","floor":4.0,"turns":3.0},{"damage":25.0,"enemies":"Lagavulin","floor":7.0,"turns":6.0},{"damage":20.0,"enemies":"3 Sentries","floor":10.0,"turns":5.0},{"damage":0.0,"enemies":"Cultist","floor":13.0,"turns":3.0},{"damage":3.0,"enemies":"Exordium Thugs","floor":14.0,"turns":4.0},{"damage":16.0,"enemies":"Hexaghost","floor":16.0,"turns":9.0},{"damage":6.0,"enemies":"3 Byrds","floor":18.0,"turns":2.0},{"damage":33.0,"enemies":"2 Thieves","floor":20.0,"turns":3.0},{"damage":10.0,"enemies":"3 Cultists","floor":21.0,"turns":4.0},{"damage":9.0,"enemies":"Centurion and Healer","floor":27.0,"turns":2.0},{"damage":0.0,"enemies":"Snecko","floor":28.0,"turns":4.0},{"damage":5.0,"enemies":"Gremlin Leader","floor":30.0,"turns":4.0},{"damage":0.0,"enemies":"Cultist and Chosen","floor":31.0,"turns":4.0},{"damage":50,"enemies":"Collector","floor":33,"turns":6}],"seed_played":"537921928758146138","potions_obtained":[{"floor":4.0,"key":"CultistPotion"},{"floor":14.0,"key":"Ancient Potion"},{"floor":16.0,"key":"Regen Potion"},{"floor":18.0,"key":"Fire Potion"},{"floor":27.0,"key":"EssenceOfSteel"}],"is_trial":false,"path_per_floor":["M","?","?","M","?","R","E","R","T","E","?","$","M","M","R","B",null,"M","?","M","M","$","R","?","R","T","M","M","?","E","M","R","B"],"character_chosen":"DEFECT","items_purchased":["Apotheosis","PrismaticShard"],"campfire_rested":2,"item_purchase_floors":[12,22],"current_hp_per_floor":[64,64,53,49,49,49,24,24,24,4,4,4,6,3,24,8,57,60,60,27,17,17,38,38,38,38,29,29,17,16,22,22,0,0],"gold":139,"neow_bonus":"RANDOM_COMMON_RELIC","is_daily":false,"chose_seed":false,"campfire_upgraded":3,"win_rate":0.0,"timestamp":1610341723,"path_taken":["M","?","?","M","?","R","E","R","T","E","?","$","M","M","R","BOSS","M","?","M","M","?","R","?","R","T","?","M","?","E","M","R","BOSS"],"items_purchased_type":["Card","Relic"],"build_version":"2020-12-22","purchased_purges":1,"victory":false,"max_hp_per_floor":[71,71,71,71,71,71,71,71,71,71,71,71,73,73,73,73,73,73,73,73,73,73,73,73,73,73,73,73,73,73,73,73,73,73],"card_choices":[{"not_picked":["Redo","Cold Snap"],"picked":"Go for the Eyes","floor":1.0},{"not_picked":["Turbo","Steam"],"picked":"Chaos","floor":4.0},{"not_picked":["Ball Lightning","Leap"],"picked":"Turbo","floor":7.0},{"not_picked":["Hologram","Coolheaded"],"picked":"Defragment","floor":10.0},{"not_picked":["Stack","Consume","Doom and Gloom"],"picked":"Singing Bowl","floor":13.0},{"not_picked":["Capacitor","Leap"],"picked":"Amplify","floor":14.0},{"not_picked":["Amplify","Multi-Cast"],"picked":"Meteor Strike","floor":16.0},{"not_picked":["Turbo","Ball Lightning"],"picked":"Reinforced Body","floor":18.0},{"not_picked":["Redo+1","Coolheaded"],"picked":"Undo","floor":20.0},{"not_picked":["Static Discharge","Cold Snap"],"picked":"Capacitor","floor":21.0},{"not_picked":["Reinforced Body","Perseverance"],"picked":"PathToVictory","floor":27.0},{"not_picked":["Crescendo","FlyingSleeves+1"],"picked":"Bandage Up","floor":28.0},{"not_picked":["Wild Strike","FollowUp"],"picked":"SpiritShield","floor":30.0},{"not_picked":["Dramatic Entrance","Crescendo+1"],"picked":"Expertise","floor":31.0}],"player_experience":1417817,"relics_obtained":[{"floor":7.0,"key":"Singing Bowl"},{"floor":9.0,"key":"Letter Opener"},{"floor":10.0,"key":"Bronze Scales"},{"floor":30.0,"key":"Tiny Chest"}],"event_choices":[{"damage_healed":0.0,"max_hp_gain":0.0,"max_hp_loss":0.0,"gold_gain":150.0,"event_name":"Liars Game","player_choice":"AGREE","floor":2.0,"gold_loss":0.0,"damage_taken":0.0,"cards_obtained":["Doubt"]},{"damage_healed":0.0,"max_hp_gain":0.0,"max_hp_loss":0.0,"gold_gain":75.0,"event_name":"World of Goop","player_choice":"Gather Gold","floor":3.0,"gold_loss":0.0,"damage_taken":11.0},{"cards_removed":["Doubt"],"damage_healed":0.0,"max_hp_gain":0.0,"max_hp_loss":0.0,"gold_gain":0.0,"event_name":"The Cleric","player_choice":"Card Removal","floor":5.0,"gold_loss":75.0,"damage_taken":0.0},{"damage_healed":0.0,"max_hp_gain":0.0,"max_hp_loss":0.0,"gold_gain":0.0,"event_name":"Accursed Blacksmith","player_choice":"Rummage","floor":11.0,"gold_loss":0.0,"damage_taken":0.0,"relics_obtained":["WarpedTongs"],"cards_obtained":["Pain"]},{"damage_healed":0.0,"max_hp_gain":0.0,"max_hp_loss":0.0,"gold_gain":0.0,"event_name":"Upgrade Shrine","player_choice":"Upgraded","floor":19.0,"gold_loss":0.0,"damage_taken":0.0,"cards_upgraded":["Apotheosis"]},{"damage_healed":0.0,"max_hp_gain":0.0,"max_hp_loss":0.0,"gold_gain":0.0,"cards_transformed":["Melter"],"event_name":"Transmorgrifier","player_choice":"Transformed","floor":24.0,"gold_loss":0.0,"damage_taken":0.0,"cards_obtained":["Fission"]},{"damage_healed":0.0,"max_hp_gain":0.0,"max_hp_loss":0.0,"gold_gain":0.0,"event_name":"Knowing Skull","player_choice":"CARD ","floor":29.0,"potions_obtained":[],"gold_loss":0.0,"damage_taken":12.0,"cards_obtained":["Swift Strike"]}],"is_beta":false,"boss_relics":[{"not_picked":["Runic Dome","SlaversCollar"],"picked":"Pandora\u0027s Box"}],"items_purged_floors":[12],"is_endless":false,"potions_floor_spawned":[4,14,16,18,27,28],"killed_by":"Collector","ascension_level":20}}