{"host":"0pl361p0raiipqb8","time":1610383444,"event":{"mods":["BaseMod","Downfall","Googly Eyes","Marisa????????","Minty Spire (QoL Compilation)","Replay The Spire","StSLib"],"gold_per_floor":[118,65,159,178,178,178,178,222,222,257,257,270,270,293,293,416,416,435,435,435,535,548,548,587,587,587,12,12,12,12],"floor_reached":29,"playtime":4385,"items_purged":[],"score":259,"play_id":"4ba61ee5-8efa-458d-b536-bbeead1b1f57","local_time":"20210111194404","is_ascension_mode":true,"campfire_choices":[{"floor":11,"key":"REST"},{"data":"Hello World","floor":13,"key":"SMITH"},{"floor":15,"key":"DIG"}],"circlet_count":0,"master_deck":["Strike_B","Defend_B","Defend_B","Defend_B","Defend_B","Zap","Dualcast","Conserve Battery","Panic Button","Double Energy","Redo","Chaos","Hello World+1","Ball Lightning","Turbo","Loop","ReplaySort","Echo Form+1","AbeCurse","Overencumbered","Replay:UnknownCurse","Melter","Streamline","All For One","Barrage","Sweeping Beam+1","Cold Snap+1"],"relics":["Cracked Core","Golden Idol","InkBottle","Anchor","Chameleon Ring","Replay:Multitool","Replay:Ancient Bell","Blue Doll","Shuriken","Thread and Needle","Nilry\u0027s Codex","WingedGreaves","Letter Opener","Calipers","Replay:Ringing Soul"],"acts_visited":["Exordium","TheCity"],"potions_floor_usage":[24],"damage_taken":[{"damage":0,"enemies":"2 Louse","floor":1,"turns":2},{"damage":8,"enemies":"Jaw Worm","floor":4,"turns":4},{"damage":22,"enemies":"Replay:BlueRogue","floor":8,"turns":7},{"damage":29,"enemies":"3 Sentries","floor":10,"turns":6},{"damage":1,"enemies":"Cultist","floor":12,"turns":3},{"damage":2,"enemies":"2 Fungi Beasts","floor":14,"turns":3},{"damage":11,"enemies":"Hexaghost","floor":16,"turns":9},{"damage":16,"enemies":"Shell Parasite","floor":18,"turns":5},{"damage":7,"enemies":"Spheric Guardian","floor":22,"turns":5},{"damage":19,"enemies":"Replay:Snechameleon","floor":24,"turns":7},{"damage":22,"enemies":"3 Cultists","floor":29,"turns":4}],"seed_played":"-3890104868602229739","potions_obtained":[{"floor":8,"key":"Dexterity Potion"},{"floor":12,"key":"Milkshake"},{"floor":16,"key":"Block Potion"},{"floor":24,"key":"EssenceOfSteel"}],"is_trial":false,"path_per_floor":["M","$","?","M","?","?","?","E","T","E","R","M","R","M","R","B",null,"M","?","?","?","M","R","E","?","T","$","R","M"],"character_chosen":"DEFECT","items_purchased":["Panic Button","Calipers","Replay:Ringing Soul","Cold Snap+1"],"campfire_rested":1,"item_purchase_floors":[2,27,27,27],"current_hp_per_floor":[82,82,62,54,34,61,61,39,39,10,34,33,33,31,31,20,82,66,50,50,50,43,43,24,24,24,27,52,30,30],"gold":12,"neow_bonus":"TEN_PERCENT_HP_BONUS","is_daily":false,"chose_seed":false,"campfire_upgraded":1,"win_rate":0.0,"timestamp":1610383444,"path_taken":["M","$","?","?","?","?","?","E","T","E","R","M","R","?","R","BOSS","M","?","?","?","?","R","E","?","T","$","R","M"],"items_purchased_type":["Card","Relic","Relic","Card"],"build_version":"2020-12-22","purchased_purges":0,"victory":false,"max_hp_per_floor":[82,82,82,82,82,82,82,82,82,82,82,82,82,82,82,82,82,82,82,82,82,82,82,82,82,82,85,85,85,85],"card_choices":[{"not_picked":["Time Bomb","Cold Snap"],"picked":"Conserve Battery","floor":1},{"not_picked":["Gash","Conserve Battery"],"picked":"Double Energy","floor":3},{"not_picked":["Sweeping Beam","Leap"],"picked":"Redo","floor":3},{"not_picked":["Leap","ReplayTheSpireMod:Repulse"],"picked":"Chaos","floor":3},{"not_picked":["Chill","Go for the Eyes"],"picked":"Hello World","floor":4},{"not_picked":["Blizzard","Steam"],"picked":"Ball Lightning","floor":8},{"not_picked":["ReplayTheSpireMod:Reroute Power","Defragment"],"picked":"Turbo","floor":10},{"not_picked":["Leap","Conserve Battery"],"picked":"Loop","floor":12},{"not_picked":["Go for the Eyes","Streamline"],"picked":"ReplaySort","floor":14},{"not_picked":["Biased Cognition","Rainbow"],"picked":"Echo Form","floor":16},{"not_picked":["ReplayTheSpireMod:IOU","Spreading Infection"],"picked":"AbeCurse","floor":17},{"not_picked":["Wraith","Replay:Hysterical Blindness"],"picked":"Overencumbered","floor":17},{"not_picked":["Shame","AbeCurse"],"picked":"Replay:UnknownCurse","floor":17},{"not_picked":["Blizzard","Beam Cell"],"picked":"Melter","floor":18},{"not_picked":["Reinforced Body","BootSequence"],"picked":"Barrage","floor":22},{"not_picked":["ReplayTheSpireMod:Repulse","White Noise+1"],"picked":"Sweeping Beam+1","floor":24}],"player_experience":195541,"relics_obtained":[{"floor":8,"key":"InkBottle"},{"floor":9,"key":"Anchor"},{"floor":10,"key":"Chameleon Ring"},{"floor":15,"key":"Replay:Multitool"},{"floor":19,"key":"Nilry\u0027s Codex"},{"floor":24,"key":"WingedGreaves"},{"floor":26,"key":"Letter Opener"}],"event_choices":[{"damage_healed":0,"gold_gain":0,"player_choice":"Take Damage","damage_taken":20,"relics_obtained":["Golden Idol"],"max_hp_gain":0,"max_hp_loss":0,"event_name":"Golden Idol","floor":5,"gold_loss":0},{"damage_healed":27,"gold_gain":0,"player_choice":"Banana","damage_taken":0,"max_hp_gain":0,"max_hp_loss":0,"event_name":"Big Fish","floor":6,"gold_loss":0},{"cards_removed":["Strike_B"],"damage_healed":0,"gold_gain":0,"player_choice":"Purged","damage_taken":0,"max_hp_gain":0,"max_hp_loss":0,"event_name":"Purifier","floor":7,"gold_loss":0},{"damage_healed":0,"gold_gain":0,"player_choice":"Obtained Book","damage_taken":16,"max_hp_gain":0,"max_hp_loss":0,"event_name":"Cursed Tome","floor":19,"gold_loss":0},{"damage_healed":0,"gold_gain":0,"cards_transformed":["Strike_B","Strike_B"],"player_choice":"Became Test Subject","damage_taken":0,"max_hp_gain":0,"max_hp_loss":0,"event_name":"Drug Dealer","floor":20,"gold_loss":0,"cards_obtained":["Streamline","All For One"]},{"damage_healed":0,"gold_gain":100,"player_choice":"Pray","damage_taken":0,"max_hp_gain":0,"max_hp_loss":0,"event_name":"Golden Shrine","floor":21,"gold_loss":0},{"damage_healed":0,"gold_gain":0,"player_choice":"Ignored","damage_taken":0,"max_hp_gain":0,"max_hp_loss":0,"event_name":"Vampires","floor":23,"gold_loss":0}],"is_beta":false,"boss_relics":[{"not_picked":["ChewingGum","Kintsugi"],"picked":"Replay:Ancient Bell"},{"not_picked":["Bronze Scales","Replay:Baseball"],"picked":"Blue Doll"},{"not_picked":["StrikeDummy","ReplayTheSpireMod:Ninjato"],"picked":"Shuriken"},{"not_picked":["Lizard Tail","Gambling Chip"],"picked":"Thread and Needle"}],"items_purged_floors":[],"is_endless":false,"potions_floor_spawned":[8,12,16,22,24],"killed_by":"3 Cultists","ascension_level":1}}