{"host":"51f0ad793vly1w6u","time":1610368735,"event":{"mods":["BaseMod","Colored Map","DeckTracker","Hermit","Minty Spire (QoL Compilation)","StSLib","SuperFastMode"],"gold_per_floor":[20,20,20,20,35,67,142,142,142,155,155,187,203,128,128,223,223,242,260,260,289,289,289,308,308,332,367,387,302,302,23,23,127,127,139,156,17,17,36,36,36,47,47,47,47,58,58,87,87,87,87],"floor_reached":50,"playtime":1324,"items_purged":["hermit:Strike_Hermit","hermit:Strike_Hermit+1"],"score":598,"play_id":"5ce3b9e1-e260-4f00-b66f-063af6c9c532","local_time":"20210111213855","is_ascension_mode":true,"campfire_choices":[{"data":"hermit:Combo","floor":8.0,"key":"SMITH"},{"data":"hermit:BigShot","floor":11.0,"key":"SMITH"},{"floor":15.0,"key":"REST"},{"floor":23.0,"key":"REST"},{"floor":25.0,"key":"REST"},{"floor":30,"key":"REST"},{"data":"hermit:TakeAim","floor":32,"key":"SMITH"},{"floor":41,"key":"RECALL"},{"floor":49,"key":"REST"}],"circlet_count":0,"master_deck":["hermit:Defend_Hermit+1","hermit:Defend_Hermit+1","hermit:Defend_Hermit+1","hermit:Defend_Hermit+1","hermit:Snapshot+1","hermit:Covet+1","hermit:Combo+1","hermit:BigShot+1","hermit:Ricochet+1","hermit:Roughhouse+1","hermit:Roulette+1","hermit:Snipe+1","hermit:Midnight+1","hermit:CalledShot+1","hermit:TakeAim+1","hermit:TakeAim+1","hermit:RoundhouseKick+1","hermit:LuckOfTheDraw+1","hermit:HeroicBravado+1","hermit:CalledShot+1"],"relics":["hermit:Momento","Mango","Vajra","hermit:CharredGlove","Centennial Puzzle","Philosopher\u0027s Stone","Red Mask","Art of War","Bottled Lightning","Happy Flower","DollysMirror","hermit:DentedPlate","Mark of the Bloom","Bag of Marbles"],"acts_visited":["Exordium","TheCity","TheBeyond"],"potions_floor_usage":[33,42,50,50],"damage_taken":[{"damage":4.0,"enemies":"Jaw Worm","floor":1.0,"turns":3.0},{"damage":0.0,"enemies":"2 Louse","floor":5.0,"turns":1.0},{"damage":14.0,"enemies":"Gremlin Nob","floor":6.0,"turns":4.0},{"damage":0.0,"enemies":"Small Slimes","floor":10.0,"turns":1.0},{"damage":6.0,"enemies":"3 Sentries","floor":12.0,"turns":5.0},{"damage":10.0,"enemies":"2 Fungi Beasts","floor":13.0,"turns":3.0},{"damage":34.0,"enemies":"The Guardian","floor":16.0,"turns":8.0},{"damage":32.0,"enemies":"2 Thieves","floor":18.0,"turns":4.0},{"damage":12.0,"enemies":"Spheric Guardian","floor":19.0,"turns":4.0},{"damage":33.0,"enemies":"Masked Bandits","floor":21.0,"turns":5.0},{"damage":11.0,"enemies":"Centurion and Healer","floor":24.0,"turns":4.0},{"damage":12.0,"enemies":"Slavers","floor":27.0,"turns":5.0},{"damage":3,"enemies":"Cultist and Chosen","floor":28,"turns":3},{"damage":5,"enemies":"Champ","floor":33,"turns":9},{"damage":41,"enemies":"3 Darklings","floor":35,"turns":4},{"damage":13,"enemies":"Orb Walker","floor":36,"turns":3},{"damage":0,"enemies":"3 Darklings","floor":39,"turns":3},{"damage":30,"enemies":"4 Shapes","floor":42,"turns":6},{"damage":0,"enemies":"Transient","floor":46,"turns":5},{"damage":23,"enemies":"Nemesis","floor":48,"turns":4},{"damage":55,"enemies":"Donu and Deca","floor":50,"turns":4}],"seed_played":"-5138994761888152353","potions_obtained":[{"floor":5.0,"key":"EssenceOfSteel"},{"floor":6.0,"key":"SkillPotion"},{"floor":10.0,"key":"AttackPotion"},{"floor":19.0,"key":"BlessingOfTheForge"},{"floor":21.0,"key":"ColorlessPotion"},{"floor":27,"key":"SkillPotion"},{"floor":33,"key":"Weak Potion"},{"floor":42,"key":"Explosive Potion"},{"floor":48,"key":"BlessingOfTheForge"}],"is_trial":false,"path_per_floor":["M","?","$","?","M","E","?","R","T","M","R","E","M","$","R","B",null,"M","M","?","?","?","R","M","R","T","E","M","?","R","$","R","B",null,"M","M","$","?","M","?","R","M","T","?","?","M","?","E","R","B"],"character_chosen":"HERMIT","items_purchased":["hermit:TakeAim","DollysMirror","hermit:HeroicBravado"],"campfire_rested":5,"item_purchase_floors":[31,31,37],"current_hp_per_floor":[85,85,85,67,67,53,42,42,42,42,42,36,26,26,52,18,89,57,45,45,12,12,38,27,53,53,41,38,38,64,64,64,59,91,50,37,37,106,106,106,106,76,76,76,76,76,76,53,53,0,0],"gold":87,"neow_bonus":"ONE_RARE_RELIC","is_daily":false,"chose_seed":false,"campfire_upgraded":3,"win_rate":0.0,"timestamp":1610368735,"path_taken":["M","?","$","?","M","E","?","R","T","M","R","E","M","$","R","BOSS","M","M","?","?","?","R","M","R","T","E","M","?","R","$","R","BOSS","M","M","$","?","M","?","R","M","T","?","?","?","?","E","R","BOSS"],"items_purchased_type":["Card","Relic","Card"],"build_version":"2020-12-22","purchased_purges":2,"victory":false,"max_hp_per_floor":[89,89,89,89,89,89,89,89,89,89,89,89,89,89,89,89,89,89,89,89,89,89,89,89,89,89,89,89,89,89,89,89,89,121,121,121,121,106,106,106,106,106,106,101,101,101,101,101,101,101,101],"card_choices":[{"not_picked":["hermit:BodyArmor","hermit:HighCaliber","hermit:Coalescence"],"picked":"SKIP","floor":1.0},{"not_picked":["hermit:Roulette","hermit:Misfire"],"picked":"hermit:Combo","floor":5.0},{"not_picked":["hermit:SprayPray","hermit:Roughhouse"],"picked":"hermit:BigShot","floor":6.0},{"not_picked":["hermit:CursedWeapon","hermit:Quickdraw","hermit:NoHoldsBarred"],"picked":"SKIP","floor":10.0},{"not_picked":["hermit:BodyArmor","hermit:Cheat"],"picked":"hermit:Ricochet","floor":12.0},{"not_picked":["hermit:Deadeye","hermit:Feint","hermit:Headshot"],"picked":"SKIP","floor":13.0},{"not_picked":["hermit:DeadOrAlive","hermit:HeroicBravado"],"picked":"hermit:Roughhouse","floor":16.0},{"not_picked":["hermit:Showdown+1","hermit:Feint+1"],"picked":"hermit:Enervate","floor":18.0},{"not_picked":["hermit:Grudge","hermit:Determination","hermit:WideOpen+1"],"picked":"SKIP","floor":19.0},{"not_picked":["hermit:Headshot","hermit:BigShot"],"picked":"hermit:Roulette+1","floor":21.0},{"not_picked":["hermit:FullyLoaded","hermit:Desperado","hermit:WideOpen"],"picked":"SKIP","floor":24.0},{"not_picked":["hermit:NoHoldsBarred+1","hermit:Combo"],"picked":"hermit:CalledShot+1","floor":27},{"not_picked":["hermit:Roulette+1","hermit:Quickdraw","hermit:Coalescence"],"picked":"SKIP","floor":28},{"not_picked":["hermit:Roughhouse","hermit:Reprieve"],"picked":"hermit:RoundhouseKick","floor":33},{"not_picked":["hermit:Showdown","hermit:Coalescence"],"picked":"hermit:LuckOfTheDraw+1","floor":35},{"not_picked":["hermit:Dive","hermit:NoHoldsBarred","hermit:TrackingShot+1"],"picked":"SKIP","floor":36},{"not_picked":["hermit:Coalescence","hermit:NoHoldsBarred","hermit:Desperado+1"],"picked":"SKIP","floor":39},{"not_picked":["hermit:Manifest","hermit:Roulette+1","hermit:WideOpen+1"],"picked":"SKIP","floor":42},{"not_picked":["hermit:Cheat+1","hermit:HighCaliber+1","hermit:BodyArmor+1"],"picked":"SKIP","floor":46},{"not_picked":["hermit:NoHoldsBarred+1","hermit:Deadeye+1"],"picked":"hermit:CalledShot+1","floor":48}],"player_experience":1398275,"relics_obtained":[{"floor":6.0,"key":"Vajra"},{"floor":9.0,"key":"hermit:CharredGlove"},{"floor":12.0,"key":"Centennial Puzzle"},{"floor":21.0,"key":"Red Mask"},{"floor":26.0,"key":"Art of War"},{"floor":27,"key":"Bottled Lightning"},{"floor":48,"key":"Bag of Marbles"}],"event_choices":[{"damage_healed":0.0,"max_hp_gain":0.0,"max_hp_loss":0.0,"gold_gain":0.0,"event_name":"Living Wall","player_choice":"Grow","floor":2.0,"gold_loss":0.0,"damage_taken":0.0,"cards_upgraded":["hermit:Snapshot"]},{"damage_healed":0.0,"max_hp_gain":0.0,"max_hp_loss":0.0,"gold_gain":0.0,"event_name":"Shining Light","player_choice":"Entered Light","floor":4.0,"gold_loss":0.0,"damage_taken":18.0,"cards_upgraded":["hermit:Strike_Hermit","hermit:Defend_Hermit"]},{"damage_healed":0.0,"max_hp_gain":0.0,"max_hp_loss":0.0,"gold_gain":75.0,"event_name":"World of Goop","player_choice":"Gather Gold","floor":7.0,"gold_loss":0.0,"damage_taken":11.0},{"damage_healed":0.0,"max_hp_gain":0.0,"max_hp_loss":0.0,"gold_gain":0.0,"event_name":"Vampires","player_choice":"Ignored","floor":20.0,"gold_loss":0.0,"damage_taken":0.0},{"damage_healed":0.0,"max_hp_gain":0.0,"max_hp_loss":0.0,"gold_gain":0.0,"event_name":"Masked Bandits","player_choice":"Fought Bandits","floor":21.0,"gold_loss":0.0,"damage_taken":0.0},{"damage_healed":0.0,"max_hp_gain":0.0,"max_hp_loss":0.0,"gold_gain":0.0,"cards_transformed":["hermit:Strike_Hermit","hermit:Strike_Hermit"],"event_name":"Drug Dealer","player_choice":"Became Test Subject","floor":22.0,"gold_loss":0.0,"damage_taken":0.0,"cards_obtained":["hermit:Snipe","hermit:Midnight"]},{"damage_healed":0,"gold_gain":0,"player_choice":"Obtained Relic","damage_taken":0,"relics_obtained":["Happy Flower"],"max_hp_gain":0,"max_hp_loss":0,"event_name":"Addict","floor":29,"gold_loss":85},{"damage_healed":106,"gold_gain":0,"player_choice":"Heal","damage_taken":0,"max_hp_gain":0,"max_hp_loss":15,"event_name":"The Moai Head","floor":38,"gold_loss":0},{"damage_healed":0,"gold_gain":0,"player_choice":"Upgrade","damage_taken":0,"relics_obtained":["Mark of the Bloom"],"max_hp_gain":0,"max_hp_loss":0,"event_name":"MindBloom","floor":40,"gold_loss":0,"cards_upgraded":["hermit:Defend_Hermit","hermit:Defend_Hermit","hermit:Defend_Hermit","hermit:Covet","hermit:Ricochet","hermit:Roughhouse","hermit:Enervate","hermit:Snipe","hermit:Midnight","hermit:TakeAim","hermit:RoundhouseKick","hermit:HeroicBravado"]},{"damage_healed":0,"gold_gain":0,"player_choice":"Max HP","damage_taken":0,"max_hp_gain":0,"max_hp_loss":5,"event_name":"Winding Halls","floor":44,"gold_loss":0},{"damage_healed":0,"gold_gain":0,"player_choice":"Ignored","damage_taken":0,"max_hp_gain":0,"max_hp_loss":0,"event_name":"SecretPortal","floor":45,"gold_loss":0},{"cards_removed":["hermit:Enervate"],"damage_healed":0,"gold_gain":0,"player_choice":"Removed Attack","damage_taken":0,"max_hp_gain":0,"max_hp_loss":0,"event_name":"Falling","floor":47,"gold_loss":0}],"is_beta":false,"boss_relics":[{"not_picked":["Snecko Eye","Fusion Hammer"],"picked":"Philosopher\u0027s Stone"},{"not_picked":["Pandora\u0027s Box","Coffee Dripper"],"picked":"hermit:DentedPlate"}],"items_purged_floors":[14,31],"is_endless":false,"potions_floor_spawned":[5,6,10,19,21,27,33,42,48],"killed_by":"Donu and Deca","ascension_level":2}}