{"host":"iy58fyt9wsbv4cf1","time":1610330912,"event":{"mods":["BaseMod","Better Altar","Better Match","Better Skull","Better Third Choice","BetterRewards","Conspire","Custom Start","Defuse TimeMaze Blight","Hubris","Infinite Spire","Minty Spire (QoL Compilation)","Permanent Neow","Quick Restart","Spicy Shops","StSLib"],"gold_per_floor":[117,117,34,52,127,127,157,157,157,171,171,346,361,29,29,129,129,143,161,161,63,80,80,80,80,80,92,117,129,160,186,198,305,317,344,372,404,191,191,191,206,234,281,295,295,295],"floor_reached":45,"playtime":959,"items_purged":["Doubt","Strike_B","Strike_B"],"score":806,"play_id":"e8217d50-8b9b-419b-8c7f-a558d03266f8","local_time":"20210110210832","is_ascension_mode":true,"campfire_choices":[{"floor":6.0,"key":"REST"},{"floor":8.0,"key":"REST"},{"data":"Storm","floor":11.0,"key":"SMITH"},{"floor":15.0,"key":"REST"},{"floor":23.0,"key":"REST"},{"data":"Defragment","floor":25.0,"key":"SMITH"},{"data":"Storm","floor":27.0,"key":"SMITH"},{"floor":29.0,"key":"RECALL"},{"floor":32.0,"key":"REST"},{"data":"Self Repair","floor":40.0,"key":"SMITH"}],"circlet_count":0,"master_deck":["Strike_B+1","Strike_B","Defend_B","Defend_B+1","Defend_B","Defend_B","Zap","Dualcast","Storm+1","Storm+1","Ball Lightning","Defragment+1","Ball Lightning","Turbo","Compile Driver","White Noise","Seek","hubris:PowerSurge","Conserve Battery","Self Repair+1","Reboot","Thunder Strike","Consume"],"relics":["Cracked Core","Chemical X","conspire:InfiniteJournal","hubris:Zylophone","infinitespire:SolderingIron","Strawberry","Happy Flower","InkBottle","conspire:Dentures","Omamori","MawBank","Coffee Dripper","Potion Belt","Nunchaku"],"acts_visited":["Exordium","TheCity","TheBeyond"],"potions_floor_usage":[],"damage_taken":[{"damage":1.0,"enemies":"2 Louse","floor":1.0,"turns":2.0},{"damage":0.0,"enemies":"Cultist","floor":4.0,"turns":2.0},{"damage":18.0,"enemies":"Gremlin Nob","floor":7.0,"turns":3.0},{"damage":0.0,"enemies":"Small Slimes","floor":10.0,"turns":2.0},{"damage":8.0,"enemies":"Blue Slaver","floor":13.0,"turns":2.0},{"damage":0.0,"enemies":"Slime Boss","floor":16.0,"turns":4.0},{"damage":19.0,"enemies":"3 Byrds","floor":18.0,"turns":3.0},{"damage":23.0,"enemies":"Shell Parasite","floor":19.0,"turns":3.0},{"damage":0.0,"enemies":"Centurion and Healer","floor":22.0,"turns":4.0},{"damage":12.0,"enemies":"Snake Plant","floor":28.0,"turns":3.0},{"damage":11.0,"enemies":"Cultist and Chosen","floor":30.0,"turns":4.0},{"damage":3.0,"enemies":"3 Cultists","floor":31.0,"turns":3.0},{"damage":23.0,"enemies":"Automaton","floor":33.0,"turns":6.0},{"damage":32.0,"enemies":"3 Darklings","floor":35.0,"turns":3.0},{"damage":22.0,"enemies":"Orb Walker","floor":36.0,"turns":3.0},{"damage":19.0,"enemies":"Jaw Worm Horde","floor":37.0,"turns":3.0},{"damage":10.0,"enemies":"Transient","floor":41.0,"turns":5.0},{"damage":9.0,"enemies":"Giant Head","floor":42.0,"turns":5.0},{"damage":37.0,"enemies":"4 Shapes","floor":44.0,"turns":3.0},{"damage":0,"floor":45,"turns":1}],"seed_played":"-6785303716376968216","potions_obtained":[{"floor":4.0,"key":"SneckoOil"},{"floor":7.0,"key":"Block Potion"},{"floor":22.0,"key":"PowerPotion"},{"floor":31.0,"key":"FairyPotion"},{"floor":36.0,"key":"EntropicBrew"}],"is_trial":false,"path_per_floor":["M","?","?","M","?","R","E","R","T","M","R","?","M","$","R","B",null,"M","M","?","$","M","R","$","R","T","R","M","R","M","M","R","B",null,"M","M","M","$","?","R","M","E","T","M","?"],"character_chosen":"DEFECT","items_purchased":["Storm","Chemical X","Storm","conspire:InfiniteJournal","hubris:Zylophone","Ball Lightning","Defragment","infinitespire:SolderingIron","Strawberry","conspire:Dentures","Omamori","Conserve Battery"],"campfire_rested":5,"item_purchase_floors":[0,0,0,0,0,0,0,0,0,14,14,21],"current_hp_per_floor":[33,17,17,17,6,30,12,36,36,36,36,36,28,28,52,52,75,56,33,33,33,33,57,57,57,57,57,45,45,34,31,55,39,71,39,24,5,5,5,5,34,45,45,8,8,8],"gold":295,"neow_bonus":"","is_daily":false,"chose_seed":false,"campfire_upgraded":4,"win_rate":0.0,"timestamp":1610330912,"path_taken":["M","?","?","?","?","R","E","R","T","M","R","?","M","$","R","BOSS","M","M","?","$","?","R","$","R","T","R","M","R","M","M","R","BOSS","M","M","M","$","?","R","?","E","T","M","?"],"items_purchased_type":["Card","Relic","Card","Relic","Relic","Card","Card","Relic","Relic","Relic","Relic","Card"],"build_version":"2020-12-22","purchased_purges":3,"victory":false,"max_hp_per_floor":[82,82,82,82,82,82,82,82,82,82,82,82,82,82,82,82,82,82,82,82,82,82,82,82,82,82,82,82,82,82,82,82,82,82,82,82,82,82,82,82,82,82,82,82,82,82],"card_choices":[{"not_picked":["Leap","Compile Driver"],"picked":"Ball Lightning","floor":1.0},{"not_picked":["Coolheaded","Force Field","Fusion"],"picked":"SKIP","floor":4.0},{"not_picked":["Force Field","Barrage"],"picked":"Turbo","floor":7.0},{"not_picked":["Compile Driver","Streamline","Stack"],"picked":"SKIP","floor":10.0},{"not_picked":["Streamline","Stack"],"picked":"Compile Driver","floor":10.0},{"not_picked":["Beam Cell","conspire:SharedLibrary"],"picked":"White Noise","floor":13.0},{"not_picked":["Machine Learning","hubris:DoWhile"],"picked":"Seek","floor":16.0},{"not_picked":["Streamline","Compile Driver+1","Melter+1"],"picked":"SKIP","floor":18.0},{"not_picked":["Redo","Conserve Battery"],"picked":"hubris:PowerSurge","floor":19.0},{"not_picked":["Heatsinks","Gash","Force Field"],"picked":"SKIP","floor":22.0},{"not_picked":["Beam Cell+1","Compile Driver","Sweeping Beam"],"picked":"SKIP","floor":28.0},{"not_picked":["Undo+1","Barrage"],"picked":"Self Repair","floor":30.0},{"not_picked":["Lockon","Turbo"],"picked":"Reboot","floor":31.0},{"not_picked":["Meteor Strike","Hyperbeam"],"picked":"Thunder Strike","floor":33.0},{"not_picked":["Hello World","Sweeping Beam"],"picked":"Consume","floor":35.0},{"not_picked":["Ball Lightning+1","Steam","Darkness+1"],"picked":"SKIP","floor":36.0},{"not_picked":["Static Discharge","Skim+1","Gash+1"],"picked":"SKIP","floor":37.0},{"not_picked":["Rebound","Steam Power+1","Ball Lightning"],"picked":"SKIP","floor":41.0},{"not_picked":["Cold Snap+1","Reboot","Conserve Battery"],"picked":"SKIP","floor":42.0},{"not_picked":["Stack","Coolheaded","Hologram"],"picked":"SKIP","floor":44.0}],"player_experience":40851,"relics_obtained":[{"floor":7.0,"key":"InkBottle"},{"floor":26.0,"key":"MawBank"},{"floor":42.0,"key":"Potion Belt"},{"floor":43.0,"key":"Nunchaku"}],"event_choices":[{"damage_healed":33.0,"max_hp_gain":0.0,"max_hp_loss":82.0,"gold_gain":0.0,"event_name":"betterThird:BetterShining","player_choice":"Upgrade","floor":2.0,"gold_loss":0.0,"damage_taken":16.0,"cards_upgraded":["Defend_B","Strike_B"]},{"damage_healed":0.0,"max_hp_gain":0.0,"max_hp_loss":0.0,"gold_gain":0.0,"event_name":"WeMeetAgain","player_choice":"Paid Gold","floor":3.0,"gold_loss":83.0,"damage_taken":0.0,"relics_obtained":["Happy Flower"]},{"damage_healed":0.0,"max_hp_gain":0.0,"max_hp_loss":0.0,"gold_gain":75.0,"event_name":"betterThird:BetterGoop","player_choice":"Gold","floor":5.0,"gold_loss":0.0,"damage_taken":11.0},{"damage_healed":0.0,"max_hp_gain":0.0,"max_hp_loss":0.0,"gold_gain":175.0,"event_name":"betterThird:BetterSerpent","player_choice":"AGREE","floor":12.0,"gold_loss":0.0,"damage_taken":171.0},{"damage_healed":0.0,"max_hp_gain":0.0,"max_hp_loss":0.0,"gold_gain":0.0,"event_name":"N\u0027loth","player_choice":"Ignored","floor":20.0,"gold_loss":0.0,"damage_taken":0.0},{"damage_healed":0.0,"max_hp_gain":0.0,"max_hp_loss":0.0,"gold_gain":0.0,"event_name":"Lab","player_choice":"Got Potions","floor":39.0,"gold_loss":0.0,"damage_taken":0.0}],"is_beta":false,"boss_relics":[{"not_picked":["Pandora\u0027s Box","conspire:RoyalGoblet","conspire:SeveredTorchhead"]},{"not_picked":["Calling Bell","Runic Dome"],"picked":"Coffee Dripper"}],"items_purged_floors":[21,38,38],"is_endless":false,"potions_floor_spawned":[4,7,22,28,30,31,33,36],"ascension_level":5}}