{"host":"c6u7e77myxvw4d0m","time":1610356102,"event":{"mods":["AchievementEnabler","BaseMod","Bestiary","Colored Map","Colored Powertips","Minty Spire (QoL Compilation)","Rare Cards Sparkle","Relic Stats","everything is the same but u backflip on backflip"],"gold_per_floor":[118,131,131,131,142,174,174,202,225,300,300,320,339,38,38,38,38],"floor_reached":16,"playtime":1087,"items_purged":["Strike_G"],"score":171,"play_id":"4416e9b9-8371-4390-b2b5-799d87b68ebc","local_time":"20210111110822","is_ascension_mode":true,"campfire_choices":[{"data":"Eviscerate","floor":7,"key":"SMITH"},{"data":"Leg Sweep","floor":11,"key":"SMITH"},{"data":"All Out Attack","floor":15,"key":"SMITH"}],"circlet_count":0,"master_deck":["AscendersBane","Strike_G","Strike_G","Strike_G","Defend_G","Defend_G","Defend_G","Defend_G","Defend_G","Survivor","Neutralize+1","Sucker Punch","Eviscerate+1","Cloak And Dagger","Acrobatics","Leg Sweep+1","Dodge and Roll","PiercingWail","All Out Attack+1","Bandage Up","Noxious Fumes"],"relics":["Ring of the Snake","Eternal Feather","Anchor","Singing Bowl","Bag of Preparation"],"acts_visited":["Exordium"],"potions_floor_usage":[6,8,16,16],"damage_taken":[{"damage":4,"enemies":"Jaw Worm","floor":1,"turns":6},{"damage":0,"enemies":"Small Slimes","floor":2,"turns":4},{"damage":2,"enemies":"Cultist","floor":5,"turns":4},{"damage":21,"enemies":"Gremlin Nob","floor":6,"turns":5},{"damage":7,"enemies":"3 Sentries","floor":8,"turns":10},{"damage":11,"enemies":"Exordium Wildlife","floor":12,"turns":6},{"damage":2,"enemies":"Red Slaver","floor":13,"turns":5},{"damage":38,"enemies":"Hexaghost","floor":16,"turns":11}],"seed_played":"-2931194935822840850","potions_obtained":[{"floor":2,"key":"FearPotion"},{"floor":5,"key":"PowerPotion"},{"floor":6,"key":"SkillPotion"},{"floor":12,"key":"Energy Potion"}],"is_trial":false,"path_per_floor":["M","M","?","T","M","E","R","E","T","?","R","M","M","$","R","B"],"character_chosen":"THE_SILENT","items_purchased":["All Out Attack","Bandage Up","Noxious Fumes"],"campfire_rested":0,"item_purchase_floors":[14,14,14],"current_hp_per_floor":[59,59,52,52,50,29,38,31,31,24,33,22,20,20,32,0,0],"gold":38,"neow_bonus":"UPGRADE_CARD","is_daily":false,"chose_seed":false,"campfire_upgraded":3,"win_rate":0.0,"timestamp":1610356102,"path_taken":["M","M","?","?","M","E","R","E","T","?","R","M","?","$","R","BOSS"],"items_purchased_type":["Card","Card","Card"],"build_version":"2020-12-22","purchased_purges":1,"victory":false,"max_hp_per_floor":[70,70,70,70,70,70,70,70,70,70,70,70,70,70,70,70,70],"relic_stats":{"Singing Bowl":0,"counters":[8,51],"Eternal Feather":30,"Bag of Preparation":[6],"obtain_stats":[{"Anchor":6,"Singing Bowl":8,"Eternal Feather":4,"Bag of Preparation":9,"Ring of the Snake":0},{"Anchor":4,"Singing Bowl":5,"Eternal Feather":2,"Bag of Preparation":5,"Ring of the Snake":0},{"Anchor":19,"Singing Bowl":29,"Eternal Feather":10,"Bag of Preparation":29,"Ring of the Snake":0}],"Ring of the Snake":[16]},"card_choices":[{"not_picked":["Dodge and Roll","Blur"],"picked":"Sucker Punch","floor":1},{"not_picked":["Prepared","Calculated Gamble"],"picked":"Eviscerate","floor":2},{"not_picked":["Expertise","Burst"],"picked":"Cloak And Dagger","floor":5},{"not_picked":["Deflect","Prepared"],"picked":"Acrobatics","floor":6},{"not_picked":["Heel Hook","Backflip"],"picked":"Leg Sweep","floor":8},{"not_picked":["Deflect","Prepared"],"picked":"Dodge and Roll","floor":12},{"not_picked":["Dagger Throw","Acrobatics"],"picked":"PiercingWail","floor":13}],"player_experience":326934,"relics_obtained":[{"floor":4,"key":"Eternal Feather"},{"floor":6,"key":"Anchor"},{"floor":8,"key":"Singing Bowl"},{"floor":9,"key":"Bag of Preparation"}],"event_choices":[{"cards_removed":["Strike_G"],"damage_healed":0,"gold_gain":0,"player_choice":"Card Removal","damage_taken":7,"max_hp_gain":0,"max_hp_loss":0,"event_name":"Golden Wing","floor":3,"gold_loss":0},{"damage_healed":0,"gold_gain":75,"player_choice":"Touch","damage_taken":7,"max_hp_gain":0,"max_hp_loss":0,"event_name":"FaceTrader","floor":10,"gold_loss":0}],"is_beta":false,"boss_relics":[],"items_purged_floors":[14],"is_endless":false,"potions_floor_spawned":[2,5,6,12],"killed_by":"Hexaghost","ascension_level":11}}