{"host":"uv231blk40vjdojr","time":1610374011,"event":{"mods":["AchievementEnabler","BaseMod","Bestiary","Minty Spire (QoL Compilation)","Relic Stats"],"gold_per_floor":[119,119,119,130,130,130,147,147,218,234,122,148,148,159,159,254,254,254,209,209,60,60,60,60,60,60,60,60,60,60,60,60,60,60,60,60,60,60,60,60,60,60,60,60,60,60,60,60,60,60],"floor_reached":51,"playtime":1875,"items_purged":["Regret"],"score":725,"play_id":"09bdffa0-db1f-4480-9ba3-fc0086b189f1","local_time":"20210111150651","is_ascension_mode":false,"campfire_choices":[{"data":"Pommel Strike","floor":6,"key":"SMITH"},{"data":"Spot Weakness","floor":8,"key":"SMITH"},{"floor":15,"key":"REST"},{"data":"Offering","floor":23,"key":"SMITH"},{"floor":25,"key":"REST"},{"floor":32,"key":"REST"},{"floor":40,"key":"REST"},{"floor":49,"key":"REST"}],"circlet_count":0,"master_deck":["Strike_R+1","Strike_R+1","Strike_R+1","Defend_R+1","Defend_R+1","Defend_R+1","Bash+1","Pommel Strike+1","Spot Weakness+1","Shockwave","Ghostly Armor","Offering+1","Armaments+1","Battle Trance","Offering","Inflame+1","Demon Form+1","Sword Boomerang+1"],"relics":["Burning Blood","Calipers","Juzu Bracelet","Ginger","Frozen Egg 2","Pear","Ectoplasm","Medical Kit","Red Mask","The Courier","Bottled Flame","Empty Cage","Peace Pipe","Centennial Puzzle","Bronze Scales","Art of War","Vajra"],"acts_visited":["Exordium","TheCity","TheBeyond"],"potions_floor_usage":[16,24,30,33,50,50,50],"damage_taken":[{"damage":6,"enemies":"Jaw Worm","floor":1,"turns":4},{"damage":8,"enemies":"2 Louse","floor":4,"turns":2},{"damage":8,"enemies":"Cultist","floor":7,"turns":3},{"damage":33,"enemies":"Exordium Thugs","floor":10,"turns":6},{"damage":16,"enemies":"Lagavulin","floor":12,"turns":5},{"damage":6,"enemies":"Gremlin Gang","floor":14,"turns":7},{"damage":31,"enemies":"The Guardian","floor":16,"turns":10},{"damage":30,"enemies":"Spheric Guardian","floor":18,"turns":5},{"damage":10,"enemies":"2 Thieves","floor":19,"turns":3},{"damage":14,"enemies":"Masked Bandits","floor":22,"turns":3},{"damage":34,"enemies":"Gremlin Leader","floor":24,"turns":6},{"damage":22,"enemies":"Snake Plant","floor":27,"turns":3},{"damage":12,"enemies":"Shelled Parasite and Fungi","floor":28,"turns":4},{"damage":17,"enemies":"Cultist and Chosen","floor":30,"turns":5},{"damage":52,"enemies":"Automaton","floor":33,"turns":8},{"damage":12,"enemies":"Orb Walker","floor":35,"turns":3},{"damage":25,"enemies":"Mind Bloom Boss Battle","floor":37,"turns":5},{"damage":15,"enemies":"3 Shapes","floor":39,"turns":5},{"damage":41,"enemies":"Nemesis","floor":41,"turns":5},{"damage":13,"enemies":"Giant Head","floor":45,"turns":5},{"damage":18,"enemies":"Spire Growth","floor":46,"turns":3},{"damage":18,"enemies":"Maw","floor":47,"turns":4},{"damage":14,"enemies":"4 Shapes","floor":48,"turns":5},{"damage":45,"enemies":"Donu and Deca","floor":50,"turns":8}],"seed_played":"4835745272507992467","potions_obtained":[{"floor":7,"key":"FairyPotion"},{"floor":12,"key":"SkillPotion"},{"floor":14,"key":"Strength Potion"},{"floor":16,"key":"BloodPotion"},{"floor":24,"key":"BloodPotion"},{"floor":30,"key":"FearPotion"},{"floor":33,"key":"SkillPotion"},{"floor":37,"key":"Block Potion"},{"floor":46,"key":"Dexterity Potion"}],"is_trial":false,"path_per_floor":["M","?","?","M","?","R","M","R","T","M","$","E","$","M","R","B",null,"M","M","?","$","?","R","E","R","T","M","M","?","M","?","R","B",null,"M","?","?","T","M","R","E","?","T","$","E","M","M","M","R","B",null],"character_chosen":"IRONCLAD","items_purchased":["Shockwave","Medical Kit"],"campfire_rested":5,"item_purchase_floors":[11,21],"current_hp_per_floor":[72,72,72,70,37,37,35,35,35,8,8,34,34,34,58,33,82,58,54,54,54,46,46,34,58,58,42,36,28,33,33,57,11,82,76,76,57,57,48,72,37,82,82,82,75,63,51,43,67,28],"gold":60,"neow_bonus":"ONE_RARE_RELIC","is_daily":false,"chose_seed":false,"campfire_upgraded":3,"win_rate":0.0,"timestamp":1610374011,"path_taken":["M","?","?","M","?","R","M","R","T","M","$","E","$","M","R","BOSS","M","M","?","$","?","R","E","R","T","M","M","?","M","?","R","BOSS","M","?","?","?","M","R","E","?","T","?","E","M","M","M","R","BOSS"],"items_purchased_type":["Card","Relic"],"build_version":"2020-12-22","purchased_purges":1,"victory":true,"max_hp_per_floor":[72,72,72,72,72,72,72,72,72,72,72,82,82,82,82,82,82,82,82,82,82,82,82,82,82,82,82,82,82,82,82,82,82,82,82,82,82,82,82,82,82,82,82,82,82,82,82,82,82,82],"relic_stats":{"Peace Pipe":3,"Centennial Puzzle":[18],"counters":[24,117],"Bronze Scales":[60],"Ectoplasm":617,"Juzu Bracelet":3,"Art of War":[4],"Ginger":[8],"Medical Kit":[4],"obtain_stats":[{"Calipers":0,"Pear":12,"Vajra":45,"The Courier":24,"Juzu Bracelet":3,"Ginger":5,"Frozen Egg 2":9,"Medical Kit":21,"Empty Cage":34,"Burning Blood":0,"Peace Pipe":37,"Bottled Flame":26,"Centennial Puzzle":38,"Bronze Scales":41,"Ectoplasm":17,"Red Mask":22,"Art of War":43},{"Calipers":0,"Pear":5,"Vajra":20,"The Courier":11,"Juzu Bracelet":1,"Ginger":2,"Frozen Egg 2":3,"Medical Kit":9,"Empty Cage":15,"Burning Blood":0,"Peace Pipe":17,"Bottled Flame":11,"Centennial Puzzle":17,"Bronze Scales":19,"Ectoplasm":7,"Red Mask":10,"Art of War":19},{"Calipers":0,"Pear":20,"Vajra":97,"The Courier":54,"Juzu Bracelet":4,"Ginger":6,"Frozen Egg 2":9,"Medical Kit":45,"Empty Cage":74,"Burning Blood":0,"Peace Pipe":82,"Bottled Flame":54,"Centennial Puzzle":82,"Bronze Scales":92,"Ectoplasm":37,"Red Mask":48,"Art of War":92}],"Burning Blood":144},"card_choices":[{"not_picked":["Fire Breathing","Flame Barrier"],"picked":"Pommel Strike","floor":1},{"not_picked":["Heavy Blade","Twin Strike"],"picked":"Spot Weakness","floor":4},{"not_picked":["Clash","Clothesline","Seeing Red"],"picked":"SKIP","floor":7},{"not_picked":["Warcry","True Grit","Blood for Blood"],"picked":"SKIP","floor":10},{"not_picked":["True Grit","Evolve+1"],"picked":"Ghostly Armor","floor":12},{"not_picked":["Dark Embrace+1","Seeing Red","Twin Strike"],"picked":"SKIP","floor":14},{"not_picked":["Bludgeon","Berserk+1"],"picked":"Offering","floor":16},{"not_picked":["Dual Wield","Twin Strike"],"picked":"Armaments+1","floor":18},{"not_picked":["Pommel Strike","Wild Strike"],"picked":"Battle Trance","floor":19},{"not_picked":["Armaments","Warcry"],"picked":"Inflame+1","floor":24},{"not_picked":["Flex","Headbutt","Shockwave"],"picked":"SKIP","floor":27},{"not_picked":["Clash","Wild Strike+1","Flex"],"picked":"SKIP","floor":28},{"not_picked":["Warcry","Blood for Blood","Clash+1"],"picked":"SKIP","floor":30},{"not_picked":["Bludgeon","Exhume"],"picked":"Demon Form+1","floor":33},{"not_picked":["Flex+1","Havoc","Second Wind"],"picked":"SKIP","floor":35},{"not_picked":["Warcry","Uppercut"],"picked":"Sword Boomerang+1","floor":37},{"not_picked":["Uppercut","Flex+1","Perfected Strike"],"picked":"SKIP","floor":39},{"not_picked":["Seeing Red+1","Dropkick+1","Shockwave"],"picked":"SKIP","floor":41},{"not_picked":["Rampage+1","Twin Strike","Searing Blow+1"],"picked":"SKIP","floor":45},{"not_picked":["Metallicize+1","Body Slam+1","Sword Boomerang"],"picked":"SKIP","floor":46},{"not_picked":["Blood for Blood+1","Second Wind+1","Disarm"],"picked":"SKIP","floor":47},{"not_picked":["Ghostly Armor","Shrug It Off+1","Thunderclap+1"],"picked":"SKIP","floor":48}],"player_experience":655374,"relics_obtained":[{"floor":9,"key":"Frozen Egg 2"},{"floor":12,"key":"Pear"},{"floor":22,"key":"Red Mask"},{"floor":24,"key":"The Courier"},{"floor":26,"key":"Bottled Flame"},{"floor":37,"key":"Peace Pipe"},{"floor":38,"key":"Centennial Puzzle"},{"floor":41,"key":"Bronze Scales"},{"floor":43,"key":"Art of War"},{"floor":45,"key":"Vajra"}],"event_choices":[{"damage_healed":0,"gold_gain":0,"player_choice":"Grow","damage_taken":0,"max_hp_gain":0,"max_hp_loss":0,"event_name":"Living Wall","floor":2,"gold_loss":0,"cards_upgraded":["Bash"]},{"damage_healed":0,"gold_gain":0,"player_choice":"Box","damage_taken":0,"relics_obtained":["Juzu Bracelet"],"max_hp_gain":0,"max_hp_loss":0,"event_name":"Big Fish","floor":3,"gold_loss":0,"cards_obtained":["Regret"]},{"damage_healed":0,"gold_gain":0,"player_choice":"Success","damage_taken":33,"relics_obtained":["Ginger"],"max_hp_gain":0,"max_hp_loss":0,"event_name":"Scrap Ooze","floor":5,"gold_loss":0},{"damage_healed":0,"gold_gain":0,"player_choice":"Copied","damage_taken":0,"max_hp_gain":0,"max_hp_loss":0,"event_name":"Duplicator","floor":20,"gold_loss":0,"cards_obtained":["Offering"]},{"damage_healed":0,"gold_gain":0,"player_choice":"Fought Bandits","damage_taken":0,"max_hp_gain":0,"max_hp_loss":0,"event_name":"Masked Bandits","floor":22,"gold_loss":0},{"damage_healed":0,"gold_gain":75,"player_choice":"Touch","damage_taken":8,"max_hp_gain":0,"max_hp_loss":0,"event_name":"FaceTrader","floor":29,"gold_loss":0},{"damage_healed":0,"gold_gain":0,"player_choice":"Simplicity","damage_taken":0,"max_hp_gain":0,"max_hp_loss":0,"event_name":"Back to Basics","floor":31,"gold_loss":0,"cards_upgraded":["Strike_R","Strike_R","Strike_R","Strike_R","Strike_R","Defend_R","Defend_R","Defend_R","Defend_R"]},{"cards_removed":["Defend_R"],"damage_healed":0,"gold_gain":0,"player_choice":"Removed Skill","damage_taken":0,"max_hp_gain":0,"max_hp_loss":0,"event_name":"Falling","floor":36,"gold_loss":0},{"damage_healed":0,"gold_gain":0,"player_choice":"Fight","damage_taken":0,"max_hp_gain":0,"max_hp_loss":0,"event_name":"MindBloom","floor":37,"gold_loss":0},{"damage_healed":45,"gold_gain":0,"player_choice":"Full Heal","damage_taken":0,"max_hp_gain":0,"max_hp_loss":0,"event_name":"Wheel of Change","floor":42,"gold_loss":0}],"is_beta":false,"boss_relics":[{"not_picked":["Calling Bell","Philosopher\u0027s Stone"],"picked":"Ectoplasm"},{"not_picked":["SlaversCollar","Pandora\u0027s Box"],"picked":"Empty Cage"}],"items_purged_floors":[11],"is_endless":false,"potions_floor_spawned":[7,12,14,16,24,30,33,37,41,45,46],"ascension_level":0}}