{"host":"8gp6t7ud4bifk0zs","time":1610389554,"event":{"mods":["AchievementEnabler","BaseMod","Minty Spire (QoL Compilation)","StSLib","everything is the same but u backflip on backflip"],"gold_per_floor":[113,123,223,240,257,257,269,302,302,315,315,340,357,390,390,492,492,503,513,532,195,120,147,147,179,179,179],"floor_reached":26,"playtime":1317,"items_purged":[],"score":512,"play_id":"bedb55ce-c81e-401e-a147-43c703b406d2","local_time":"20210112032554","is_ascension_mode":true,"campfire_choices":[{"data":"Calculated Gamble","floor":6,"key":"SMITH"},{"data":"Well Laid Plans","floor":11,"key":"SMITH"},{"data":"Footwork","floor":15,"key":"SMITH"}],"circlet_count":0,"master_deck":["Grand Finale","Well Laid Plans+1","Acrobatics","Acrobatics+1","Prepared+1","Prepared","Reflex+1","Tactician+1","Calculated Gamble+1","Backflip+1","Backflip+1","Footwork+1","CurseOfTheBell","Crippling Poison+1","Footwork"],"relics":["Ring of the Snake","Vajra","StrikeDummy","Anchor","The Specimen","Calling Bell","Bronze Scales","White Beast Statue","Torii","Bag of Preparation","Strawberry","Pantograph","Ninja Scroll"],"acts_visited":["TheCity"],"potions_floor_usage":[21],"damage_taken":[{"damage":0,"enemies":"Jaw Worm","floor":1,"turns":1},{"damage":0,"enemies":"Cultist","floor":2,"turns":1},{"damage":0,"enemies":"2 Louse","floor":4,"turns":1},{"damage":0,"enemies":"2 Fungi Beasts","floor":5,"turns":1},{"damage":0,"enemies":"Blue Slaver","floor":7,"turns":1},{"damage":0,"enemies":"Lagavulin","floor":8,"turns":1},{"damage":0,"enemies":"Lots of Slimes","floor":10,"turns":1},{"damage":0,"enemies":"3 Sentries","floor":12,"turns":1},{"damage":0,"enemies":"Red Slaver","floor":13,"turns":1},{"damage":0,"enemies":"Gremlin Nob","floor":14,"turns":1},{"damage":0,"enemies":"The Guardian","floor":16,"turns":1},{"damage":0,"enemies":"Spheric Guardian","floor":18,"turns":1},{"damage":0,"enemies":"2 Thieves","floor":19,"turns":1},{"damage":0,"enemies":"Snake Plant","floor":20,"turns":1},{"damage":0,"enemies":"Book of Stabbing","floor":23,"turns":1},{"damage":0,"enemies":"Slavers","floor":25,"turns":1}],"seed_played":"-2132948887627443690","potions_obtained":[{"floor":2,"key":"SmokeBomb"},{"floor":7,"key":"LiquidBronze"},{"floor":8,"key":"Weak Potion"},{"floor":18,"key":"Swift Potion"},{"floor":23,"key":"SneckoOil"},{"floor":25,"key":"FearPotion"}],"is_trial":true,"path_per_floor":["M","M","?","M","M","R","M","E","T","M","R","E","M","E","R","B",null,"M","M","M","$","?","E","?","E","T"],"character_chosen":"THE_SILENT","items_purchased":["Footwork","Bag of Preparation","Fruit Juice"],"campfire_rested":0,"item_purchase_floors":[21,21,21],"current_hp_per_floor":[70,70,70,70,70,70,70,70,70,70,70,70,70,70,70,70,70,70,70,70,75,75,82,82,82,82,82],"gold":179,"neow_bonus":"","is_daily":false,"chose_seed":false,"campfire_upgraded":3,"win_rate":0.0,"timestamp":1610389554,"path_taken":["M","M","?","M","M","R","M","E","T","?","R","E","M","E","R","BOSS","M","M","?","$","?","E","?","E","T"],"items_purchased_type":["Card","Relic","Potion"],"build_version":"2020-12-22","purchased_purges":0,"victory":false,"max_hp_per_floor":[70,70,70,70,70,70,70,70,70,70,70,70,70,70,70,70,70,70,70,70,75,75,82,82,82,82,82],"card_choices":[{"not_picked":["Slice","Acrobatics","Outmaneuver"],"picked":"SKIP","floor":1},{"not_picked":["Blade Dance","All Out Attack","Deadly Poison"],"picked":"SKIP","floor":2},{"not_picked":["Storm of Steel","Outmaneuver","Riddle With Holes"],"picked":"SKIP","floor":4},{"not_picked":["Expertise","Bane","Outmaneuver"],"picked":"SKIP","floor":5},{"not_picked":["Underhanded Strike","Backflip","Noxious Fumes"],"picked":"SKIP","floor":7},{"not_picked":["Sucker Punch","All Out Attack","Flying Knee"],"picked":"SKIP","floor":8},{"not_picked":["Sucker Punch","All Out Attack","Flying Knee"],"picked":"SKIP","floor":8},{"not_picked":["Calculated Gamble","Backflip","Underhanded Strike"],"picked":"SKIP","floor":10},{"not_picked":["Deflect","Dagger Spray"],"picked":"Footwork","floor":12},{"not_picked":["Distraction","Crippling Poison","Poisoned Stab"],"picked":"SKIP","floor":13},{"not_picked":["Infinite Blades","Doppelganger","Sucker Punch"],"picked":"SKIP","floor":14},{"not_picked":["Sucker Punch+1","Underhanded Strike","Setup+1"],"picked":"SKIP","floor":18},{"not_picked":["Dodge and Roll+1","Caltrops","Skewer"],"picked":"SKIP","floor":19},{"not_picked":["Riddle With Holes","Endless Agony","Crippling Poison+1"],"picked":"SKIP","floor":20},{"not_picked":["Riddle With Holes","Endless Agony"],"picked":"Crippling Poison+1","floor":20},{"not_picked":["Backflip","Sucker Punch+1","Prepared"],"picked":"SKIP","floor":23},{"not_picked":["Leg Sweep","Deadly Poison+1","Dash"],"picked":"SKIP","floor":25}],"player_experience":216312,"relics_obtained":[{"floor":8,"key":"Vajra"},{"floor":9,"key":"StrikeDummy"},{"floor":12,"key":"Anchor"},{"floor":14,"key":"The Specimen"},{"floor":17,"key":"Bronze Scales"},{"floor":17,"key":"White Beast Statue"},{"floor":17,"key":"Torii"},{"floor":23,"key":"Strawberry"},{"floor":25,"key":"Pantograph"},{"floor":26,"key":"Ninja Scroll"}],"event_choices":[{"damage_healed":0,"gold_gain":100,"player_choice":"Pray","damage_taken":0,"max_hp_gain":0,"max_hp_loss":0,"event_name":"Golden Shrine","floor":3,"gold_loss":0},{"cards_removed":["Footwork"],"damage_healed":0,"gold_gain":0,"player_choice":"Gave Gold","damage_taken":0,"max_hp_gain":0,"max_hp_loss":0,"event_name":"Beggar","floor":22,"gold_loss":75},{"damage_healed":0,"gold_gain":0,"player_choice":"Ignored","damage_taken":0,"max_hp_gain":0,"max_hp_loss":0,"event_name":"Ghosts","floor":24,"gold_loss":0}],"is_beta":false,"boss_relics":[{"not_picked":["WristBlade","Cursed Key"],"picked":"Calling Bell"}],"items_purged_floors":[],"is_endless":false,"potions_floor_spawned":[2,7,8,13,14,18,19,20,23,25],"ascension_level":3}}