{"host":"5waj3nq586zfb9qv","time":1610338139,"event":{"mods":["BaseMod","Better Vampires","Colored Map","Colored Powertips","GifTheSpireLib","Highlight Path","Minty Spire (QoL Compilation)","Quick Restart","Shop Mod","StSLib","SuperFastMode","Waifu the Spire"],"gold_per_floor":[109,109,109,109,71,99,124,27,27,56,67,87,117,127,127,225,225,241,241,266,277,69,103,103,116,116,150,150,150,150],"floor_reached":29,"playtime":1795,"items_purged":["Strike_G","Strike_G"],"score":354,"play_id":"aee505e8-f87e-494f-bec7-df91363cd7e9","local_time":"20210111120859","is_ascension_mode":false,"campfire_choices":[{"data":"Cloak And Dagger","floor":15.0,"key":"SMITH"},{"data":"Cloak And Dagger","floor":24.0,"key":"SMITH"}],"circlet_count":0,"master_deck":["Strike_G+1","Strike_G","Strike_G","Defend_G","Defend_G","Defend_G","Defend_G","Defend_G","Survivor","Neutralize+1","Concentrate","Regret","Accuracy","Dagger Spray","Acrobatics","Accuracy","Corpse Explosion","Cloak And Dagger+1","Cloak And Dagger+1","Reflex","Bullet Time+1","Acrobatics","Accuracy","Terror","Calculated Gamble","After Image","Noxious Fumes+1","Choke+1"],"relics":["Ring of the Snake","NeowsBlessing","Ornamental Fan","Juzu Bracelet","Meat on the Bone","Omamori","Question Card","Bottled Tornado","Pantograph","HoveringKite","Bag of Marbles","Mango","Matryoshka","Snake Skull"],"acts_visited":["Exordium","TheCity"],"potions_floor_usage":[27],"damage_taken":[{"damage":0.0,"enemies":"Jaw Worm","floor":1.0,"turns":1.0},{"damage":0.0,"enemies":"Gremlin Nob","floor":6.0,"turns":1.0},{"damage":0.0,"enemies":"3 Sentries","floor":10.0,"turns":1.0},{"damage":11.0,"enemies":"2 Louse","floor":11.0,"turns":4.0},{"damage":4.0,"enemies":"Cultist","floor":12.0,"turns":4.0},{"damage":26.0,"enemies":"Gremlin Nob","floor":13.0,"turns":5.0},{"damage":0.0,"enemies":"Exordium Thugs","floor":14.0,"turns":6.0},{"damage":25.0,"enemies":"Slime Boss","floor":16.0,"turns":6.0},{"damage":34.0,"enemies":"Spheric Guardian","floor":18.0,"turns":6.0},{"damage":16.0,"enemies":"Shell Parasite","floor":21.0,"turns":7.0},{"damage":14.0,"enemies":"Gremlin Leader","floor":23.0,"turns":4.0},{"damage":10.0,"enemies":"Centurion and Healer","floor":25.0,"turns":6.0},{"damage":28,"enemies":"Slavers","floor":27,"turns":2},{"damage":30,"enemies":"Cultist and Chosen","floor":29,"turns":4}],"seed_played":"-5650319517414809056","potions_obtained":[{"floor":1.0,"key":"Fire Potion"},{"floor":13.0,"key":"SteroidPotion"},{"floor":16.0,"key":"ColorlessPotion"},{"floor":21.0,"key":"CunningPotion"}],"is_trial":false,"path_per_floor":["M","?","?","?","$","E","T","$","T","E","M","M","E","M","R","B",null,"M","?","T","M","$","E","R","M","T","E","$","M"],"character_chosen":"THE_SILENT","items_purchased":["Accuracy","Acrobatics","Terror","Calculated Gamble"],"campfire_rested":0,"item_purchase_floors":[5,8,22,22],"current_hp_per_floor":[70,56,56,44,44,44,44,44,44,44,45,41,27,39,39,39,70,36,36,36,32,32,44,44,46,46,30,30,0,0],"gold":150,"neow_bonus":"THREE_ENEMY_KILL","is_daily":false,"chose_seed":false,"campfire_upgraded":2,"win_rate":0.0,"timestamp":1610338139,"path_taken":["M","?","?","?","?","E","?","$","T","E","M","M","E","M","R","BOSS","M","?","?","M","$","E","R","M","T","E","$","M"],"items_purchased_type":["Card","Card","Card","Card"],"build_version":"2020-12-22","purchased_purges":2,"victory":false,"max_hp_per_floor":[70,70,70,70,70,70,70,70,70,70,70,70,70,70,70,70,70,70,70,70,70,70,84,84,84,84,84,84,84,84],"card_choices":[{"not_picked":["Leg Sweep","Endless Agony"],"picked":"Concentrate","floor":1.0},{"not_picked":["Sucker Punch","Masterful Stab"],"picked":"Dagger Spray","floor":6.0},{"not_picked":["Reflex","Leg Sweep","Expertise"],"picked":"Accuracy","floor":10.0},{"not_picked":["Deflect","Slice","Outmaneuver"],"picked":"Corpse Explosion","floor":11.0},{"not_picked":["Quick Slash","Poisoned Stab","Prepared"],"picked":"Cloak And Dagger","floor":12.0},{"not_picked":["All Out Attack","Leg Sweep","Outmaneuver"],"picked":"Cloak And Dagger","floor":13.0},{"not_picked":["Deflect","Prepared","Underhanded Strike"],"picked":"Reflex","floor":14.0},{"not_picked":["Corpse Explosion","Unload","Malaise"],"picked":"Bullet Time","floor":16.0},{"not_picked":["Noxious Fumes","Cloak And Dagger","Deadly Poison+1"],"picked":"Acrobatics","floor":18.0},{"not_picked":["Flying Knee+1","Backstab+1","Underhanded Strike"],"picked":"Accuracy","floor":21.0},{"not_picked":["Skewer","Reflex","Sucker Punch+1"],"picked":"After Image","floor":23.0},{"not_picked":["Riddle With Holes","Bouncing Flask+1","All Out Attack"],"picked":"Noxious Fumes+1","floor":25.0},{"not_picked":["Sucker Punch","Dagger Spray","Underhanded Strike"],"picked":"Choke+1","floor":27}],"player_experience":11141,"relics_obtained":[{"floor":6.0,"key":"Meat on the Bone"},{"floor":7.0,"key":"Omamori"},{"floor":9.0,"key":"Question Card"},{"floor":10.0,"key":"Bottled Tornado"},{"floor":13.0,"key":"Pantograph"},{"floor":20.0,"key":"Bag of Marbles"},{"floor":23.0,"key":"Mango"},{"floor":26.0,"key":"Matryoshka"},{"floor":27,"key":"Snake Skull"}],"event_choices":[{"damage_healed":0.0,"max_hp_gain":0.0,"max_hp_loss":0.0,"gold_gain":0.0,"event_name":"Shining Light","player_choice":"Entered Light","floor":2.0,"gold_loss":0.0,"damage_taken":14.0,"cards_upgraded":["Strike_G","Neutralize"]},{"damage_healed":0.0,"max_hp_gain":0.0,"max_hp_loss":0.0,"gold_gain":0.0,"event_name":"Big Fish","player_choice":"Box","floor":3.0,"gold_loss":0.0,"damage_taken":0.0,"relics_obtained":["Ornamental Fan"],"cards_obtained":["Regret"]},{"damage_healed":0.0,"max_hp_gain":0.0,"max_hp_loss":0.0,"gold_gain":0.0,"event_name":"Scrap Ooze","player_choice":"Success","floor":4.0,"gold_loss":0.0,"damage_taken":12.0,"relics_obtained":["Juzu Bracelet"]},{"damage_healed":0.0,"max_hp_gain":0.0,"max_hp_loss":0.0,"gold_gain":0.0,"event_name":"Upgrade Shrine","player_choice":"Upgraded","floor":19.0,"gold_loss":0.0,"damage_taken":0.0,"cards_upgraded":["Bullet Time"]}],"is_beta":false,"boss_relics":[{"not_picked":["Velvet Choker","WristBlade"],"picked":"HoveringKite"}],"items_purged_floors":[8,22],"is_endless":false,"potions_floor_spawned":[1,13,16,21],"killed_by":"Cultist and Chosen","ascension_level":0}}