{"host":"0tiuc76yumknr6qf","time":1610326119,"event":{"mods":["BaseMod","Colored Map","Highlight Path","Jedi Mod","Minty Spire (QoL Compilation)","StSLib"],"gold_per_floor":[112,129,204,24,43,43,43,63,63,75,75,90,124,143,143,215,215,228,243,243,26,26,26,26],"floor_reached":23,"playtime":1135,"items_purged":["Strike_G","Defend_G"],"score":382,"play_id":"5bb88bd2-04e3-41fc-8409-9b6bc6381ec5","local_time":"20210110184839","is_ascension_mode":true,"campfire_choices":[{"floor":7,"key":"REST"},{"floor":11,"key":"REST"},{"floor":15,"key":"REST"}],"circlet_count":0,"master_deck":["AscendersBane","Defend_G","Defend_G","Defend_G","Defend_G","Survivor","Neutralize","Acrobatics","Deadly Poison","Catalyst","Footwork","Deflect","Poisoned Stab","Backflip","PiercingWail","Eviscerate","Dodge and Roll","Adrenaline","jedi:rejectivetoxin+1","Corpse Explosion+1","jedi:pocketpoison+1","Backflip","Bouncing Flask","Well Laid Plans"],"relics":["Philosopher\u0027s Stone","Letter Opener","Bottled Flame","Astrolabe","jedi:ominousloannote","Bird Faced Urn"],"acts_visited":["Exordium","TheCity"],"potions_floor_usage":[13,23],"damage_taken":[{"damage":8,"enemies":"Jaw Worm","floor":1,"turns":6},{"damage":15,"enemies":"2 Louse","floor":2,"turns":4},{"damage":0,"enemies":"Cultist","floor":5,"turns":4},{"damage":9,"enemies":"3 Louse","floor":8,"turns":5},{"damage":0,"enemies":"Large Slime","floor":10,"turns":4},{"damage":9,"enemies":"Exordium Thugs","floor":12,"turns":4},{"damage":26,"enemies":"3 Sentries","floor":13,"turns":10},{"damage":2,"enemies":"Looter","floor":14,"turns":3},{"damage":2,"enemies":"The Guardian","floor":16,"turns":10},{"damage":19,"enemies":"2 Thieves","floor":18,"turns":2},{"damage":40,"enemies":"Book of Stabbing","floor":23,"turns":4}],"seed_played":"-4905661986998055019","potions_obtained":[{"floor":8,"key":"jedi:holywater"},{"floor":10,"key":"Fire Potion"},{"floor":14,"key":"Explosive Potion"}],"is_trial":false,"path_per_floor":["M","M","?","$","M","?","R","M","T","M","R","M","E","M","R","B",null,"M","$","?","$","?","E"],"character_chosen":"THE_SILENT","items_purchased":["Catalyst","Footwork","Deflect","jedi:ominousloannote","Bird Faced Urn","Bouncing Flask","Well Laid Plans"],"campfire_rested":3,"item_purchase_floors":[4,4,4,19,19,21,21],"current_hp_per_floor":[51,36,25,25,25,18,37,28,28,28,47,38,12,10,29,27,56,37,37,37,37,37,0,0],"gold":26,"neow_bonus":"BOSS_RELIC","is_daily":false,"chose_seed":false,"campfire_upgraded":0,"win_rate":0.0,"timestamp":1610326119,"path_taken":["M","M","?","?","M","?","R","M","T","M","R","M","E","M","R","BOSS","M","$","?","$","?","E"],"items_purchased_type":["Card","Card","Card","Relic","Relic","Card","Card"],"build_version":"2020-12-22","purchased_purges":2,"victory":false,"max_hp_per_floor":[66,66,66,66,66,66,66,66,66,66,66,66,66,66,66,66,66,66,66,66,66,66,66,66],"card_choices":[{"not_picked":["Slice","Cloak And Dagger"],"picked":"Acrobatics","floor":1},{"not_picked":["Distraction","Underhanded Strike"],"picked":"Deadly Poison","floor":2},{"not_picked":["jedi:acidrain","Deadly Poison"],"picked":"Poisoned Stab","floor":5},{"not_picked":["Outmaneuver","Setup"],"picked":"Backflip","floor":8},{"not_picked":["Deadly Poison","Deflect"],"picked":"Poisoned Stab","floor":10},{"not_picked":["Prepared","Glass Knife"],"picked":"PiercingWail","floor":12},{"not_picked":["Choke","Predator"],"picked":"Eviscerate","floor":13},{"not_picked":["Poisoned Stab","Masterful Stab"],"picked":"Dodge and Roll","floor":14},{"not_picked":["Malaise","Bullet Time"],"picked":"Adrenaline","floor":16},{"not_picked":["Dagger Throw","Sucker Punch"],"picked":"Backflip","floor":18}],"player_experience":1858519,"relics_obtained":[{"floor":9,"key":"Letter Opener"},{"floor":13,"key":"Bottled Flame"}],"event_choices":[{"damage_healed":0,"gold_gain":75,"player_choice":"Gather Gold","damage_taken":11,"max_hp_gain":0,"max_hp_loss":0,"event_name":"World of Goop","floor":3,"gold_loss":0},{"cards_removed":["Strike_G"],"damage_healed":0,"gold_gain":0,"player_choice":"Card Removal","damage_taken":7,"max_hp_gain":0,"max_hp_loss":0,"event_name":"Golden Wing","floor":6,"gold_loss":0},{"damage_healed":0,"gold_gain":0,"player_choice":"Ignored","damage_taken":0,"max_hp_gain":0,"max_hp_loss":0,"event_name":"The Mausoleum","floor":20,"gold_loss":0},{"cards_removed":["Poisoned Stab"],"damage_healed":0,"gold_gain":0,"player_choice":"Purged","damage_taken":0,"max_hp_gain":0,"max_hp_loss":0,"event_name":"Purifier","floor":22,"gold_loss":0}],"is_beta":false,"boss_relics":[{"not_picked":["Sozu","Velvet Choker"],"picked":"Astrolabe"}],"items_purged_floors":[19,21],"is_endless":false,"potions_floor_spawned":[8,10,12,14],"killed_by":"Book of Stabbing","ascension_level":20}}