{"host":"2pt9f5ojqg0apn28","time":1610382560,"event":{"mods":["AchievementEnabler","BaseMod","Better Altar","Better Match","Better Note","Better Sensory Stone","Better Skull","Better Third Choice","Colored Map","Colored Powertips","Downfall","Fox Events","Hubris","Infinite Spire","Minty Spire (QoL Compilation)","Replay The Spire","StSLib"],"gold_per_floor":[118,118,138,150,6,39,39,72,72,82,96,96,127,139,139,246,246,262,270,205,205],"floor_reached":20,"playtime":975,"items_purged":[],"score":223,"play_id":"6bbf63d0-88b9-4068-8618-e96dba6f027b","local_time":"20210111212920","is_ascension_mode":true,"campfire_choices":[{"floor":7,"key":"REST"},{"floor":15,"key":"REST"}],"circlet_count":0,"master_deck":["Strike_G","Strike_G","Strike_G","Strike_G","Strike_G","Defend_G","Defend_G","Defend_G","Defend_G","Defend_G","Survivor+1","Neutralize","Flying Knee","Toxin Wave","Bane","Toxin Wave","Fluid Movement","Deadly Poison","Poisoned Stab","Phantasmal Killer","Necronomicurse"],"relics":["hubris:VirtuousBlindfold","CultistMask","Pen Nib","Strawberry","infinitespire:Midas Blood","Sundial","hubris:CrystalStatue","Necronomicon"],"acts_visited":["Exordium","TheCity"],"potions_floor_usage":[13,13,13],"damage_taken":[{"damage":1,"enemies":"Cultist","floor":1,"turns":5},{"damage":14,"enemies":"infinitespire:Voidling","floor":3,"turns":4},{"damage":0,"enemies":"2 Louse","floor":4,"turns":2},{"damage":34,"enemies":"3 Sentries","floor":6,"turns":12},{"damage":26,"enemies":"Gremlin Nob","floor":8,"turns":4},{"damage":0,"enemies":"Exordium Wildlife","floor":10,"turns":3},{"damage":9,"enemies":"Red Slaver","floor":11,"turns":2},{"damage":16,"enemies":"3 Sentries","floor":13,"turns":6},{"damage":5,"enemies":"Gremlin Gang","floor":14,"turns":3},{"damage":20,"enemies":"The Guardian","floor":16,"turns":11},{"damage":25,"enemies":"Spheric Guardian","floor":18,"turns":4},{"damage":42,"enemies":"2 Thieves","floor":20,"turns":3}],"seed_played":"6469183543440729990","potions_obtained":[{"floor":1,"key":"GamblersBrew"},{"floor":4,"key":"champ:CounterPotion"},{"floor":10,"key":"EssenceOfSteel"}],"is_trial":false,"path_per_floor":["M","?","M","M","$","E","R","E","T","M","M","?","E","M","R","B",null,"M","?","M"],"character_chosen":"THE_SILENT","items_purchased":["Pen Nib"],"campfire_rested":2,"item_purchase_floors":[5],"current_hp_per_floor":[69,69,64,64,64,37,60,34,34,34,25,25,9,4,27,7,77,52,36,0,0],"gold":205,"neow_bonus":"BOSS_RELIC","is_daily":false,"chose_seed":false,"campfire_upgraded":0,"win_rate":0.0,"timestamp":1610382560,"path_taken":["M","?","M","M","$","E","R","E","T","M","?","?","E","M","R","BOSS","M","?","M"],"items_purchased_type":["Relic"],"build_version":"2020-12-22","purchased_purges":0,"victory":false,"max_hp_per_floor":[70,70,70,70,70,77,77,77,77,77,77,77,77,77,77,77,77,77,77,77,77],"card_choices":[{"not_picked":["Slice","Dagger Spray"],"picked":"Flying Knee","floor":1},{"not_picked":["ReplayTheSpireMod:The Works","hubris:TrickCloak"],"picked":"Toxin Wave","floor":3},{"not_picked":["Riddle With Holes","ReplayTheSpireMod:Scrap Shanks"],"picked":"Bane","floor":4},{"not_picked":["Hidden Blade","Riddle With Holes"],"picked":"Toxin Wave","floor":6},{"not_picked":["Dagger Spray","Blade Dance"],"picked":"Fluid Movement","floor":8},{"not_picked":["Replay:Poison Smokescreen","Blade Dance"],"picked":"Deadly Poison","floor":10},{"not_picked":["Flechettes","Deflect"],"picked":"Poisoned Stab","floor":11},{"not_picked":["Distraction","PiercingWail"],"picked":"Phantasmal Killer","floor":13},{"not_picked":["ReplayTheSpireMod:Scrap Shanks","PiercingWail","Prepared"],"picked":"SKIP","floor":14},{"not_picked":["Dagger Throw+1","Underhanded Strike","Hidden Blade"],"picked":"SKIP","floor":18}],"player_experience":89125,"relics_obtained":[{"floor":6,"key":"Strawberry"},{"floor":8,"key":"infinitespire:Midas Blood"},{"floor":9,"key":"Sundial"},{"floor":13,"key":"hubris:CrystalStatue"},{"floor":19,"key":"Necronomicon"}],"event_choices":[{"damage_healed":0,"gold_gain":0,"player_choice":"Trade","damage_taken":0,"relics_obtained":["CultistMask"],"max_hp_gain":0,"max_hp_loss":0,"event_name":"FaceTrader","floor":2,"gold_loss":0},{"damage_healed":0,"gold_gain":0,"player_choice":"Obtained Book","damage_taken":16,"max_hp_gain":0,"max_hp_loss":0,"event_name":"Cursed Tome","floor":19,"gold_loss":0}],"is_beta":false,"boss_relics":[{"not_picked":["Snecko Eye","Velvet Choker","hubris:BlackHole"]}],"items_purged_floors":[],"is_endless":false,"potions_floor_spawned":[1,4,10,11],"killed_by":"2 Thieves","ascension_level":3}}