{"host":"ilrepnd391jk07a9","time":1610375163,"event":{"mods":["Aspiration","BaseMod","Better Altar","Better Note","Better Skull","Better Third Choice","BetterRewards","Colored Powertips","Dark Map","DeckTracker","Defuse TimeMaze Blight","Downfall","GifTheSpireLib","Gremlin Skip","Halation","Highlight Path","Hubris","Infinite Spire","Minty Spire (QoL Compilation)","Quick Restart","Relic Stats","Replay The Spire","StSLib","Stuff the Spire","everything is the same but u backflip on backflip","vexMod"],"gold_per_floor":[117,163,163,163,88,88,122,134,134,145,176,176,204,204,204,281,281,298,298,315,42,42,42,76,76,76,90,105,124,124,124,124,201,201,217,192,92,92,110,135,135,25,25,38,52,52,52,71,71,71,71,71],"floor_reached":51,"playtime":4175,"items_purged":["Strike_R","Strike_R"],"score":1412,"play_id":"2c2263c9-496e-4c86-95ff-98b9eb13ba94","local_time":"20210112032603","is_ascension_mode":true,"campfire_choices":[{"data":"Apotheosis","floor":6.0,"key":"SMITH"},{"floor":12.0,"key":"REST"},{"floor":15.0,"key":"REST"},{"floor":23.0,"key":"REST"},{"data":"Brutality","floor":25.0,"key":"SMITH"},{"data":"Shockwave","floor":32.0,"key":"SMITH"},{"data":"Impervious","floor":41.0,"key":"SMITH"},{"floor":47.0,"key":"RECALL"}],"circlet_count":0,"master_deck":["AscendersBane","Strike_R","Strike_R","Defend_R","Defend_R","Defend_R","Defend_R+1","Bash","Apotheosis+1","Life Link+1","Twin Strike","Shrug It Off+1","Hemogenesis+1","Pommel Strike+1","Brutality+1","Carnage+1","Blood for Blood","Impervious+1","Shockwave+1","True Grit+1","Offering","Bloodletting","StuffTheSpire:BloodClot","Headbutt","ReplayTheSpireMod:Muscle Training"],"relics":["Burning Blood","ClockworkSouvenir","hubris:GlazedTorus","hubris:SphereOfDissonance","StuffTheSpire:SapphireSignet","aspiration:SeaSaltIceCream","vexMod:ImprovementManual","halation:AfternoonTea","hubris:RunicObelisk","Replay:Blank Codex","Meat on the Bone","halation:EternalFortune","hubris:ToyBattleship","White Beast Statue","vexMod:BigBerry","Pantograph","Bottled Lightning"],"acts_visited":["Exordium","TheCity","TheBeyond"],"potions_floor_usage":[51],"damage_taken":[{"damage":2.0,"enemies":"2 Louse","floor":1.0,"turns":4.0},{"damage":27.0,"enemies":"Lagavulin","floor":7.0,"turns":6.0},{"damage":0.0,"enemies":"Jaw Worm","floor":8.0,"turns":3.0},{"damage":5.0,"enemies":"Small Slimes","floor":10.0,"turns":3.0},{"damage":23.0,"enemies":"3 Sentries","floor":11.0,"turns":5.0},{"damage":8.0,"enemies":"Gremlin Nob","floor":13.0,"turns":2.0},{"damage":28.0,"enemies":"Fading Forest","floor":16.0,"turns":13.0},{"damage":13.0,"enemies":"2 Thieves","floor":18.0,"turns":3.0},{"damage":32.0,"enemies":"3 Byrds","floor":20.0,"turns":5.0},{"damage":44.0,"enemies":"Book of Stabbing","floor":24.0,"turns":4.0},{"damage":25.0,"enemies":"Centurion and Healer","floor":27.0,"turns":4.0},{"damage":15.0,"enemies":"3 Cultists","floor":28.0,"turns":4.0},{"damage":9.0,"enemies":"Shelled Parasite and Fungi","floor":29.0,"turns":4.0},{"damage":0.0,"enemies":"Slavers","floor":31.0,"turns":1.0},{"damage":29.0,"enemies":"Champ","floor":33.0,"turns":12.0},{"damage":13.0,"enemies":"Orb Walker","floor":35.0,"turns":3.0},{"damage":13.0,"enemies":"3 Shapes","floor":39.0,"turns":7.0},{"damage":30.0,"enemies":"R_Hoarder","floor":40.0,"turns":9.0},{"damage":16.0,"enemies":"3 Darklings","floor":44.0,"turns":5.0},{"damage":34.0,"enemies":"Transient","floor":45.0,"turns":6.0},{"damage":31.0,"enemies":"4 Shapes","floor":48.0,"turns":8.0},{"damage":99.0,"enemies":"Time Eater","floor":50.0,"turns":11.0},{"damage":78,"enemies":"Awakened One","floor":51,"turns":5}],"seed_played":"-1654467948005544438","potions_obtained":[{"floor":2.0,"key":"Reflective Coating"},{"floor":2.0,"key":"Dexterity Potion"},{"floor":2.0,"key":"Dexterity Potion"},{"floor":20.0,"key":"Fruit Juice"},{"floor":27.0,"key":"Reflective Coating"},{"floor":28.0,"key":"BlessingOfTheForge"},{"floor":29.0,"key":"SmokeBomb"},{"floor":33.0,"key":"LifebloodPotion"},{"floor":40.0,"key":"AttackPotion"},{"floor":45.0,"key":"Ancient Potion"}],"is_trial":false,"path_per_floor":["M","?","?","?","$","R","E","M","T","M","E","R","E","?","R","B",null,"M","?","M","$","?","R","E","R","T","M","M","M","?","E","R","B",null,"M","?","$","?","M","E","R","?","T","M","M","$","R","M","R","B","B"],"character_chosen":"IRONCLAD","items_purchased":["Apotheosis","Life Link","ClockworkSouvenir","Twin Strike","Shrug It Off","Hemogenesis","Meat on the Bone"],"campfire_rested":3,"item_purchase_floors":[0,0,0,0,0,0,21],"current_hp_per_floor":[34,34,34,34,34,34,22,28,28,31,21,43,41,41,63,69,74,67,46,34,34,37,60,48,48,48,43,46,57,57,63,63,66,105,98,98,98,98,91,81,81,81,81,71,73,73,73,65,65,42,0,0],"gold":71,"neow_bonus":"","is_daily":false,"chose_seed":false,"campfire_upgraded":4,"win_rate":0.0,"timestamp":1610375163,"path_taken":["M","?","?","?","$","R","E","M","T","?","E","R","E","?","R","BOSS","M","?","M","$","?","R","E","R","T","?","?","M","?","E","R","BOSS","M","?","$","?","M","E","R","?","T","M","M","$","R","M","R","BOSS","BOSS"],"items_purchased_type":["Card","Card","Relic","Card","Card","Card","Relic"],"build_version":"2020-12-22","purchased_purges":2,"victory":false,"max_hp_per_floor":[75,75,75,75,75,75,75,75,75,75,75,75,75,75,75,75,75,75,75,75,75,78,78,78,78,78,78,78,78,78,78,78,78,108,108,108,108,108,108,108,108,108,108,108,108,108,108,108,108,108,113,113],"relic_stats":{"counters":[69,460],"Pantograph":50,"obtain_stats":[{"Boot":6,"StuffTheSpire:SapphireSignet":9,"HornCleat":9,"MealTicket":30,"Prayer Wheel":0,"Toxic Egg 2":4,"Replay:Blank Codex":19,"Replay:Bottled Steam":40,"hubris:SphereOfDissonance":7,"Eternal Feather":40,"vexMod:PaidLearning":31,"aspiration:SeaSaltIceCream":11,"aspiration:FrozenJewel":24,"Bird Faced Urn":12,"hubris:TenFootPole":0,"hubris:ToyBattleship":24,"StuffTheSpire:DullRazor":21,"vexMod:ImprovementManual":11,"Meat on the Bone":21,"vexMod:BigBerry":34,"Darkstone Periapt":9,"Lantern":27,"hubris:RunicObelisk":17,"Burning Blood":0,"ClockworkSouvenir":0,"StuffTheSpire:Gunfinga":11,"infinitespire:Bottled Soul":23,"StuffTheSpire:HeavyRock":27,"Pantograph":40,"Chemical X":19,"hubris:GlazedTorus":26,"halation:MonkeysPaw":17,"NeowsBlessing":0,"Replay:Towering Pillar of Hats":47,"Golden Idol":6,"halation:BottledLove":10,"aspiration:RunicSpoon":34,"StuffTheSpire:Saxophone":0,"aspiration:SecretTechniqueScroll":17,"MawBank":13,"White Beast Statue":26,"halation:SwordOfLegend":24,"aspiration:WatcherSkillbook":34,"halation:EternalFortune":22,"Bottled Lightning":43,"Champion Belt":0,"halation:AfternoonTea":13,"halation:PinkSoulGem":39,"TungstenRod":10,"FossilizedHelix":14},{"Boot":3,"StuffTheSpire:SapphireSignet":49,"HornCleat":4,"MealTicket":14,"Prayer Wheel":25,"Toxic Egg 2":1,"Replay:Blank Codex":54,"Replay:Bottled Steam":45,"hubris:SphereOfDissonance":48,"Eternal Feather":20,"vexMod:PaidLearning":14,"aspiration:SeaSaltIceCream":51,"aspiration:FrozenJewel":11,"Bird Faced Urn":30,"hubris:TenFootPole":25,"hubris:ToyBattleship":56,"StuffTheSpire:DullRazor":10,"vexMod:ImprovementManual":51,"Meat on the Bone":55,"vexMod:BigBerry":61,"Darkstone Periapt":29,"Lantern":12,"hubris:RunicObelisk":53,"Burning Blood":0,"ClockworkSouvenir":46,"StuffTheSpire:Gunfinga":30,"infinitespire:Bottled Soul":11,"StuffTheSpire:HeavyRock":38,"Pantograph":64,"Chemical X":9,"hubris:GlazedTorus":37,"halation:MonkeysPaw":33,"NeowsBlessing":0,"Replay:Towering Pillar of Hats":23,"Golden Idol":28,"halation:BottledLove":30,"aspiration:RunicSpoon":15,"StuffTheSpire:Saxophone":25,"aspiration:SecretTechniqueScroll":8,"MawBank":6,"White Beast Statue":56,"halation:SwordOfLegend":37,"aspiration:WatcherSkillbook":41,"halation:EternalFortune":55,"Bottled Lightning":20,"Champion Belt":25,"halation:AfternoonTea":52,"halation:PinkSoulGem":19,"TungstenRod":5,"FossilizedHelix":7},{"Boot":4,"StuffTheSpire:SapphireSignet":346,"HornCleat":7,"MealTicket":68,"Prayer Wheel":153,"Toxic Egg 2":2,"Replay:Blank Codex":372,"Replay:Bottled Steam":325,"hubris:SphereOfDissonance":343,"Eternal Feather":124,"vexMod:PaidLearning":68,"aspiration:SeaSaltIceCream":354,"aspiration:FrozenJewel":50,"Bird Faced Urn":197,"hubris:TenFootPole":153,"hubris:ToyBattleship":381,"StuffTheSpire:DullRazor":44,"vexMod:ImprovementManual":354,"Meat on the Bone":377,"vexMod:BigBerry":406,"Darkstone Periapt":180,"Lantern":56,"hubris:RunicObelisk":369,"Burning Blood":0,"ClockworkSouvenir":333,"StuffTheSpire:Gunfinga":197,"infinitespire:Bottled Soul":50,"StuffTheSpire:HeavyRock":268,"Pantograph":425,"Chemical X":41,"hubris:GlazedTorus":259,"halation:MonkeysPaw":227,"NeowsBlessing":0,"Replay:Towering Pillar of Hats":142,"Golden Idol":168,"halation:BottledLove":197,"aspiration:RunicSpoon":81,"StuffTheSpire:Saxophone":153,"aspiration:SecretTechniqueScroll":35,"MawBank":17,"White Beast Statue":381,"halation:SwordOfLegend":259,"aspiration:WatcherSkillbook":296,"halation:EternalFortune":377,"Bottled Lightning":124,"Champion Belt":153,"halation:AfternoonTea":356,"halation:PinkSoulGem":119,"TungstenRod":13,"FossilizedHelix":25}],"Burning Blood":360,"Meat on the Bone":48},"card_choices":[{"not_picked":["Clothesline","ReplayReversal","Havoc"],"picked":"SKIP","floor":1.0},{"not_picked":["Warcry","Cleave"],"picked":"Pommel Strike","floor":2.0},{"not_picked":["Demon Form","ReplayReversal","Sword Boomerang"],"picked":"SKIP","floor":7.0},{"not_picked":["StuffTheSpire:Incineration","ReplayTheSpireMod:Strike From Hell"],"picked":"Blood for Blood","floor":8.0},{"not_picked":["Body Slam","Flame Barrier","Twin Strike"],"picked":"SKIP","floor":10.0},{"not_picked":["Clash","Flame Barrier","Iron Wave"],"picked":"SKIP","floor":11.0},{"not_picked":["Replay:Undeath\u0027s Touch","Warcry","StuffTheSpire:Slingshot"],"picked":"SKIP","floor":13.0},{"not_picked":["Immolate","Replay:Many Hands"],"picked":"Impervious","floor":16.0},{"not_picked":["Warcry","Cleave","Abandon+1"],"picked":"SKIP","floor":18.0},{"not_picked":["Second Wind","Heavy Blade","True Grit"],"picked":"SKIP","floor":20.0},{"not_picked":["Perfected Strike","Clash"],"picked":"Shockwave","floor":24.0},{"not_picked":["ReplayTheSpireMod:Limb From Limb","Clash"],"picked":"True Grit+1","floor":27.0},{"not_picked":["Eclipse","Clash","Infernal Blade"],"picked":"SKIP","floor":28.0},{"not_picked":["ReplayReversal","Iron Wave","Pommel Strike"],"picked":"SKIP","floor":29.0},{"not_picked":["Corruption","Double Tap"],"picked":"Offering","floor":33.0},{"not_picked":["StuffTheSpire:Incineration","Wild Strike","Inflame"],"picked":"SKIP","floor":35.0},{"not_picked":["StuffTheSpire:Slingshot","Sever Soul","Headbutt"],"picked":"SKIP","floor":39.0},{"not_picked":["Intimidate+1","Immolate"],"picked":"Bloodletting","floor":40.0},{"not_picked":["ReplayTheSpireMod:Strike From Hell","Intimidate"],"picked":"StuffTheSpire:BloodClot","floor":44.0},{"not_picked":["Cleave+1","Twin Strike"],"picked":"Headbutt","floor":45.0},{"not_picked":["infinitespire:OneForAll+1","Blood for Blood+1"],"picked":"ReplayTheSpireMod:Muscle Training","floor":48.0}],"player_experience":861843,"relics_obtained":[{"floor":7.0,"key":"hubris:SphereOfDissonance"},{"floor":9.0,"key":"StuffTheSpire:SapphireSignet"},{"floor":11.0,"key":"aspiration:SeaSaltIceCream"},{"floor":13.0,"key":"halation:AfternoonTea"},{"floor":19.0,"key":"Replay:Blank Codex"},{"floor":24.0,"key":"hubris:ToyBattleship"},{"floor":26.0,"key":"White Beast Statue"},{"floor":40.0,"key":"Pantograph"},{"floor":43.0,"key":"Bottled Lightning"}],"event_choices":[{"cards_removed":["Pain"],"damage_healed":0.0,"max_hp_gain":0.0,"max_hp_loss":0.0,"gold_gain":0.0,"event_name":"Living Wall","player_choice":"Forget","floor":3.0,"gold_loss":0.0,"damage_taken":0.0},{"damage_healed":0.0,"max_hp_gain":0.0,"max_hp_loss":0.0,"gold_gain":0.0,"event_name":"Match and Keep!","player_choice":"2 cards matched","floor":4.0,"gold_loss":0.0,"damage_taken":0.0,"cards_obtained":["Brutality","Carnage"]},{"damage_healed":41.0,"max_hp_gain":0.0,"max_hp_loss":75.0,"gold_gain":0.0,"event_name":"betterThird:BetterShining","player_choice":"Leave","floor":14.0,"gold_loss":0.0,"damage_taken":0.0},{"damage_healed":0.0,"max_hp_gain":0.0,"max_hp_loss":0.0,"gold_gain":0.0,"event_name":"Cursed Tome","player_choice":"Obtained Book","floor":19.0,"gold_loss":0.0,"damage_taken":21.0},{"cards_removed":["Strike_R"],"damage_healed":0.0,"max_hp_gain":0.0,"max_hp_loss":0.0,"gold_gain":0.0,"event_name":"Designer","player_choice":"Upgrade and Remove","floor":42.0,"gold_loss":110.0,"damage_taken":0.0,"cards_upgraded":["Defend_R"]},{"damage_healed":0.0,"max_hp_gain":0.0,"max_hp_loss":0.0,"gold_gain":0.0,"event_name":"Match and Keep!","player_choice":"0 cards matched","floor":49.0,"gold_loss":0.0,"damage_taken":0.0,"cards_obtained":[]}],"is_beta":false,"boss_relics":[{"not_picked":["ChewingGum","halation:PlatinumPhoenix"],"picked":"hubris:RunicObelisk"},{"not_picked":["Replay:Grab Bag","Honey Jar"],"picked":"vexMod:BigBerry"}],"items_purged_floors":[5,37],"is_endless":false,"potions_floor_spawned":[7,8,11,20,27,28,29,31,33,35,39,40,44,45,48],"killed_by":"Awakened One","ascension_level":20}}