{"host":"bplbr8uekuotory4","time":1610359360,"event":{"mods":["Act Like it!","BaseMod","Custom Start","Gensokyo","GungeonMod","Hermit","KinomotoSakuraMod(木之本樱)","Koishi","Marisa（F雨　魔理沙）","Minty Spire (QoL Compilation)","Prisma Mod","Quick Restart","Reimu（博丽灵梦）","SOS（斯巴达之子）","Spicy Shops","StSLib","TestMod","The Alterego","The Blackbeard","The Cursed","The Marked","The Mystic","The Runesmith","The Saiyan","The Servant 0.9.4","Yuri Mod","[IsaacMod]以撒尖塔","vexMod"],"gold_per_floor":[119,170,170,187,205,240,16,16,16,16,16,47,68,94,94,211,211,233,233,251,31,55,98,98,123,148,148,168,168,168,168,168,284,284,303,303,303,303,303,303,318,359,359,382,420,447,447,322,322,348,348,348,46,89,197],"floor_reached":56,"playtime":1985,"items_purged":["theMarked:Strike","theMarked:Defend","theMarked:Strike","theMarked:Defend","theMarked:Strike+1","theMarked:Strike+1"],"score":1848,"play_id":"c5d76579-329b-454e-9579-446ea6a1e93c","local_time":"20210111180240","is_ascension_mode":true,"campfire_choices":[{"data":"theMarked:ShockingTouch","floor":8.0,"key":"SMITH"},{"data":"theMarked:LightningStrikesTwice","floor":10.0,"key":"SMITH"},{"floor":15.0,"key":"RECALL"},{"data":"Discovery","floor":24.0,"key":"SMITH"},{"data":"theMarked:MuscleMemory","floor":30.0,"key":"SMITH"},{"data":"theMarked:BindingBlade","floor":32.0,"key":"SMITH"},{"data":"theMarked:UnarmedFury","floor":40.0,"key":"SMITH"},{"data":"theMarked:Challenge","floor":47.0,"key":"SMITH"},{"floor":49.0,"key":"REST"},{"data":"theMarked:Reabsorb","floor":52.0,"key":"SMITH"}],"circlet_count":0,"master_deck":["theMarked:SoldierOfQuellstein+1","theMarked:Indomitable","theMarked:ShockingTouch+1","theMarked:LightningStrikesTwice+1","theMarked:UnarmedFury+1","Discovery+1","theMarked:MuscleMemory+1","theMarked:Reabsorb+1","theMarked:BindingBlade+1","theMarked:Challenge+1","theMarked:ParalyzingBlade+1"],"relics":["theMarked:ArtifactOfAir","testmod-TestBox","HushsDoor","Damocles","testmod-DeterminationOfClimber","NeowsBlessing","War Paint","DemoMod:JetPack","testmod-LifeArmor","Happy Flower","Singing Bowl","DemoMod:GlassGuonStoneRelic","DemoMod:PinkGuonStone","Shuriken","theMarked:DemonDagger","Du-Vu Doll","Toolbox","InkBottle","D4","Whetstone","RuthlessExorcism:ReiMu","vexMod:FocusSash","SacredBark","GuppysHairball","NineLifeCat","StrikeDummy","Leech","TuHaoJin","TheBean","testmod-Muramasa","Runesmith:Locket","Bag of Preparation","testmod-IndustrialRevolution","Blood Vial","alterego_mod:SomeoneToFightFor","SlaversCollar","GuppysCollar","DemoMod:PoisonVial","testmod-Hope","HornCleat","Centennial Puzzle","CrazyTorch:ReiMu","Gremlin Horn","TheBible","Eternal Feather","DemoMod:MonsterBlood","Bag of Marbles","testmod-Déjàvu"],"acts_visited":["Exordium","TheCity","TheBeyond","TheEnding"],"potions_floor_usage":[55,55,55],"damage_taken":[{"damage":0.0,"enemies":"Small Slimes","floor":1.0,"turns":1.0},{"damage":0.0,"enemies":"Hiden Room Battle","floor":2.0,"turns":1.0},{"damage":0.0,"enemies":"Cultist","floor":4.0,"turns":1.0},{"damage":0.0,"enemies":"Jaw Worm","floor":5.0,"turns":1.0},{"damage":0.0,"enemies":"3 Sentries","floor":6.0,"turns":1.0},{"damage":0.0,"enemies":"Lagavulin","floor":12.0,"turns":3.0},{"damage":0.0,"enemies":"Exordium Thugs","floor":13.0,"turns":1.0},{"damage":0.0,"enemies":"Exordium Wildlife","floor":14.0,"turns":1.0},{"damage":0.0,"enemies":"The Guardian","floor":16.0,"turns":1.0},{"damage":0.0,"enemies":"2 Thieves","floor":18.0,"turns":1.0},{"damage":0.0,"enemies":"Chosen","floor":20.0,"turns":1.0},{"damage":0.0,"enemies":"Snake Plant","floor":22.0,"turns":1.0},{"damage":0.0,"enemies":"Book of Stabbing","floor":23.0,"turns":1.0},{"damage":0.0,"enemies":"Snecko","floor":25.0,"turns":1.0},{"damage":0.0,"enemies":"Shelled Parasite and Fungi","floor":28.0,"turns":1.0},{"damage":0.0,"enemies":"Automaton","floor":33.0,"turns":1.0},{"damage":0.0,"enemies":"3 Darklings","floor":35.0,"turns":1.0},{"damage":0.0,"enemies":"Orb Walker","floor":41.0,"turns":1.0},{"damage":0.0,"enemies":"Reptomancer","floor":42.0,"turns":1.0},{"damage":0.0,"enemies":"Jaw Worm Horde","floor":44.0,"turns":1.0},{"damage":0.0,"enemies":"Nemesis","floor":45.0,"turns":1.0},{"damage":0.0,"enemies":"Spire Growth","floor":46.0,"turns":1.0},{"damage":0.0,"enemies":"Awakened One","floor":50.0,"turns":2.0},{"damage":0.0,"enemies":"Shield and Spear","floor":54.0,"turns":1.0},{"damage":3,"enemies":"The Heart","floor":55,"turns":3}],"seed_played":"7794009052223401572","potions_obtained":[{"floor":6.0,"key":"Explosive Potion"},{"floor":12.0,"key":"testmod-TestPotion"},{"floor":14.0,"key":"Energy Potion"},{"floor":16.0,"key":"testmod-TimePotion"},{"floor":22.0,"key":"DemoMod:BlankPotion"},{"floor":23.0,"key":"GrandPatriotsElixir:ReiMu"},{"floor":42.0,"key":"ColorlessPotion"}],"is_trial":false,"path_per_floor":["M","?","T","M","M","E","$","R","T","R","T","E","M","M","R","B",null,"M","?","M","$","M","E","R","M","T","?","M","T","R","?","R","B",null,"M","?","?","?","?","R","M","E","T","M","E","M","R","$","R","B",null,"R","$","E","B",null],"character_chosen":"THE_DEFAULT","items_purchased":["Toolbox","GuppysHairball","NineLifeCat","TuHaoJin","GuppysCollar","DemoMod:MonsterBlood"],"campfire_rested":1,"item_purchase_floors":[7,17,17,21,34,53],"current_hp_per_floor":[70,56,56,63,65,66,66,66,66,66,66,76,81,83,83,83,14,16,16,18,18,20,22,22,24,24,24,26,32,32,32,32,32,12,14,13,13,13,13,13,15,17,17,19,21,23,23,23,23,23,23,23,30,30,30],"gold":197,"neow_bonus":"THREE_ENEMY_KILL","is_daily":false,"chose_seed":false,"campfire_upgraded":8,"win_rate":0.0,"timestamp":1610359360,"path_taken":["M","?","?","M","M","E","?","R","T","R","?","E","?","M","R","BOSS","M","?","?","$","M","E","R","M","T","?","?","?","R","?","R","BOSS","M","?","?","?","?","R","M","E","T","M","E","?","R","$","R","BOSS","R","$","E","BOSS"],"items_purchased_type":["Relic","Relic","Relic","Relic","Relic","Relic"],"build_version":"2020-12-22","purchased_purges":6,"victory":true,"max_hp_per_floor":[70,70,70,77,77,77,77,77,77,77,77,79,81,83,83,83,14,16,16,18,18,20,22,22,24,24,24,26,32,32,32,32,32,12,14,13,13,13,13,13,15,17,17,19,21,23,23,23,23,23,23,23,30,30,30],"card_choices":[{"not_picked":[],"picked":"Bomb","floor":0.0},{"not_picked":["theMarked:ElectricStrings","theMarked:TakeCover"],"picked":"theMarked:Indomitable","floor":1.0},{"not_picked":["theMarked:WastefulDefense","theMarked:Polarize"],"picked":"theMarked:ShockingTouch","floor":4.0},{"not_picked":["theMarked:Standoff","theMarked:WastefulDefense"],"picked":"theMarked:LightningStrikesTwice","floor":5.0},{"not_picked":["theMarked:TwofoldDefense","theMarked:SwordAndMagic"],"picked":"Bomb","floor":6.0},{"not_picked":["theMarked:GodGivenPower","theMarked:SwordAndMagic","theMarked:Seal"],"picked":"Singing Bowl","floor":12.0},{"not_picked":["theMarked:Convert","theMarked:ChainLightning","theMarked:AttractMetal"],"picked":"Singing Bowl","floor":13.0},{"not_picked":["theMarked:Polarize","theMarked:TunnelVision","theMarked:WastefulAttack"],"picked":"Singing Bowl","floor":14.0},{"not_picked":["theMarked:MuscleMemory","theMarked:Levitate"],"picked":"theMarked:UnarmedFury","floor":16.0},{"not_picked":["theMarked:WardOff","theMarked:ChainLightning","theMarked:ElectricStrings"],"picked":"Singing Bowl","floor":18.0},{"not_picked":["theMarked:Electrify","theMarked:BanishingStrike+1","theMarked:Parkour"],"picked":"Singing Bowl","floor":20.0},{"not_picked":["theMarked:Parkour","theMarked:HeightenedSenses+1","theMarked:Electrocute"],"picked":"Singing Bowl","floor":22.0},{"not_picked":["theMarked:ChannelForce","theMarked:Static","theMarked:RogueSparks"],"picked":"Singing Bowl","floor":23.0},{"not_picked":["theMarked:Electrify","theMarked:EmpowerWeapon","theMarked:Static+1"],"picked":"Singing Bowl","floor":25.0},{"not_picked":["theMarked:WastefulDefense","theMarked:ShockingTouch","theMarked:Overcharge"],"picked":"Singing Bowl","floor":28.0},{"not_picked":["theMarked:FavorableWinds","theMarked:DispelDoubt"],"picked":"theMarked:Challenge","floor":33.0},{"not_picked":["theMarked:Parry+1","theMarked:ElementalBlade","theMarked:WastefulDefense"],"picked":"Singing Bowl","floor":35.0},{"not_picked":["theMarked:BanishingStrike+1","theMarked:HeightenedSenses","theMarked:Seal"],"picked":"Singing Bowl","floor":41.0},{"not_picked":["theMarked:ElectricStrings+1","theMarked:WardOff+1","theMarked:ContemptForTheProud+1"],"picked":"Singing Bowl","floor":42.0},{"not_picked":["theMarked:Opportunist+1","theMarked:ElectricStrings+1","theMarked:Electrify+1"],"picked":"Singing Bowl","floor":44.0},{"not_picked":["theMarked:WastefulAttack","theMarked:BanishingWave+1","theMarked:Frustration+1"],"picked":"Singing Bowl","floor":45.0},{"not_picked":["theMarked:AttractMetal+1","theMarked:Indomitable","theMarked:ResourceFulStrike+1"],"picked":"Singing Bowl","floor":46.0},{"not_picked":["theMarked:GodGivenPower+1","theMarked:PowerFlow+1"],"picked":"theMarked:ParalyzingBlade+1","floor":54.0}],"player_experience":1190952,"relics_obtained":[{"floor":1.0,"key":"War Paint"},{"floor":2.0,"key":"DemoMod:JetPack"},{"floor":2.0,"key":"testmod-LifeArmor"},{"floor":2.0,"key":"Happy Flower"},{"floor":3.0,"key":"Singing Bowl"},{"floor":4.0,"key":"DemoMod:PinkGuonStone"},{"floor":5.0,"key":"Shuriken"},{"floor":6.0,"key":"theMarked:DemonDagger"},{"floor":6.0,"key":"Du-Vu Doll"},{"floor":11.0,"key":"InkBottle"},{"floor":12.0,"key":"D4"},{"floor":12.0,"key":"Whetstone"},{"floor":13.0,"key":"RuthlessExorcism:ReiMu"},{"floor":14.0,"key":"vexMod:FocusSash"},{"floor":18.0,"key":"StrikeDummy"},{"floor":20.0,"key":"Leech"},{"floor":22.0,"key":"TheBean"},{"floor":23.0,"key":"testmod-Muramasa"},{"floor":23.0,"key":"Runesmith:Locket"},{"floor":25.0,"key":"DemoMod:WeirdEgg"},{"floor":26.0,"key":"testmod-IndustrialRevolution"},{"floor":28.0,"key":"Blood Vial"},{"floor":29.0,"key":"vexMod:BerryBomb"},{"floor":35.0,"key":"DemoMod:PoisonVial"},{"floor":41.0,"key":"testmod-Hope"},{"floor":42.0,"key":"HornCleat"},{"floor":42.0,"key":"Centennial Puzzle"},{"floor":43.0,"key":"CrazyTorch:ReiMu"},{"floor":45.0,"key":"Gremlin Horn"},{"floor":45.0,"key":"TheBible"},{"floor":46.0,"key":"Eternal Feather"},{"floor":54.0,"key":"Bag of Marbles"},{"floor":54.0,"key":"testmod-Déjàvu"}],"event_choices":[{"damage_healed":0.0,"max_hp_gain":0.0,"max_hp_loss":0.0,"gold_gain":0.0,"event_name":"HidenRoomEvent","player_choice":"Fight","floor":2.0,"gold_loss":0.0,"damage_taken":0.0},{"damage_healed":0.0,"max_hp_gain":0.0,"max_hp_loss":0.0,"gold_gain":0.0,"event_name":"Match and Keep!","player_choice":"2 cards matched","floor":19.0,"gold_loss":0.0,"damage_taken":0.0,"cards_obtained":["Discovery","theMarked:MuscleMemory"]},{"damage_healed":0.0,"max_hp_gain":0.0,"max_hp_loss":0.0,"gold_gain":0.0,"cards_transformed":["theMarked:Defend","theMarked:Strike"],"event_name":"Drug Dealer","player_choice":"Became Test Subject","floor":27.0,"gold_loss":0.0,"damage_taken":0.0,"cards_obtained":["theMarked:Reabsorb","theMarked:BindingBlade"]},{"damage_healed":0.0,"max_hp_gain":0.0,"max_hp_loss":0.0,"gold_gain":0.0,"event_name":"爱的神圣花园","player_choice":"Choice 2","floor":31.0,"gold_loss":0.0,"damage_taken":0.0,"relics_obtained":["alterego_mod:SomeoneToFightFor"]},{"damage_healed":0.0,"max_hp_gain":0.0,"max_hp_loss":1.0,"gold_gain":0.0,"event_name":"Winding Halls","player_choice":"Max HP","floor":36.0,"gold_loss":0.0,"damage_taken":0.0},{"damage_healed":0.0,"max_hp_gain":0.0,"max_hp_loss":0.0,"gold_gain":0.0,"event_name":"Tomb of Lord Red Mask","player_choice":"Ignored","floor":38.0,"gold_loss":0.0,"damage_taken":0.0}],"is_beta":false,"boss_relics":[{"not_picked":["Runic Dome","vexMod:TanglingVine"],"picked":"SacredBark"},{"not_picked":[]},{"not_picked":["Cursed Key","testmod-Fanaticism"],"picked":"SlaversCollar"},{"not_picked":[]}],"items_purged_floors":[7,17,21,34,48,53],"is_endless":false,"potions_floor_spawned":[6,12,14,16,22,23,25,33,41,42,44],"ascension_level":1}}