{"host":"z34yzn8hj4ic20ef","time":1610379291,"event":{"mods":["AchievementEnabler","BaseMod","Downfall","Minty Spire (QoL Compilation)","StSLib","SuperFastMode"],"gold_per_floor":[116,116,116,127,147,147,174,192,269,269,279,299,299,328,328,328,328],"floor_reached":16,"playtime":401,"items_purged":[],"score":204,"play_id":"47757fed-6376-45ec-aed0-8bdd80bf5039","local_time":"20210112003451","is_ascension_mode":true,"campfire_choices":[{"data":"Zap","floor":6,"key":"SMITH"},{"floor":10,"key":"REST"},{"floor":13,"key":"REST"},{"data":"Chaos","floor":15,"key":"SMITH"}],"circlet_count":0,"master_deck":["AscendersBane","Strike_B","Strike_B","Strike_B","Strike_B","Defend_B","Defend_B","Defend_B","Defend_B","Zap+1","Dualcast","Beam Cell","Sweeping Beam","All For One","Defragment","Streamline","Biased Cognition","White Noise","Glacier","Aggregate","Chaos+1"],"relics":["Cracked Core","NeowsBlessing","StoneCalendar","Molten Egg 2","Odd Mushroom"],"acts_visited":["Exordium"],"potions_floor_usage":[16],"damage_taken":[{"damage":0.0,"enemies":"Small Slimes","floor":1.0,"turns":1.0},{"damage":0,"enemies":"Cultist","floor":4,"turns":1},{"damage":0,"enemies":"2 Louse","floor":5,"turns":1},{"damage":47,"enemies":"Gremlin Nob","floor":7,"turns":4},{"damage":15,"enemies":"Large Slime","floor":8,"turns":5},{"damage":10,"enemies":"3 Louse","floor":11,"turns":2},{"damage":7,"enemies":"Lots of Slimes","floor":12,"turns":3},{"damage":12,"enemies":"The Mushroom Lair","floor":14,"turns":2},{"damage":15,"enemies":"Slime Boss","floor":16,"turns":3}],"seed_played":"-7427338587725614944","potions_obtained":[{"floor":5,"key":"Dexterity Potion"},{"floor":7,"key":"Weak Potion"}],"is_trial":false,"path_per_floor":["M","$","?","M","M","R","E","M","T","R","M","M","R","?","R","B"],"character_chosen":"DEFECT","items_purchased":[],"campfire_rested":2,"item_purchase_floors":[],"current_hp_per_floor":[64,64,64,64,64,64,17,2,2,23,13,6,27,15,15,0,0],"gold":328,"neow_bonus":"THREE_ENEMY_KILL","is_daily":false,"chose_seed":false,"campfire_upgraded":2,"win_rate":0.0,"timestamp":1610379291,"path_taken":["M","$","?","M","?","R","E","M","T","R","M","M","R","?","R","BOSS"],"items_purchased_type":[],"build_version":"2020-12-22","purchased_purges":0,"victory":false,"max_hp_per_floor":[71,71,71,71,71,71,71,71,71,71,71,71,71,71,71,71,71],"card_choices":[{"not_picked":["Hologram","Steam"],"picked":"Beam Cell","floor":1.0},{"not_picked":["Blizzard","Rebound"],"picked":"Defragment","floor":4},{"not_picked":["BootSequence","Multi-Cast"],"picked":"Streamline","floor":5},{"not_picked":["Beam Cell","Cold Snap"],"picked":"Biased Cognition","floor":7},{"not_picked":["Rebound","Beam Cell"],"picked":"White Noise","floor":8},{"not_picked":["Conserve Battery","Scrape+1"],"picked":"Glacier","floor":11},{"not_picked":["Sweeping Beam+1","Genetic Algorithm"],"picked":"Aggregate","floor":12},{"not_picked":["Hologram","Blizzard+1"],"picked":"Chaos","floor":14}],"player_experience":834291,"relics_obtained":[{"floor":7,"key":"StoneCalendar"},{"floor":9,"key":"Molten Egg 2"},{"floor":14,"key":"Odd Mushroom"}],"event_choices":[{"damage_healed":0,"gold_gain":0,"player_choice":"2 cards matched","damage_taken":0,"max_hp_gain":0,"max_hp_loss":0,"event_name":"Match and Keep!","floor":3,"gold_loss":0,"cards_obtained":["Sweeping Beam","All For One"]},{"damage_healed":0,"gold_gain":0,"player_choice":"Fought Mushrooms","damage_taken":0,"max_hp_gain":0,"max_hp_loss":0,"event_name":"Mushrooms","floor":14,"gold_loss":0}],"is_beta":false,"boss_relics":[],"items_purged_floors":[],"is_endless":false,"potions_floor_spawned":[5,7],"killed_by":"Slime Boss","ascension_level":20}}