{"host":"pyffc2h733o4rm8a","time":1610389556,"event":{"mods":["Act Like it!","BaseMod","Block Reminder","Minty Spire (QoL Compilation)","Shop Mod","StSLib","[IsaacMod]以撒尖塔","[YSDMod]压实度","【功能Mod】混沌之环修复补丁","【遗物卡牌】REMEMod","篝火指南"],"gold_per_floor":[115,40,40,40,58,85,85,97,149,160,193,193,226,226,226,327,327,337,337,237,257,257,282,282,131,131,131,145,180,180,190,190,190,190],"floor_reached":33,"playtime":789,"items_purged":["Defend_P","Strike_P"],"score":586,"play_id":"8783c831-83d9-4b5e-8bed-9234d1d22303","local_time":"20210112022556","is_ascension_mode":true,"campfire_choices":[{"data":"Eruption","floor":7.0,"key":"SMITH"},{"data":"Fasting2","floor":15.0,"key":"SMITH"},{"floor":24,"key":"REST"},{"data":"Tantrum","floor":27,"key":"SMITH"},{"data":"FlurryOfBlows","floor":30,"key":"SMITH"},{"floor":32,"key":"REST"}],"circlet_count":0,"master_deck":["Strike_P","Strike_P+1","Defend_P+1","Defend_P+1","Eruption+1","Vigilance+1","Adaptation+1","BattleHymn+1","Tantrum+1","Fasting2+1","FlurryOfBlows+1","LessonLearned+1","FearNoEvil+1","FlurryOfBlows","Vault"],"relics":["PureWater","REME_ComplimentaryCards","HushsDoor","YSD","MoneyPower","NeowsBlessing","Strawberry","Omamori","Gremlin Horn","GuppysTail","Sozu","Pen Nib","Dream Catcher","Medical Kit","Mango","GuppysHead"],"acts_visited":["Exordium","TheCity"],"potions_floor_usage":[33],"damage_taken":[{"damage":0.0,"enemies":"Cultist","floor":1.0,"turns":1.0},{"damage":0.0,"enemies":"2 Louse","floor":5.0,"turns":1.0},{"damage":0.0,"enemies":"3 Sentries","floor":6.0,"turns":2.0},{"damage":0.0,"enemies":"Jaw Worm","floor":8.0,"turns":1.0},{"damage":1.0,"enemies":"2 Fungi Beasts","floor":10.0,"turns":2.0},{"damage":0.0,"enemies":"Lagavulin","floor":11.0,"turns":4.0},{"damage":0.0,"enemies":"Gremlin Nob","floor":13.0,"turns":2.0},{"damage":30.0,"enemies":"Hexaghost","floor":16.0,"turns":5.0},{"damage":3.0,"enemies":"Chosen","floor":18.0,"turns":3.0},{"damage":5.0,"enemies":"2 Thieves","floor":21.0,"turns":3.0},{"damage":24,"enemies":"Book of Stabbing","floor":23,"turns":2},{"damage":9,"enemies":"Centurion and Healer","floor":28,"turns":3},{"damage":0,"enemies":"REME_1_Revenger","floor":29,"turns":2},{"damage":0,"enemies":"Snecko","floor":31,"turns":2},{"damage":99999999,"enemies":"Collector","floor":33,"turns":2}],"seed_played":"-3759055001948316809","potions_obtained":[{"floor":1.0,"key":"Regen Potion"},{"floor":8.0,"key":"Block Potion"},{"floor":16.0,"key":"DistilledChaos"}],"is_trial":false,"path_per_floor":["M","$","?","?","M","E","R","M","T","M","E","T","E","?","R","B",null,"M","?","$","M","?","E","R","$","T","R","M","E","R","M","R","B"],"character_chosen":"WATCHER","items_purchased":["Medical Kit"],"campfire_rested":2,"item_purchase_floors":[25],"current_hp_per_floor":[65,65,58,44,44,51,51,51,51,50,50,50,50,50,50,20,64,61,61,61,56,41,17,40,40,54,54,45,45,45,45,72,0,0],"gold":190,"neow_bonus":"THREE_ENEMY_KILL","is_daily":false,"chose_seed":false,"campfire_upgraded":4,"win_rate":0.0,"timestamp":1610389556,"path_taken":["M","$","?","?","M","E","R","M","T","M","E","?","E","?","R","BOSS","M","?","?","?","?","E","R","$","T","R","M","E","R","M","R","BOSS"],"items_purchased_type":["Relic"],"build_version":"2020-12-22","purchased_purges":2,"victory":false,"max_hp_per_floor":[72,72,72,72,72,79,79,79,79,79,79,79,79,79,79,79,79,79,79,79,79,79,79,79,79,93,93,93,93,93,93,93,93,93],"card_choices":[{"not_picked":[],"picked":"SuicideKing","floor":0.0},{"not_picked":["Protect","JustLucky"],"picked":"BattleHymn","floor":1.0},{"not_picked":["Evaluate","SignatureMove","REME_Repentance"],"picked":"SKIP","floor":5.0},{"not_picked":["Weave","Collect"],"picked":"Tantrum","floor":6.0},{"not_picked":["ClearTheMind","Judgement","Consecrate"],"picked":"SKIP","floor":8.0},{"not_picked":["REME_Repentance","EmptyBody","ThirdEye"],"picked":"SKIP","floor":10.0},{"not_picked":["Wireheading","CarveReality"],"picked":"Fasting2","floor":11.0},{"not_picked":["Sanctity","Wireheading"],"picked":"FlurryOfBlows","floor":13.0},{"not_picked":["DevaForm","Ragnarok"],"picked":"LessonLearned","floor":16.0},{"not_picked":["EmptyFist","Protect"],"picked":"FearNoEvil","floor":18.0},{"not_picked":["ClearTheMind+1","CarveReality"],"picked":"FlurryOfBlows","floor":21.0},{"not_picked":["Crescendo","CutThroughFate","SandsOfTime"],"picked":"SKIP","floor":23},{"not_picked":["WaveOfTheHand","WreathOfFlame","ClearTheMind"],"picked":"SKIP","floor":28},{"not_picked":["SashWhip","BowlingBash","FlurryOfBlows"],"picked":"SKIP","floor":29},{"not_picked":["Tantrum","JustLucky","BattleHymn"],"picked":"SKIP","floor":31},{"not_picked":["JustLucky","EmptyFist+1"],"picked":"Vault","floor":32}],"player_experience":764584,"relics_obtained":[{"floor":6.0,"key":"Strawberry"},{"floor":9.0,"key":"Omamori"},{"floor":11.0,"key":"Gremlin Horn"},{"floor":13.0,"key":"GuppysTail"},{"floor":23,"key":"Dream Catcher"},{"floor":26,"key":"Mango"},{"floor":29,"key":"GuppysHead"}],"event_choices":[{"cards_removed":["Defend_P"],"damage_healed":0.0,"max_hp_gain":0.0,"max_hp_loss":0.0,"gold_gain":0.0,"event_name":"Golden Wing","player_choice":"Card Removal","floor":3.0,"gold_loss":0.0,"damage_taken":7.0},{"damage_healed":0.0,"max_hp_gain":0.0,"max_hp_loss":0.0,"gold_gain":0.0,"event_name":"Shining Light","player_choice":"Entered Light","floor":4.0,"gold_loss":0.0,"damage_taken":14.0,"cards_upgraded":["Vigilance","Strike_P"]},{"cards_removed":["Strike_P"],"damage_healed":0.0,"max_hp_gain":0.0,"max_hp_loss":0.0,"gold_gain":0.0,"event_name":"Living Wall","player_choice":"Forget","floor":14.0,"gold_loss":0.0,"damage_taken":0.0},{"damage_healed":0.0,"max_hp_gain":0.0,"max_hp_loss":0.0,"gold_gain":0.0,"event_name":"Ghosts","player_choice":"Ignored","floor":19.0,"gold_loss":0.0,"damage_taken":0.0}],"is_beta":false,"boss_relics":[{"not_picked":["REME_LowDesire","HolyWater"],"picked":"Sozu"},{"not_picked":[]}],"items_purged_floors":[2,20],"is_endless":false,"potions_floor_spawned":[1,8,16,18,23,31],"killed_by":"Collector","ascension_level":8}}