{"host":"f6w7z8zvb0mi4wy9","time":1610409425,"event":{"mods":["BaseMod","Colored Map","Minty Spire (QoL Compilation)","READ ME - Guardian Mod","StSLib","SuperFastMode","The Jungle"],"gold_per_floor":[109,79,92,104,114,114,68,99,99,113,88,102,133,150,150,248,248,261,286,286,303,92,122,122,134,134,164,164,164],"floor_reached":28,"playtime":1103,"items_purged":["Strike_G"],"score":284,"play_id":"f46cf2e1-f691-4738-aba1-9c15672c5362","local_time":"20210112085705","is_ascension_mode":true,"campfire_choices":[{"data":"Neutralize","floor":6,"key":"SMITH"},{"data":"Well Laid Plans","floor":15,"key":"SMITH"},{"data":"Venomology","floor":24,"key":"SMITH"}],"circlet_count":0,"master_deck":["Strike_G","Strike_G","Strike_G","Strike_G","Defend_G","Defend_G","Defend_G","Defend_G","Defend_G","Survivor","Neutralize+1","PiercingWail","Underhanded Strike","Dodge and Roll","Deflect","Prepared","Poisoned Stab","Backflip","Underhanded Strike","Underhanded Strike","Poisoned Stab","Well Laid Plans+1","Venomology+1","Bouncing Flask+1","Poisoned Stab","Distraction","Deflect+1","Terror"],"relics":["Ring of the Snake","NeowsBlessing","Bag of Marbles","MealTicket","Black Star","Red Mask","Nloth\u0027s Gift","Membership Card","Blue Candle","Sundial","Regal Pillow","White Beast Statue"],"acts_visited":["Exordium","TheCity"],"potions_floor_usage":[5,8,13,16,18,19,21,23,25,27,27,27,27,27,27,28],"damage_taken":[{"damage":0,"enemies":"Cultist","floor":1,"turns":1},{"damage":0,"enemies":"Jaw Worm","floor":3,"turns":1},{"damage":0,"enemies":"Small Slimes","floor":4,"turns":1},{"damage":0,"enemies":"3 Louse","floor":5,"turns":4},{"damage":15,"enemies":"Gremlin Nob","floor":8,"turns":5},{"damage":3,"enemies":"Blue Slaver","floor":10,"turns":4},{"damage":0,"enemies":"2 Fungi Beasts","floor":12,"turns":5},{"damage":9,"enemies":"Lagavulin","floor":13,"turns":8},{"damage":11,"enemies":"Gremlin Gang","floor":14,"turns":4},{"damage":29,"enemies":"Slime Boss","floor":16,"turns":10},{"damage":27,"enemies":"Shell Parasite","floor":18,"turns":5},{"damage":9,"enemies":"Masked Bandits","floor":19,"turns":6},{"damage":20,"enemies":"3 Byrds","floor":21,"turns":8},{"damage":15,"enemies":"Book of Stabbing","floor":23,"turns":5},{"damage":10,"enemies":"Snake Plant","floor":25,"turns":4},{"damage":4,"enemies":"Gremlin Leader","floor":27,"turns":10},{"damage":14,"enemies":"Snecko","floor":28,"turns":3}],"seed_played":"3912019471386089704","potions_obtained":[{"floor":1,"key":"DistilledChaos"},{"floor":2,"key":"Fire Potion"},{"floor":2,"key":"Dexterity Potion"},{"floor":5,"key":"CunningPotion"},{"floor":14,"key":"Regen Potion"},{"floor":16,"key":"AttackPotion"},{"floor":18,"key":"SteroidPotion"},{"floor":19,"key":"Poison Potion"}],"is_trial":false,"path_per_floor":["M","?","M","M","M","R","$","E","T","M","$","M","E","M","R","B",null,"M","?","?","M","$","E","R","M","T","E","M"],"character_chosen":"THE_SILENT","items_purchased":["Prepared","Underhanded Strike","Membership Card","Poisoned Stab"],"campfire_rested":0,"item_purchase_floors":[7,11,22,22],"current_hp_per_floor":[70,70,70,70,70,70,70,55,55,52,67,67,58,47,47,18,70,43,34,34,28,43,28,28,18,18,14,0,0],"gold":164,"neow_bonus":"THREE_ENEMY_KILL","is_daily":false,"chose_seed":false,"campfire_upgraded":3,"win_rate":0.0,"timestamp":1610409425,"path_taken":["M","?","M","?","M","R","?","E","T","M","?","M","E","M","R","BOSS","M","?","?","?","?","E","R","M","T","E","M"],"items_purchased_type":["Card","Card","Relic","Card"],"build_version":"2020-12-22","purchased_purges":1,"victory":false,"max_hp_per_floor":[70,70,70,70,70,70,70,70,70,70,70,70,70,70,70,70,70,70,70,70,70,70,70,70,70,70,70,70,70],"card_choices":[{"not_picked":["Finisher","Dodge and Roll"],"picked":"PiercingWail","floor":1},{"not_picked":["PiercingWail","Blur"],"picked":"Underhanded Strike","floor":3},{"not_picked":["PiercingWail","Leg Sweep"],"picked":"Dodge and Roll","floor":4},{"not_picked":["Skewer","Expertise"],"picked":"Deflect","floor":5},{"not_picked":["PiercingWail","Flying Knee"],"picked":"Poisoned Stab","floor":8},{"not_picked":["Glass Knife","PiercingWail"],"picked":"Backflip","floor":10},{"not_picked":["Slice","Dagger Spray"],"picked":"Underhanded Strike","floor":12},{"not_picked":["A Thousand Cuts","Blade Dance"],"picked":"Poisoned Stab","floor":13},{"not_picked":["Poisoned Stab","Outmaneuver"],"picked":"Well Laid Plans","floor":14},{"not_picked":["Tools of the Trade","After Image"],"picked":"Venomology","floor":16},{"not_picked":["Setup","Deflect","Riddle With Holes"],"picked":"SKIP","floor":18},{"not_picked":["Flechettes+1","Leg Sweep"],"picked":"Bouncing Flask+1","floor":19},{"not_picked":["Choke","Glass Knife","Dash"],"picked":"SKIP","floor":21},{"not_picked":["Unload","Concentrate+1"],"picked":"Distraction","floor":23},{"not_picked":["Flying Knee","A Thousand Cuts"],"picked":"Deflect+1","floor":25},{"not_picked":["Blur+1","PiercingWail"],"picked":"Terror","floor":27}],"player_experience":858953,"relics_obtained":[{"floor":8,"key":"Bag of Marbles"},{"floor":9,"key":"MealTicket"},{"floor":13,"key":"Bottled Flame"},{"floor":19,"key":"Red Mask"},{"floor":23,"key":"Blue Candle"},{"floor":23,"key":"Sundial"},{"floor":27,"key":"Regal Pillow"},{"floor":27,"key":"White Beast Statue"}],"event_choices":[{"damage_healed":0,"gold_gain":0,"player_choice":"Bought 2 Potions","damage_taken":0,"max_hp_gain":0,"max_hp_loss":0,"event_name":"The Woman in Blue","floor":2,"gold_loss":0},{"damage_healed":0,"gold_gain":0,"player_choice":"Fought Bandits","damage_taken":0,"max_hp_gain":0,"max_hp_loss":0,"event_name":"Masked Bandits","floor":19,"gold_loss":0},{"damage_healed":0,"gold_gain":0,"player_choice":"Traded Relic","damage_taken":0,"relics_obtained":["Nloth\u0027s Gift"],"max_hp_gain":0,"max_hp_loss":0,"event_name":"N\u0027loth","floor":20,"relics_lost":["Bottled Flame"],"gold_loss":0}],"is_beta":false,"boss_relics":[{"not_picked":["Philosopher\u0027s Stone","Velvet Choker"],"picked":"Black Star"}],"items_purged_floors":[22],"is_endless":false,"potions_floor_spawned":[1,5,14,16,18,19],"killed_by":"Snecko","ascension_level":1}}