{"host":"enfgzo6yn4zdbao9","time":1610405116,"event":{"mods":["AchievementEnabler","BaseMod","Colored Powertips","Minty Spire (QoL Compilation)","Relic Stats","StSLib","slay the spire mod where everything is the same but ironclad has a cowboy hat"],"gold_per_floor":[111,125,140,204,204,204,231,244,244,244,257,290,301,301,301,398,398,415,415,117,137,148,148,148],"floor_reached":23,"playtime":1093,"items_purged":[],"score":417,"play_id":"d2d94ce5-0fa2-4139-a558-1a3059288db0","local_time":"20210111144516","is_ascension_mode":true,"campfire_choices":[{"data":"WheelKick","floor":6.0,"key":"SMITH"},{"floor":10.0,"key":"REST"},{"data":"Vigilance","floor":15.0,"key":"SMITH"}],"circlet_count":0,"master_deck":["AscendersBane","Strike_P","Strike_P","Strike_P","Strike_P","Defend_P","Defend_P","Defend_P+1","Defend_P","Eruption","Vigilance+1","FlurryOfBlows+1","WheelKick+1","SashWhip","FlurryOfBlows","EmptyFist","Swivel+1","InnerPeace+1","CrushJoints","DevaForm","SashWhip","FearNoEvil+1"],"relics":["Sozu","Pantograph","Lizard Tail","Turnip","Black Star","War Paint","ClockworkSouvenir"],"acts_visited":["Exordium","TheCity"],"potions_floor_usage":[],"damage_taken":[{"damage":1.0,"enemies":"Cultist","floor":1.0,"turns":4.0},{"damage":4.0,"enemies":"Small Slimes","floor":2.0,"turns":3.0},{"damage":0.0,"enemies":"2 Louse","floor":3.0,"turns":2.0},{"damage":30.0,"enemies":"Lagavulin","floor":7.0,"turns":3.0},{"damage":0.0,"enemies":"Large Slime","floor":8.0,"turns":2.0},{"damage":0.0,"enemies":"Gremlin Gang","floor":11.0,"turns":3.0},{"damage":0.0,"enemies":"3 Sentries","floor":12.0,"turns":4.0},{"damage":6.0,"enemies":"3 Louse","floor":13.0,"turns":2.0},{"damage":0.0,"enemies":"Slime Boss","floor":16.0,"turns":6.0},{"damage":12.0,"enemies":"Chosen","floor":18.0,"turns":3.0},{"damage":17.0,"enemies":"Spheric Guardian","floor":21.0,"turns":4.0},{"damage":24,"enemies":"Snake Plant","floor":22,"turns":4},{"damage":60,"enemies":"Book of Stabbing","floor":23,"turns":4}],"seed_played":"1870840873894790399","potions_obtained":[],"is_trial":false,"path_per_floor":["M","M","M","?","?","R","E","M","T","R","M","E","M","?","R","B",null,"M","?","$","M","M","E"],"character_chosen":"WATCHER","items_purchased":["War Paint","ClockworkSouvenir"],"campfire_rested":1,"item_purchase_floors":[20,20],"current_hp_per_floor":[64,60,60,60,60,60,30,30,30,51,51,51,45,45,45,70,72,60,60,60,43,19,0,0],"gold":148,"neow_bonus":"BOSS_RELIC","is_daily":false,"chose_seed":false,"campfire_upgraded":2,"win_rate":0.0,"timestamp":1610405116,"path_taken":["M","M","M","?","?","R","E","M","T","R","M","E","M","?","R","BOSS","M","?","$","M","M","E"],"items_purchased_type":["Relic","Relic"],"build_version":"2020-12-22","purchased_purges":0,"victory":false,"max_hp_per_floor":[72,72,72,72,72,72,72,72,72,72,72,72,72,72,72,72,72,72,72,72,72,72,72,72],"relic_stats":{"Sozu":6,"Lizard Tail":36,"counters":[13,44],"Pantograph":25,"Turnip":[13],"Black Star":0,"War Paint":["Defend_P","InnerPeace"],"obtain_stats":[{"Sozu":0,"Lizard Tail":9,"Pantograph":7,"Turnip":12,"Black Star":17,"PureWater":0,"War Paint":20,"ClockworkSouvenir":20},{"Sozu":0,"Lizard Tail":5,"Pantograph":4,"Turnip":7,"Black Star":9,"PureWater":0,"War Paint":10,"ClockworkSouvenir":10},{"Sozu":0,"Lizard Tail":14,"Pantograph":12,"Turnip":21,"Black Star":29,"PureWater":0,"War Paint":32,"ClockworkSouvenir":32}]},"card_choices":[{"not_picked":["ThirdEye","InnerPeace"],"picked":"FlurryOfBlows","floor":1.0},{"not_picked":["Consecrate","SashWhip"],"picked":"WheelKick","floor":2.0},{"not_picked":["FlurryOfBlows","Prostrate"],"picked":"SashWhip","floor":3.0},{"not_picked":["Wish","Adaptation"],"picked":"FlurryOfBlows","floor":7.0},{"not_picked":["Consecrate","Wireheading"],"picked":"EmptyFist","floor":8.0},{"not_picked":["Weave","Halt"],"picked":"Swivel","floor":11.0},{"not_picked":["SashWhip","ClearTheMind"],"picked":"InnerPeace","floor":12.0},{"not_picked":["Prostrate","ClearTheMind"],"picked":"CrushJoints","floor":13.0},{"not_picked":["SpiritShield","ConjureBlade"],"picked":"DevaForm","floor":16.0},{"not_picked":["FollowUp","ThirdEye"],"picked":"SashWhip","floor":18.0},{"not_picked":["Vengeance","BowlingBash","ThirdEye"],"picked":"SKIP","floor":21.0},{"not_picked":["Evaluate","JustLucky"],"picked":"FearNoEvil+1","floor":22}],"player_experience":432099,"relics_obtained":[{"floor":7.0,"key":"Pantograph"},{"floor":9.0,"key":"Lizard Tail"},{"floor":12.0,"key":"Turnip"}],"event_choices":[{"damage_healed":0.0,"max_hp_gain":0.0,"max_hp_loss":0.0,"gold_gain":64.0,"event_name":"Golden Wing","player_choice":"Gained Gold","floor":4.0,"gold_loss":0.0,"damage_taken":0.0},{"damage_healed":0.0,"max_hp_gain":0.0,"max_hp_loss":0.0,"gold_gain":0.0,"event_name":"Living Wall","player_choice":"Grow","floor":5.0,"gold_loss":0.0,"damage_taken":0.0,"cards_upgraded":["FlurryOfBlows"]},{"damage_healed":0.0,"max_hp_gain":0.0,"max_hp_loss":0.0,"gold_gain":0.0,"event_name":"Accursed Blacksmith","player_choice":"Forge","floor":14.0,"gold_loss":0.0,"damage_taken":0.0,"cards_upgraded":["Swivel"]},{"damage_healed":0.0,"max_hp_gain":0.0,"max_hp_loss":0.0,"gold_gain":0.0,"event_name":"Ghosts","player_choice":"Ignored","floor":19.0,"gold_loss":0.0,"damage_taken":0.0}],"is_beta":false,"boss_relics":[{"not_picked":["Ectoplasm","Busted Crown"],"picked":"Black Star"}],"items_purged_floors":[],"is_endless":false,"potions_floor_spawned":[3,11,13,16,21,22],"killed_by":"Book of Stabbing","ascension_level":10}}