{"host":"i3z0gcxurea6197v","time":1610353352,"event":{"mods":["Aspiration","BaseMod","Conspire","Energized Spire","Hubris","Minty Spire (QoL Compilation)","Permanent Neow","Relic Stats","Replay The Spire","Shop Mod","StSLib","SuperFastMode","TheWitcher","Virulent Crown","vexMod"],"gold_per_floor":[123,198,220,234,60,60,85,85,85,116,116,132,151,182,182,182,182],"floor_reached":16,"playtime":927,"items_purged":["SnafuTest:DefaultCommonAttack"],"score":123,"play_id":"f0f8e3ec-071c-41bb-b3c2-d2bdca2ce3ca","local_time":"20210111132232","is_ascension_mode":true,"campfire_choices":[{"data":"SnafuTest:SignAard","floor":6,"key":"SMITH"},{"data":"SnafuTest:SwiftAssault","floor":8,"key":"SMITH"},{"floor":11,"key":"REST"},{"floor":15,"key":"REST"}],"circlet_count":0,"master_deck":["SnafuTest:DefaultCommonAttack","SnafuTest:DefaultCommonAttack","SnafuTest:BountyHunt","SnafuTest:DefaultCommonSkill","SnafuTest:DefaultCommonSkill","SnafuTest:DefaultCommonSkill","SnafuTest:SignAard+1","SnafuTest:SpellLifeDrain","SnafuTest:SwiftAssault+1","SnafuTest:BombMoonDust","SnafuTest:BombDancingStar"],"relics":["SnafuTest:UnstableMutagenRelic","Oddly Smooth Stone","Centennial Puzzle","SnafuTest:AardRelic","Ginger"],"acts_visited":["Exordium"],"potions_floor_usage":[10,14],"damage_taken":[{"damage":2,"enemies":"2 Louse","floor":1,"turns":2},{"damage":6,"enemies":"Small Slimes","floor":3,"turns":4},{"damage":0,"enemies":"Jaw Worm","floor":4,"turns":4},{"damage":6,"enemies":"2 Fungi Beasts","floor":7,"turns":3},{"damage":13,"enemies":"Gremlin Nob","floor":10,"turns":5},{"damage":2,"enemies":"Blue Slaver","floor":12,"turns":4},{"damage":3,"enemies":"Looter","floor":13,"turns":4},{"damage":23,"enemies":"Lagavulin","floor":14,"turns":5},{"damage":63,"enemies":"Hexaghost","floor":16,"turns":13}],"seed_played":"5596840720278120941","potions_obtained":[{"floor":1,"key":"Fire Potion"},{"floor":4,"key":"Ancient Potion"},{"floor":10,"key":"Cursed Concoction"},{"floor":14,"key":"SteroidPotion"}],"is_trial":false,"path_per_floor":["M","?","M","M","$","R","M","R","T","E","R","M","M","E","R","B"],"character_chosen":"THE_WITCHER","items_purchased":["Fruit Juice"],"campfire_rested":2,"item_purchase_floors":[5],"current_hp_per_floor":[73,62,56,56,56,56,50,50,50,42,66,64,61,38,62,0,0],"gold":182,"neow_bonus":"RANDOM_COMMON_RELIC","is_daily":false,"chose_seed":false,"campfire_upgraded":2,"win_rate":0.0,"timestamp":1610353352,"path_taken":["M","?","M","M","$","R","M","R","T","E","R","M","M","E","R","BOSS"],"items_purchased_type":["Potion"],"build_version":"2020-12-22","purchased_purges":1,"victory":false,"max_hp_per_floor":[75,75,75,75,75,75,75,75,75,80,80,80,80,80,80,80,80],"relic_stats":{"Centennial Puzzle":[15],"counters":[9,44],"Ginger":[0],"obtain_stats":[{"Centennial Puzzle":9,"SnafuTest:UnstableMutagenRelic":0,"Oddly Smooth Stone":0,"SnafuTest:AardRelic":10,"Ginger":14},{"Centennial Puzzle":4,"SnafuTest:UnstableMutagenRelic":0,"Oddly Smooth Stone":0,"SnafuTest:AardRelic":5,"Ginger":8},{"Centennial Puzzle":13,"SnafuTest:UnstableMutagenRelic":0,"Oddly Smooth Stone":0,"SnafuTest:AardRelic":18,"Ginger":31}]},"card_choices":[{"not_picked":["SnafuTest:SpellBlindFury","SnafuTest:TrackingSense"],"picked":"SnafuTest:SpellLifeDrain","floor":1},{"not_picked":["SnafuTest:PowerVainGlory","SnafuTest:FlashingEvasion","SnafuTest:SneakKill"],"picked":"SKIP","floor":3},{"not_picked":["SnafuTest:BattleCry","SnafuTest:SpellBitingFrost"],"picked":"SnafuTest:SwiftAssault","floor":4},{"not_picked":["SnafuTest:SignAxii","SnafuTest:Shooting","SnafuTest:FlashingRaid"],"picked":"SKIP","floor":7},{"not_picked":["SnafuTest:CalculatingAmbition","SnafuTest:PowerTrialOfGrasses","SnafuTest:Meditation"],"picked":"SKIP","floor":10},{"not_picked":["SnafuTest:MCPlayGwent","SnafuTest:PowerHangmenTree","SnafuTest:SwiftAssault"],"picked":"SKIP","floor":12},{"not_picked":["SnafuTest:SuddenPuncture","SnafuTest:Siege"],"picked":"SnafuTest:BombMoonDust","floor":13},{"not_picked":["SnafuTest:RecklessBlow","SnafuTest:SpellArcaneDomain"],"picked":"SnafuTest:BombDancingStar","floor":14}],"player_experience":915819,"relics_obtained":[{"floor":9,"key":"Centennial Puzzle"},{"floor":10,"key":"SnafuTest:AardRelic"},{"floor":14,"key":"Ginger"}],"event_choices":[{"damage_healed":0,"gold_gain":75,"player_choice":"Gather Gold","damage_taken":11,"max_hp_gain":0,"max_hp_loss":0,"event_name":"World of Goop","floor":2,"gold_loss":0}],"is_beta":false,"boss_relics":[],"items_purged_floors":[5],"is_endless":false,"potions_floor_spawned":[1,4,10,14],"killed_by":"Hexaghost","ascension_level":2}}