{"host":"k7udt7atmcuzf6l0","time":1610387721,"event":{"mods":["AchievementEnabler","BaseMod","Colored Map","Colored Powertips","Highlight Path","Minty Spire (QoL Compilation)","Quick Restart","Rare Cards Sparkle","StSLib","UnlockEverythingMod"],"gold_per_floor":[16,16,16,191,77,77,102,102,102,136,156,2,2,76,76,204,204,224,224,43,57,57,57],"floor_reached":22,"playtime":919,"items_purged":["Doubt"],"score":180,"play_id":"beb2589d-fa9a-43f2-b1f2-1ffa4f523280","local_time":"20210112015521","is_ascension_mode":false,"campfire_choices":[{"data":"Flame Barrier","floor":6.0,"key":"SMITH"},{"data":"Spot Weakness","floor":8.0,"key":"SMITH"},{"data":"Armaments","floor":15.0,"key":"SMITH"}],"circlet_count":0,"master_deck":["Strike_R","Strike_R","Strike_R","Strike_R","Strike_R","Defend_R","Defend_R","Defend_R","Defend_R","Bash","Flame Barrier+1","Ghostly Armor","Spot Weakness+1","Infernal Blade","Iron Wave","Armaments+1","Barricade","Warcry","Brutality","Bandage Up","Seeing Red"],"relics":["Burning Blood","Torii","Golden Idol","Boot","Paper Frog","Red Skull","Regal Pillow","Pantograph","SlaversCollar","Bag of Preparation"],"acts_visited":["Exordium","TheCity"],"potions_floor_usage":[21,21],"damage_taken":[{"damage":6.0,"enemies":"Jaw Worm","floor":1.0,"turns":3.0},{"damage":0.0,"enemies":"2 Louse","floor":7.0,"turns":3.0},{"damage":13.0,"enemies":"3 Sentries","floor":10.0,"turns":14.0},{"damage":0.0,"enemies":"Cultist","floor":11.0,"turns":4.0},{"damage":19.0,"enemies":"3 Sentries","floor":14.0,"turns":9.0},{"damage":33.0,"enemies":"Hexaghost","floor":16.0,"turns":12.0},{"damage":11.0,"enemies":"3 Byrds","floor":18.0,"turns":5.0},{"damage":18,"enemies":"Shell Parasite","floor":21,"turns":9},{"damage":73,"enemies":"Cultist and Chosen","floor":22,"turns":8}],"seed_played":"1263505420478601322","potions_obtained":[{"floor":1.0,"key":"ColorlessPotion"},{"floor":10.0,"key":"SteroidPotion"},{"floor":16.0,"key":"ColorlessPotion"},{"floor":18.0,"key":"SkillPotion"}],"is_trial":false,"path_per_floor":["M","?","$","?","$","R","M","R","T","E","M","$","?","?","R","B",null,"M","?","$","M","M"],"character_chosen":"IRONCLAD","items_purchased":["Ghostly Armor","Red Skull","Bag of Preparation","Seeing Red"],"campfire_rested":0,"item_purchase_floors":[5,12,20,20],"current_hp_per_floor":[80,60,60,60,60,60,66,66,66,59,65,65,53,40,40,38,80,75,75,75,67,0,0],"gold":57,"neow_bonus":"ONE_RARE_RELIC","is_daily":false,"chose_seed":false,"campfire_upgraded":3,"win_rate":0.0,"timestamp":1610387721,"path_taken":["M","?","$","?","?","R","M","R","T","E","?","$","?","?","R","BOSS","M","?","$","M","M"],"items_purchased_type":["Card","Relic","Relic","Card"],"build_version":"2020-12-22","purchased_purges":1,"victory":false,"max_hp_per_floor":[80,80,80,80,80,80,80,80,80,80,80,80,80,80,80,80,80,80,80,80,80,80,80],"card_choices":[{"not_picked":["Disarm","Evolve"],"picked":"Flame Barrier","floor":1.0},{"not_picked":["Anger","Perfected Strike"],"picked":"Spot Weakness","floor":7.0},{"not_picked":["Blood for Blood","Dropkick"],"picked":"Infernal Blade","floor":10.0},{"not_picked":["Hemokinesis","Perfected Strike"],"picked":"Iron Wave","floor":11.0},{"not_picked":["Clash","Headbutt"],"picked":"Armaments","floor":14.0},{"not_picked":["Feed","Brutality"],"picked":"Barricade","floor":16.0},{"not_picked":["Feel No Pain","Clothesline"],"picked":"Warcry","floor":18.0},{"not_picked":["Clothesline","Perfected Strike","Carnage"],"picked":"SKIP","floor":21}],"player_experience":55372,"relics_obtained":[{"floor":9.0,"key":"Boot"},{"floor":10.0,"key":"Paper Frog"},{"floor":14.0,"key":"Pantograph"}],"event_choices":[{"damage_healed":0.0,"max_hp_gain":0.0,"max_hp_loss":0.0,"gold_gain":0.0,"event_name":"Golden Idol","player_choice":"Take Damage","floor":2.0,"gold_loss":0.0,"damage_taken":20.0,"relics_obtained":["Golden Idol"]},{"damage_healed":0.0,"max_hp_gain":0.0,"max_hp_loss":0.0,"gold_gain":175.0,"event_name":"Liars Game","player_choice":"AGREE","floor":4.0,"gold_loss":0.0,"damage_taken":0.0,"cards_obtained":["Doubt"]},{"damage_healed":0.0,"max_hp_gain":0.0,"max_hp_loss":0.0,"gold_gain":0.0,"event_name":"Scrap Ooze","player_choice":"Success","floor":13.0,"gold_loss":0.0,"damage_taken":12.0,"relics_obtained":["Regal Pillow"]},{"damage_healed":0.0,"max_hp_gain":0.0,"max_hp_loss":0.0,"gold_gain":30.0,"event_name":"Dead Adventurer","player_choice":"Searched \u00272\u0027 times","floor":14.0,"gold_loss":0.0,"damage_taken":0.0},{"damage_healed":0,"gold_gain":0,"player_choice":"2 cards matched","damage_taken":0,"max_hp_gain":0,"max_hp_loss":0,"event_name":"Match and Keep!","floor":19,"gold_loss":0,"cards_obtained":["Brutality","Bandage Up"]}],"is_beta":false,"boss_relics":[{"not_picked":["Busted Crown","Snecko Eye"],"picked":"SlaversCollar"}],"items_purged_floors":[5],"is_endless":false,"potions_floor_spawned":[1,10,16,18],"killed_by":"Cultist and Chosen","ascension_level":0}}