{"host":"cjhtzh7tp54jdfyv","time":1610337030,"event":{"mods":["AchievementEnabler","BaseMod","Colored Map","Colored Powertips","Curses Come First","DeckTracker","Filter the Spire","Minty Spire (QoL Compilation)","RNG Fix","Relic Sorter","Relic Stats","StSLib","UnlockEverythingMod","ojb\u0027s Better Paths Mod","ojb\u0027s Info Mod"],"gold_per_floor":[114,124,140,53,53,84,95,128,153,171,171,171,171,199,199,271,271,283,51,67,87,12,43,61,91,91,91,122,22,22,40,40,40,40],"floor_reached":33,"playtime":1821,"items_purged":["Defend_P","Defend_P"],"score":925,"play_id":"1850481c-0a2d-4514-9e48-558746b770a4","local_time":"20210110225030","is_ascension_mode":true,"campfire_choices":[{"data":"Eruption","floor":13.0,"key":"SMITH"},{"data":"Adaptation","floor":15.0,"key":"SMITH"},{"data":"Vengeance","floor":30,"key":"SMITH"},{"data":"Ragnarok","floor":32,"key":"SMITH"}],"circlet_count":0,"master_deck":["AscendersBane","Strike_P","Strike_P+1","Strike_P","Strike_P+1","Eruption+1","Vigilance+1","Tantrum","BowlingBash","Adaptation+1","EmptyFist","Wallop","Ragnarok+1","FearNoEvil","DeceiveReality+1","Vengeance+1"],"relics":["Black Star","Bronze Scales","Singing Bowl","Happy Flower","Damaru","Whetstone","PreservedInsect","Pear","Dream Catcher","Philosopher\u0027s Stone","Sling","Bag of Preparation","Akabeko","Lantern","Anchor","Thread and Needle","Potion Belt","War Paint"],"acts_visited":["Exordium","TheCity"],"potions_floor_usage":[16,21,33],"damage_taken":[{"damage":2.0,"enemies":"Cultist","floor":1.0,"turns":4.0},{"damage":0.0,"enemies":"Jaw Worm","floor":2.0,"turns":3.0},{"damage":7.0,"enemies":"Small Slimes","floor":3.0,"turns":3.0},{"damage":6.0,"enemies":"Gremlin Nob","floor":6.0,"turns":3.0},{"damage":7.0,"enemies":"2 Fungi Beasts","floor":7.0,"turns":2.0},{"damage":12.0,"enemies":"Lagavulin","floor":8.0,"turns":3.0},{"damage":4.0,"enemies":"Red Slaver","floor":10.0,"turns":2.0},{"damage":0.0,"enemies":"3 Sentries","floor":14.0,"turns":3.0},{"damage":0,"enemies":"Slime Boss","floor":16,"turns":3},{"damage":20,"enemies":"Shell Parasite","floor":18,"turns":4},{"damage":12,"enemies":"3 Byrds","floor":20,"turns":3},{"damage":0,"enemies":"Snake Plant","floor":21,"turns":1},{"damage":0,"enemies":"Gremlin Leader","floor":23,"turns":1},{"damage":0,"enemies":"Snecko","floor":24,"turns":3},{"damage":12,"enemies":"Slavers","floor":25,"turns":3},{"damage":0,"enemies":"Book of Stabbing","floor":28,"turns":1},{"damage":0,"enemies":"Sentry and Sphere","floor":31,"turns":2},{"damage":41,"enemies":"Collector","floor":33,"turns":5}],"seed_played":"1165039116639726337","potions_obtained":[{"floor":2.0,"key":"AttackPotion"},{"floor":6.0,"key":"AttackPotion"},{"floor":14.0,"key":"SteroidPotion"},{"floor":16,"key":"FearPotion"},{"floor":21,"key":"Fire Potion"},{"floor":23,"key":"LiquidMemories"},{"floor":31,"key":"Energy Potion"}],"is_trial":false,"path_per_floor":["M","M","M","$","?","E","M","E","T","M","?","?","R","E","R","B",null,"M","$","M","M","?","E","M","E","T","?","E","$","R","M","R","B"],"character_chosen":"WATCHER","items_purchased":["Adaptation","Sling"],"campfire_rested":0,"item_purchase_floors":[4,19],"current_hp_per_floor":[59,59,52,52,41,37,30,18,18,16,16,9,9,21,21,21,68,50,50,40,42,42,42,42,32,32,32,32,32,32,34,34,0,0],"gold":40,"neow_bonus":"BOSS_RELIC","is_daily":false,"chose_seed":false,"campfire_upgraded":4,"win_rate":0.0,"timestamp":1610337030,"path_taken":["M","M","M","$","?","E","?","E","T","M","?","?","R","E","R","BOSS","M","?","M","M","?","E","M","E","T","?","E","$","R","M","R","BOSS"],"items_purchased_type":["Card","Relic"],"build_version":"2020-12-22","purchased_purges":2,"victory":false,"max_hp_per_floor":[68,68,68,68,68,70,70,70,70,72,72,72,72,84,84,84,84,86,86,88,90,90,90,90,92,92,92,92,92,92,94,94,94,94],"relic_stats":{"Dream Catcher":0,"Singing Bowl":16,"Happy Flower":[12],"counters":[18,49],"Bronze Scales":[69],"PreservedInsect":161,"Black Star":6,"Bag of Preparation":[10],"Whetstone":["Strike_P","Strike_P"],"War Paint":["Vigilance","DeceiveReality"],"obtain_stats":[{"Potion Belt":28,"Lantern":25,"Pear":14,"Singing Bowl":6,"Happy Flower":6,"Damaru":8,"Thread and Needle":27,"PreservedInsect":9,"Bag of Preparation":23,"Whetstone":8,"War Paint":28,"Sling":19,"Akabeko":23,"Dream Catcher":14,"Anchor":25,"Bronze Scales":5,"Philosopher\u0027s Stone":17,"Black Star":0,"PureWater":0},{"Potion Belt":16,"Lantern":15,"Pear":8,"Singing Bowl":4,"Happy Flower":4,"Damaru":6,"Thread and Needle":15,"PreservedInsect":6,"Bag of Preparation":13,"Whetstone":6,"War Paint":16,"Sling":10,"Akabeko":13,"Dream Catcher":8,"Anchor":15,"Bronze Scales":3,"Philosopher\u0027s Stone":9,"Black Star":0,"PureWater":0},{"Potion Belt":42,"Lantern":41,"Pear":23,"Singing Bowl":13,"Happy Flower":13,"Damaru":18,"Thread and Needle":41,"PreservedInsect":18,"Bag of Preparation":35,"Whetstone":18,"War Paint":42,"Sling":30,"Akabeko":35,"Dream Catcher":23,"Anchor":41,"Bronze Scales":10,"Philosopher\u0027s Stone":26,"Black Star":0,"PureWater":0}]},"card_choices":[{"not_picked":["SandsOfTime","Meditate"],"picked":"Tantrum","floor":1.0},{"not_picked":["ClearTheMind","Prostrate","EmptyBody"],"picked":"SKIP","floor":2.0},{"not_picked":["Indignation","Fasting2"],"picked":"BowlingBash","floor":3.0},{"not_picked":["Swivel","FlyingSleeves","Devotion"],"picked":"Singing Bowl","floor":6.0},{"not_picked":["Perseverance","SignatureMove"],"picked":"EmptyFist","floor":7.0},{"not_picked":["CutThroughFate","Indignation"],"picked":"Wallop","floor":8.0},{"not_picked":["Pray","Prostrate","BowlingBash"],"picked":"Singing Bowl","floor":10.0},{"not_picked":["FlyingSleeves","Wallop","EmptyBody"],"picked":"Singing Bowl","floor":14.0},{"not_picked":["Devotion","Blasphemy"],"picked":"Ragnarok","floor":16},{"not_picked":["Evaluate","MentalFortress","FlyingSleeves"],"picked":"Singing Bowl","floor":18},{"not_picked":["Evaluate+1","WindmillStrike","Wallop"],"picked":"Singing Bowl","floor":20},{"not_picked":["BowlingBash","FollowUp","Consecrate"],"picked":"Singing Bowl","floor":21},{"not_picked":["BattleHymn","Vengeance"],"picked":"FearNoEvil","floor":23},{"not_picked":["Indignation+1","Consecrate+1"],"picked":"DeceiveReality","floor":24},{"not_picked":["PathToVictory","Vengeance","Halt"],"picked":"Singing Bowl","floor":25},{"not_picked":["LikeWater","Swivel"],"picked":"Vengeance","floor":28},{"not_picked":["CrushJoints","EmptyBody","Consecrate"],"picked":"Singing Bowl","floor":31}],"player_experience":4429617,"relics_obtained":[{"floor":6.0,"key":"Singing Bowl"},{"floor":6.0,"key":"Happy Flower"},{"floor":8.0,"key":"Damaru"},{"floor":8.0,"key":"Whetstone"},{"floor":9.0,"key":"PreservedInsect"},{"floor":14.0,"key":"Pear"},{"floor":14.0,"key":"Dream Catcher"},{"floor":23,"key":"Bag of Preparation"},{"floor":23,"key":"Akabeko"},{"floor":25,"key":"Lantern"},{"floor":25,"key":"Anchor"},{"floor":28,"key":"Potion Belt"},{"floor":28,"key":"War Paint"}],"event_choices":[{"damage_healed":0.0,"max_hp_gain":0.0,"max_hp_loss":0.0,"gold_gain":0.0,"event_name":"Scrap Ooze","player_choice":"Success","floor":5.0,"gold_loss":0.0,"damage_taken":11.0,"relics_obtained":["Bronze Scales"]},{"damage_healed":0.0,"max_hp_gain":0.0,"max_hp_loss":0.0,"gold_gain":0.0,"event_name":"Liars Game","player_choice":"Ignored","floor":11.0,"gold_loss":0.0,"damage_taken":0.0},{"cards_removed":["Defend_P"],"damage_healed":0.0,"max_hp_gain":0.0,"max_hp_loss":0.0,"gold_gain":0.0,"event_name":"Golden Wing","player_choice":"Card Removal","floor":12.0,"gold_loss":0.0,"damage_taken":7.0},{"cards_removed":["Defend_P"],"damage_healed":0,"gold_gain":0,"player_choice":"Gave Gold","damage_taken":0,"max_hp_gain":0,"max_hp_loss":0,"event_name":"Beggar","floor":22,"gold_loss":75},{"damage_healed":0,"gold_gain":0,"player_choice":"Gave Potion","damage_taken":0,"relics_obtained":["Thread and Needle"],"max_hp_gain":0,"max_hp_loss":0,"event_name":"WeMeetAgain","floor":27,"gold_loss":0}],"is_beta":false,"boss_relics":[{"not_picked":["Velvet Choker","Pandora\u0027s Box"],"picked":"Philosopher\u0027s Stone"}],"items_purged_floors":[19,29],"is_endless":false,"potions_floor_spawned":[2,6,14,16,21,23,25,31],"killed_by":"Collector","ascension_level":20}}