{"host":"8c7ixdz8x9d2d2wv","time":1610379387,"event":{"mods":["BaseMod","BetterRewards","Colored Map","Curses Come First","Highlight Path","Minty Spire (QoL Compilation)","Quick Restart","Rare Cards Sparkle","StSLib"],"gold_per_floor":[111,111,111,129,143,143,158,158,185,63,95,113,113,113,113,212,212,196,44,44,44,125,125,142,142,142,142,142,160,160,174,174,270,270,281,297,297,313,19,19,44,44,44,44,44,59,109,123,123,123],"floor_reached":51,"playtime":3229,"items_purged":["Regret","Shame"],"score":718,"play_id":"669c921f-fc68-4750-810d-496aff5dde9c","local_time":"20210111163627","is_ascension_mode":false,"campfire_choices":[{"floor":6.0,"key":"DIG"},{"floor":8.0,"key":"DIG"},{"floor":13.0,"key":"DIG"},{"floor":15.0,"key":"REST"},{"floor":23.0,"key":"DIG"},{"floor":25.0,"key":"DIG"},{"floor":28.0,"key":"DIG"},{"floor":32.0,"key":"DIG"},{"floor":40,"key":"DIG"},{"floor":42,"key":"DIG"},{"floor":49,"key":"DIG"}],"circlet_count":0,"master_deck":["Defend_G+1","Defend_G+1","Defend_G+1","Defend_G+1","Defend_G+1","Survivor+1","Neutralize","Dodge and Roll+1","Noxious Fumes","Footwork","Dagger Spray","Blur+1","Dodge and Roll","Deadly Poison+1","Catalyst+1","Cloak And Dagger+1","Bite","Bite","Bite","Bite","Bullet Time+1","Cloak And Dagger+1","Catalyst+1","Footwork+1","Deadly Poison+1","Burst+1"],"relics":["Ring of the Snake","Lizard Tail","Lantern","TheAbacus","Shovel","Ring of the Serpent","Boot","Toy Ornithopter","The Specimen","Orichalcum","Tiny Chest","Regal Pillow","Gambling Chip","Happy Flower","Eternal Feather","Toxic Egg 2","Juzu Bracelet","Mummified Hand","Omamori","Calipers","HoveringKite","Frozen Eye","Kunai","War Paint","Gremlin Horn","Bird Faced Urn","Centennial Puzzle"],"acts_visited":["Exordium","TheCity","TheBeyond"],"potions_floor_usage":[50,50],"damage_taken":[{"damage":0.0,"enemies":"Jaw Worm","floor":1.0,"turns":4.0},{"damage":3.0,"enemies":"Small Slimes","floor":4.0,"turns":3.0},{"damage":3.0,"enemies":"2 Louse","floor":5.0,"turns":3.0},{"damage":4.0,"enemies":"Exordium Thugs","floor":7.0,"turns":5.0},{"damage":10.0,"enemies":"Gremlin Nob","floor":11.0,"turns":4.0},{"damage":0.0,"enemies":"Looter","floor":12.0,"turns":4.0},{"damage":9.0,"enemies":"Hexaghost","floor":16.0,"turns":15.0},{"damage":0.0,"enemies":"2 Thieves","floor":18.0,"turns":4.0},{"damage":0.0,"enemies":"3 Byrds","floor":24.0,"turns":4.0},{"damage":0.0,"enemies":"Centurion and Healer","floor":29.0,"turns":5.0},{"damage":2.0,"enemies":"Snake Plant","floor":31.0,"turns":6.0},{"damage":37.0,"enemies":"Champ","floor":33.0,"turns":17.0},{"damage":2,"enemies":"3 Darklings","floor":35,"turns":5},{"damage":0,"enemies":"3 Shapes","floor":36,"turns":4},{"damage":0,"enemies":"3 Darklings","floor":38,"turns":7},{"damage":0,"enemies":"Maw","floor":46,"turns":10},{"damage":0,"enemies":"Mind Bloom Boss Battle","floor":47,"turns":3},{"damage":0,"enemies":"Sphere and 2 Shapes","floor":48,"turns":6},{"damage":38,"enemies":"Donu and Deca","floor":50,"turns":7}],"seed_played":"6463378927946664129","potions_obtained":[{"floor":1.0,"key":"AttackPotion"},{"floor":7.0,"key":"Strength Potion"},{"floor":12.0,"key":"Energy Potion"},{"floor":16.0,"key":"LiquidBronze"},{"floor":29.0,"key":"Strength Potion"},{"floor":31.0,"key":"Fire Potion"},{"floor":38,"key":"FairyPotion"}],"is_trial":false,"path_per_floor":["M","?","?","M","M","R","M","R","T","$","E","M","R","?","R","B",null,"M","$","?","?","T","R","M","R","T","?","R","M","?","M","R","B",null,"M","M","?","M","$","R","T","R","T","?","$","M","?","M","R","B",null],"character_chosen":"THE_SILENT","items_purchased":["Lizard Tail","Lantern","TheAbacus","Dagger Spray","Blood Vial","Frozen Eye","PowerPotion"],"campfire_rested":1,"item_purchase_floors":[0,0,0,10,19,39,39],"current_hp_per_floor":[38,38,24,21,18,18,19,19,19,19,14,14,14,14,50,41,70,70,70,70,70,70,70,70,70,70,70,70,70,70,70,70,57,70,70,70,70,70,70,70,70,70,70,70,70,70,70,70,70,34],"gold":123,"neow_bonus":"","is_daily":false,"chose_seed":false,"campfire_upgraded":0,"win_rate":0.0,"timestamp":1610379387,"path_taken":["M","?","?","M","M","R","M","R","T","$","E","M","R","?","R","BOSS","M","$","?","?","?","R","M","R","T","?","R","M","?","M","R","BOSS","M","M","?","M","$","R","?","R","T","?","$","M","?","M","R","BOSS"],"items_purchased_type":["Relic","Relic","Relic","Card","Relic","Relic","Potion"],"build_version":"2020-12-22","purchased_purges":2,"victory":true,"max_hp_per_floor":[70,70,70,70,70,70,70,70,70,70,70,70,70,70,70,70,70,70,70,70,70,70,70,70,70,70,70,70,70,70,70,70,70,70,70,70,70,70,70,70,70,70,70,70,70,70,70,70,70,70],"card_choices":[{"not_picked":["Deadly Poison","Dash"],"picked":"Dodge and Roll","floor":1.0},{"not_picked":["Catalyst","Choke"],"picked":"Noxious Fumes","floor":4.0},{"not_picked":["Prepared","Reflex","Slice"],"picked":"SKIP","floor":5.0},{"not_picked":["Prepared","Flying Knee"],"picked":"Footwork","floor":7.0},{"not_picked":["Deadly Poison","Poisoned Stab"],"picked":"Blur","floor":11.0},{"not_picked":["Distraction","Slice","Envenom"],"picked":"SKIP","floor":12.0},{"not_picked":["PiercingWail+1","Riddle With Holes"],"picked":"Dodge and Roll","floor":18.0},{"not_picked":["Quick Slash+1","Dagger Throw"],"picked":"Deadly Poison+1","floor":24.0},{"not_picked":["Underhanded Strike","Setup+1"],"picked":"Cloak And Dagger+1","floor":29.0},{"not_picked":["Blade Dance+1","Endless Agony","Accuracy"],"picked":"SKIP","floor":31.0},{"not_picked":["Malaise+1","Wraith Form v2"],"picked":"Bullet Time+1","floor":33.0},{"not_picked":["Bane+1","Accuracy+1"],"picked":"Cloak And Dagger+1","floor":35},{"not_picked":["PiercingWail+1","Calculated Gamble+1","Deflect+1"],"picked":"SKIP","floor":36},{"not_picked":["Backstab+1","Sucker Punch","Bane"],"picked":"SKIP","floor":38},{"not_picked":["Underhanded Strike+1","Masterful Stab"],"picked":"Footwork+1","floor":46},{"not_picked":["Heel Hook","Well Laid Plans"],"picked":"Deadly Poison+1","floor":47},{"not_picked":["Bouncing Flask+1","Finisher"],"picked":"Burst+1","floor":48}],"player_experience":636571,"relics_obtained":[{"floor":6.0,"key":"Toy Ornithopter"},{"floor":8.0,"key":"The Specimen"},{"floor":9.0,"key":"Orichalcum"},{"floor":11.0,"key":"Tiny Chest"},{"floor":13.0,"key":"Regal Pillow"},{"floor":22.0,"key":"Eternal Feather"},{"floor":23.0,"key":"Toxic Egg 2"},{"floor":25.0,"key":"Juzu Bracelet"},{"floor":26.0,"key":"Mummified Hand"},{"floor":28.0,"key":"Omamori"},{"floor":32.0,"key":"Calipers"},{"floor":40,"key":"Kunai"},{"floor":42,"key":"War Paint"},{"floor":43,"key":"Gremlin Horn"},{"floor":47,"key":"Bird Faced Urn"},{"floor":49,"key":"Centennial Puzzle"}],"event_choices":[{"damage_healed":0.0,"max_hp_gain":0.0,"max_hp_loss":0.0,"gold_gain":0.0,"event_name":"Big Fish","player_choice":"Box","floor":2.0,"gold_loss":0.0,"damage_taken":0.0,"relics_obtained":["Boot"],"cards_obtained":["Regret"]},{"damage_healed":0.0,"max_hp_gain":0.0,"max_hp_loss":0.0,"gold_gain":0.0,"event_name":"Shining Light","player_choice":"Entered Light","floor":3.0,"gold_loss":0.0,"damage_taken":14.0,"cards_upgraded":["Defend_G","Dodge and Roll"]},{"damage_healed":0.0,"max_hp_gain":0.0,"max_hp_loss":0.0,"gold_gain":0.0,"event_name":"WeMeetAgain","player_choice":"Gave Potion","floor":14.0,"gold_loss":0.0,"damage_taken":0.0,"relics_obtained":["Gambling Chip"]},{"damage_healed":0.0,"max_hp_gain":0.0,"max_hp_loss":0.0,"gold_gain":0.0,"event_name":"Back to Basics","player_choice":"Simplicity","floor":20.0,"gold_loss":0.0,"damage_taken":0.0,"cards_upgraded":["Strike_G","Strike_G","Strike_G","Strike_G","Strike_G","Defend_G","Defend_G","Defend_G","Defend_G"]},{"damage_healed":0.0,"max_hp_gain":0.0,"max_hp_loss":0.0,"gold_gain":0.0,"event_name":"Addict","player_choice":"Stole Relic","floor":21.0,"gold_loss":0.0,"damage_taken":0.0,"relics_obtained":["Happy Flower"],"cards_obtained":["Shame"]},{"damage_healed":0.0,"max_hp_gain":0.0,"max_hp_loss":0.0,"gold_gain":0.0,"event_name":"The Library","player_choice":"Read","floor":27.0,"gold_loss":0.0,"damage_taken":0.0,"cards_obtained":["Catalyst"]},{"damage_healed":0.0,"max_hp_gain":0.0,"max_hp_loss":0.0,"gold_gain":0.0,"event_name":"Vampires","player_choice":"Became a vampire (Vial)","floor":30.0,"relics_lost":["Blood Vial"],"gold_loss":0.0,"damage_taken":0.0,"cards_obtained":["Bite","Bite","Bite","Bite","Bite"]},{"damage_healed":0,"gold_gain":0,"player_choice":"Copied","damage_taken":0,"max_hp_gain":0,"max_hp_loss":0,"event_name":"Duplicator","floor":37,"gold_loss":0,"cards_obtained":["Catalyst"]},{"cards_removed":["Bite"],"damage_healed":0,"gold_gain":0,"player_choice":"Removed Attack","damage_taken":0,"max_hp_gain":0,"max_hp_loss":0,"event_name":"Falling","floor":44,"gold_loss":0},{"damage_healed":0,"gold_gain":0,"player_choice":"Fight","damage_taken":0,"max_hp_gain":0,"max_hp_loss":0,"event_name":"MindBloom","floor":47,"gold_loss":0}],"is_beta":false,"boss_relics":[{"not_picked":[]},{"not_picked":["Astrolabe","SacredBark"],"picked":"HoveringKite"}],"items_purged_floors":[10,39],"is_endless":false,"potions_floor_spawned":[1,7,12,16,29,31,38,46],"ascension_level":0}}