{"host":"fwszrsv3xaezmgui","time":1610334848,"event":{"mods":["BaseMod","Highlight Path","Minty Spire (QoL Compilation)","Quick Restart"],"gold_per_floor":[112,112,31,49,49,49,76,93,117,97,108,136,150,170,170,170,170],"floor_reached":16,"playtime":1854,"items_purged":[],"score":137,"play_id":"80e11fbc-8b4e-4aa5-acca-0aeaf8ca2b0b","local_time":"20210110221408","is_ascension_mode":false,"campfire_choices":[{"data":"Beam Cell","floor":6.0,"key":"SMITH"},{"floor":15.0,"key":"REST"}],"circlet_count":0,"master_deck":["Strike_B","Strike_B","Strike_B","Defend_B","Defend_B","Defend_B","Defend_B","Zap","Dualcast+1","Cold Snap","Loop","Beam Cell+1","Blizzard","Beam Cell","Fusion","Barrage","Amplify","Capacitor"],"relics":["Cracked Core","NeowsBlessing","Lantern","Tiny Chest","Pear"],"acts_visited":["Exordium"],"potions_floor_usage":[],"damage_taken":[{"damage":0.0,"enemies":"2 Louse","floor":1.0,"turns":1.0},{"damage":0.0,"enemies":"Cultist","floor":4.0,"turns":1.0},{"damage":0.0,"enemies":"Lagavulin","floor":7.0,"turns":1.0},{"damage":0.0,"enemies":"Small Slimes","floor":8.0,"turns":3.0},{"damage":20.0,"enemies":"Exordium Thugs","floor":11.0,"turns":6.0},{"damage":23.0,"enemies":"3 Sentries","floor":12.0,"turns":7.0},{"damage":0.0,"enemies":"Lots of Slimes","floor":13.0,"turns":4.0},{"damage":10.0,"enemies":"Looter","floor":14.0,"turns":2.0},{"damage":0,"enemies":"The Guardian","floor":16,"turns":1}],"seed_played":"-9017203850954269860","potions_obtained":[{"floor":1.0,"key":"DuplicationPotion"},{"floor":4.0,"key":"FearPotion"},{"floor":10.0,"key":"Block Potion"},{"floor":11.0,"key":"AttackPotion"},{"floor":14.0,"key":"Dexterity Potion"}],"is_trial":false,"path_per_floor":["M","?","$","M","?","R","E","M","T","?","M","E","M","M","R","B"],"character_chosen":"DEFECT","items_purchased":["Loop"],"campfire_rested":1,"item_purchase_floors":[3],"current_hp_per_floor":[75,75,75,75,68,68,68,68,68,68,48,35,35,25,50,50,50],"gold":170,"neow_bonus":"THREE_ENEMY_KILL","is_daily":false,"chose_seed":false,"campfire_upgraded":1,"win_rate":0.0,"timestamp":1610334848,"path_taken":["M","?","$","M","?","R","E","M","T","?","M","E","M","M","R","BOSS"],"items_purchased_type":["Card"],"build_version":"2020-12-22","purchased_purges":0,"victory":false,"max_hp_per_floor":[75,75,75,75,75,75,75,75,75,75,75,85,85,85,85,85,85],"card_choices":[{"not_picked":["Double Energy","Stack"],"picked":"Cold Snap","floor":1.0},{"not_picked":["Glacier","Ball Lightning"],"picked":"Beam Cell","floor":4.0},{"not_picked":["Consume","Double Energy"],"picked":"Blizzard","floor":7.0},{"not_picked":["Hello World","Gash"],"picked":"Beam Cell","floor":8.0},{"not_picked":["Leap","Beam Cell"],"picked":"Fusion","floor":11.0},{"not_picked":["Leap","Beam Cell"],"picked":"Barrage","floor":12.0},{"not_picked":["Hello World","Redo"],"picked":"Amplify","floor":13.0},{"not_picked":["Compile Driver","Doom and Gloom"],"picked":"Capacitor","floor":14.0}],"player_experience":43319,"relics_obtained":[{"floor":7.0,"key":"Lantern"},{"floor":9.0,"key":"Tiny Chest"},{"floor":12.0,"key":"Pear"}],"event_choices":[{"damage_healed":0.0,"max_hp_gain":0.0,"max_hp_loss":0.0,"gold_gain":0.0,"event_name":"Living Wall","player_choice":"Grow","floor":2.0,"gold_loss":0.0,"damage_taken":0.0,"cards_upgraded":["Dualcast"]},{"cards_removed":["Strike_B"],"damage_healed":0.0,"max_hp_gain":0.0,"max_hp_loss":0.0,"gold_gain":0.0,"event_name":"Golden Wing","player_choice":"Card Removal","floor":5.0,"gold_loss":0.0,"damage_taken":7.0},{"damage_healed":0.0,"max_hp_gain":0.0,"max_hp_loss":0.0,"gold_gain":0.0,"event_name":"The Woman in Blue","player_choice":"Bought 1 Potion","floor":10.0,"gold_loss":0.0,"damage_taken":0.0}],"is_beta":false,"boss_relics":[],"items_purged_floors":[],"is_endless":false,"potions_floor_spawned":[1,4,11,14],"killed_by":"The Guardian","ascension_level":0}}