{"host":"8fuipfsvjht9cgcs","time":1610405729,"event":{"mods":["AchievementEnabler","BaseMod","Colored Map","Colored Powertips","DeckTracker","Minty Spire (QoL Compilation)","Replay The Spire","StSLib","SuperFastMode","The Gatherer"],"gold_per_floor":[110,127,302,227,256,256,282,297,345,356,356,368,368,385,385,484,484,499,499,514,18,18,43,43,43,43],"floor_reached":25,"playtime":744,"items_purged":["Doubt","Strike_R"],"score":381,"play_id":"666c28cc-f903-40e4-88df-13ebc4e3ccdf","local_time":"20210112115529","is_ascension_mode":true,"campfire_choices":[{"data":"Body Slam","floor":6.0,"key":"SMITH"},{"data":"Pommel Strike","floor":13.0,"key":"SMITH"},{"data":"Battle Trance","floor":15.0,"key":"SMITH"}],"circlet_count":0,"master_deck":["AscendersBane","Strike_R","Defend_R","Defend_R","Defend_R","Defend_R","Bash","Fire Breathing","Body Slam+1","ReplayReversal","Pommel Strike+1","Flame Barrier","Battle Trance+1","Fiend Fire","Barricade","Entrench"],"relics":["Burning Blood","NeowsBlessing","Replay:Towering Pillar of Hats","Pen Nib","Nunchaku","Replay:Drink Me","MutagenicStrength","Molten Egg 2","StrikeDummy"],"acts_visited":["Exordium","TheCity"],"potions_floor_usage":[],"damage_taken":[{"damage":0.0,"enemies":"2 Louse","floor":1.0,"turns":1.0},{"damage":0.0,"enemies":"Jaw Worm","floor":2.0,"turns":1.0},{"damage":0.0,"enemies":"3 Sentries","floor":7.0,"turns":1.0},{"damage":9.0,"enemies":"Small Slimes","floor":8.0,"turns":5.0},{"damage":25.0,"enemies":"Exordium Thugs","floor":10.0,"turns":4.0},{"damage":21.0,"enemies":"Blue Slaver","floor":12.0,"turns":3.0},{"damage":7.0,"enemies":"Large Slime","floor":14.0,"turns":5.0},{"damage":36.0,"enemies":"The Guardian","floor":16.0,"turns":14.0},{"damage":0.0,"enemies":"Chosen","floor":18.0,"turns":3.0},{"damage":18.0,"enemies":"3 Byrds","floor":20.0,"turns":4.0},{"damage":37.0,"enemies":"Slavers","floor":23.0,"turns":6.0},{"damage":16,"enemies":"3 Cultists","floor":25,"turns":3}],"seed_played":"-5780829791905588278","potions_obtained":[{"floor":1.0,"key":"Swift Potion"},{"floor":2.0,"key":"SpeedPotion"},{"floor":10.0,"key":"Block Potion"}],"is_trial":false,"path_per_floor":["M","M","?","$","?","R","E","M","T","M","?","M","R","M","R","B",null,"M","?","M","$","?","E","?","M"],"character_chosen":"IRONCLAD","items_purchased":["Barricade","Molten Egg 2"],"campfire_rested":0,"item_purchase_floors":[21,21],"current_hp_per_floor":[78,80,80,80,80,80,80,77,77,58,58,43,43,42,42,12,48,54,54,42,42,42,11,11,0,0],"gold":43,"neow_bonus":"THREE_ENEMY_KILL","is_daily":false,"chose_seed":false,"campfire_upgraded":3,"win_rate":0.0,"timestamp":1610405729,"path_taken":["M","M","?","$","?","R","E","M","T","M","?","?","R","M","R","BOSS","M","?","M","$","?","E","?","M"],"items_purchased_type":["Card","Relic"],"build_version":"2020-12-22","purchased_purges":2,"victory":false,"max_hp_per_floor":[80,80,80,80,80,80,80,80,80,80,80,80,80,80,80,80,60,60,60,60,60,60,60,60,60,60],"card_choices":[{"not_picked":["Carnage","Clothesline"],"picked":"Fire Breathing","floor":1.0},{"not_picked":["Rupture","ReplayTheSpireMod:Muscle Training","Clothesline"],"picked":"SKIP","floor":2.0},{"not_picked":["Clothesline","Headbutt"],"picked":"Body Slam","floor":5.0},{"not_picked":["Infernal Blade","Replay:Undeath\u0027s Touch"],"picked":"ReplayReversal","floor":7.0},{"not_picked":["Massacre","Sever Soul"],"picked":"Pommel Strike","floor":8.0},{"not_picked":["Clash","Twin Strike","Heavy Blade"],"picked":"SKIP","floor":10.0},{"not_picked":["Bloodletting","Run Through"],"picked":"Flame Barrier","floor":12.0},{"not_picked":["ReplayTheSpireMod:Limb From Limb","Infernal Blade"],"picked":"Battle Trance","floor":14.0},{"not_picked":["Reaper","Hemogenesis"],"picked":"Fiend Fire","floor":16.0},{"not_picked":["Thunderclap","Pommel Strike","Headbutt"],"picked":"SKIP","floor":18.0},{"not_picked":["Blood for Blood","Warcry","Heavy Blade"],"picked":"SKIP","floor":20.0},{"not_picked":["Blood for Blood+1","Shockwave","Iron Wave+1"],"picked":"SKIP","floor":23.0}],"player_experience":371091,"relics_obtained":[{"floor":5.0,"key":"Replay:Towering Pillar of Hats"},{"floor":7.0,"key":"Pen Nib"},{"floor":9.0,"key":"Nunchaku"},{"floor":23.0,"key":"StrikeDummy"}],"event_choices":[{"damage_healed":0.0,"max_hp_gain":0.0,"max_hp_loss":0.0,"gold_gain":175.0,"event_name":"Liars Game","player_choice":"AGREE","floor":3.0,"gold_loss":0.0,"damage_taken":0.0,"cards_obtained":["Doubt"]},{"damage_healed":0.0,"max_hp_gain":0.0,"max_hp_loss":0.0,"gold_gain":0.0,"event_name":"The Woman in Blue","player_choice":"Bought 0 Potions","floor":11.0,"gold_loss":0.0,"damage_taken":0.0},{"damage_healed":0.0,"max_hp_gain":0.0,"max_hp_loss":0.0,"gold_gain":0.0,"event_name":"Drug Dealer","player_choice":"Inject Mutagens","floor":19.0,"gold_loss":0.0,"damage_taken":0.0,"relics_obtained":["MutagenicStrength"]},{"damage_healed":0.0,"max_hp_gain":0.0,"max_hp_loss":0.0,"gold_gain":0.0,"event_name":"The Library","player_choice":"Read","floor":22.0,"gold_loss":0.0,"damage_taken":0.0,"cards_obtained":["Entrench"]},{"damage_healed":0,"gold_gain":0,"player_choice":"Ignored","damage_taken":0,"max_hp_gain":0,"max_hp_loss":0,"event_name":"The Mausoleum","floor":24,"gold_loss":0}],"is_beta":false,"boss_relics":[{"not_picked":["Ectoplasm","Cursed Key"],"picked":"Replay:Drink Me"}],"items_purged_floors":[4,21],"is_endless":false,"potions_floor_spawned":[1,2,10],"killed_by":"3 Cultists","ascension_level":11}}