{"host":"3rj1dc1g3sucuw9t","time":1610362956,"event":{"mods":["BaseMod","Colored Powertips","Downfall","Hermit","Minty Spire (QoL Compilation)","Replay The Spire","StSLib","The Bug Knight","The Cursed"],"gold_per_floor":[110,110,37,62,237,281,295,314,314,314,391,409,475,500,500,631,631,646,694,65,94,94,94,99,99],"floor_reached":24,"playtime":1382,"items_purged":["hermit:Strike_Hermit"],"score":221,"play_id":"f9f9f5c3-8ae9-459f-9707-f891a5cd397d","local_time":"20210111120236","is_ascension_mode":false,"campfire_choices":[{"data":"Slimebound:FirmFortitude","floor":15,"key":"SMITH"},{"data":"HollowMod:Hiveblood","floor":23,"key":"SMITH"}],"circlet_count":0,"master_deck":["hermit:Strike_Hermit","hermit:Strike_Hermit","hermit:Strike_Hermit","hermit:Defend_Hermit","hermit:Defend_Hermit","hermit:Defend_Hermit","hermit:Defend_Hermit","hermit:Snapshot","hermit:Covet","hermit:Headshot","Injury","hermit:Showdown","hermit:Feint","Doubt","hermit:PistolWhip","hermit:Magnum","hermit:LowProfile","Writhe","HollowMod:Hiveblood+1","Slimebound:FirmFortitude+1","TheCursedMod:AntiAging","FTL+1","Dramatic Entrance","FlyingSleeves","hermit:Scavenge","hermit:Brawl","hermit:Brawl"],"relics":["hermit:Momento","NeowsBlessing","Golden Idol","Regal Pillow","Blue Doll","PrismaticShard","Chameleon Ring","SlaversCollar","Pet Ghost","Gremlin Horn","Toxic Egg 2"],"acts_visited":["Exordium","TheCity"],"potions_floor_usage":[13,16,18,24,24],"damage_taken":[{"damage":0,"enemies":"Jaw Worm","floor":1,"turns":1},{"damage":0,"enemies":"Small Slimes","floor":4,"turns":1},{"damage":0,"enemies":"3 Sentries","floor":6,"turns":2},{"damage":0,"enemies":"2 Louse","floor":7,"turns":2},{"damage":19,"enemies":"2 Fungi Beasts","floor":8,"turns":4},{"damage":8,"enemies":"Looter","floor":12,"turns":3},{"damage":24,"enemies":"Gremlin Nob","floor":13,"turns":3},{"damage":18,"enemies":"Large Slime","floor":14,"turns":5},{"damage":28,"enemies":"The Guardian","floor":16,"turns":12},{"damage":38,"enemies":"3 Byrds","floor":18,"turns":9},{"damage":33,"enemies":"Shell Parasite","floor":21,"turns":7},{"damage":87,"enemies":"Book of Stabbing","floor":24,"turns":6}],"seed_played":"-4149622432176217642","potions_obtained":[{"floor":1,"key":"FearPotion"},{"floor":8,"key":"Explosive Potion"},{"floor":12,"key":"SneckoOil"},{"floor":16,"key":"Adrenaline Potion"},{"floor":19,"key":"Elixir"}],"is_trial":false,"path_per_floor":["M","?","$","M","?","E","M","M","T","?","?","M","?","M","R","B",null,"M","?","$","M","?","R","E"],"character_chosen":"HERMIT","items_purchased":["hermit:Showdown","Gremlin Horn","hermit:Scavenge","hermit:Brawl","Toxic Egg 2"],"campfire_rested":0,"item_purchase_floors":[3,20,20,20,20],"current_hp_per_floor":[75,75,75,75,75,75,75,56,56,56,56,48,33,29,29,16,75,51,51,51,32,58,58,0,0],"gold":99,"neow_bonus":"THREE_ENEMY_KILL","is_daily":false,"chose_seed":false,"campfire_upgraded":2,"win_rate":0.0,"timestamp":1610362956,"path_taken":["M","?","$","M","?","E","M","M","T","?","?","M","?","M","R","BOSS","M","?","$","M","?","R","E"],"items_purchased_type":["Card","Relic","Card","Card","Relic"],"build_version":"2020-12-22","purchased_purges":1,"victory":false,"max_hp_per_floor":[75,75,75,75,75,75,75,75,75,75,75,75,75,75,75,75,75,77,77,77,79,79,79,79,79],"card_choices":[{"not_picked":["hermit:WideOpen","hermit:Misfire"],"picked":"hermit:Headshot","floor":1},{"not_picked":["hermit:Roulette","hermit:Headshot"],"picked":"hermit:Feint","floor":4},{"not_picked":["hermit:Coalescence","hermit:BigShot"],"picked":"hermit:PistolWhip","floor":6},{"not_picked":["hermit:Coalescence","hermit:LowProfile"],"picked":"hermit:Magnum","floor":7},{"not_picked":["hermit:Desperado","hermit:BodyArmor"],"picked":"hermit:LowProfile","floor":8},{"not_picked":["Ball Lightning","HollowMod:DescendingDark"],"picked":"HollowMod:Hiveblood","floor":12},{"not_picked":["MentalFortress","Headbutt"],"picked":"Slimebound:FirmFortitude","floor":14},{"not_picked":["sneckomod:Restock","Slimebound:SelfFormingGoo"],"picked":"TheCursedMod:AntiAging","floor":16},{"not_picked":["Wireheading","Wild Strike"],"picked":"FTL+1","floor":18},{"not_picked":["Replay:BasicMightCard","Consecrate"],"picked":"Dramatic Entrance","floor":19},{"not_picked":["champ:FanOfKnives","TheCursedMod:Wield"],"picked":"FlyingSleeves","floor":19},{"not_picked":["champ:ArenaPreparation+1","HollowMod:SoulSplash+1","Endless Agony"],"picked":"SKIP","floor":21}],"player_experience":415920,"relics_obtained":[{"floor":6,"key":"Regal Pillow"},{"floor":9,"key":"Blue Doll"},{"floor":13,"key":"Chameleon Ring"},{"floor":19,"key":"Pet Ghost"}],"event_choices":[{"damage_healed":0,"gold_gain":0,"player_choice":"Take Wound","damage_taken":0,"relics_obtained":["Golden Idol"],"max_hp_gain":0,"max_hp_loss":0,"event_name":"Golden Idol","floor":2,"gold_loss":0,"cards_obtained":["Injury"]},{"damage_healed":0,"gold_gain":175,"player_choice":"AGREE","damage_taken":0,"max_hp_gain":0,"max_hp_loss":0,"event_name":"Liars Game","floor":5,"gold_loss":0,"cards_obtained":["Doubt"]},{"damage_healed":0,"gold_gain":77,"player_choice":"Gained Gold","damage_taken":0,"max_hp_gain":0,"max_hp_loss":0,"event_name":"Golden Wing","floor":11,"gold_loss":0},{"damage_healed":0,"gold_gain":30,"player_choice":"Searched \u00273\u0027 times","damage_taken":0,"max_hp_gain":0,"max_hp_loss":0,"event_name":"Dead Adventurer","floor":13,"gold_loss":0},{"damage_healed":26,"gold_gain":0,"player_choice":"Heal","damage_taken":0,"max_hp_gain":0,"max_hp_loss":0,"event_name":"The Library","floor":22,"gold_loss":0}],"is_beta":false,"boss_relics":[{"not_picked":["Sozu","Snecko Eye"],"picked":"SlaversCollar"}],"items_purged_floors":[20],"is_endless":false,"potions_floor_spawned":[1,8,12,16],"killed_by":"Book of Stabbing","ascension_level":0}}