{"host":"6pgtslebjnyv5xmi","time":1610364173,"event":{"mods":["AchievementEnabler","BaseMod","Colored Map","Minty Spire (QoL Compilation)","Rare Cards Sparkle","StSLib","SuperFastMode","The Cursed","everything is the same but u backflip on backflip"],"gold_per_floor":[114,114,127,127,202,233,250,268,293,327,25,38,53,53,53,53,53],"floor_reached":16,"playtime":429,"items_purged":[],"score":240,"play_id":"8dfe0fd8-2de9-405b-8468-b6d2f576fd55","local_time":"20210111202253","is_ascension_mode":true,"campfire_choices":[{"floor":15,"key":"REST"}],"circlet_count":0,"master_deck":["AscendersBane","Strike_R","Strike_R","Strike_R+1","Strike_R+1","Defend_R","Defend_R","Defend_R","Defend_R","Bash+1","Reckless Charge","Reckless Charge","Wild Strike","Wild Strike+1","Flame Barrier","Immolate","Fire Breathing","Reaper","Fire Breathing","Second Wind"],"relics":["Burning Blood","NeowsBlessing","Smiling Mask","Art of War","Whetstone","Juzu Bracelet"],"acts_visited":[],"potions_floor_usage":[10,13,16],"damage_taken":[{"damage":0,"enemies":"Small Slimes","floor":1,"turns":1},{"damage":0,"enemies":"Jaw Worm","floor":3,"turns":1},{"damage":0,"enemies":"3 Sentries","floor":6,"turns":2},{"damage":0,"enemies":"Cultist","floor":7,"turns":2},{"damage":25,"enemies":"Exordium Thugs","floor":8,"turns":3},{"damage":44,"enemies":"Lagavulin","floor":10,"turns":9},{"damage":0,"enemies":"2 Fungi Beasts","floor":12,"turns":2},{"damage":0,"enemies":"Blue Slaver","floor":13,"turns":3},{"damage":37,"enemies":"The Guardian","floor":16,"turns":8}],"seed_played":"1983417936203372552","potions_obtained":[{"floor":1,"key":"DuplicationPotion"},{"floor":8,"key":"DuplicationPotion"},{"floor":12,"key":"SteroidPotion"}],"is_trial":false,"path_per_floor":["M","?","M","$","?","E","M","M","T","E","$","M","M","?","R","B"],"character_chosen":"IRONCLAD","items_purchased":["Fire Breathing","Reaper","Juzu Bracelet"],"campfire_rested":1,"item_purchase_floors":[11,11,11],"current_hp_per_floor":[74,74,75,75,64,70,75,56,56,18,18,24,30,7,29,0,0],"gold":53,"neow_bonus":"THREE_ENEMY_KILL","is_daily":false,"chose_seed":false,"campfire_upgraded":0,"win_rate":0.0,"timestamp":1610364173,"path_taken":["M","?","M","$","?","E","?","?","T","E","?","M","M","?","R","BOSS"],"items_purchased_type":["Card","Card","Relic"],"build_version":"2020-12-22","purchased_purges":0,"victory":false,"max_hp_per_floor":[75,75,75,75,75,75,75,75,75,75,75,75,75,75,75,75,75],"card_choices":[{"not_picked":["Iron Wave","Flex"],"picked":"Reckless Charge","floor":1},{"not_picked":["Anger","Body Slam"],"picked":"Wild Strike","floor":3},{"not_picked":["Thunderclap","Carnage"],"picked":"Wild Strike","floor":6},{"not_picked":["Reckless Charge","Combust"],"picked":"Flame Barrier","floor":7},{"not_picked":["Sentinel","Clothesline","Headbutt"],"picked":"SKIP","floor":8},{"not_picked":["Offering","Havoc"],"picked":"Immolate","floor":10},{"not_picked":["Inflame","Twin Strike"],"picked":"Fire Breathing","floor":12},{"not_picked":["Body Slam","Pommel Strike"],"picked":"Second Wind","floor":13}],"player_experience":933519,"relics_obtained":[{"floor":6,"key":"Smiling Mask"},{"floor":9,"key":"Art of War"},{"floor":10,"key":"Whetstone"}],"event_choices":[{"damage_healed":0,"gold_gain":0,"cards_transformed":["Strike_R"],"player_choice":"Change","damage_taken":0,"max_hp_gain":0,"max_hp_loss":0,"event_name":"Living Wall","floor":2,"gold_loss":0,"cards_obtained":["Reckless Charge"]},{"damage_healed":0,"gold_gain":75,"player_choice":"Gather Gold","damage_taken":11,"max_hp_gain":0,"max_hp_loss":0,"event_name":"World of Goop","floor":5,"gold_loss":0},{"damage_healed":0,"gold_gain":0,"player_choice":"Entered Light","damage_taken":23,"max_hp_gain":0,"max_hp_loss":0,"event_name":"Shining Light","floor":14,"gold_loss":0,"cards_upgraded":["Strike_R","Bash"]}],"is_beta":false,"boss_relics":[],"items_purged_floors":[],"is_endless":false,"potions_floor_spawned":[1,8,12],"killed_by":"The Guardian","ascension_level":15}}