{"host":"04aht2z7d1qbuefv","time":1610330072,"event":{"mods":["AchievementEnabler","BaseMod","Downfall","Minty Spire (QoL Compilation)","StSLib","The Cursed","The Necromancer"],"gold_per_floor":[99,99,99,99,119,149,219,231,53,84,9,0,0,0,14,119,119,44,56,56,66,77,77,77,77],"floor_reached":23,"playtime":928,"items_purged":[],"score":187,"play_id":"92bd6b7b-c080-40ac-a1fd-473877bf47c0","local_time":"20210110225432","is_ascension_mode":false,"campfire_choices":[{"floor":1,"key":"RECALL"},{"floor":11,"key":"REST"},{"floor":13,"key":"REST"},{"data":"Apotheosis","floor":18,"key":"SMITH"}],"circlet_count":0,"master_deck":["hexamod:Strike","hexamod:Strike+1","hexamod:Strike","hexamod:Strike","hexamod:Defend","hexamod:Defend","hexamod:Defend","hexamod:Defend","hexamod:Sear","hexamod:Float","hexamod:ThermalTransfer","hexamod:EmpoweredFlame","hexamod:CrushingStance+1","Apotheosis+1","hexamod:GhostOfSpireFuture+1","hexamod:FourthSeal","hexamod:RadiantFlame+1","hexamod:WildfireWeapon+1"],"relics":["hexamod:SpiritBrand","downfall:HeartsMalice","Frozen Egg 2","Whetstone","downfall:HeartBlessingRed","SacredBark","downfall:HeartBlessingGreen"],"acts_visited":["Exordium","TheCity"],"potions_floor_usage":[10,10,15,16,21,22,23,23],"damage_taken":[{"damage":0,"enemies":"Jaw Worm","floor":2,"turns":1},{"damage":0,"enemies":"Small Slimes","floor":3,"turns":1},{"damage":0,"enemies":"Cultist","floor":4,"turns":1},{"damage":21,"enemies":"Exordium Thugs","floor":5,"turns":5},{"damage":11,"enemies":"Blue Slaver","floor":8,"turns":4},{"damage":0,"enemies":"downfall:FleeingMerchant","floor":9,"turns":4},{"damage":12,"enemies":"Gremlin Nob","floor":10,"turns":4},{"damage":0,"enemies":"downfall:FleeingMerchant","floor":12,"turns":4},{"damage":0,"enemies":"Large Slime","floor":15,"turns":5},{"damage":17,"enemies":"downfall:Silent","floor":16,"turns":9},{"damage":14,"enemies":"Shell Parasite","floor":19,"turns":8},{"damage":25,"enemies":"3 Byrds","floor":21,"turns":6},{"damage":30,"enemies":"3 Cultists","floor":22,"turns":7},{"damage":70,"enemies":"Slavers","floor":23,"turns":4}],"seed_played":"-5957414422425378121","potions_obtained":[{"floor":5,"key":"EssenceOfSteel"},{"floor":10,"key":"EntropicBrew"},{"floor":15,"key":"Fruit Juice"},{"floor":16,"key":"AttackPotion"},{"floor":19,"key":"FairyPotion"},{"floor":22,"key":"Strength Potion"},{"floor":22,"key":"Ancient Potion"}],"is_trial":false,"path_per_floor":["R","M","M","M","M","?","T","M","$","E","R","$","R","?","M","B",null,"R","M","?","M","M","E"],"character_chosen":"THE_SPIRIT","items_purchased":["Apotheosis"],"campfire_rested":2,"item_purchase_floors":[9],"current_hp_per_floor":[70,70,70,70,49,49,49,38,38,26,47,47,68,68,73,56,75,75,61,61,36,6,0,0,0],"gold":77,"neow_bonus":"THREE_ENEMY_KILL","is_daily":false,"chose_seed":false,"campfire_upgraded":1,"win_rate":0.0,"timestamp":1610330072,"path_taken":["R","M","M","M","M","?","T","M","$","E","R","$","R","?","M","BOSS","R","M","?","M","M","E"],"items_purchased_type":["Card"],"build_version":"2020-12-22","purchased_purges":0,"victory":false,"max_hp_per_floor":[70,70,70,70,70,70,70,70,70,70,70,70,70,70,75,75,75,75,75,75,75,75,75,75,75],"card_choices":[{"not_picked":["hexamod:Rewind","hexamod:ChargedBarrage"],"picked":"hexamod:ThermalTransfer","floor":2},{"not_picked":["hexamod:HauntingEcho","hexamod:SuperheatedStrike","hexamod:Hexaguard"],"picked":"SKIP","floor":3},{"not_picked":["hexamod:NightmareStrike","hexamod:GhostShield"],"picked":"hexamod:EmpoweredFlame","floor":4},{"not_picked":["hexamod:SoulSteal","hexamod:SpectralSpark","hexamod:BacktrackSmack"],"picked":"SKIP","floor":5},{"not_picked":["hexamod:Haunt","hexamod:ChargedBarrage","hexamod:BacktrackSmack"],"picked":"SKIP","floor":8},{"not_picked":["hexamod:InspiringFlames","hexamod:SpectersWail"],"picked":"hexamod:CrushingStance","floor":9},{"not_picked":["hexamod:ThermalTransfer","hexamod:NightmareGuise"],"picked":"hexamod:GhostOfSpireFuture+1","floor":10},{"not_picked":["hexamod:GhostflameBarrier","hexamod:SpectersWail","hexamod:Firestarter"],"picked":"SKIP","floor":12},{"not_picked":["hexamod:GhostLash","hexamod:SpectersWail"],"picked":"hexamod:RadiantFlame+1","floor":15},{"not_picked":["hexamod:EmpoweringStance+1","hexamod:TimeOfNeed"],"picked":"hexamod:WildfireWeapon+1","floor":16},{"not_picked":["hexamod:Haunt","hexamod:Firestarter","hexamod:RecurringNightmare"],"picked":"SKIP","floor":19},{"not_picked":["hexamod:FourthSeal","hexamod:NightmareGuise+1","hexamod:FastForward"],"picked":"SKIP","floor":21},{"not_picked":["hexamod:ThirdSeal","hexamod:NecessarySacrifice+1","hexamod:Hexaguard"],"picked":"SKIP","floor":22}],"player_experience":163763,"relics_obtained":[{"floor":7,"key":"Frozen Egg 2"},{"floor":10,"key":"Whetstone"}],"event_choices":[{"damage_healed":0,"gold_gain":0,"player_choice":"Ignored","damage_taken":0,"max_hp_gain":0,"max_hp_loss":0,"event_name":"NoteForYourself","floor":20,"gold_loss":0}],"is_beta":false,"boss_relics":[{"not_picked":["downfall:Hecktoplasm","Runic Dome"],"picked":"SacredBark"}],"items_purged_floors":[],"is_endless":false,"potions_floor_spawned":[5,10,15,16,22],"killed_by":"Slavers","ascension_level":0}}