{"host":"chv1qanoipyt46jc","time":1610407937,"event":{"mods":["2.2 Compatiblity","AchievementEnabler","Bartender","BaseMod","BetterRewards","CapriCore","Card Filter","Evolution","Gold Saver","Grow up Mod","Minty Spire (QoL Compilation)","Rare Cards Sparkle","Relic Filter","Remove Card Discount Mod","Reorder Act Four","StSLib"],"gold_per_floor":[977,989,1001,1014,1014,1043,1043,1076,1076,1089,1120,1134,1169,1185,1185,1283,1283,1294,1310,1326,1326,1326,1354,1453,1481,1506,1517,1533,1545,1545,1577,1577,1682,1682,1701,1718,1733,1747,1758,1786,1886,1917,1992,2021,2069,2069,2069,2069,2069,2069,2069,2069,2069,2104,2104],"floor_reached":56,"playtime":1111,"items_purged":["CutThroughFate","CutThroughFate","CutThroughFate","ThirdEye","ThirdEye","ThirdEye","Vigilance","Eruption","ThirdEye","CutThroughFate"],"score":2006,"play_id":"8ae208b7-ec84-4319-a365-f35427df22a3","local_time":"20210111173217","is_ascension_mode":false,"campfire_choices":[{"data":"PathToVictory","floor":7,"key":"SMITH"},{"data":"PathToVictory","floor":15,"key":"SMITH"},{"data":"PathToVictory","floor":30,"key":"SMITH"},{"data":"PathToVictory","floor":32,"key":"SMITH"},{"floor":46,"key":"RECALL"},{"data":"Madness","floor":49,"key":"SMITH"},{"data":"Madness","floor":53,"key":"SMITH"}],"circlet_count":0,"master_deck":["PathToVictory+1","PathToVictory+1","Sanctity+1","PathToVictory+1","PathToVictory+1","Madness+1","Madness+1"],"relics":["PureWater","EVO:Axolotl","TheAbacus","Gremlin Horn","Medical Kit","Omamori","Boot","Dream Catcher","White Beast Statue","Busted Crown","Juzu Bracelet","Orichalcum","MealTicket","Blood Vial","Whetstone","Black Star","Yang","Mummified Hand","War Paint","Protect_Vest","Ornamental Fan","Oddly Smooth Stone","Bag of Marbles","Lizard Tail","Art of War","Choco_Feather"],"acts_visited":["Exordium","TheCity","TheBeyond","TheEnding"],"potions_floor_usage":[12,27,39,55,55],"damage_taken":[{"damage":0,"enemies":"Small Slimes","floor":1,"turns":1},{"damage":0,"enemies":"Jaw Worm","floor":2,"turns":1},{"damage":0,"enemies":"Cultist","floor":3,"turns":2},{"damage":0,"enemies":"2 Fungi Beasts","floor":4,"turns":1},{"damage":0,"enemies":"Gremlin Nob","floor":6,"turns":2},{"damage":0,"enemies":"Lagavulin","floor":8,"turns":2},{"damage":0,"enemies":"Red Slaver","floor":10,"turns":1},{"damage":0,"enemies":"Gremlin Nob","floor":11,"turns":2},{"damage":0,"enemies":"3 Louse","floor":12,"turns":1},{"damage":9,"enemies":"3 Sentries","floor":13,"turns":3},{"damage":0,"enemies":"Blue Slaver","floor":14,"turns":1},{"damage":0,"enemies":"Slime Boss","floor":16,"turns":2},{"damage":0,"enemies":"Spheric Guardian","floor":18,"turns":2},{"damage":0,"enemies":"Shell Parasite","floor":19,"turns":1},{"damage":0,"enemies":"Shelled Parasite and Fungi","floor":20,"turns":1},{"damage":0,"enemies":"Gremlin Leader","floor":23,"turns":2},{"damage":20,"enemies":"Slavers","floor":25,"turns":2},{"damage":0,"enemies":"Snecko","floor":27,"turns":2},{"damage":0,"enemies":"Centurion and Healer","floor":28,"turns":1},{"damage":0,"enemies":"3 Cultists","floor":29,"turns":2},{"damage":6,"enemies":"Book of Stabbing","floor":31,"turns":2},{"damage":0,"enemies":"Collector","floor":33,"turns":2},{"damage":0,"enemies":"Orb Walker","floor":35,"turns":1},{"damage":11,"enemies":"3 Darklings","floor":36,"turns":2},{"damage":0,"enemies":"Sphere and 2 Shapes","floor":37,"turns":2},{"damage":0,"enemies":"4 Shapes","floor":38,"turns":1},{"damage":4,"enemies":"Writhing Mass","floor":39,"turns":2},{"damage":14,"enemies":"Giant Head","floor":40,"turns":3},{"damage":51,"enemies":"Nemesis","floor":42,"turns":3},{"damage":0,"enemies":"Reptomancer","floor":44,"turns":2},{"damage":8,"enemies":"2 Orb Walkers","floor":45,"turns":2},{"damage":21,"enemies":"Donu and Deca","floor":50,"turns":4},{"damage":12,"enemies":"Shield and Spear","floor":54,"turns":2},{"damage":80,"enemies":"The Heart","floor":55,"turns":4}],"seed_played":"3817152582594417239","potions_obtained":[{"floor":3,"key":"BottledMiracle"},{"floor":6,"key":"EssenceOfSteel"},{"floor":8,"key":"Ancient Potion"},{"floor":12,"key":"Fruit Juice"},{"floor":14,"key":"EssenceOfSteel"},{"floor":27,"key":"Fruit Juice"},{"floor":31,"key":"Swift Potion"},{"floor":39,"key":"Fruit Juice"},{"floor":40,"key":"FairyPotion"}],"is_trial":false,"path_per_floor":["M","M","M","M","?","E","R","E","T","M","E","M","E","M","R","B",null,"M","M","M","?","T","E","?","E","T","M","M","M","R","E","R","B",null,"M","M","M","M","M","E","?","E","T","E","?","R","?","?","R","B",null,"$","R","E","B",null],"character_chosen":"WATCHER","items_purchased":["TheAbacus","PathToVictory","Gremlin Horn","Medical Kit","PathToVictory","Sanctity"],"campfire_rested":0,"item_purchase_floors":[0,0,0,0,0,0],"current_hp_per_floor":[55,65,75,85,95,105,115,125,135,145,155,170,171,181,191,201,269,279,289,299,309,319,329,339,329,339,356,368,380,390,396,406,418,444,454,453,465,477,490,488,498,459,469,481,485,495,434,444,454,445,619,629,639,637,569],"gold":2104,"neow_bonus":"","is_daily":false,"chose_seed":false,"campfire_upgraded":6,"win_rate":0.0,"timestamp":1610407937,"path_taken":["M","M","M","M","?","E","R","E","T","M","E","M","E","M","R","BOSS","M","M","M","?","?","E","?","E","T","M","M","M","R","E","R","BOSS","M","M","M","M","M","E","?","E","T","E","?","R","?","?","R","BOSS","$","R","E","BOSS"],"items_purchased_type":["Relic","Card","Relic","Relic","Card","Card"],"build_version":"2020-12-22","purchased_purges":10,"victory":true,"max_hp_per_floor":[104,114,124,134,144,154,164,174,184,194,204,219,229,239,249,259,269,279,289,299,309,319,329,339,349,359,374,384,394,404,414,424,434,444,454,464,474,484,499,509,519,529,539,549,559,569,579,589,599,609,619,629,639,649,659],"card_choices":[{"not_picked":["DeceiveReality","Consecrate"],"picked":"PathToVictory","floor":1},{"not_picked":["Study","Evaluate","InnerPeace"],"picked":"SKIP","floor":2},{"not_picked":["Crescendo","CutThroughFate","WindmillStrike"],"picked":"SKIP","floor":3},{"not_picked":["EmptyFist","ClearTheMind","JustLucky"],"picked":"SKIP","floor":4},{"not_picked":["Swivel","Vault","LikeWater"],"picked":"SKIP","floor":6},{"not_picked":["Study","FlyingSleeves","Protect"],"picked":"SKIP","floor":8},{"not_picked":["SashWhip","BowlingBash","FlurryOfBlows"],"picked":"SKIP","floor":10},{"not_picked":["FollowUp","Vengeance"],"picked":"PathToVictory","floor":11},{"not_picked":["Wallop","InnerPeace","Nirvana"],"picked":"SKIP","floor":12},{"not_picked":["ClearTheMind","EmptyFist","Sanctity"],"picked":"SKIP","floor":13},{"not_picked":["EmptyMind","SashWhip","CutThroughFate"],"picked":"SKIP","floor":14},{"not_picked":["ThirdEye"],"picked":"SKIP","floor":18},{"not_picked":["CrushJoints"],"picked":"SKIP","floor":19},{"not_picked":["CutThroughFate+1"],"picked":"SKIP","floor":20},{"not_picked":["Evaluate"],"picked":"SKIP","floor":23},{"not_picked":["Wallop"],"picked":"SKIP","floor":25},{"not_picked":["FlyingSleeves"],"picked":"SKIP","floor":27},{"not_picked":["Evaluate+1"],"picked":"SKIP","floor":28},{"not_picked":["WheelKick"],"picked":"SKIP","floor":29},{"not_picked":["Fasting2+1"],"picked":"SKIP","floor":31},{"not_picked":["CrushJoints"],"picked":"SKIP","floor":35},{"not_picked":["ClearTheMind"],"picked":"SKIP","floor":36},{"not_picked":["Consecrate"],"picked":"SKIP","floor":37},{"not_picked":["Evaluate+1"],"picked":"SKIP","floor":38},{"not_picked":["FlyingSleeves+1"],"picked":"SKIP","floor":39},{"not_picked":["Crescendo"],"picked":"SKIP","floor":40},{"not_picked":["EmptyBody+1"],"picked":"SKIP","floor":42},{"not_picked":["Collect+1"],"picked":"SKIP","floor":44},{"not_picked":["Evaluate+1"],"picked":"SKIP","floor":54}],"player_experience":391467,"relics_obtained":[{"floor":6,"key":"Omamori"},{"floor":8,"key":"Boot"},{"floor":11,"key":"Dream Catcher"},{"floor":13,"key":"White Beast Statue"},{"floor":22,"key":"Juzu Bracelet"},{"floor":23,"key":"Orichalcum"},{"floor":25,"key":"MealTicket"},{"floor":26,"key":"Blood Vial"},{"floor":31,"key":"Whetstone"},{"floor":40,"key":"Yang"},{"floor":40,"key":"Mummified Hand"},{"floor":42,"key":"War Paint"},{"floor":42,"key":"Protect_Vest"},{"floor":43,"key":"Ornamental Fan"},{"floor":44,"key":"Oddly Smooth Stone"},{"floor":44,"key":"Bag of Marbles"},{"floor":45,"key":"Lizard Tail"},{"floor":54,"key":"Art of War"},{"floor":54,"key":"Choco_Feather"}],"event_choices":[{"damage_healed":0,"gold_gain":0,"player_choice":"Ignored","damage_taken":0,"max_hp_gain":0,"max_hp_loss":0,"event_name":"Liars Game","floor":5,"gold_loss":0},{"damage_healed":0,"gold_gain":0,"player_choice":"Ignored","damage_taken":0,"max_hp_gain":0,"max_hp_loss":0,"event_name":"The Mausoleum","floor":21,"gold_loss":0},{"damage_healed":0,"gold_gain":99,"player_choice":"Stole From Cult","damage_taken":0,"max_hp_gain":0,"max_hp_loss":0,"event_name":"Nest","floor":24,"gold_loss":0},{"damage_healed":0,"gold_gain":100,"player_choice":"Pray","damage_taken":0,"max_hp_gain":0,"max_hp_loss":0,"event_name":"Golden Shrine","floor":41,"gold_loss":0},{"damage_healed":0,"gold_gain":0,"player_choice":"Fight","damage_taken":0,"max_hp_gain":0,"max_hp_loss":0,"event_name":"Mysterious Sphere","floor":45,"gold_loss":0},{"damage_healed":0,"gold_gain":0,"player_choice":"Embrace Madness","damage_taken":71,"max_hp_gain":0,"max_hp_loss":0,"event_name":"Winding Halls","floor":47,"gold_loss":0,"cards_obtained":["Madness","Madness"]},{"damage_healed":0,"gold_gain":0,"player_choice":"Memory 1","damage_taken":0,"max_hp_gain":0,"max_hp_loss":0,"event_name":"SensoryStone","floor":48,"gold_loss":0}],"is_beta":false,"boss_relics":[{"not_picked":["Silver_Glasses","Cursed Key"],"picked":"Busted Crown"},{"not_picked":["Sozu","Astrolabe"],"picked":"Black Star"}],"items_purged_floors":[0,0,0,0,0,0,0,0,0,0],"is_endless":false,"potions_floor_spawned":[3,6,8,11,12,14,16,18,19,20,23,25,27,28,29,31,33,35,36,37,38,39,40,42,44,45,54],"ascension_level":0}}