{"host":"vpaavrwbmey593fx","time":1610324423,"event":{"mods":["AchievementEnabler","BaseMod","Colored Map","Colored Powertips","DeckTracker","Minty Spire (QoL Compilation)","Relic Sorter"],"gold_per_floor":[216,227,241,231,249,249,282,282,282,301,301,301,312,215,215,310,310,323,68,68,81,13,13,41,41,68,68,68,100,118,118,118],"floor_reached":31,"playtime":2226,"items_purged":["Strike_G","Strike_G"],"score":330,"play_id":"ea545e0e-2e68-4391-b0c1-43d8a6c828b3","local_time":"20210110162023","is_ascension_mode":true,"campfire_choices":[{"data":"Neutralize","floor":6,"key":"SMITH"},{"data":"Poisoned Stab","floor":8,"key":"SMITH"},{"floor":12,"key":"REST"},{"floor":15,"key":"REST"},{"data":"Calculated Gamble","floor":23,"key":"SMITH"},{"floor":25,"key":"REST"},{"data":"Footwork","floor":27,"key":"SMITH"}],"circlet_count":0,"master_deck":["Strike_G","Strike_G","Defend_G","Defend_G","Defend_G","Defend_G","Defend_G","Survivor","Neutralize+1","Deadly Poison","Poisoned Stab+1","Dagger Spray","Quick Slash+1","Footwork+1","Backflip","Corpse Explosion","Flying Knee+1","Catalyst","Calculated Gamble+1","Blur","PiercingWail"],"relics":["Ring of the Snake","Bronze Scales","SlaversCollar","Bag of Preparation","Du-Vu Doll","Omamori","Pear","Gremlin Horn"],"acts_visited":["Exordium","TheCity"],"potions_floor_usage":[7,7,7,24,30],"damage_taken":[{"damage":9,"enemies":"Cultist","floor":1,"turns":5},{"damage":2,"enemies":"2 Louse","floor":2,"turns":3},{"damage":3,"enemies":"Jaw Worm","floor":3,"turns":4},{"damage":16,"enemies":"Exordium Thugs","floor":4,"turns":5},{"damage":14,"enemies":"Looter","floor":5,"turns":3},{"damage":15,"enemies":"Gremlin Nob","floor":7,"turns":4},{"damage":10,"enemies":"Exordium Wildlife","floor":10,"turns":4},{"damage":0,"enemies":"Large Slime","floor":13,"turns":3},{"damage":11,"enemies":"Hexaghost","floor":16,"turns":9},{"damage":23,"enemies":"2 Thieves","floor":18,"turns":3},{"damage":3,"enemies":"Chosen","floor":21,"turns":4},{"damage":38,"enemies":"Slavers","floor":24,"turns":4},{"damage":15,"enemies":"Gremlin Leader","floor":29,"turns":5},{"damage":15,"enemies":"Centurion and Healer","floor":30,"turns":5},{"damage":36,"enemies":"Snecko","floor":31,"turns":5}],"seed_played":"1344110196049216431","potions_obtained":[{"floor":1,"key":"Regen Potion"},{"floor":2,"key":"Ancient Potion"},{"floor":5,"key":"SneckoOil"},{"floor":16,"key":"Regen Potion"},{"floor":29,"key":"Block Potion"},{"floor":30,"key":"Strength Potion"}],"is_trial":false,"path_per_floor":["M","M","M","M","M","R","E","R","T","M","?","R","M","$","R","B",null,"M","$","?","M","$","R","E","R","T","R","?","E","M","M"],"character_chosen":"THE_SILENT","items_purchased":["Backflip","Bag of Preparation","Calculated Gamble"],"campfire_rested":3,"item_purchase_floors":[14,19,22],"current_hp_per_floor":[61,59,56,40,26,26,23,23,23,13,13,34,34,34,55,44,70,47,47,47,44,44,44,18,39,39,39,49,34,19,0,0],"gold":118,"neow_bonus":"HUNDRED_GOLD","is_daily":false,"chose_seed":false,"campfire_upgraded":4,"win_rate":0.0,"timestamp":1610324423,"path_taken":["M","M","M","M","?","R","E","R","T","M","?","R","?","$","R","BOSS","M","$","?","M","?","R","E","R","T","R","?","E","?","M"],"items_purchased_type":["Card","Relic","Card"],"build_version":"2020-12-22","purchased_purges":2,"victory":false,"max_hp_per_floor":[70,70,70,70,70,70,70,70,70,70,70,70,70,70,70,70,70,70,70,70,70,70,70,70,70,70,70,80,80,80,80,80],"card_choices":[{"not_picked":["Well Laid Plans","Blade Dance"],"picked":"Deadly Poison","floor":1},{"not_picked":["PiercingWail","Well Laid Plans","Expertise"],"picked":"SKIP","floor":2},{"not_picked":["Terror","Deflect"],"picked":"Poisoned Stab","floor":3},{"not_picked":["Escape Plan","A Thousand Cuts"],"picked":"Dagger Spray","floor":4},{"not_picked":["Flying Knee","Deflect","PiercingWail"],"picked":"SKIP","floor":5},{"not_picked":["Masterful Stab","Bane","Choke"],"picked":"SKIP","floor":7},{"not_picked":["Endless Agony","Finisher"],"picked":"Quick Slash","floor":10},{"not_picked":["Eviscerate","Poisoned Stab"],"picked":"Footwork","floor":13},{"not_picked":["A Thousand Cuts","Adrenaline"],"picked":"Corpse Explosion","floor":16},{"not_picked":["Quick Slash+1","Acrobatics"],"picked":"Flying Knee+1","floor":18},{"not_picked":["Poisoned Stab","Deflect"],"picked":"Catalyst","floor":21},{"not_picked":["Bouncing Flask","Infinite Blades"],"picked":"Blur","floor":24},{"not_picked":["Footwork","Dagger Throw"],"picked":"PiercingWail","floor":29},{"not_picked":["Backstab","Underhanded Strike","Predator"],"picked":"SKIP","floor":30}],"player_experience":160370,"relics_obtained":[{"floor":7,"key":"Bronze Scales"},{"floor":24,"key":"Du-Vu Doll"},{"floor":26,"key":"Omamori"},{"floor":29,"key":"Gremlin Horn"}],"event_choices":[{"damage_healed":0,"gold_gain":0,"player_choice":"Upgraded","damage_taken":0,"max_hp_gain":0,"max_hp_loss":0,"event_name":"Upgrade Shrine","floor":11,"gold_loss":0,"cards_upgraded":["Quick Slash"]},{"cards_removed":["Strike_G"],"damage_healed":0,"gold_gain":0,"player_choice":"Offered Basic","damage_taken":0,"max_hp_gain":0,"max_hp_loss":0,"event_name":"Bonfire Elementals","floor":20,"gold_loss":0},{"damage_healed":0,"gold_gain":0,"player_choice":"Opened","damage_taken":0,"relics_obtained":["Pear"],"max_hp_gain":0,"max_hp_loss":0,"event_name":"The Mausoleum","floor":28,"gold_loss":0,"cards_obtained":["Writhe"]}],"is_beta":false,"boss_relics":[{"not_picked":["SacredBark","HoveringKite"],"picked":"SlaversCollar"}],"items_purged_floors":[14,19],"is_endless":false,"potions_floor_spawned":[1,2,5,16,29,30],"killed_by":"Snecko","ascension_level":2}}