{"host":"aiavweaozhyh9qiu","time":1610366589,"event":{"mods":["BaseMod","Minty Spire (QoL Compilation)"],"gold_per_floor":[117,292,269,288,106,106,135,135,135,135,135,135,150,150,150,253,253,265,281,63,73,123,123],"floor_reached":22,"playtime":2017,"items_purged":["Doubt"],"score":182,"play_id":"8012ce00-7ed3-4645-9e88-8ae12eeea53a","local_time":"20210111120309","is_ascension_mode":false,"campfire_choices":[{"data":"Body Slam","floor":6,"key":"SMITH"},{"data":"Shrug It Off","floor":8,"key":"SMITH"},{"floor":15,"key":"REST"}],"circlet_count":0,"master_deck":["Strike_R","Strike_R","Strike_R","Strike_R+1","Strike_R","Defend_R","Defend_R","Defend_R+1","Defend_R","Bash","Body Slam+1","Flex","Warcry","Shrug It Off+1","Inflame","Reckless Charge","Limit Break","Ghostly Armor","Shrug It Off","Flex","Shrug It Off","Carnage","Rampage","Anger+1"],"relics":["Runic Pyramid","Juzu Bracelet","Kunai","Gremlin Horn","Self Forming Clay","SsserpentHead","SlaversCollar"],"acts_visited":["Exordium","TheCity"],"potions_floor_usage":[16,19],"damage_taken":[{"damage":2,"enemies":"Small Slimes","floor":1,"turns":5},{"damage":1,"enemies":"Jaw Worm","floor":4,"turns":5},{"damage":25,"enemies":"3 Sentries","floor":7,"turns":11},{"damage":0,"enemies":"Cultist","floor":13,"turns":3},{"damage":33,"enemies":"The Guardian","floor":16,"turns":12},{"damage":13,"enemies":"2 Thieves","floor":18,"turns":4},{"damage":20,"enemies":"3 Byrds","floor":19,"turns":7},{"damage":32,"enemies":"Cultist and Chosen","floor":21,"turns":8}],"seed_played":"2148020167825450662","potions_obtained":[{"floor":7,"key":"BloodPotion"},{"floor":16,"key":"BlessingOfTheForge"},{"floor":18,"key":"SkillPotion"}],"is_trial":false,"path_per_floor":["M","?","?","M","$","R","E","R","T","?","?","?","M","?","R","B",null,"M","M","$","M","?"],"character_chosen":"IRONCLAD","items_purchased":["Warcry","Shrug It Off","Flex","Shrug It Off","Carnage","Rampage"],"campfire_rested":1,"item_purchase_floors":[5,5,20,20,20,20],"current_hp_per_floor":[78,78,78,77,77,77,52,52,52,36,36,33,33,33,57,40,80,67,47,47,15,0,0],"gold":123,"neow_bonus":"BOSS_RELIC","is_daily":false,"chose_seed":false,"campfire_upgraded":2,"win_rate":0.0,"timestamp":1610366589,"path_taken":["M","?","?","M","$","R","E","R","T","?","?","?","M","?","R","BOSS","M","M","$","M","?"],"items_purchased_type":["Card","Card","Card","Card","Card","Card"],"build_version":"2020-12-22","purchased_purges":1,"victory":false,"max_hp_per_floor":[80,80,80,80,80,80,80,80,80,80,80,80,80,80,80,80,80,80,80,80,80,80,80],"card_choices":[{"not_picked":["Power Through","Cleave"],"picked":"Body Slam","floor":1},{"not_picked":["Clash","Headbutt"],"picked":"Flex","floor":4},{"not_picked":["Intimidate","Sword Boomerang"],"picked":"Inflame","floor":7},{"not_picked":["Cleave","Clothesline"],"picked":"Reckless Charge","floor":13},{"not_picked":["Feed","Brutality"],"picked":"Limit Break","floor":16},{"not_picked":["Body Slam","Shockwave+1"],"picked":"Ghostly Armor","floor":18},{"not_picked":["Cleave","Twin Strike"],"picked":"Shrug It Off","floor":19},{"not_picked":["Blood for Blood","Rampage"],"picked":"Anger+1","floor":21}],"player_experience":11592,"relics_obtained":[{"floor":7,"key":"Juzu Bracelet"},{"floor":9,"key":"Kunai"},{"floor":11,"key":"Gremlin Horn"}],"event_choices":[{"damage_healed":0,"gold_gain":175,"player_choice":"AGREE","damage_taken":0,"max_hp_gain":0,"max_hp_loss":0,"event_name":"Liars Game","floor":2,"gold_loss":0,"cards_obtained":["Doubt"]},{"damage_healed":0,"gold_gain":0,"player_choice":"Left Gold","damage_taken":0,"max_hp_gain":0,"max_hp_loss":0,"event_name":"World of Goop","floor":3,"gold_loss":23},{"damage_healed":0,"gold_gain":0,"player_choice":"Entered Light","damage_taken":16,"max_hp_gain":0,"max_hp_loss":0,"event_name":"Shining Light","floor":10,"gold_loss":0,"cards_upgraded":["Strike_R","Defend_R"]},{"damage_healed":0,"gold_gain":0,"player_choice":"Relic","damage_taken":0,"max_hp_gain":0,"max_hp_loss":0,"event_name":"Wheel of Change","floor":11,"gold_loss":0},{"damage_healed":0,"gold_gain":0,"player_choice":"Success","damage_taken":3,"relics_obtained":["Self Forming Clay"],"max_hp_gain":0,"max_hp_loss":0,"event_name":"Scrap Ooze","floor":12,"gold_loss":0},{"damage_healed":0,"gold_gain":0,"player_choice":"Trade","damage_taken":0,"relics_obtained":["SsserpentHead"],"max_hp_gain":0,"max_hp_loss":0,"event_name":"FaceTrader","floor":14,"gold_loss":0}],"is_beta":false,"boss_relics":[{"not_picked":["Calling Bell","Tiny House"],"picked":"SlaversCollar"}],"items_purged_floors":[5],"is_endless":false,"potions_floor_spawned":[7,16,18],"ascension_level":0}}