{"host":"qxeepl7ydvsgmfdb","time":1610369662,"event":{"mods":["AchievementEnabler","BaseMod","Colored Powertips","Minty Spire (QoL Compilation)","Quick Restart","slay the spire mod where everything is the same but ironclad has a cowboy hat"],"gold_per_floor":[119,194,194,194,194,233,233,233,285,285,285,309,334,42,42,172,172,195,213,128,128,128,128,128,128,206,5,15,115,125,138,138,138,138],"floor_reached":33,"playtime":1536,"items_purged":["Regret"],"score":300,"play_id":"1c2f3b9c-3e06-43ee-b3e1-19fae0bf73c6","local_time":"20210111075422","is_ascension_mode":true,"campfire_choices":[{"data":"Rainbow","floor":8,"key":"SMITH"},{"data":"Zap","floor":10,"key":"SMITH"},{"floor":15,"key":"REST"},{"floor":25,"key":"REST"},{"floor":32,"key":"REST"}],"circlet_count":0,"master_deck":["Strike_B+1","Strike_B","Strike_B","Strike_B","Defend_B","Defend_B","Defend_B","Defend_B","Zap+1","Dualcast+1","Rainbow+1","Cold Snap","Redo+1","Sweeping Beam","Chill"],"relics":["Cracked Core","NeowsBlessing","Bloody Idol","Thread and Needle","Ginger","Smiling Mask","CaptainsWheel","InkBottle","Sundial","Orichalcum","Torii","Darkstone Periapt"],"acts_visited":["Exordium","TheCity"],"potions_floor_usage":[16,16,23,28,29,29,33,33],"damage_taken":[{"damage":0,"enemies":"Jaw Worm","floor":1,"turns":1},{"damage":0,"enemies":"3 Sentries","floor":6,"turns":1},{"damage":0,"enemies":"Small Slimes","floor":12,"turns":1},{"damage":2,"enemies":"2 Louse","floor":13,"turns":2},{"damage":25,"enemies":"The Guardian","floor":16,"turns":11},{"damage":24,"enemies":"2 Thieves","floor":18,"turns":4},{"damage":46,"enemies":"3 Byrds","floor":19,"turns":5},{"damage":0,"enemies":"Gremlin Leader","floor":23,"turns":1},{"damage":16,"enemies":"Snake Plant","floor":28,"turns":4},{"damage":2,"enemies":"Colosseum Slavers","floor":29,"turns":5},{"damage":25,"enemies":"Colosseum Nobs","floor":29,"turns":5},{"damage":1,"enemies":"Cultist and Chosen","floor":30,"turns":5},{"damage":3,"enemies":"Centurion and Healer","floor":31,"turns":9},{"damage":52,"enemies":"Automaton","floor":33,"turns":6}],"seed_played":"2447198095549671127","potions_obtained":[{"floor":1,"key":"Swift Potion"},{"floor":13,"key":"LiquidMemories"},{"floor":19,"key":"SmokeBomb"},{"floor":28,"key":"EntropicBrew"},{"floor":29,"key":"GamblersBrew"}],"is_trial":false,"path_per_floor":["M","?","?","$","$","E","?","R","T","R","?","M","M","$","R","B",null,"M","M","?","?","?","E","$","R","T","$","M","?","M","M","R","B"],"character_chosen":"DEFECT","items_purchased":["CaptainsWheel","Orichalcum"],"campfire_rested":3,"item_purchase_floors":[14,27],"current_hp_per_floor":[75,64,46,46,46,46,46,46,46,46,31,31,29,29,51,26,75,51,5,5,5,30,30,30,52,57,57,46,24,28,30,52,0,0],"gold":138,"neow_bonus":"THREE_ENEMY_KILL","is_daily":false,"chose_seed":false,"campfire_upgraded":2,"win_rate":0.0,"timestamp":1610369662,"path_taken":["M","?","?","?","$","E","?","R","T","R","?","M","M","$","R","BOSS","M","M","?","?","?","E","?","R","T","$","M","?","M","M","R","BOSS"],"items_purchased_type":["Relic","Relic"],"build_version":"2020-12-22","purchased_purges":1,"victory":false,"max_hp_per_floor":[75,75,75,75,75,75,75,75,75,75,75,75,75,75,75,75,75,75,75,75,75,75,75,75,75,75,75,75,75,75,75,75,75,75],"card_choices":[{"not_picked":["Glacier","Gash","Tempest"],"picked":"SKIP","floor":1},{"not_picked":["Gash","Go for the Eyes"],"picked":"Rainbow","floor":6},{"not_picked":["Genetic Algorithm","Loop"],"picked":"Cold Snap","floor":12},{"not_picked":["Rebound","Barrage","Biased Cognition"],"picked":"SKIP","floor":13},{"not_picked":["Reinforced Body","Ball Lightning+1"],"picked":"Redo+1","floor":18},{"not_picked":["Stack+1","Cold Snap"],"picked":"Sweeping Beam","floor":19},{"not_picked":["Barrage+1","Compile Driver"],"picked":"Chill","floor":28},{"not_picked":["Reinforced Body","Glacier","Conserve Battery"],"picked":"SKIP","floor":30},{"not_picked":["Steam+1","Genetic Algorithm","Hologram+1"],"picked":"SKIP","floor":31}],"player_experience":120894,"relics_obtained":[{"floor":6,"key":"Thread and Needle"},{"floor":9,"key":"Smiling Mask"},{"floor":26,"key":"Sundial"},{"floor":29,"key":"Torii"},{"floor":29,"key":"Darkstone Periapt"}],"event_choices":[{"damage_healed":0,"gold_gain":75,"player_choice":"Gather Gold","damage_taken":11,"max_hp_gain":0,"max_hp_loss":0,"event_name":"World of Goop","floor":2,"gold_loss":0},{"damage_healed":0,"gold_gain":0,"player_choice":"Take Damage","damage_taken":18,"relics_obtained":["Golden Idol"],"max_hp_gain":0,"max_hp_loss":0,"event_name":"Golden Idol","floor":3,"gold_loss":0},{"damage_healed":0,"gold_gain":0,"player_choice":"Box","damage_taken":0,"relics_obtained":["Ginger"],"max_hp_gain":0,"max_hp_loss":0,"event_name":"Big Fish","floor":7,"gold_loss":0,"cards_obtained":["Regret"]},{"damage_healed":0,"gold_gain":0,"player_choice":"Entered Light","damage_taken":15,"max_hp_gain":0,"max_hp_loss":0,"event_name":"Shining Light","floor":11,"gold_loss":0,"cards_upgraded":["Dualcast","Strike_B"]},{"damage_healed":0,"gold_gain":0,"player_choice":"Obtained Relic","damage_taken":0,"relics_obtained":["InkBottle"],"max_hp_gain":0,"max_hp_loss":0,"event_name":"Addict","floor":20,"gold_loss":85},{"damage_healed":0,"gold_gain":0,"player_choice":"Gave Idol","damage_taken":0,"relics_obtained":["Bloody Idol"],"max_hp_gain":0,"max_hp_loss":0,"event_name":"Forgotten Altar","floor":21,"relics_lost":["Golden Idol"],"gold_loss":0},{"damage_healed":25,"gold_gain":0,"player_choice":"Heal","damage_taken":0,"max_hp_gain":0,"max_hp_loss":0,"event_name":"The Library","floor":22,"gold_loss":0},{"damage_healed":0,"gold_gain":0,"player_choice":"Fight","damage_taken":0,"max_hp_gain":0,"max_hp_loss":0,"event_name":"Colosseum","floor":29,"gold_loss":0},{"damage_healed":0,"gold_gain":0,"player_choice":"Fought Nobs","damage_taken":0,"max_hp_gain":0,"max_hp_loss":0,"event_name":"Colosseum","floor":29,"gold_loss":0}],"is_beta":false,"boss_relics":[{"not_picked":["Coffee Dripper","Cursed Key","Sozu"]}],"items_purged_floors":[27],"is_endless":false,"potions_floor_spawned":[1,13,19,23,28,29],"killed_by":"Automaton","ascension_level":1}}