{"host":"op7lvjy5lsqtpdgx","time":1610408616,"event":{"mods":["BaseMod","Minty Spire (QoL Compilation)","StSLib"],"gold_per_floor":[109,39,66,76,31,57,57,91,91,91,104,123,138,138,138,138,138],"floor_reached":16,"playtime":796,"items_purged":[],"score":149,"play_id":"2de8d9f9-47b0-4167-824a-1040f86d6bf9","local_time":"20210112124336","is_ascension_mode":true,"campfire_choices":[{"floor":7,"key":"REST"},{"data":"Armaments","floor":10,"key":"SMITH"},{"floor":15,"key":"REST"}],"circlet_count":0,"master_deck":["Strike_R","Strike_R","Strike_R","Strike_R","Strike_R","Defend_R","Defend_R","Defend_R","Defend_R","Bash","Metallicize","Shrug It Off","Body Slam","Armaments+1","Entrench","Armaments"],"relics":["Burning Blood","Boot","Regal Pillow","Lantern","Centennial Puzzle","Tiny Chest"],"acts_visited":["Exordium"],"potions_floor_usage":[6,12,16],"damage_taken":[{"damage":1,"enemies":"Cultist","floor":1,"turns":3},{"damage":19,"enemies":"Small Slimes","floor":4,"turns":5},{"damage":37,"enemies":"3 Sentries","floor":6,"turns":12},{"damage":31,"enemies":"Gremlin Nob","floor":8,"turns":4},{"damage":7,"enemies":"Jaw Worm","floor":11,"turns":4},{"damage":39,"enemies":"Exordium Thugs","floor":12,"turns":7},{"damage":4,"enemies":"Large Slime","floor":13,"turns":7},{"damage":72,"enemies":"Slime Boss","floor":16,"turns":9}],"seed_played":"-4842376337355932336","potions_obtained":[{"floor":4,"key":"Energy Potion"},{"floor":8,"key":"LiquidBronze"},{"floor":11,"key":"SneckoOil"},{"floor":13,"key":"GamblersBrew"}],"is_trial":false,"path_per_floor":["M","$","T","M","$","E","R","E","T","R","M","M","M","?","R","B"],"character_chosen":"IRONCLAD","items_purchased":["Metallicize","Shrug It Off"],"campfire_rested":2,"item_purchase_floors":[2,5],"current_hp_per_floor":[77,77,77,64,64,33,72,47,47,47,46,13,15,20,60,0,0],"gold":138,"neow_bonus":"RANDOM_COMMON_RELIC","is_daily":false,"chose_seed":false,"campfire_upgraded":1,"win_rate":0.0,"timestamp":1610408616,"path_taken":["M","$","?","M","$","E","R","E","T","R","?","M","M","?","R","BOSS"],"items_purchased_type":["Card","Card"],"build_version":"2020-12-22","purchased_purges":0,"victory":false,"max_hp_per_floor":[80,80,80,80,80,80,80,80,80,80,80,80,80,85,85,85,85],"card_choices":[{"not_picked":["Cleave","Feel No Pain","Warcry"],"picked":"SKIP","floor":1},{"not_picked":["Reckless Charge","Wild Strike","Inflame"],"picked":"SKIP","floor":4},{"not_picked":["Flex","Warcry"],"picked":"Body Slam","floor":6},{"not_picked":["Fire Breathing","Heavy Blade"],"picked":"Armaments","floor":8},{"not_picked":["Anger","Seeing Red"],"picked":"Entrench","floor":11},{"not_picked":["Combust","Dark Embrace","Anger"],"picked":"SKIP","floor":12},{"not_picked":["Dark Embrace","Body Slam"],"picked":"Armaments","floor":13}],"player_experience":164400,"relics_obtained":[{"floor":3,"key":"Regal Pillow"},{"floor":6,"key":"Lantern"},{"floor":8,"key":"Centennial Puzzle"},{"floor":9,"key":"Tiny Chest"}],"event_choices":[{"damage_healed":0,"gold_gain":0,"player_choice":"Donut","damage_taken":0,"max_hp_gain":5,"max_hp_loss":0,"event_name":"Big Fish","floor":14,"gold_loss":0}],"is_beta":false,"boss_relics":[],"items_purged_floors":[],"is_endless":false,"potions_floor_spawned":[4,8,11,13],"killed_by":"Slime Boss","ascension_level":7}}