{"host":"Krakhan","time":1610324688,"event":{"mods":["AchievementEnabler","BaseMod","Colored Map","Colored Powertips","Faster Ascension Climbing","Highlight Path","Minty Spire (QoL Compilation)","Rare Cards Sparkle","Relic Stats","StSLib"],"gold_per_floor":[117,132,57,57,73,73,85,98,98,109,109,109,124,141,141,239,239,250,260,272,146,146,146,71,71,94,94,94,94,94],"floor_reached":29,"playtime":906,"items_purged":["Strike_R"],"score":217,"play_id":"95ae9b6f-70d7-411d-8bc1-47ad4a2a1f25","local_time":"20210110192448","is_ascension_mode":false,"campfire_choices":[{"data":"Spot Weakness","floor":6,"key":"SMITH"},{"data":"Berserk","floor":12,"key":"SMITH"},{"data":"Flex","floor":15,"key":"SMITH"},{"data":"Limit Break","floor":23,"key":"SMITH"},{"data":"True Grit","floor":25,"key":"SMITH"}],"circlet_count":0,"master_deck":["Strike_R+1","Strike_R+1","Strike_R+1","Strike_R+1","Defend_R+1","Defend_R+1","Defend_R+1","Bash","Dropkick","Spot Weakness+1","Reaper","Twin Strike","Berserk+1","Ghostly Armor","Flex+1","Fire Breathing","True Grit+1","Limit Break+1","Combust","Dual Wield"],"relics":["Mark of Pain"],"acts_visited":["Exordium","TheCity"],"potions_floor_usage":[16,18,27,29,29],"damage_taken":[{"damage":1,"enemies":"2 Louse","floor":1,"turns":2},{"damage":1,"enemies":"Cultist","floor":2,"turns":3},{"damage":0,"enemies":"Small Slimes","floor":5,"turns":3},{"damage":10,"enemies":"Looter","floor":7,"turns":3},{"damage":11,"enemies":"3 Louse","floor":8,"turns":3},{"damage":3,"enemies":"Red Slaver","floor":10,"turns":2},{"damage":9,"enemies":"2 Fungi Beasts","floor":13,"turns":3},{"damage":13,"enemies":"Lots of Slimes","floor":14,"turns":4},{"damage":78,"enemies":"The Guardian","floor":16,"turns":11},{"damage":16,"enemies":"Chosen","floor":18,"turns":6},{"damage":21,"enemies":"Spheric Guardian","floor":19,"turns":4},{"damage":41,"enemies":"Centurion and Healer","floor":20,"turns":8},{"damage":34,"enemies":"Colosseum Slavers","floor":27,"turns":5},{"damage":34,"enemies":"Shelled Parasite and Fungi","floor":29,"turns":5}],"seed_played":"5714184803664045994","potions_obtained":[{"floor":2,"key":"SkillPotion"},{"floor":8,"key":"BloodPotion"},{"floor":10,"key":"PowerPotion"},{"floor":11,"key":"Fire Potion"},{"floor":20,"key":"BloodPotion"}],"is_trial":false,"path_per_floor":["M","M","$","?","M","R","M","M","T","M","?","R","M","M","R","B",null,"M","M","M","$","?","R","?","R","T","?","T","M"],"character_chosen":"IRONCLAD","items_purchased":["Reaper","AttackPotion"],"campfire_rested":0,"item_purchase_floors":[3,21],"current_hp_per_floor":[79,78,78,83,85,85,79,74,74,71,71,71,74,65,65,16,85,69,53,36,36,36,36,36,36,36,2,2,0,0],"gold":94,"neow_bonus":"BOSS_RELIC","is_daily":false,"chose_seed":false,"campfire_upgraded":5,"win_rate":0.0,"timestamp":1610324688,"path_taken":["M","M","$","?","M","R","M","M","T","M","?","R","M","M","R","BOSS","M","?","M","$","?","R","?","R","T","?","?","M"],"items_purchased_type":["Card","Potion"],"build_version":"2020-12-18","purchased_purges":1,"victory":false,"max_hp_per_floor":[80,80,80,85,85,85,85,85,85,85,85,85,85,85,85,85,85,85,85,85,85,85,85,85,85,85,85,85,85,85],"relic_stats":{"counters":[14,62],"obtain_stats":[{"Mark of Pain":0,"Burning Blood":0},{"Mark of Pain":0,"Burning Blood":0},{"Mark of Pain":0,"Burning Blood":0}]},"card_choices":[{"not_picked":["Cleave","Heavy Blade"],"picked":"Dropkick","floor":1},{"not_picked":["Shrug It Off","Sword Boomerang"],"picked":"Spot Weakness","floor":2},{"not_picked":["Anger","Armaments"],"picked":"Twin Strike","floor":5},{"not_picked":["Clothesline","Thunderclap"],"picked":"Berserk","floor":7},{"not_picked":["Clash","Iron Wave"],"picked":"Ghostly Armor","floor":8},{"not_picked":["Perfected Strike","Intimidate"],"picked":"Flex","floor":10},{"not_picked":["Body Slam","Pommel Strike"],"picked":"Fire Breathing","floor":13},{"not_picked":["Wild Strike","Anger"],"picked":"True Grit","floor":14},{"not_picked":["Demon Form","Reaper"],"picked":"Limit Break","floor":16},{"not_picked":["Feel No Pain","Sword Boomerang+1"],"picked":"Combust","floor":18},{"not_picked":["Hemokinesis","Clothesline+1"],"picked":"Dual Wield","floor":19},{"not_picked":["Anger+1","Iron Wave","Pommel Strike"],"picked":"SKIP","floor":20}],"player_experience":1311097,"relics_obtained":[],"event_choices":[{"damage_healed":0,"gold_gain":0,"player_choice":"Donut","damage_taken":0,"max_hp_gain":5,"max_hp_loss":0,"event_name":"Big Fish","floor":4,"gold_loss":0},{"damage_healed":0,"gold_gain":0,"player_choice":"Got Potions","damage_taken":0,"max_hp_gain":0,"max_hp_loss":0,"event_name":"Lab","floor":11,"gold_loss":0},{"damage_healed":0,"gold_gain":0,"player_choice":"Simplicity","damage_taken":0,"max_hp_gain":0,"max_hp_loss":0,"event_name":"Back to Basics","floor":22,"gold_loss":0,"cards_upgraded":["Strike_R","Strike_R","Strike_R","Strike_R","Defend_R","Defend_R","Defend_R","Defend_R"]},{"cards_removed":["Defend_R"],"damage_healed":0,"gold_gain":0,"player_choice":"Gave Gold","damage_taken":0,"max_hp_gain":0,"max_hp_loss":0,"event_name":"Beggar","floor":24,"gold_loss":75},{"damage_healed":0,"gold_gain":0,"player_choice":"Fight","damage_taken":0,"max_hp_gain":0,"max_hp_loss":0,"event_name":"Colosseum","floor":27,"gold_loss":0},{"damage_healed":0,"gold_gain":0,"player_choice":"Fled From Nobs","damage_taken":0,"max_hp_gain":0,"max_hp_loss":0,"event_name":"Colosseum","floor":27,"gold_loss":0}],"is_beta":true,"boss_relics":[{"not_picked":["SlaversCollar","Velvet Choker","SacredBark"]}],"items_purged_floors":[21],"is_endless":false,"potions_floor_spawned":[2,8,10,20,27],"killed_by":"Shelled Parasite and Fungi","ascension_level":0}}