{"host":"5apxsqgkueisybsc","time":1610329520,"event":{"mods":["A Magickal Journey","BaseMod","Better Third Choice","DeckTracker","Hermit","Hubris","Hunter ??","Mimic Mod","Minty Spire (QoL Compilation)","Random Character Button","Rare Cards Sparkle","Replay The Spire","SOS???????","Shade Mod","StSLib","The Blackbeard","The Bladedancer","The Bug Knight","The Clintock","The Cursed","The Disciple","The Druid","The Exalted","The Forsaken","The Servant 0.9.4","The Valiant","The Witch"],"gold_per_floor":[113,113,129,140,20,20,37,53,53,1,18,50,70,30,30,125,125,112,112,37,14,218,218,233,233,257,285,302,328,347,381,381,381,381],"floor_reached":33,"playtime":3304,"items_purged":[],"score":382,"play_id":"360d642b-aaf4-4b56-a387-4c5d09b4642b","local_time":"20210110204520","is_ascension_mode":false,"campfire_choices":[{"data":"SurpressingFire","floor":6,"key":"SMITH"},{"data":"Strike_S","floor":15,"key":"PURGE"},{"data":"Moonlight","floor":23,"key":"SMITH"},{"data":"MurderousAura","floor":32,"key":"SMITH"}],"circlet_count":0,"master_deck":["Strike_S","Defend_S","Defend_S","Defend_S","KidneyShot","Exchange","Revamp","Hightail","Rearm","SurpressingFire+1","Ricochet","ShiftingGears","Rewind","Read","Read","Moonlight+1","Revamp","MurderousAura+1","Potential+1","Ricochet","Spin+1","Starlight","J.A.X.","FanOfKnives","BestPractice+1","Contraction","hubris:DuctTapeCard","InstantArmor+1"],"relics":["Uniform","Bromod:ArcaneTrickery","Bag of Marbles","Replay:Bronze Core","Ring of Hypnosis","Ring of Searing","Oddly Smooth Stone","hubris:MedicalManual","Toy Ornithopter","hubris:DuctTape"],"acts_visited":["Exordium","TheCity"],"potions_floor_usage":[12,16,16,18,18,27,30,30,31,33],"damage_taken":[{"damage":3,"enemies":"Jaw Worm","floor":1,"turns":6},{"damage":0,"enemies":"Cultist","floor":3,"turns":4},{"damage":0,"enemies":"2 Louse","floor":4,"turns":4},{"damage":15,"enemies":"2 Fungi Beasts","floor":7,"turns":5},{"damage":2,"enemies":"3 Louse","floor":8,"turns":5},{"damage":3,"enemies":"Large Slime","floor":11,"turns":8},{"damage":0,"enemies":"Lagavulin","floor":12,"turns":15},{"damage":17,"enemies":"2 Fungi Beasts","floor":13,"turns":5},{"damage":14,"enemies":"Slime Boss","floor":16,"turns":27},{"damage":9,"enemies":"2 Thieves","floor":18,"turns":4},{"damage":9,"enemies":"Shell Parasite","floor":24,"turns":6},{"damage":0,"enemies":"HollowMod:Nosk","floor":27,"turns":7},{"damage":11,"enemies":"Shelled Parasite and Fungi","floor":28,"turns":6},{"damage":13,"enemies":"Replay:Snechameleon","floor":29,"turns":9},{"damage":1,"enemies":"Centurion and Healer","floor":30,"turns":8},{"damage":0,"enemies":"Gremlin Leader","floor":31,"turns":7},{"damage":63,"enemies":"hubris:MusketHawk","floor":33,"turns":7}],"seed_played":"-3277498852427113833","potions_obtained":[{"floor":8,"key":"SkillPotion"},{"floor":11,"key":"Dexterity Potion"},{"floor":12,"key":"Languid Potion"},{"floor":13,"key":"LiquidMemories"},{"floor":14,"key":"EssenceOfSteel"},{"floor":14,"key":"LifebloodPotion"},{"floor":16,"key":"Energy Potion"},{"floor":24,"key":"Adrenaline Potion"},{"floor":28,"key":"Regen Potion"},{"floor":29,"key":"Explosive Potion"},{"floor":30,"key":"Death Potion"},{"floor":31,"key":"FearPotion"}],"is_trial":false,"path_per_floor":["M","?","M","M","$","R","M","M","T","$","M","E","M","?","R","B",null,"M","?","?","$","?","R","M","?","T","E","M","E","M","E","R","B"],"character_chosen":"THE_SERVANT","items_purchased":["SurpressingFire","Ricochet","Read","Ricochet"],"campfire_rested":0,"item_purchase_floors":[5,5,10,21],"current_hp_per_floor":[68,68,68,68,68,68,53,51,51,51,48,48,31,31,31,17,71,62,62,62,62,62,62,53,53,53,53,42,29,53,58,58,0,0],"gold":381,"neow_bonus":"TEN_PERCENT_HP_BONUS","is_daily":false,"chose_seed":false,"campfire_upgraded":3,"win_rate":0.0,"timestamp":1610329520,"path_taken":["M","?","M","?","?","R","M","M","T","$","M","E","M","?","R","BOSS","M","?","?","$","?","R","M","?","T","E","M","E","M","E","R","BOSS"],"items_purchased_type":["Card","Card","Card","Card"],"build_version":"2020-12-22","purchased_purges":0,"victory":false,"max_hp_per_floor":[71,71,71,71,71,71,71,71,71,71,71,71,71,71,71,71,71,71,71,71,71,71,71,71,71,71,71,71,71,71,71,71,71,71],"card_choices":[{"not_picked":["DoubleEdge","BottledTime"],"picked":"Revamp","floor":1},{"not_picked":["Collapse","Alleviate"],"picked":"Hightail","floor":3},{"not_picked":["FastForward","Desolation"],"picked":"Rearm","floor":4},{"not_picked":["SpecialFormula","Starlight"],"picked":"ShiftingGears","floor":7},{"not_picked":["FastForward","RealityMarble"],"picked":"Rewind","floor":8},{"not_picked":["Comet","ShatteredReality"],"picked":"Moonlight","floor":11},{"not_picked":["Shuttle","Replace","Duplication"],"picked":"SKIP","floor":12},{"not_picked":["Rearm","BottledTime"],"picked":"Revamp","floor":13},{"not_picked":["FloweringNight","KillingDoll"],"picked":"MurderousAura","floor":16},{"not_picked":["Alleviate","Rewind+1"],"picked":"Potential+1","floor":18},{"not_picked":["PendulumOfEternity","Potential"],"picked":"Spin+1","floor":22},{"not_picked":["Potential","RealityMarble"],"picked":"Starlight","floor":24},{"not_picked":["Desolation","Spin"],"picked":"FanOfKnives","floor":27},{"not_picked":["GearUp","DoubleEdge"],"picked":"BestPractice+1","floor":28},{"not_picked":["Spin","Shuttle","Potential"],"picked":"SKIP","floor":29},{"not_picked":["Potential","Spin"],"picked":"Contraction","floor":30},{"not_picked":["SpecialFormula","ShatteredReality"],"picked":"InstantArmor+1","floor":31}],"player_experience":113743,"relics_obtained":[{"floor":9,"key":"Bromod:ArcaneTrickery"},{"floor":12,"key":"Bag of Marbles"},{"floor":19,"key":"Ring of Hypnosis"},{"floor":19,"key":"Ring of Searing"},{"floor":26,"key":"Oddly Smooth Stone"},{"floor":27,"key":"hubris:MedicalManual"},{"floor":29,"key":"Toy Ornithopter"},{"floor":31,"key":"hubris:DuctTape"}],"event_choices":[{"damage_healed":0,"gold_gain":0,"player_choice":"Ignored","damage_taken":0,"max_hp_gain":0,"max_hp_loss":0,"event_name":"Purifier","floor":2,"gold_loss":0},{"damage_healed":0,"gold_gain":0,"player_choice":"Bought 3 Potions","damage_taken":0,"max_hp_gain":0,"max_hp_loss":0,"event_name":"The Woman in Blue","floor":14,"gold_loss":0},{"cards_removed":["Defend_S"],"damage_healed":0,"gold_gain":0,"player_choice":"Gave Gold","damage_taken":0,"max_hp_gain":0,"max_hp_loss":0,"event_name":"Beggar","floor":20,"gold_loss":75},{"damage_healed":0,"gold_gain":0,"player_choice":"Obtain J.A.X.","damage_taken":0,"max_hp_gain":0,"max_hp_loss":0,"event_name":"Drug Dealer","floor":25,"gold_loss":0,"cards_obtained":["J.A.X."]}],"is_beta":false,"boss_relics":[{"not_picked":["Ring of Chaos","hubris:HollowSoul"],"picked":"Replay:Bronze Core"}],"items_purged_floors":[],"is_endless":false,"potions_floor_spawned":[8,11,12,13,16,24,28,29,30,31],"killed_by":"hubris:MusketHawk","ascension_level":0}}