{"host":"bxdue9bkfm2khp2x","time":1610351814,"event":{"mods":["ATMod(阿瑾Mod)","Aspiration","BaseMod","Better Vampires","Challenge The Spire","Colored Map","Colored Powertips","Conspire","Decade(王小明)","Dota2Spire","Highlight Path","Minty Spire (QoL Compilation)","MostiFishMod","Remilia（蕾米莉亚）","Replay The Spire","RumiaBox-露米娅的神秘盒子","Ryuuou龙王","Spicy Shops","StSLib","Td1madao Mod","The Alterego","The Bug Knight","The Cursed","The Servant 0.9.4","WarShipGirlsR/战舰少女R mod","noobMod","vexMod","【功能Mod】混沌之环修复补丁","【遗物卡牌】REMEMod","篝火指南"],"gold_per_floor":[112,129,129,140,158,192,192,225,277,295,295,307,297,66,66,168,168,182,197,296,296,53,53,53,53,77,77,77,77,89,116,116,219,219,219],"floor_reached":34,"playtime":2073,"items_purged":["rmod:strick+1","rmod:defend"],"score":630,"play_id":"c7319207-f003-4638-a720-4ecc4beaa226","local_time":"20210111155654","is_ascension_mode":true,"campfire_choices":[{"data":"rmod:saltedfish","floor":7.0,"key":"SMITH"},{"data":"rmod:highspeedmaneuver","floor":11,"key":"SMITH"},{"data":"rmod:maintain","floor":15,"key":"SMITH"},{"data":"rmod:acesubmarine","floor":23,"key":"SMITH"},{"data":"Pot Of Greed","floor":27,"key":"SMITH"},{"data":"rmod:launchingtorpedo","floor":29,"key":"SMITH"},{"data":"rmod:secretscript","floor":32,"key":"SMITH"}],"circlet_count":0,"master_deck":["AscendersBane","rmod:strick+1","rmod:strick+1","rmod:strick+1","rmod:defend+1","rmod:defend+1","rmod:defend+1","rmod:basicallowance+1","rmod:maingunfire+1","LessonLearned+1","AT_DivineConfetti+1","rmod:launchingtorpedo+1","rmod:highspeedmaneuver+1","rmod:maintain+1","rmod:saltedfish+1","rmod:seals+1","rmod:acesubmarine+1","rmod:overbreakdown","rmod:victimresponsibility+1","rmod:windflower+1","rmod:lonelyqueen+1","Pot Of Greed+1","Pot Of Greed+1","rmod:firesupport","rmod:secretscript+1","rmod:lastglory","Pot Of Greed"],"relics":["rmod:firstchargereward","DaveBox","REME_ComplimentaryCards","ice","AT_ATBox","DianPoetry","SynthV:TestCard","Pen Nib","Vajra","vexMod:InvisibilityCloak","AT_SpeedBoots","Guide Book","EasyGame_NEW","Dota2Spire:DrumOfEndurance","alterego_mod:SomeoneToFightFor","Grinning Jar","Dota2Spire:UrnOfShadows"],"acts_visited":["Exordium","TheCity","TheBeyond"],"potions_floor_usage":[16,16],"damage_taken":[{"damage":2.0,"enemies":"Small Slimes","floor":1.0,"turns":3.0},{"damage":0.0,"enemies":"Cultist","floor":2.0,"turns":2.0},{"damage":2.0,"enemies":"2 Louse","floor":4.0,"turns":3.0},{"damage":0.0,"enemies":"Red Slaver","floor":5.0,"turns":2.0},{"damage":8.0,"enemies":"Gremlin Nob","floor":6.0,"turns":4.0},{"damage":0.0,"enemies":"conspire:MimicChest","floor":8.0,"turns":3.0},{"damage":10,"enemies":"Looter","floor":10,"turns":2},{"damage":12,"enemies":"Exordium Wildlife","floor":12,"turns":4},{"damage":0,"enemies":"Hexaghost","floor":16,"turns":5},{"damage":11,"enemies":"conspire:FuzzyDice","floor":18,"turns":3},{"damage":0,"enemies":"Chosen","floor":19,"turns":4},{"damage":0,"enemies":"conspire:HollyBat","floor":21,"turns":5},{"damage":4,"enemies":"Shelled Parasite and Fungi","floor":30,"turns":3},{"damage":12,"enemies":"conspire:Head Lice","floor":31,"turns":6},{"damage":19,"enemies":"Champ","floor":33,"turns":8}],"seed_played":"-839425844568070349","potions_obtained":[{"floor":1.0,"key":"FairyPotion"},{"floor":5.0,"key":"FearPotion"},{"floor":8,"key":"Strength Potion"},{"floor":12,"key":"PowerPotion"},{"floor":30,"key":"Explosive Potion"},{"floor":33,"key":"Adrenaline Potion"}],"is_trial":false,"path_per_floor":["M","M","?","M","M","E","R","?","T","M","R","M","?","$","R","B",null,"M","M","?","M","$","R","?","?","T","R","?","R","M","E","R","B",null],"character_chosen":"PRAEFECT","items_purchased":["Guide Book","Dota2Spire:DrumOfEndurance"],"campfire_rested":0,"item_purchase_floors":[14,22],"current_hp_per_floor":[66,66,66,64,64,56,56,56,56,46,46,34,34,34,34,34,65,54,54,54,54,54,54,54,54,54,54,54,54,50,38,38,75,75,75],"gold":219,"neow_bonus":"UPGRADE_CARD","is_daily":false,"chose_seed":false,"campfire_upgraded":7,"win_rate":0.0,"timestamp":1610351814,"path_taken":["M","M","?","?","M","E","R","?","T","M","R","M","?","$","R","BOSS","M","M","?","M","$","R","?","?","T","R","?","R","?","E","R","BOSS"],"items_purchased_type":["Relic","Relic"],"build_version":"2020-12-22","purchased_purges":2,"victory":false,"max_hp_per_floor":[75,75,75,75,75,75,75,75,75,75,75,75,75,75,75,75,75,75,75,75,75,75,75,75,75,75,75,75,75,75,75,75,75,75,75],"card_choices":[{"not_picked":["rmod:concentratefire","rmod:wife"],"picked":"rmod:launchingtorpedo","floor":1.0},{"not_picked":["rmod:wolves","rmod:unsinkable","rmod:sl","rmod:supportescort","rmod:steelsupply"],"picked":"SKIP","floor":2.0},{"not_picked":["rmod:concentratefire","rmod:luckystar","rmod:diaomin","rmod:firesupport"],"picked":"rmod:saltedfish","floor":4.0},{"not_picked":["rmod:combined","rmod:firesupport","rmod:tearstotiara","rmod:smokecover"],"picked":"rmod:seals","floor":5.0},{"not_picked":["rmod:goodfighter","rmod:u235","rmod:victimresponsibility","rmod:aluminumsupply"],"picked":"rmod:acesubmarine","floor":6.0},{"not_picked":["rmod:ammunitionsupply","rmod:smokecover","rmod:firesupport","rmod:luckystar"],"picked":"rmod:overbreakdown","floor":10},{"not_picked":["rmod:aviationdawn","rmod:steelsupply","rmod:luckystar","rmod:overbreakdown"],"picked":"rmod:victimresponsibility","floor":12},{"not_picked":["rmod:expeditionaryescort","rmod:fletcher","rmod:lastglory","rmod:abidefaith"],"picked":"rmod:windflower","floor":16},{"not_picked":["rmod:smokecover","rmod:luckystar","rmod:supportaircraftcarrier","rmod:tearstotiara+1"],"picked":"rmod:lonelyqueen+1","floor":18},{"not_picked":["rmod:fletcherpendant","rmod:ring","rmod:ammunitionsupply+1","rmod:luckystar","rmod:overbreakdown+1"],"picked":"SKIP","floor":19},{"not_picked":["rmod:victimresponsibility","rmod:steelsupply","rmod:garrisonisland","rmod:spoils+1","rmod:intelligenceanalysis+1"],"picked":"SKIP","floor":21},{"not_picked":["rmod:wasp","rmod:expeditionaryescort","rmod:diamondstrike","rmod:luckystar"],"picked":"rmod:firesupport","floor":30},{"not_picked":["rmod:tearstotiara+1","rmod:concentratefire","rmod:capitalist","rmod:salvage+1"],"picked":"rmod:secretscript","floor":31},{"not_picked":["rmod:highspeedmaneuver","rmod:secretscript","rmod:stealaluminum","rmod:timeschanged"],"picked":"rmod:lastglory","floor":33}],"player_experience":1209307,"relics_obtained":[{"floor":1.0,"key":"SynthV:TestCard"},{"floor":6.0,"key":"Pen Nib"},{"floor":8,"key":"Vajra"},{"floor":8,"key":"vexMod:InvisibilityCloak"},{"floor":9,"key":"AT_SpeedBoots"},{"floor":26,"key":"Grinning Jar"},{"floor":31,"key":"Dota2Spire:UrnOfShadows"}],"event_choices":[{"damage_healed":0.0,"max_hp_gain":0.0,"max_hp_loss":0.0,"gold_gain":0.0,"event_name":"Match and Keep!","player_choice":"2 cards matched","floor":3.0,"gold_loss":0.0,"damage_taken":0.0,"cards_obtained":["rmod:highspeedmaneuver","rmod:maintain"]},{"damage_healed":0,"gold_gain":99,"player_choice":"Stole From Cult","damage_taken":0,"max_hp_gain":0,"max_hp_loss":0,"event_name":"Nest","floor":20,"gold_loss":0},{"damage_healed":0,"gold_gain":0,"player_choice":"Choice 2","damage_taken":0,"relics_obtained":["alterego_mod:SomeoneToFightFor"],"max_hp_gain":0,"max_hp_loss":0,"event_name":"爱的神圣花园","floor":24,"gold_loss":0},{"damage_healed":0,"gold_gain":0,"player_choice":"Forge","damage_taken":0,"max_hp_gain":0,"max_hp_loss":0,"event_name":"Accursed Blacksmith","floor":28,"gold_loss":0,"cards_upgraded":["Pot Of Greed"]}],"is_beta":false,"boss_relics":[{"not_picked":["vexMod:BigBerry","aspiration:PoetsPen_weak"],"picked":"EasyGame_NEW"},{"not_picked":["conspire:SeveredTorchhead","Cursed Key","Replay:Wanted Poster"]}],"items_purged_floors":[14,22],"is_endless":false,"potions_floor_spawned":[1,5,8,12,16,30,33],"ascension_level":10}}