{"host":"28p8ce41sjwa6lzf","time":1610389393,"event":{"mods":["BaseMod","Bestiary","Colored Map","Colored Powertips","Dark Map","Highlight Path","Minty Spire (QoL Compilation)","Permanent Neow","Quick Restart","Random Character Button","Rare Cards Sparkle","Relic Stats","StSLib","Unceasing Turn Reminder"],"gold_per_floor":[119,133,152,152,77,77,77,77,131,131,165,165,198,213,213,285,335,347,397,412,428,447,447,447,447,471,489,489,507,527,545,545,545,545],"floor_reached":33,"playtime":922,"items_purged":["Strike_R"],"score":572,"play_id":"93db2801-3613-4864-b610-619eebb5114b","local_time":"20210111122313","is_ascension_mode":true,"campfire_choices":[{"data":"Searing Blow","floor":6.0,"key":"SMITH"},{"data":"Searing Blow+1","floor":8.0,"key":"SMITH"},{"data":"Searing Blow+2","floor":12.0,"key":"SMITH"},{"data":"Searing Blow+3","floor":15.0,"key":"SMITH"},{"data":"Searing Blow+4","floor":23.0,"key":"SMITH"},{"data":"Searing Blow+5","floor":25.0,"key":"SMITH"},{"data":"Searing Blow+6","floor":28.0,"key":"SMITH"},{"data":"Searing Blow+7","floor":32,"key":"SMITH"}],"circlet_count":0,"master_deck":["AscendersBane","Strike_R","Strike_R","Strike_R+1","Strike_R","Defend_R","Defend_R","Defend_R","Defend_R+1","Bash","Twin Strike","Thunderclap+1","Searing Blow+8","True Grit+1","Impervious+1","Dual Wield+1","Armaments+1","Warcry+1"],"relics":["Burning Blood","Bag of Preparation","Centennial Puzzle","Bag of Marbles","Toxic Egg 2","Tiny House","Omamori"],"acts_visited":["Exordium","TheCity"],"potions_floor_usage":[31,33],"damage_taken":[{"damage":4.0,"enemies":"Small Slimes","floor":1.0,"turns":3.0},{"damage":2.0,"enemies":"Jaw Worm","floor":2.0,"turns":3.0},{"damage":0.0,"enemies":"2 Louse","floor":3.0,"turns":2.0},{"damage":0.0,"enemies":"Gremlin Gang","floor":7.0,"turns":1.0},{"damage":8.0,"enemies":"Gremlin Nob","floor":11.0,"turns":3.0},{"damage":20.0,"enemies":"Lagavulin","floor":13.0,"turns":3.0},{"damage":0.0,"enemies":"2 Fungi Beasts","floor":14.0,"turns":2.0},{"damage":33.0,"enemies":"The Guardian","floor":16.0,"turns":7.0},{"damage":6.0,"enemies":"3 Byrds","floor":18.0,"turns":5.0},{"damage":12.0,"enemies":"Chosen","floor":20.0,"turns":3.0},{"damage":32.0,"enemies":"Sentry and Sphere","floor":21.0,"turns":7.0},{"damage":4.0,"enemies":"Snecko","floor":22.0,"turns":4.0},{"damage":0.0,"enemies":"Snake Plant","floor":27.0,"turns":1.0},{"damage":4.0,"enemies":"Centurion and Healer","floor":29.0,"turns":3.0},{"damage":1.0,"enemies":"Cultist and Chosen","floor":30.0,"turns":4.0},{"damage":16,"enemies":"3 Cultists","floor":31,"turns":7},{"damage":54,"enemies":"Collector","floor":33,"turns":5}],"seed_played":"2130040089132563988","potions_obtained":[{"floor":2.0,"key":"SmokeBomb"},{"floor":3.0,"key":"SteroidPotion"},{"floor":11.0,"key":"FearPotion"},{"floor":17.0,"key":"ColorlessPotion"},{"floor":18.0,"key":"BloodPotion"},{"floor":29.0,"key":"Swift Potion"}],"is_trial":false,"path_per_floor":["M","M","M","?","$","R","M","R","T","?","E","R","E","M","R","B",null,"M","?","M","M","M","R","?","R","T","M","R","M","M","M","R","B"],"character_chosen":"IRONCLAD","items_purchased":[],"campfire_rested":0,"item_purchase_floors":[],"current_hp_per_floor":[70,74,75,52,52,52,58,58,58,58,56,56,42,48,48,21,67,67,59,53,27,29,29,29,29,29,35,35,37,42,32,32,0,0],"gold":545,"neow_bonus":"RANDOM_COMMON_RELIC","is_daily":false,"chose_seed":false,"campfire_upgraded":8,"win_rate":0.0,"timestamp":1610389393,"path_taken":["M","M","M","?","$","R","M","R","T","?","E","R","E","M","R","BOSS","M","?","?","M","M","R","?","R","T","M","R","M","?","M","R","BOSS"],"items_purchased_type":[],"build_version":"2020-12-22","purchased_purges":1,"victory":false,"max_hp_per_floor":[75,75,75,75,75,75,75,75,75,75,75,75,75,75,75,75,80,80,80,80,80,80,80,80,80,80,80,80,80,80,80,80,80,80],"relic_stats":{"Centennial Puzzle":[33],"counters":[17,63],"Bag of Preparation":[34],"obtain_stats":[{"Centennial Puzzle":9,"Tiny House":17,"Bag of Preparation":0,"Bag of Marbles":11,"Omamori":26,"Toxic Egg 2":13,"Burning Blood":0},{"Centennial Puzzle":4,"Tiny House":8,"Bag of Preparation":0,"Bag of Marbles":5,"Omamori":12,"Toxic Egg 2":6,"Burning Blood":0},{"Centennial Puzzle":9,"Tiny House":24,"Bag of Preparation":0,"Bag of Marbles":12,"Omamori":43,"Toxic Egg 2":15,"Burning Blood":0}],"Burning Blood":91},"card_choices":[{"not_picked":["Wild Strike","Armaments"],"picked":"Twin Strike","floor":1.0},{"not_picked":["Wild Strike","True Grit"],"picked":"Thunderclap","floor":2.0},{"not_picked":["Disarm","Feel No Pain"],"picked":"Searing Blow","floor":3.0},{"not_picked":["Brutality","Flex","Hemokinesis"],"picked":"SKIP","floor":11.0},{"not_picked":["Sever Soul","Twin Strike","Clothesline"],"picked":"SKIP","floor":13.0},{"not_picked":["Thunderclap","Havoc+1"],"picked":"True Grit+1","floor":14.0},{"not_picked":["Bludgeon","Limit Break+1"],"picked":"Impervious+1","floor":16.0},{"not_picked":["Wild Strike","Pommel Strike"],"picked":"Dual Wield+1","floor":17.0},{"not_picked":["Cleave","Iron Wave","Headbutt"],"picked":"SKIP","floor":18.0},{"not_picked":["Reckless Charge","Twin Strike","Clothesline"],"picked":"SKIP","floor":20.0},{"not_picked":["Body Slam","Wild Strike"],"picked":"Armaments+1","floor":21.0},{"not_picked":["Infernal Blade+1","Body Slam+1","Headbutt"],"picked":"SKIP","floor":22.0},{"not_picked":["Corruption","Fire Breathing+1","Perfected Strike"],"picked":"SKIP","floor":27.0},{"not_picked":["Iron Wave","Clash","Thunderclap"],"picked":"SKIP","floor":29.0},{"not_picked":["Wild Strike","Twin Strike"],"picked":"Warcry+1","floor":30.0},{"not_picked":["Sentinel+1","Flex+1","Pommel Strike"],"picked":"SKIP","floor":31}],"player_experience":1130216,"relics_obtained":[{"floor":9.0,"key":"Centennial Puzzle"},{"floor":11.0,"key":"Bag of Marbles"},{"floor":13.0,"key":"Toxic Egg 2"},{"floor":26.0,"key":"Omamori"}],"event_choices":[{"damage_healed":0.0,"max_hp_gain":0.0,"max_hp_loss":0.0,"gold_gain":0.0,"event_name":"Shining Light","player_choice":"Entered Light","floor":4.0,"gold_loss":0.0,"damage_taken":23.0,"cards_upgraded":["Defend_R","Strike_R"]},{"damage_healed":0.0,"max_hp_gain":0.0,"max_hp_loss":0.0,"gold_gain":0.0,"event_name":"Golden Idol","player_choice":"Ignored","floor":10.0,"gold_loss":0.0,"damage_taken":0.0},{"damage_healed":0.0,"max_hp_gain":0.0,"max_hp_loss":0.0,"gold_gain":50.0,"event_name":"FaceTrader","player_choice":"Touch","floor":19.0,"gold_loss":0.0,"damage_taken":8.0},{"damage_healed":0.0,"max_hp_gain":0.0,"max_hp_loss":0.0,"gold_gain":0.0,"event_name":"N\u0027loth","player_choice":"Ignored","floor":24.0,"gold_loss":0.0,"damage_taken":0.0}],"is_beta":false,"boss_relics":[{"not_picked":["Fusion Hammer","Runic Cube"],"picked":"Tiny House"}],"items_purged_floors":[5],"is_endless":false,"potions_floor_spawned":[2,3,11,18,29,30],"killed_by":"Collector","ascension_level":20}}