{"host":"dm4yvegl9um2tlqd","time":1610372976,"event":{"mods":["2.2 Compatiblity","AchievementEnabler","BaseMod","Colored Map","DeckTracker","Highlight Path","KOR Keyword Fix","Keyboard Shortcuts","Minty Spire (QoL Compilation)","Permanent Neow","Quick Restart","Random Character Button","StSLib","SuperFastMode","everything is the same but u backflip on backflip"],"gold_per_floor":[109,123,123,134,7,33,33,62,110,128,128,146,46,101,101,201,201,214,229,229,25,124,159,159,89,89,99,99,99,132,144,144,239,239,250,472,572,131,151,185,185,10,33,33,33,87,87,106,106,106],"floor_reached":51,"playtime":2484,"items_purged":["Strike_G","Strike_G","Defend_G","Defend_G","Defend_G"],"score":821,"play_id":"57b9bd28-6c81-4348-a46a-adf80a76ffa4","local_time":"20210111224936","is_ascension_mode":true,"campfire_choices":[{"data":"Wraith Form v2","floor":7.0,"key":"SMITH"},{"floor":11.0,"key":"REST"},{"data":"Finisher","floor":15.0,"key":"SMITH"},{"data":"Burst","floor":24.0,"key":"SMITH"},{"data":"Well Laid Plans","floor":29.0,"key":"SMITH"},{"data":"Blade Dance","floor":32,"key":"SMITH"},{"data":"Cloak And Dagger","floor":41,"key":"SMITH"},{"data":"Calculated Gamble","floor":45,"key":"SMITH"},{"data":"Wraith Form v2","floor":47,"key":"SMITH"},{"data":"Crippling Poison","floor":49,"key":"SMITH"}],"circlet_count":0,"master_deck":["Defend_G","Survivor","Neutralize+1","Endless Agony","Heel Hook","Die Die Die","Finisher+1","Cloak And Dagger+1","Wraith Form v2+1","Crippling Poison+1","PiercingWail","Blade Dance+1","Burst+1","Distraction+1","Bane+1","Escape Plan+1","Poisoned Stab","Infinite Blades","Well Laid Plans+1","Calculated Gamble+1","Accuracy+1","PiercingWail","Wraith Form v2+1","Blade Dance+1","Backflip+1","Leg Sweep+1","Acrobatics+1"],"relics":["Ring of the Snake","Question Card","Strawberry","Juzu Bracelet","Orichalcum","Astrolabe","Kunai","Ornamental Fan","Red Mask","Philosopher\u0027s Stone","Vajra","DollysMirror","Toxic Egg 2","Snake Skull","Pocketwatch"],"acts_visited":["Exordium","TheCity","TheBeyond"],"potions_floor_usage":[30,33,50,50,50],"damage_taken":[{"damage":9.0,"enemies":"Small Slimes","floor":1.0,"turns":5.0},{"damage":0.0,"enemies":"Cultist","floor":2.0,"turns":4.0},{"damage":0.0,"enemies":"Jaw Worm","floor":4.0,"turns":3.0},{"damage":35.0,"enemies":"Gremlin Nob","floor":6.0,"turns":5.0},{"damage":16.0,"enemies":"3 Sentries","floor":8.0,"turns":9.0},{"damage":2.0,"enemies":"Exordium Wildlife","floor":10.0,"turns":4.0},{"damage":2.0,"enemies":"Looter","floor":12.0,"turns":3.0},{"damage":49.0,"enemies":"Hexaghost","floor":16.0,"turns":13.0},{"damage":0.0,"enemies":"3 Byrds","floor":18.0,"turns":5.0},{"damage":0.0,"enemies":"Chosen","floor":19.0,"turns":3.0},{"damage":15.0,"enemies":"Slavers","floor":23.0,"turns":7.0},{"damage":0.0,"enemies":"Centurion and Healer","floor":27.0,"turns":7.0},{"damage":7,"enemies":"Masked Bandits","floor":30,"turns":4},{"damage":0,"enemies":"Snecko","floor":31,"turns":6},{"damage":5,"enemies":"Champ","floor":33,"turns":8},{"damage":0,"enemies":"Orb Walker","floor":35,"turns":4},{"damage":0,"enemies":"3 Darklings","floor":39,"turns":3},{"damage":16,"enemies":"Reptomancer","floor":40,"turns":6},{"damage":5,"enemies":"2 Orb Walkers","floor":46,"turns":5},{"damage":0,"enemies":"Jaw Worm Horde","floor":48,"turns":3},{"damage":3,"enemies":"Awakened One","floor":50,"turns":11}],"seed_played":"5183792502021595785","potions_obtained":[{"floor":4.0,"key":"Energy Potion"},{"floor":6.0,"key":"Regen Potion"},{"floor":8.0,"key":"Strength Potion"},{"floor":12.0,"key":"Strength Potion"},{"floor":19.0,"key":"SpeedPotion"},{"floor":23.0,"key":"BlessingOfTheForge"},{"floor":33,"key":"Weak Potion"},{"floor":35,"key":"SkillPotion"}],"is_trial":false,"path_per_floor":["M","M","?","M","$","E","R","E","T","M","R","M","$","T","R","B",null,"M","M","?","$","?","E","R","$","T","M","?","R","?","M","R","B",null,"M","?","?","$","M","E","R","$","T","?","R","?","R","M","R","B",null],"character_chosen":"THE_SILENT","items_purchased":["Cloak And Dagger","Infinite Blades","Well Laid Plans","Vajra","DollysMirror"],"campfire_rested":1,"item_purchase_floors":[5,21,25,38,38],"current_hp_per_floor":[61,61,61,61,61,26,26,17,17,15,38,36,36,36,36,2,77,77,77,63,63,63,48,48,48,48,48,75,75,68,68,68,63,82,82,82,82,82,82,66,66,66,66,66,66,61,61,61,61,58],"gold":106,"neow_bonus":"UPGRADE_CARD","is_daily":false,"chose_seed":false,"campfire_upgraded":9,"win_rate":0.0,"timestamp":1610372976,"path_taken":["M","M","?","?","$","E","R","E","T","M","R","M","$","?","R","BOSS","M","M","?","$","?","E","R","?","T","M","?","R","?","M","R","BOSS","M","?","?","$","M","E","R","$","T","?","R","?","R","M","R","BOSS"],"items_purchased_type":["Card","Card","Card","Relic","Relic"],"build_version":"2020-12-22","purchased_purges":5,"victory":true,"max_hp_per_floor":[70,70,70,70,70,70,70,77,77,77,77,77,77,77,77,77,77,77,77,82,82,82,82,82,82,82,82,82,82,82,82,82,82,82,82,82,82,82,82,82,82,82,82,82,82,82,82,82,82,82],"card_choices":[{"not_picked":["Dodge and Roll","Expertise"],"picked":"Endless Agony","floor":1.0},{"not_picked":["Deflect","Terror"],"picked":"Heel Hook","floor":2.0},{"not_picked":["Flying Knee","Backstab"],"picked":"Finisher","floor":4.0},{"not_picked":["Dash","Flechettes"],"picked":"Wraith Form v2","floor":6.0},{"not_picked":["Dash","Heel Hook","Dagger Spray"],"picked":"Crippling Poison","floor":8.0},{"not_picked":["Dagger Throw","Cloak And Dagger","Slice"],"picked":"PiercingWail","floor":10.0},{"not_picked":["Flechettes","Deflect","Dagger Throw"],"picked":"Blade Dance","floor":12.0},{"not_picked":["Venomology","Bullet Time","Storm of Steel"],"picked":"Burst","floor":16.0},{"not_picked":["Poisoned Stab","Prepared","Outmaneuver"],"picked":"Escape Plan+1","floor":18.0},{"not_picked":["Distraction","Crippling Poison","Flying Knee"],"picked":"Poisoned Stab","floor":19.0},{"not_picked":["Flechettes+1","Dagger Spray","Underhanded Strike","Finisher+1"],"picked":"SKIP","floor":23.0},{"not_picked":["Well Laid Plans+1","Die Die Die","Dagger Spray"],"picked":"Calculated Gamble","floor":27.0},{"not_picked":["Blade Dance","Acrobatics","Blur"],"picked":"Accuracy+1","floor":30},{"not_picked":["Dagger Spray+1","Escape Plan+1","Sucker Punch"],"picked":"PiercingWail","floor":31},{"not_picked":["Venomology","Bullet Time","Unload"],"picked":"Wraith Form v2","floor":33},{"not_picked":["Deflect+1","Prepared","Dagger Spray+1","Dodge and Roll"],"picked":"SKIP","floor":35},{"not_picked":["Quick Slash","Distraction+1","Masterful Stab"],"picked":"Backflip+1","floor":39},{"not_picked":["Outmaneuver+1","Bouncing Flask+1","Storm of Steel+1"],"picked":"Leg Sweep+1","floor":40},{"not_picked":["Endless Agony+1","Well Laid Plans","Poisoned Stab"],"picked":"Acrobatics+1","floor":48}],"player_experience":26207,"relics_obtained":[{"floor":6.0,"key":"Question Card"},{"floor":8.0,"key":"Strawberry"},{"floor":9.0,"key":"Juzu Bracelet"},{"floor":14.0,"key":"Orichalcum"},{"floor":23.0,"key":"Kunai"},{"floor":26.0,"key":"Ornamental Fan"},{"floor":30,"key":"Red Mask"},{"floor":40,"key":"Toxic Egg 2"},{"floor":43,"key":"Snake Skull"},{"floor":46,"key":"Pocketwatch"}],"event_choices":[{"damage_healed":0.0,"max_hp_gain":0.0,"max_hp_loss":0.0,"gold_gain":0.0,"cards_transformed":["Strike_G"],"event_name":"Transmorgrifier","player_choice":"Transformed","floor":3.0,"gold_loss":0.0,"damage_taken":0.0,"cards_obtained":["Die Die Die"]},{"damage_healed":0.0,"max_hp_gain":5.0,"max_hp_loss":0.0,"gold_gain":0.0,"event_name":"Forgotten Altar","player_choice":"Shed Blood","floor":20.0,"gold_loss":0.0,"damage_taken":19.0},{"damage_healed":0.0,"max_hp_gain":0.0,"max_hp_loss":0.0,"gold_gain":99.0,"event_name":"Nest","player_choice":"Stole From Cult","floor":22.0,"gold_loss":0.0,"damage_taken":0.0},{"damage_healed":27.0,"max_hp_gain":0.0,"max_hp_loss":0.0,"gold_gain":0.0,"event_name":"The Library","player_choice":"Heal","floor":28.0,"gold_loss":0.0,"damage_taken":0.0},{"damage_healed":0,"gold_gain":0,"player_choice":"Fought Bandits","damage_taken":0,"max_hp_gain":0,"max_hp_loss":0,"event_name":"Masked Bandits","floor":30,"gold_loss":0},{"damage_healed":0,"gold_gain":222,"player_choice":"Wore Mask","damage_taken":0,"max_hp_gain":0,"max_hp_loss":0,"event_name":"Tomb of Lord Red Mask","floor":36,"gold_loss":0},{"damage_healed":0,"gold_gain":100,"player_choice":"Pray","damage_taken":0,"max_hp_gain":0,"max_hp_loss":0,"event_name":"Golden Shrine","floor":37,"gold_loss":0},{"cards_removed":["Underhanded Strike"],"damage_healed":0,"gold_gain":0,"player_choice":"Removed Attack","damage_taken":0,"max_hp_gain":0,"max_hp_loss":0,"event_name":"Falling","floor":44,"gold_loss":0},{"damage_healed":0,"gold_gain":0,"player_choice":"Fight","damage_taken":0,"max_hp_gain":0,"max_hp_loss":0,"event_name":"Mysterious Sphere","floor":46,"gold_loss":0}],"is_beta":false,"boss_relics":[{"not_picked":["Empty Cage","Busted Crown"],"picked":"Astrolabe"},{"not_picked":["Black Star","Snecko Eye"],"picked":"Philosopher\u0027s Stone"}],"items_purged_floors":[5,13,21,38,42],"is_endless":false,"potions_floor_spawned":[4,6,8,12,19,23,27,33,35,46],"ascension_level":3}}