{"host":"mydft8i2zzydgggw","time":1610327010,"event":{"mods":["AchievementEnabler","BaseMod","BetterRewards","Colored Map","Colored Powertips","DeckTracker","Keyboard Shortcuts","Minty Spire (QoL Compilation)","Rare Cards Sparkle","StSLib","SuperFastMode","everything is the same but u backflip on backflip"],"gold_per_floor":[415,187,87,106,119,119,132,159,183,183,198,217,228,241,241,337,337,349,109,54,54,73,73,90,90,90,15,15,34,64,79,79,79,79],"floor_reached":33,"playtime":778,"items_purged":["Strike_R","Strike_R","Strike_R","Strike_R"],"score":450,"play_id":"6d1d9425-21da-4b9d-87ff-7a39b5b123e4","local_time":"20210111100330","is_ascension_mode":true,"campfire_choices":[{"data":"Entrench","floor":6,"key":"SMITH"},{"data":"Body Slam","floor":10,"key":"SMITH"},{"data":"Body Slam","floor":15,"key":"SMITH"},{"data":"Shrug It Off","floor":23,"key":"SMITH"},{"data":"Entrench","floor":25,"key":"SMITH"},{"data":"Ghostly Armor","floor":28,"key":"SMITH"},{"data":"Shrug It Off","floor":32,"key":"SMITH"}],"circlet_count":0,"master_deck":["Strike_R","Defend_R","Defend_R","Defend_R","Defend_R","Bash","Entrench+1","Shrug It Off+1","Body Slam+1","Body Slam+1","Ghostly Armor+1","Entrench+1","Shrug It Off+1"],"relics":["Black Blood","Old Coin","Lantern","Boot","Nunchaku","Membership Card","Art of War","White Beast Statue","Bronze Scales"],"acts_visited":["Exordium","TheCity"],"potions_floor_usage":[8,8,16,16,22,29,29,29,31,33,33],"damage_taken":[{"damage":1,"enemies":"Cultist","floor":1,"turns":3},{"damage":6,"enemies":"2 Louse","floor":4,"turns":3},{"damage":2,"enemies":"Jaw Worm","floor":5,"turns":3},{"damage":29,"enemies":"2 Fungi Beasts","floor":7,"turns":6},{"damage":1,"enemies":"3 Sentries","floor":8,"turns":9},{"damage":22,"enemies":"Large Slime","floor":11,"turns":9},{"damage":1,"enemies":"Gremlin Gang","floor":12,"turns":5},{"damage":0,"enemies":"Blue Slaver","floor":13,"turns":3},{"damage":1,"enemies":"Red Slaver","floor":14,"turns":5},{"damage":0,"enemies":"Slime Boss","floor":16,"turns":7},{"damage":28,"enemies":"Chosen","floor":18,"turns":8},{"damage":16,"enemies":"Spheric Guardian","floor":22,"turns":6},{"damage":14,"enemies":"Snake Plant","floor":24,"turns":5},{"damage":26,"enemies":"Cultist and Chosen","floor":29,"turns":10},{"damage":31,"enemies":"Book of Stabbing","floor":30,"turns":7},{"damage":0,"enemies":"Shelled Parasite and Fungi","floor":31,"turns":2},{"damage":53,"enemies":"Collector","floor":33,"turns":6}],"seed_played":"-2797522613715909899","potions_obtained":[{"floor":1,"key":"Block Potion"},{"floor":7,"key":"EssenceOfSteel"},{"floor":12,"key":"Fire Potion"},{"floor":13,"key":"SpeedPotion"},{"floor":16,"key":"GamblersBrew"},{"floor":18,"key":"LiquidMemories"},{"floor":24,"key":"Swift Potion"},{"floor":29,"key":"FearPotion"},{"floor":30,"key":"DuplicationPotion"},{"floor":31,"key":"Energy Potion"}],"is_trial":false,"path_per_floor":["M","$","$","M","M","R","M","E","T","R","M","M","M","M","R","B",null,"M","$","?","$","M","R","M","R","T","$","R","M","E","M","R","B"],"character_chosen":"IRONCLAD","items_purchased":["Lantern","Membership Card","BloodPotion"],"campfire_rested":0,"item_purchase_floors":[2,19,19],"current_hp_per_floor":[56,56,56,56,60,60,37,42,42,42,26,31,37,42,42,48,72,56,56,56,56,52,52,50,50,50,50,50,52,33,45,45,0,0],"gold":79,"neow_bonus":"ONE_RARE_RELIC","is_daily":false,"chose_seed":false,"campfire_upgraded":7,"win_rate":0.0,"timestamp":1610327010,"path_taken":["M","?","$","M","M","R","M","E","T","R","?","M","M","?","R","BOSS","M","$","?","?","?","R","M","R","T","$","R","M","E","M","R","BOSS"],"items_purchased_type":["Relic","Relic","Potion"],"build_version":"2020-12-22","purchased_purges":4,"victory":false,"max_hp_per_floor":[80,80,80,80,80,80,80,80,80,80,80,80,80,80,80,80,80,80,80,80,80,80,80,80,80,80,80,80,80,80,80,80,80,80],"card_choices":[{"not_picked":["Havoc","Warcry"],"picked":"Entrench","floor":1},{"not_picked":["Uppercut","Clothesline","Dark Embrace"],"picked":"SKIP","floor":4},{"not_picked":["Iron Wave","Warcry"],"picked":"Shrug It Off","floor":5},{"not_picked":["Intimidate","Carnage"],"picked":"Body Slam","floor":7},{"not_picked":["Iron Wave","Burning Pact","Clothesline"],"picked":"SKIP","floor":8},{"not_picked":["Warcry","Clothesline","Demon Form"],"picked":"SKIP","floor":11},{"not_picked":["Cleave","Iron Wave","Warcry"],"picked":"SKIP","floor":12},{"not_picked":["Headbutt","Clothesline","Havoc"],"picked":"SKIP","floor":13},{"not_picked":["Headbutt","Burning Pact"],"picked":"Body Slam","floor":14},{"not_picked":["Clash+1","Carnage"],"picked":"Ghostly Armor","floor":18},{"not_picked":["Heavy Blade","Warcry+1","True Grit"],"picked":"SKIP","floor":22},{"not_picked":["Burning Pact","Pummel"],"picked":"Entrench","floor":24},{"not_picked":["Heavy Blade","Headbutt","Perfected Strike"],"picked":"SKIP","floor":29},{"not_picked":["Thunderclap","Feed"],"picked":"Shrug It Off","floor":30},{"not_picked":["Flex+1","Pommel Strike","Fire Breathing+1"],"picked":"SKIP","floor":31}],"player_experience":161708,"relics_obtained":[{"floor":8,"key":"Boot"},{"floor":9,"key":"Nunchaku"},{"floor":26,"key":"White Beast Statue"},{"floor":30,"key":"Bronze Scales"}],"event_choices":[{"damage_healed":0,"gold_gain":0,"player_choice":"Paid Gold","damage_taken":0,"relics_obtained":["Art of War"],"max_hp_gain":0,"max_hp_loss":0,"event_name":"WeMeetAgain","floor":20,"gold_loss":55}],"is_beta":false,"boss_relics":[{"not_picked":["Tiny House","SacredBark"],"picked":"Black Blood"}],"items_purged_floors":[2,3,19,27],"is_endless":false,"potions_floor_spawned":[1,7,12,13,16,18,24,29,30,31],"killed_by":"Collector","ascension_level":6}}