{"host":"b995t17pt6d05w8c","time":1610377535,"event":{"mods":["AchievementEnabler","BaseMod","Colored Map","Minty Spire (QoL Compilation)","SuperFastMode"],"gold_per_floor":[16,26,42,54,74,74,100,155,181,181,200,213,213,232,232,311,311,329,254,254,270,270,270,287,297,321,146,160,160,35,47,47,120,120,139,139,139,139,155,182,182,35,35,60,78,151,75,120,120,120],"floor_reached":51,"playtime":1419,"items_purged":["Strike_P","Defend_P","Strike_P"],"score":1188,"play_id":"0d343870-1565-4c1b-9ddb-caa7b9716c42","local_time":"20210112000535","is_ascension_mode":true,"campfire_choices":[{"data":"Eruption","floor":6.0,"key":"SMITH"},{"floor":13.0,"key":"REST"},{"data":"Halt","floor":15.0,"key":"SMITH"},{"floor":23.0,"key":"REST"},{"floor":32.0,"key":"REST"},{"floor":41,"key":"REST"},{"floor":49,"key":"REST"}],"circlet_count":0,"master_deck":["AscendersBane","Strike_P","Strike_P","Defend_P","Defend_P","Eruption+1","Vigilance","Apotheosis+1","Halt+1","FollowUp","Protect","TalkToTheHand","EmptyMind+1","Consecrate","CarveReality","CrushJoints","Scrawl+1","MentalFortress","FlurryOfBlows","Fasting2","Adaptation","FearNoEvil"],"relics":["PureWater","StrikeDummy","PreservedInsect","Regal Pillow","Fusion Hammer","Bronze Scales","Cursed Key","Omamori","OrangePellets","Incense Burner","Turnip","Ornamental Fan","Mango"],"acts_visited":["Exordium","TheCity","TheBeyond"],"potions_floor_usage":[50,50],"damage_taken":[{"damage":0.0,"enemies":"Cultist","floor":1.0,"turns":2.0},{"damage":5.0,"enemies":"2 Louse","floor":2.0,"turns":5.0},{"damage":0.0,"enemies":"Small Slimes","floor":3.0,"turns":2.0},{"damage":0.0,"enemies":"Red Slaver","floor":4.0,"turns":2.0},{"damage":7.0,"enemies":"2 Fungi Beasts","floor":5.0,"turns":4.0},{"damage":40.0,"enemies":"Gremlin Nob","floor":7.0,"turns":4.0},{"damage":10.0,"enemies":"Gremlin Nob","floor":8.0,"turns":3.0},{"damage":0.0,"enemies":"Blue Slaver","floor":11.0,"turns":4.0},{"damage":0.0,"enemies":"3 Louse","floor":12.0,"turns":3.0},{"damage":6.0,"enemies":"Red Slaver","floor":14.0,"turns":2.0},{"damage":24.0,"enemies":"Hexaghost","floor":16.0,"turns":12.0},{"damage":6.0,"enemies":"2 Thieves","floor":18.0,"turns":5.0},{"damage":6.0,"enemies":"Spheric Guardian","floor":21.0,"turns":3.0},{"damage":6.0,"enemies":"Chosen and Byrds","floor":24.0,"turns":8.0},{"damage":19.0,"enemies":"Shelled Parasite and Fungi","floor":25.0,"turns":6.0},{"damage":5.0,"enemies":"Snake Plant","floor":28.0,"turns":4.0},{"damage":23.0,"enemies":"Snecko","floor":31.0,"turns":6.0},{"damage":42.0,"enemies":"Automaton","floor":33.0,"turns":10.0},{"damage":10,"enemies":"3 Shapes","floor":35,"turns":3},{"damage":7,"enemies":"3 Darklings","floor":39,"turns":4},{"damage":1,"enemies":"Reptomancer","floor":40,"turns":3},{"damage":0,"enemies":"Mind Bloom Boss Battle","floor":44,"turns":2},{"damage":37,"enemies":"Sphere and 2 Shapes","floor":45,"turns":4},{"damage":1,"enemies":"2 Orb Walkers","floor":48,"turns":4},{"damage":69,"enemies":"Awakened One","floor":50,"turns":8}],"seed_played":"-3045344654885780441","potions_obtained":[{"floor":2.0,"key":"DuplicationPotion"},{"floor":3.0,"key":"Regen Potion"},{"floor":7.0,"key":"Swift Potion"},{"floor":16.0,"key":"DistilledChaos"},{"floor":18.0,"key":"GamblersBrew"},{"floor":25.0,"key":"GamblersBrew"},{"floor":33.0,"key":"SpeedPotion"},{"floor":44,"key":"PowerPotion"},{"floor":45,"key":"CultistPotion"}],"is_trial":false,"path_per_floor":["M","M","M","M","M","R","E","?","T","?","M","M","R","M","R","B",null,"M","$","?","M","?","R","M","M","T","$","M","?","$","M","R","B",null,"M","?","?","$","M","E","R","$","T","?","M","T","$","?","R","B",null],"character_chosen":"WATCHER","items_purchased":["CarveReality","OrangePellets","FearNoEvil"],"campfire_rested":5,"item_purchase_floors":[27,42,47],"current_hp_per_floor":[65,60,60,60,53,53,25,15,15,15,15,15,51,45,45,21,59,53,53,53,47,47,72,66,47,47,47,42,42,42,19,55,13,57,47,47,47,47,40,39,72,72,72,72,35,35,35,48,86,17],"gold":120,"neow_bonus":"RANDOM_COLORLESS_2","is_daily":false,"chose_seed":false,"campfire_upgraded":2,"win_rate":0.0,"timestamp":1610377535,"path_taken":["M","M","?","M","M","R","E","?","T","?","M","M","R","M","R","BOSS","M","$","?","M","?","R","M","M","T","$","?","?","$","M","R","BOSS","M","?","?","$","?","E","R","?","T","?","M","?","$","?","R","BOSS"],"items_purchased_type":["Card","Relic","Card"],"build_version":"2020-12-22","purchased_purges":3,"victory":true,"max_hp_per_floor":[72,72,72,72,72,72,72,72,72,72,72,72,72,72,72,72,72,72,72,72,72,72,72,72,72,72,72,72,72,72,72,72,72,72,72,72,72,72,72,72,72,72,72,72,72,72,72,86,86,86],"card_choices":[{"not_picked":["The Bomb","Metamorphosis"],"picked":"Apotheosis","floor":0.0},{"not_picked":["CutThroughFate","Prostrate","Sanctity"],"picked":"SKIP","floor":1.0},{"not_picked":["FlyingSleeves","Weave","CrushJoints"],"picked":"SKIP","floor":2.0},{"not_picked":["SashWhip","ClearTheMind","EmptyFist"],"picked":"SKIP","floor":3.0},{"not_picked":["Consecrate","JustLucky","Swivel"],"picked":"SKIP","floor":4.0},{"not_picked":["Study","PathToVictory"],"picked":"Halt","floor":5.0},{"not_picked":["JustLucky","BattleHymn","DeceiveReality"],"picked":"SKIP","floor":7.0},{"not_picked":["WindmillStrike","Conclude"],"picked":"FollowUp","floor":11.0},{"not_picked":["Brilliance","CrushJoints"],"picked":"Protect","floor":12.0},{"not_picked":["Perseverance","WindmillStrike","FlyingSleeves"],"picked":"SKIP","floor":14.0},{"not_picked":["DeceiveReality","WindmillStrike","EmptyFist"],"picked":"SKIP","floor":18.0},{"not_picked":["TalkToTheHand","CrushJoints"],"picked":"EmptyMind+1","floor":21.0},{"not_picked":["PathToVictory","EmptyFist","FollowUp"],"picked":"SKIP","floor":24.0},{"not_picked":["EmptyMind","BowlingBash"],"picked":"Consecrate","floor":25.0},{"not_picked":["EmptyBody","PathToVictory"],"picked":"CrushJoints","floor":28.0},{"not_picked":["CrushJoints","Crescendo","WindmillStrike"],"picked":"SKIP","floor":31.0},{"not_picked":["Judgement","Devotion"],"picked":"Scrawl","floor":33.0},{"not_picked":["ThirdEye","CarveReality+1"],"picked":"MentalFortress","floor":35},{"not_picked":["Prostrate","CutThroughFate"],"picked":"FlurryOfBlows","floor":39},{"not_picked":["BowlingBash","BattleHymn"],"picked":"Fasting2","floor":40},{"not_picked":["Nirvana+1","CutThroughFate"],"picked":"Adaptation","floor":45}],"player_experience":100511,"relics_obtained":[{"floor":7.0,"key":"StrikeDummy"},{"floor":8.0,"key":"PreservedInsect"},{"floor":9.0,"key":"Regal Pillow"},{"floor":26.0,"key":"Bronze Scales"},{"floor":40,"key":"Omamori"},{"floor":43,"key":"Incense Burner"},{"floor":44,"key":"Turnip"},{"floor":46,"key":"Ornamental Fan"},{"floor":48,"key":"Mango"}],"event_choices":[{"damage_healed":0.0,"max_hp_gain":0.0,"max_hp_loss":0.0,"gold_gain":0.0,"event_name":"Dead Adventurer","player_choice":"Searched \u00271\u0027 times","floor":8.0,"gold_loss":0.0,"damage_taken":0.0},{"damage_healed":0.0,"max_hp_gain":0.0,"max_hp_loss":0.0,"gold_gain":0.0,"event_name":"Upgrade Shrine","player_choice":"Upgraded","floor":10.0,"gold_loss":0.0,"damage_taken":0.0,"cards_upgraded":["Apotheosis"]},{"damage_healed":0.0,"max_hp_gain":0.0,"max_hp_loss":0.0,"gold_gain":0.0,"event_name":"The Library","player_choice":"Read","floor":20.0,"gold_loss":0.0,"damage_taken":0.0,"cards_obtained":["TalkToTheHand"]},{"cards_removed":["Defend_P"],"damage_healed":0.0,"max_hp_gain":0.0,"max_hp_loss":0.0,"gold_gain":0.0,"event_name":"Purifier","player_choice":"Purged","floor":22.0,"gold_loss":0.0,"damage_taken":0.0},{"damage_healed":0.0,"max_hp_gain":0.0,"max_hp_loss":0.0,"gold_gain":0.0,"event_name":"Vampires","player_choice":"Ignored","floor":29.0,"gold_loss":0.0,"damage_taken":0.0},{"damage_healed":0,"gold_gain":0,"player_choice":"Ignored","damage_taken":0,"max_hp_gain":0,"max_hp_loss":0,"event_name":"Tomb of Lord Red Mask","floor":36,"gold_loss":0},{"damage_healed":0,"gold_gain":0,"player_choice":"Forge","damage_taken":0,"max_hp_gain":0,"max_hp_loss":0,"event_name":"Accursed Blacksmith","floor":37,"gold_loss":0,"cards_upgraded":["Scrawl"]},{"damage_healed":0,"gold_gain":0,"player_choice":"Fight","damage_taken":0,"max_hp_gain":0,"max_hp_loss":0,"event_name":"MindBloom","floor":44,"gold_loss":0},{"damage_healed":0,"gold_gain":0,"player_choice":"Fight","damage_taken":0,"max_hp_gain":0,"max_hp_loss":0,"event_name":"Mysterious Sphere","floor":48,"gold_loss":0}],"is_beta":false,"boss_relics":[{"not_picked":["Astrolabe","Coffee Dripper"],"picked":"Fusion Hammer"},{"not_picked":["Busted Crown","Pandora\u0027s Box"],"picked":"Cursed Key"}],"items_purged_floors":[19,27,30],"is_endless":false,"potions_floor_spawned":[2,3,5,7,16,18,25,33,39,44,45],"ascension_level":13}}