{"host":"i3z0gcxurea6197v","time":1610359213,"event":{"mods":["Aspiration","BaseMod","Conspire","Energized Spire","Hubris","Minty Spire (QoL Compilation)","Permanent Neow","Relic Stats","Replay The Spire","Shop Mod","StSLib","SuperFastMode","TheWitcher","Virulent Crown","vexMod"],"gold_per_floor":[125,125,50,70,89,108,108],"floor_reached":6,"playtime":220,"items_purged":["SnafuTest:DefaultCommonAttack"],"score":51,"play_id":"428dda2b-efe1-46a2-9d4f-1a02a83a09c2","local_time":"20210111150013","is_ascension_mode":true,"campfire_choices":[],"circlet_count":0,"master_deck":["SnafuTest:DefaultCommonAttack","SnafuTest:DefaultCommonAttack","SnafuTest:BountyHunt","SnafuTest:DefaultCommonSkill","SnafuTest:DefaultCommonSkill","SnafuTest:DefaultCommonSkill","SnafuTest:SignYrden","SnafuTest:BombDevilsPuffball","SnafuTest:BombDimeritium","SnafuTest:PayArmorSmith"],"relics":["SnafuTest:UnstableMutagenRelic","NeowsBlessing","Replay:WaspNest"],"acts_visited":["Exordium"],"potions_floor_usage":[6,6],"damage_taken":[{"damage":0,"enemies":"Small Slimes","floor":1,"turns":1},{"damage":0,"enemies":"Cultist","floor":4,"turns":1},{"damage":0,"enemies":"Jaw Worm","floor":5,"turns":1},{"damage":60,"enemies":"Lagavulin","floor":6,"turns":11}],"seed_played":"-8522905498731233741","potions_obtained":[{"floor":2,"key":"Flashbang"},{"floor":2,"key":"AttackPotion"},{"floor":2,"key":"Death Potion"},{"floor":4,"key":"Block Potion"}],"is_trial":false,"path_per_floor":["M","?","$","M","M","E"],"character_chosen":"THE_WITCHER","items_purchased":[],"campfire_rested":0,"item_purchase_floors":[],"current_hp_per_floor":[75,75,75,75,75,15,15],"gold":108,"neow_bonus":"THREE_ENEMY_KILL","is_daily":false,"chose_seed":false,"campfire_upgraded":0,"win_rate":0.0,"timestamp":1610359213,"path_taken":["M","?","$","M","?","E"],"items_purchased_type":[],"build_version":"2020-12-22","purchased_purges":1,"victory":false,"max_hp_per_floor":[75,75,75,75,75,75,75],"relic_stats":{"counters":[4,14],"obtain_stats":[{"SnafuTest:UnstableMutagenRelic":0,"NeowsBlessing":0,"Replay:WaspNest":6},{"SnafuTest:UnstableMutagenRelic":0,"NeowsBlessing":0,"Replay:WaspNest":4},{"SnafuTest:UnstableMutagenRelic":0,"NeowsBlessing":0,"Replay:WaspNest":14}]},"card_choices":[{"not_picked":["SnafuTest:WitchHunt","SnafuTest:AncestralRitual"],"picked":"SnafuTest:BombDevilsPuffball","floor":1},{"not_picked":["SnafuTest:Oriole","SnafuTest:DesperateRemediation","SnafuTest:BombDimeritium"],"picked":"SKIP","floor":4},{"not_picked":["SnafuTest:Oriole","SnafuTest:DesperateRemediation"],"picked":"SnafuTest:BombDimeritium","floor":4},{"not_picked":["SnafuTest:ExcessiveLevies","SnafuTest:MCSuccubusSeduction"],"picked":"SnafuTest:PayArmorSmith","floor":5}],"player_experience":919166,"relics_obtained":[{"floor":6,"key":"Replay:WaspNest"}],"event_choices":[{"damage_healed":0,"gold_gain":0,"player_choice":"Got Potions","damage_taken":0,"max_hp_gain":0,"max_hp_loss":0,"event_name":"Lab","floor":2,"gold_loss":0}],"is_beta":false,"boss_relics":[],"items_purged_floors":[3],"is_endless":false,"potions_floor_spawned":[4],"killed_by":"Lagavulin","ascension_level":2}}