{"host":"xw61u809yplklae2","time":1610325893,"event":{"mods":["BaseMod","Better Third Choice","Colored Map","Conspire","DeckTracker","Downfall","Hubris","Minty Spire (QoL Compilation)","Replay The Spire","StSLib"],"gold_per_floor":[99,111,146,156,176,202,227,271,292,292,318,350,275,275,299,299,299],"floor_reached":16,"playtime":631,"items_purged":[],"score":163,"play_id":"f118236d-fc10-48a0-b8e3-62cc5adc73ed","local_time":"20210110194453","is_ascension_mode":true,"campfire_choices":[{"data":"sneckomod:SnekBite","floor":1.0,"key":"SMITH"},{"data":"sneckomod:UnknownRareAttack","floor":10,"key":"SMITH"},{"data":"sneckomod:Unknown2Cost","floor":13,"key":"SMITH"}],"circlet_count":0,"master_deck":["sneckomod:Strike","sneckomod:Strike","sneckomod:Strike","sneckomod:Defend","sneckomod:Defend","sneckomod:Defend","sneckomod:TailWhip","sneckomod:SnekBite+1","sneckomod:Unknown","sneckomod:Unknown","sneckomod:WideSting","sneckomod:UnknownExhaust","sneckomod:SlitherStrike","sneckomod:Unknown2Cost+1","sneckomod:ImprovisedAttack","sneckomod:UnknownRareAttack+1","sneckomod:IronFang","sneckomod:QuickBite"],"relics":["sneckomod:SneckoSoul","ReplayFunnel","Replay:Rubber Ducky","Mummified Hand","Happy Flower","CeramicFish","Bag of Preparation","downfall:HeartBlessingBlue"],"acts_visited":["Exordium"],"potions_floor_usage":[9,9],"damage_taken":[{"damage":0.0,"enemies":"Small Slimes","floor":2.0,"turns":3.0},{"damage":29.0,"enemies":"conspire:MimicChest","floor":3.0,"turns":7.0},{"damage":0.0,"enemies":"2 Louse","floor":4.0,"turns":3.0},{"damage":15.0,"enemies":"Cultist","floor":5.0,"turns":3.0},{"damage":12.0,"enemies":"Replay:BlueRogue","floor":6.0,"turns":4.0},{"damage":21.0,"enemies":"3 Sentries","floor":8.0,"turns":4.0},{"damage":11,"enemies":"Exordium Thugs","floor":9,"turns":2},{"damage":16,"enemies":"Gremlin Nob","floor":12,"turns":4},{"damage":0,"enemies":"Large Slime","floor":15,"turns":1},{"damage":30,"enemies":"downfall:Ironclad","floor":16,"turns":4}],"seed_played":"-2158679866649158886","potions_obtained":[{"floor":2.0,"key":"Ancient Potion"},{"floor":5.0,"key":"SteroidPotion"},{"floor":8.0,"key":"Swift Potion"}],"is_trial":false,"path_per_floor":["R","M","?","M","M","E","T","E","M","R","T","E","R","?","M","B"],"character_chosen":"THE_SNECKO","items_purchased":[],"campfire_rested":0,"item_purchase_floors":[],"current_hp_per_floor":[90,90,62,62,67,57,57,41,30,30,30,14,24,24,24,0,0],"gold":299,"neow_bonus":"RANDOM_COMMON_RELIC","is_daily":false,"chose_seed":false,"campfire_upgraded":3,"win_rate":0.0,"timestamp":1610325893,"path_taken":["R","M","?","M","M","E","T","E","?","R","?","E","R","?","M","BOSS"],"items_purchased_type":[],"build_version":"2020-12-22","purchased_purges":0,"victory":false,"max_hp_per_floor":[90,90,91,91,92,92,92,97,97,97,97,97,107,107,107,107,107],"card_choices":[{"not_picked":["sneckomod:Unknown1Cost","sneckomod:Unknown0Cost"],"picked":"sneckomod:WideSting","floor":2.0},{"not_picked":["sneckomod:UnknownCommonAttack","sneckomod:Nope"],"picked":"sneckomod:UnknownExhaust","floor":3.0},{"not_picked":["sneckomod:UnknownCommonSkill","sneckomod:Nope"],"picked":"sneckomod:SlitherStrike","floor":4.0},{"not_picked":["sneckomod:IronFang","sneckomod:UnknownUncommonAttack"],"picked":"sneckomod:Unknown2Cost","floor":5.0},{"not_picked":["sneckomod:UnknownUncommonSkill","sneckomod:Nope"],"picked":"sneckomod:ImprovisedAttack","floor":6.0},{"not_picked":["sneckomod:DiceBlock","sneckomod:WideSting"],"picked":"sneckomod:UnknownRareAttack","floor":8.0},{"not_picked":["sneckomod:Rotation","sneckomod:UnknownClassRED"],"picked":"sneckomod:IronFang","floor":9},{"not_picked":["sneckomod:UnknownCommonAttack","sneckomod:UnknownDexterity","sneckomod:UnknownX"],"picked":"SKIP","floor":12},{"not_picked":["sneckomod:ImprovisedAttack","sneckomod:MasterEye"],"picked":"sneckomod:QuickBite","floor":15}],"player_experience":902588,"relics_obtained":[{"floor":3.0,"key":"Replay:Rubber Ducky"},{"floor":6.0,"key":"Mummified Hand"},{"floor":7.0,"key":"Happy Flower"},{"floor":8.0,"key":"CeramicFish"},{"floor":12,"key":"Bag of Preparation"}],"event_choices":[{"damage_healed":0,"gold_gain":0,"player_choice":"Leave","damage_taken":0,"max_hp_gain":0,"max_hp_loss":0,"event_name":"conspire:Investor","floor":14,"gold_loss":0}],"is_beta":false,"boss_relics":[],"items_purged_floors":[],"is_endless":false,"potions_floor_spawned":[2,5,8],"killed_by":"downfall:Ironclad","ascension_level":3}}