{"host":"njruw0b0uprlitpx","time":1610344764,"event":{"mods":["2.2 Compatiblity","Bartender","BaseMod","Better Altar","Better Match","Better Note","Better Sensory Stone","Better Skull","Better Third Choice","BetterRewards","Block Reminder","Colored Map","Colored Powertips","Energized Spire","Jedi Mod","Keyboard Shortcuts","Magitek Elite","Minty Spire (QoL Compilation)","Quick Restart","Rare Cards Sparkle","Relic Stats","Replay The Spire","SacredBarkPlus","Spicy Shops","StSLib","SuperFastMode","The Blackbeard","The Bug Knight","The Construct","The Dragon Tamer","The Mystic","The Runesmith","Wandering Minibosses"],"gold_per_floor":[114,189,189,204,54,54,84,84,134,164,0,0,0,0,0,100,100,115,130,130,50,65,65,80,80,130,130,130,130,130,130,130,230,230,245,245,5,23,73,73,73,73,73,88,88,88,103,133,133,133],"floor_reached":51,"playtime":2789,"items_purged":["construct:Strike_Gold","construct:Defend_Gold"],"score":723,"play_id":"e0ebdde4-6571-466e-a654-d11922385cc8","local_time":"20210110235924","daily_mods":["Allstar","Flight","Lethality"],"is_ascension_mode":false,"campfire_choices":[{"data":"Secret Technique","floor":6,"key":"SMITH"},{"floor":8,"key":"REST"},{"data":"construct:ReactiveShield","floor":12,"key":"SMITH"},{"data":"construct:HastyRepair","floor":13,"key":"SMITH"},{"data":"construct:VentSteam","floor":15,"key":"SMITH"},{"data":"construct:QuickAttack","floor":23,"key":"SMITH"},{"data":"construct:QuickAttack+1","floor":25,"key":"SMITH"},{"data":"construct:Isolate+1","floor":27,"key":"SMITH"},{"data":"construct:SaveState","floor":29,"key":"SMITH"},{"data":"construct:GatlingGun","floor":30,"key":"SMITH"},{"data":"construct:GatlingGun+1","floor":32,"key":"SMITH"},{"data":"construct:SiegeForm","floor":40,"key":"SMITH"},{"data":"construct:SiegeForm+1","floor":41,"key":"SMITH"},{"data":"construct:Chainstrike","floor":42,"key":"SMITH"},{"data":"construct:Accumulate+1","floor":46,"key":"SMITH"},{"data":"construct:CripplingShot+1","floor":49,"key":"SMITH"}],"circlet_count":0,"master_deck":["construct:AttackMode","Master of Strategy","Finesse","jedi:LeechingStrike","Secret Technique+1","construct:ClusterMines","Immolate","construct:FierceBash","construct:VentSteam+1","construct:SuppressiveFire","construct:ReactiveShield+2","construct:HastyRepair+1","construct:BatteryCore","construct:Electrocute","construct:Construct_Overclock","construct:BatteryCore","construct:Chainstrike+1","construct:GatlingGun+2","construct:Electrocute","construct:BatteryAcid","construct:Hazardproof","construct:Isolate+2","construct:QuickAttack+2","construct:SaveState+1","Hallucinations","construct:SiegeForm+2","construct:SaveState+1","construct:Missile+1","construct:Accumulate+2","construct:Chainstrike+1","construct:Reinforce","construct:ElectricArmor","construct:CripplingShot+2"],"relics":["construct:ClockworkPhoenix","Meat on the Bone","ClockworkSouvenir","Kunai","Replay:Rubber Ducky","The Courier","Genji_Glove","Pandora\u0027s Box","Replay:Baseball","Ring of Panic","Ring of Searing","energizedSpire:NeverEndingSparkler","Chemical X","Medical Kit","FossilizedHelix","Mango","jedi:Pinwheel","Replay:Wax Seal"],"acts_visited":["Exordium","TheCity","TheBeyond"],"potions_floor_usage":[16,33,38,50],"damage_taken":[{"damage":14,"enemies":"Jaw Worm","floor":1,"turns":2},{"damage":3,"enemies":"2 Louse","floor":4,"turns":2},{"damage":23,"enemies":"Gremlin Nob","floor":7,"turns":4},{"damage":16,"enemies":"Replay:BlueRogue","floor":10,"turns":4},{"damage":17,"enemies":"The Guardian","floor":16,"turns":6},{"damage":0,"enemies":"Chosen","floor":18,"turns":2},{"damage":15,"enemies":"3 Byrds","floor":19,"turns":3},{"damage":8,"enemies":"Snake Plant","floor":22,"turns":3},{"damage":7,"enemies":"Chosen and Byrds","floor":24,"turns":3},{"damage":35,"enemies":"Automaton","floor":33,"turns":5},{"damage":24,"enemies":"3 Shapes","floor":35,"turns":2},{"damage":22,"enemies":"2 Orb Walkers","floor":38,"turns":2},{"damage":0,"enemies":"Mind Bloom Boss Battle","floor":39,"turns":2},{"damage":0,"enemies":"3 Darklings","floor":44,"turns":1},{"damage":0,"enemies":"Jaw Worm Horde","floor":47,"turns":2},{"damage":0,"enemies":"R_Hoarder","floor":48,"turns":2},{"damage":37,"enemies":"Awakened One","floor":50,"turns":5}],"seed_played":"2608465768335268498","potions_obtained":[{"floor":4,"key":"DuplicationPotion"},{"floor":7,"key":"Adrenaline Potion"},{"floor":10,"key":"FairyPotion"},{"floor":18,"key":"construct:MegaPotion"},{"floor":47,"key":"Dexterity Potion"}],"is_trial":false,"path_per_floor":["M","?","?","M","$","R","E","R","T","E","$","R","R","?","R","B",null,"M","M","?","$","M","R","M","R","T","R","?","R","R","?","R","B",null,"M","?","$","?","?","R","R","R","T","M","?","R","M","E","R","B",null],"character_chosen":"THE_CONSTRUCT_MOD","items_purchased":["ClockworkSouvenir","Genji_Glove","construct:ReactiveShield","construct:HastyRepair","PowerPotion","Chemical X","Medical Kit"],"campfire_rested":1,"item_purchase_floors":[5,11,11,11,21,37,37],"current_hp_per_floor":[71,60,55,61,61,61,47,72,72,67,67,67,67,67,67,68,85,85,73,85,85,85,85,78,78,78,78,78,78,78,78,78,50,85,61,61,61,51,81,81,81,81,81,81,81,81,95,95,95,74],"gold":133,"neow_bonus":"","is_daily":true,"chose_seed":false,"campfire_upgraded":15,"win_rate":0.0,"timestamp":1610344764,"path_taken":["M","?","?","M","$","R","E","R","T","E","$","R","R","?","R","BOSS","M","M","?","$","?","R","M","R","T","R","?","R","R","?","R","BOSS","M","?","$","?","?","R","R","R","T","?","?","R","?","E","R","BOSS"],"items_purchased_type":["Relic","Relic","Card","Card","Potion","Relic","Relic"],"build_version":"2020-12-22","purchased_purges":2,"victory":true,"max_hp_per_floor":[85,85,85,85,85,85,85,85,85,85,85,85,85,85,85,85,85,85,85,85,85,85,85,85,85,85,85,85,85,85,85,85,85,85,85,85,85,85,97,97,97,97,97,97,97,97,95,95,95,93],"relic_stats":{"counters":[17,50],"Pandora\u0027s Box":["construct:Electrocute","construct:Construct_Overclock","construct:BatteryCore","construct:Isolate","construct:Chainstrike","construct:GatlingGun","construct:Electrocute","construct:BatteryAcid"],"Kunai":[10],"Chemical X":[6],"Medical Kit":[2],"obtain_stats":[{"Mango":39,"The Courier":10,"construct:ClockworkPhoenix":0,"jedi:Pinwheel":43,"Medical Kit":37,"ClockworkSouvenir":5,"Replay:Rubber Ducky":9,"Ring of Searing":31,"Replay:Baseball":26,"energizedSpire:NeverEndingSparkler":34,"Genji_Glove":11,"Pandora\u0027s Box":17,"Kunai":7,"Chemical X":37,"Ring of Panic":31,"Replay:Wax Seal":48,"FossilizedHelix":38,"Meat on the Bone":3},{"Mango":13,"The Courier":4,"construct:ClockworkPhoenix":0,"jedi:Pinwheel":13,"Medical Kit":11,"ClockworkSouvenir":2,"Replay:Rubber Ducky":3,"Ring of Searing":9,"Replay:Baseball":9,"energizedSpire:NeverEndingSparkler":10,"Genji_Glove":4,"Pandora\u0027s Box":5,"Kunai":3,"Chemical X":11,"Ring of Panic":9,"Replay:Wax Seal":16,"FossilizedHelix":12,"Meat on the Bone":1},{"Mango":40,"The Courier":12,"construct:ClockworkPhoenix":0,"jedi:Pinwheel":40,"Medical Kit":36,"ClockworkSouvenir":4,"Replay:Rubber Ducky":8,"Ring of Searing":29,"Replay:Baseball":29,"energizedSpire:NeverEndingSparkler":34,"Genji_Glove":12,"Pandora\u0027s Box":18,"Kunai":8,"Chemical X":36,"Ring of Panic":29,"Replay:Wax Seal":45,"FossilizedHelix":38,"Meat on the Bone":2}],"Meat on the Bone":12},"card_choices":[{"not_picked":["construct:Forcefield","construct:FocusedBeam"],"picked":"construct:ClusterMines","floor":1},{"not_picked":["construct:LaserCore","construct:HeavyBolt"],"picked":"construct:FierceBash","floor":4},{"not_picked":["construct:CriticalHit","construct:ModeShift"],"picked":"construct:VentSteam","floor":7},{"not_picked":["construct:ScopeCore","construct:Analyze"],"picked":"construct:SuppressiveFire","floor":10},{"not_picked":["construct:LongRangeLance","construct:Reserves"],"picked":"construct:BatteryCore","floor":16},{"not_picked":["construct:Reinforce","construct:Autoturret"],"picked":"construct:Hazardproof","floor":18},{"not_picked":["construct:SuppressiveFire","construct:ReactiveShield+1"],"picked":"construct:Isolate+1","floor":19},{"not_picked":["construct:MetalShell","construct:SaveState"],"picked":"construct:QuickAttack","floor":22},{"not_picked":["construct:Anticipate","construct:Versatility"],"picked":"construct:SaveState","floor":24},{"not_picked":["construct:GatlingGun","construct:Bunker"],"picked":"construct:SiegeForm","floor":33},{"not_picked":["construct:Reinforce+1","construct:ForceCore+1"],"picked":"construct:SaveState+1","floor":35},{"not_picked":["construct:Autoturret+1","construct:SuppressiveFire+1"],"picked":"construct:Missile+1","floor":38},{"not_picked":["construct:ModeShift","construct:SuppressiveFire+1"],"picked":"construct:Accumulate+1","floor":39},{"not_picked":["construct:Electrocute+1","construct:SuppressiveFire+1"],"picked":"construct:Chainstrike+1","floor":44},{"not_picked":["construct:ModeShift","construct:Anticipate"],"picked":"construct:ElectricArmor","floor":47},{"not_picked":["construct:ShiftStrike+1","construct:PowerUp"],"picked":"construct:CripplingShot+1","floor":48}],"player_experience":1629992,"relics_obtained":[{"floor":7,"key":"Kunai"},{"floor":9,"key":"Replay:Rubber Ducky"},{"floor":10,"key":"The Courier"},{"floor":26,"key":"Replay:Baseball"},{"floor":31,"key":"Ring of Panic"},{"floor":31,"key":"Ring of Searing"},{"floor":38,"key":"FossilizedHelix"},{"floor":39,"key":"Mango"},{"floor":43,"key":"jedi:Pinwheel"},{"floor":48,"key":"Replay:Wax Seal"}],"event_choices":[{"damage_healed":0,"gold_gain":75,"player_choice":"Gold","damage_taken":11,"max_hp_gain":0,"max_hp_loss":0,"event_name":"betterThird:BetterGoop","floor":2,"gold_loss":0},{"damage_healed":0,"gold_gain":0,"player_choice":"Grow","damage_taken":0,"max_hp_gain":0,"max_hp_loss":0,"event_name":"Living Wall","floor":14,"gold_loss":0,"cards_upgraded":["construct:ReactiveShield"]},{"cards_removed":["construct:Isolate"],"damage_healed":12,"gold_gain":0,"player_choice":"Offered Uncommon","damage_taken":0,"max_hp_gain":0,"max_hp_loss":0,"event_name":"Bonfire Elementals","floor":20,"gold_loss":0},{"damage_healed":0,"gold_gain":0,"player_choice":"Ignored","damage_taken":0,"max_hp_gain":0,"max_hp_loss":0,"event_name":"Vampires","floor":28,"gold_loss":0},{"cards_removed":["Dark Shackles"],"damage_healed":0,"gold_gain":0,"player_choice":"Removed Skill","damage_taken":0,"max_hp_gain":0,"max_hp_loss":0,"event_name":"Falling","floor":36,"gold_loss":0},{"damage_healed":0,"gold_gain":0,"player_choice":"Fight","damage_taken":0,"max_hp_gain":0,"max_hp_loss":0,"event_name":"Mysterious Sphere","floor":38,"gold_loss":0},{"damage_healed":0,"gold_gain":0,"player_choice":"Fight","damage_taken":0,"max_hp_gain":0,"max_hp_loss":0,"event_name":"MindBloom","floor":39,"gold_loss":0},{"damage_healed":0,"gold_gain":0,"cards_transformed":["construct:DefenseMode"],"player_choice":"Transformed","damage_taken":0,"max_hp_gain":0,"max_hp_loss":0,"event_name":"Transmorgrifier","floor":45,"gold_loss":0,"cards_obtained":["construct:Reinforce"]}],"is_beta":false,"boss_relics":[{"not_picked":["construct:ClawGrip","Fusion Hammer"],"picked":"Pandora\u0027s Box"},{"not_picked":["Kintsugi","Sozu"],"picked":"energizedSpire:NeverEndingSparkler"}],"items_purged_floors":[11,11],"is_endless":false,"potions_floor_spawned":[4,7,10,18,47],"ascension_level":0}}