{"host":"mfnyjbfkyfsz33u9","time":1610373295,"event":{"mods":["2.2 Compatiblity","BaseMod","Colored Powertips","Downfall","Marisa£¨Ùöéë¡¡Øª×âÞÞ£©","Minty Spire (QoL Compilation)","Rare Cards Sparkle","Replay The Spire","StSLib","SuperFastMode","The Cursed"],"gold_per_floor":[118,118,118,199,179,179,218,232,232,251,266,266,284,318,318,437,737,758,4,4,4,14,39,39,74,74,74,92,120,120,148,148,247,247,264,331,341,341,341,341,353,382,406,166,178,178,196,5,55,55,55,55,55,81,81],"floor_reached":56,"playtime":2139,"items_purged":[],"score":1297,"play_id":"50c41c89-fefa-43bd-925d-7b807216bd32","local_time":"20210111225455","is_ascension_mode":true,"campfire_choices":[{"data":"Zap","floor":6.0,"key":"SMITH"},{"data":"Hologram","floor":12.0,"key":"SMITH"},{"data":"Barrage","floor":12.0,"key":"SMITH"},{"data":"Mirror Shield","floor":15.0,"key":"SMITH"},{"data":"Scrape","floor":15.0,"key":"SMITH"},{"data":"Master of Strategy","floor":24,"key":"SMITH"},{"data":"ReplayTheSpireMod:Repulse","floor":24,"key":"SMITH"},{"data":"White Noise","floor":27,"key":"SMITH"},{"data":"FIFO Queue","floor":27,"key":"SMITH"},{"data":"Dualcast","floor":30,"key":"SMITH"},{"data":"Crystallizer","floor":30,"key":"SMITH"},{"floor":32,"key":"RECALL"},{"data":"Defend_B+1","floor":40,"key":"SMITH"},{"data":"Defend_B+1","floor":40,"key":"SMITH"},{"data":"Go for the Eyes","floor":46,"key":"SMITH"},{"data":"Aggregate","floor":46,"key":"SMITH"},{"data":"Defend_B+2","floor":52,"key":"SMITH"},{"data":"Defend_B+2","floor":52,"key":"SMITH"}],"circlet_count":0,"master_deck":["Strike_B","Strike_B","Strike_B","Defend_B","Defend_B+3","Defend_B+3","Zap+1","Dualcast+1","Mirror Shield+1","Compile Driver","Barrage+1","All For One","Hologram+1","FIFO Queue+1","Scrape+1","Core Surge","CurseOfTheBell","Master of Strategy+1","Sickly","ReplayTheSpireMod:Repulse+1","Chill+1","White Noise+1","Aggregate+1","BootSequence+1","Buffer+1","Coolheaded+1","Beam Cell+1","Electrodynamics+1","Madness+1","Madness+1","Go for the Eyes+1","Time Bomb+1","Survey Options+1","Capacitor+1","Fusion+1","Midas Touch+1","ReplaySolidLightProjector+1"],"relics":["Cracked Core","Bloody Idol","Gremlin Horn","Replay:Arrowhead","Meat on the Bone","Durian","Calling Bell","Juzu Bracelet","Frozen Egg 2","Old Coin","Bottled Lightning","Prayer Wheel","HornCleat","Replay:Baseball","Ginger","Pen Nib","Toxic Egg 2","Question Card","Sozu","Simple Rune","Happy Flower","ReplayTheSpireMod:TigerMarble","CatCart","Sundial"],"acts_visited":["Exordium","TheCity","TheBeyond","TheEnding"],"potions_floor_usage":[29,55,55],"damage_taken":[{"damage":3.0,"enemies":"Jaw Worm","floor":1.0,"turns":3.0},{"damage":16.0,"enemies":"3 Sentries","floor":7.0,"turns":9.0},{"damage":1.0,"enemies":"2 Louse","floor":8.0,"turns":2.0},{"damage":0.0,"enemies":"Small Slimes","floor":10.0,"turns":2.0},{"damage":9.0,"enemies":"Red Slaver","floor":11.0,"turns":2.0},{"damage":0.0,"enemies":"Large Slime","floor":13.0,"turns":3.0},{"damage":0.0,"enemies":"Lagavulin","floor":14.0,"turns":5.0},{"damage":17.0,"enemies":"Fading Forest","floor":16.0,"turns":11.0},{"damage":8.0,"enemies":"3 Byrds","floor":18.0,"turns":4.0},{"damage":10.0,"enemies":"Shell Parasite","floor":22.0,"turns":4.0},{"damage":23.0,"enemies":"Gremlin Leader","floor":23.0,"turns":8.0},{"damage":7,"enemies":"Book of Stabbing","floor":25,"turns":4},{"damage":10,"enemies":"Centurion and Healer","floor":28,"turns":4},{"damage":0,"enemies":"Slavers","floor":29,"turns":4},{"damage":0,"enemies":"Gremlin Leader","floor":31,"turns":5},{"damage":24,"enemies":"Collector","floor":33,"turns":8},{"damage":16,"enemies":"3 Shapes","floor":35,"turns":3},{"damage":0,"enemies":"3 Darklings","floor":37,"turns":4},{"damage":0,"enemies":"Sphere and 2 Shapes","floor":41,"turns":3},{"damage":0,"enemies":"Nemesis","floor":42,"turns":5},{"damage":0,"enemies":"Writhing Mass","floor":45,"turns":3},{"damage":0,"enemies":"Spire Growth","floor":47,"turns":3},{"damage":6,"enemies":"Orin","floor":49,"turns":6},{"damage":1,"enemies":"Replay:Hell Engine","floor":50,"turns":5},{"damage":8,"enemies":"Shield and Spear","floor":54,"turns":4},{"damage":97,"enemies":"The Heart","floor":55,"turns":8}],"seed_played":"4370476442882273749","potions_obtained":[{"floor":5.0,"key":"sneckomod:MuddlingPotion"},{"floor":7.0,"key":"Guardian:BlockOnCardUsePotion"},{"floor":11.0,"key":"DuplicationPotion"},{"floor":22.0,"key":"BlessingOfTheForge"},{"floor":29,"key":"EssenceOfSteel"},{"floor":31,"key":"Elixir"},{"floor":33,"key":"AttackPotion"}],"is_trial":false,"path_per_floor":["M","?","?","T","?","R","E","M","T","M","M","R","M","E","R","B",null,"M","$","?","?","M","E","R","E","T","R","M","E","R","E","R","B",null,"M","?","M","?","?","R","M","E","T","$","M","R","M","$","R","B",null,"R","$","E","B",null],"character_chosen":"DEFECT","items_purchased":["Master of Strategy","Bottled Lightning","Prayer Wheel","ReplayTheSpireMod:TigerMarble","Survey Options+1","Midas Touch+1"],"campfire_rested":0,"item_purchase_floors":[19,19,19,44,44,48],"current_hp_per_floor":[72,65,47,47,47,47,31,30,30,42,45,45,45,50,50,45,80,72,72,72,72,67,49,49,47,47,47,54,59,59,64,64,57,80,69,42,47,47,37,37,54,59,64,64,69,69,74,74,73,72,80,80,80,77,32],"gold":81,"neow_bonus":"TRANSFORM_CARD","is_daily":false,"chose_seed":false,"campfire_upgraded":17,"win_rate":0.0,"timestamp":1610373295,"path_taken":["M","?","?","?","?","R","E","M","T","?","M","R","M","E","R","BOSS","M","$","?","?","M","E","R","E","T","R","M","E","R","E","R","BOSS","M","?","M","?","?","R","M","E","T","$","M","R","M","$","R","BOSS","R","$","E","BOSS"],"items_purchased_type":["Card","Relic","Relic","Relic","Card","Card"],"build_version":"2020-12-22","purchased_purges":0,"victory":true,"max_hp_per_floor":[75,75,75,75,75,75,75,75,75,75,75,75,75,80,80,80,80,80,80,80,80,80,80,80,80,80,80,80,80,80,80,80,80,80,80,80,80,80,80,80,80,80,80,80,80,80,80,80,80,80,80,80,80,80,80],"card_choices":[{"not_picked":["Stack","Auto Shields"],"picked":"Crystallizer","floor":1.0},{"not_picked":["Beam Cell","BasicCrystalCard"],"picked":"Compile Driver","floor":7.0},{"not_picked":["Sweeping Beam","Steam"],"picked":"Barrage","floor":8.0},{"not_picked":["Panic Button","ReplayTheSpireMod:System Scan"],"picked":"All For One","floor":10.0},{"not_picked":["Glacier","Barrage"],"picked":"Hologram","floor":11.0},{"not_picked":["Go for the Eyes","Barrage"],"picked":"FIFO Queue","floor":13.0},{"not_picked":["Amplify","Cold Snap"],"picked":"Scrape","floor":14.0},{"not_picked":["Rainbow","Thunder Strike"],"picked":"Core Surge","floor":16.0},{"not_picked":["Rip and Tear+1","Panic Button","Streamline"],"picked":"SKIP","floor":18.0},{"not_picked":["Capacitor+1","Force Field"],"picked":"ReplayTheSpireMod:Repulse","floor":22.0},{"not_picked":["Hologram","BasicCrystalCard","Lockon"],"picked":"SKIP","floor":22.0},{"not_picked":["Hologram","BasicCrystalCard","Lockon"],"picked":"SKIP","floor":22.0},{"not_picked":["Barrage","Rebound+1"],"picked":"Chill+1","floor":23.0},{"not_picked":["BasicCrystalCard","Turbo"],"picked":"White Noise","floor":25},{"not_picked":["BasicCrystalCard","Rainbow"],"picked":"Aggregate","floor":28},{"not_picked":["Leap+1","BasicCrystalCard","Rip and Tear"],"picked":"SKIP","floor":28},{"not_picked":["ReplayTheSpireMod:Repulse+1","Doom and Gloom"],"picked":"BootSequence+1","floor":29},{"not_picked":["Thunder Strike","Panic Button+1","Steam+1"],"picked":"SKIP","floor":31},{"not_picked":["Multi-Cast+1","Mirror Shield+1","Thunder Strike"],"picked":"Buffer+1","floor":33},{"not_picked":["Panic Button+1","Go for the Eyes","Barrage","Redo+1"],"picked":"SKIP","floor":35},{"not_picked":["BasicCrystalCard+1","Cold Snap+1","Barrage","ReplayTheSpireMod:Reroute Power+1"],"picked":"SKIP","floor":35},{"not_picked":["Leap+1","Steam+1","Gash"],"picked":"Coolheaded+1","floor":36},{"not_picked":["Steam+1","Leap+1","Conserve Battery+1"],"picked":"Beam Cell+1","floor":37},{"not_picked":["Ball Lightning","Rebound+1","Panic Button+1"],"picked":"Electrodynamics+1","floor":37},{"not_picked":["ReplayTheSpireMod:Repulse+1","ReplayTheSpireMod:GoodbyeWorld+1","Genetic Algorithm+1"],"picked":"Go for the Eyes","floor":41},{"not_picked":["Panic Button+1","Coolheaded+1","Steam Power+1","Static Discharge+1"],"picked":"SKIP","floor":41},{"not_picked":["Fusion+1","White Noise+1","Go for the Eyes+1"],"picked":"Time Bomb+1","floor":42},{"not_picked":["Sweeping Beam","Streamline+1","Conserve Battery+1"],"picked":"Capacitor+1","floor":45},{"not_picked":["Hologram+1","Streamline+1","Electrodynamics+1"],"picked":"Fusion+1","floor":45},{"not_picked":["Go for the Eyes","ReplaySort+1","Hologram+1","Aggregate+1"],"picked":"SKIP","floor":47},{"not_picked":["Cold Snap","Compile Driver","BasicCrystalCard+1","Steam+1"],"picked":"SKIP","floor":47},{"not_picked":["Sweeping Beam+1","Ball Lightning","ReplaySort+1"],"picked":"ReplaySolidLightProjector+1","floor":54}],"player_experience":37479,"relics_obtained":[{"floor":4.0,"key":"Gremlin Horn"},{"floor":7.0,"key":"Replay:Arrowhead"},{"floor":9.0,"key":"Meat on the Bone"},{"floor":14.0,"key":"Durian"},{"floor":17.0,"key":"Juzu Bracelet"},{"floor":17.0,"key":"Frozen Egg 2"},{"floor":17.0,"key":"Old Coin"},{"floor":23.0,"key":"Replay:Baseball"},{"floor":25,"key":"Ginger"},{"floor":26,"key":"Pen Nib"},{"floor":29,"key":"Toxic Egg 2"},{"floor":31,"key":"Question Card"},{"floor":36,"key":"Simple Rune"},{"floor":42,"key":"Happy Flower"},{"floor":49,"key":"CatCart"},{"floor":54,"key":"Sundial"}],"event_choices":[{"cards_removed":["Defend_B"],"damage_healed":0.0,"max_hp_gain":0.0,"max_hp_loss":0.0,"gold_gain":0.0,"event_name":"Golden Wing","player_choice":"Card Removal","floor":2.0,"gold_loss":0.0,"damage_taken":7.0},{"damage_healed":0.0,"max_hp_gain":0.0,"max_hp_loss":0.0,"gold_gain":0.0,"event_name":"Golden Idol","player_choice":"Take Damage","floor":3.0,"gold_loss":0.0,"damage_taken":18.0,"relics_obtained":["Golden Idol"]},{"damage_healed":0.0,"max_hp_gain":0.0,"max_hp_loss":0.0,"gold_gain":0.0,"event_name":"The Woman in Blue","player_choice":"Bought 1 Potion","floor":5.0,"gold_loss":0.0,"damage_taken":0.0},{"damage_healed":0.0,"max_hp_gain":0.0,"max_hp_loss":0.0,"gold_gain":0.0,"event_name":"Forgotten Altar","player_choice":"Gave Idol","floor":20.0,"relics_lost":["Golden Idol"],"gold_loss":0.0,"damage_taken":0.0,"relics_obtained":["Bloody Idol"]},{"cards_removed":["Crystallizer"],"damage_healed":0,"gold_gain":0,"player_choice":"Removed Power","damage_taken":0,"max_hp_gain":0,"max_hp_loss":0,"event_name":"Falling","floor":38,"gold_loss":0},{"damage_healed":0,"gold_gain":0,"player_choice":"Embrace Madness","damage_taken":10,"max_hp_gain":0,"max_hp_loss":0,"event_name":"Winding Halls","floor":39,"gold_loss":0,"cards_obtained":["Madness","Madness"]},{"damage_healed":0,"gold_gain":0,"player_choice":"Fight","damage_taken":0,"max_hp_gain":0,"max_hp_loss":0,"event_name":"OrinTheCat","floor":49,"gold_loss":0}],"is_beta":false,"boss_relics":[{"not_picked":["Tiny House","Ring of Chaos"],"picked":"Calling Bell"},{"not_picked":["Snecko Eye","Cursed Key"],"picked":"Sozu"}],"items_purged_floors":[],"is_endless":false,"potions_floor_spawned":[7,11,13,22,29,31,33,35,37,42,49],"ascension_level":2}}