{"host":"6749gst1gzuv21qf","time":1610323505,"event":{"mods":["Aspiration","BaseMod","Better Altar","Better Match","Better Note","Better Sensory Stone","Better Skull","Better Third Choice","BetterRewards","Colored Map","Colored Powertips","Downfall","Highlight Path","Minty Spire (QoL Compilation)","Permanent Neow","Replay The Spire","Shop Mod","Spicy Shops","StSLib","The Cursed"],"gold_per_floor":[287,72,72,83,94,123,150,150,150,168,188,221,71,71,87,192,192,192,212,227,87,104,120,168,168,191,191,191,191],"floor_reached":27,"playtime":2257,"items_purged":[],"score":225,"play_id":"39d60281-0746-4b60-8e40-1e1e193581ba","local_time":"20210110190505","is_ascension_mode":false,"campfire_choices":[{"data":"champ:SwordThrow","floor":8,"key":"SMITH"},{"floor":13,"key":"REST"},{"floor":18,"key":"RECALL"}],"circlet_count":0,"master_deck":["champ:Execute","champ:Taunt","champ:SwordThrow+1","champ:BringItOn","champ:CalledShot","champ:HeartStrike","champ:Lariat","champ:Shatter","champ:Aggression","champ:SteelEdge","champ:HeavySlash","champ:FocusedGladiator","champ:RisingSlash","champ:RisingSlash","champ:HeartStrike","champ:Shatter","champ:FalseCounter","champ:FalseCounter","champ:TornadoPunch","champ:Circumvent","champ:PreciseThrust","champ:IronFortress","champ:GutPunch","champ:ShieldWall","champ:DeathBlow"],"relics":["champ:ChampionCrown","Membership Card","Omamori","ReplayTheSpireMod:CursedCoin","MerchantsRug","Counterbalance","Mummified Hand","StrikeDummy","downfall:HeartBlessingGreen","downfall:HeartBlessingBlue","Pandora\u0027s Box","aspiration:Lifesprig","CeramicFish"],"acts_visited":["Exordium","TheCity"],"potions_floor_usage":[6,11],"damage_taken":[{"damage":10,"enemies":"downfall:FleeingMerchant","floor":2,"turns":4},{"damage":15,"enemies":"Jaw Worm","floor":4,"turns":4},{"damage":5,"enemies":"Cultist","floor":5,"turns":3},{"damage":41,"enemies":"Gremlin Nob","floor":6,"turns":5},{"damage":11,"enemies":"2 Louse","floor":10,"turns":2},{"damage":5,"enemies":"2 Fungi Beasts","floor":11,"turns":4},{"damage":32,"enemies":"3 Sentries","floor":12,"turns":10},{"damage":5,"enemies":"Large Slime","floor":15,"turns":5},{"damage":60,"enemies":"downfall:Silent","floor":16,"turns":10},{"damage":22,"enemies":"3 Byrds","floor":19,"turns":6},{"damage":0,"enemies":"Spheric Guardian","floor":20,"turns":2},{"damage":8,"enemies":"downfall:FleeingMerchant","floor":21,"turns":4},{"damage":39,"enemies":"Snecko","floor":22,"turns":5},{"damage":10,"enemies":"Chosen and Byrds","floor":23,"turns":3},{"damage":44,"enemies":"Cultist and Chosen","floor":26,"turns":6},{"damage":36,"enemies":"Gremlin Leader","floor":27,"turns":2}],"seed_played":"-3034779559006309961","potions_obtained":[{"floor":5,"key":"PowerPotion"},{"floor":10,"key":"Adrenaline Potion"},{"floor":11,"key":"sneckomod:MuddlingPotion"},{"floor":15,"key":"champ:CounterPotion"},{"floor":16,"key":"SteroidPotion"}],"is_trial":false,"path_per_floor":["R_BF","$","?","M","M","E","T","R","?","M","M","E","R","?","M","B",null,"R","M","M","$","M","M","T","?","M","E"],"character_chosen":"THE_CHAMP","items_purchased":["Membership Card","Omamori","ReplayTheSpireMod:CursedCoin","MerchantsRug","Counterbalance","champ:IronFortress","champ:GutPunch","aspiration:Lifesprig"],"campfire_rested":1,"item_purchase_floors":[2,2,2,2,2,21,21,21],"current_hp_per_floor":[90,90,90,85,85,55,55,55,55,49,49,22,62,62,62,13,100,100,90,90,87,58,53,53,48,33,0,0,0],"gold":191,"neow_bonus":"HUNDRED_GOLD","is_daily":false,"chose_seed":false,"campfire_upgraded":1,"win_rate":0.0,"timestamp":1610323505,"path_taken":["R_BF","$","?","M","?","E","T","R","?","M","M","E","R","?","M","BOSS","R","M","M","$","M","M","T","?","M","E"],"items_purchased_type":["Relic","Relic","Relic","Relic","Relic","Card","Card","Relic"],"build_version":"2020-12-22","purchased_purges":0,"victory":false,"max_hp_per_floor":[90,90,90,90,90,90,90,90,90,90,90,90,100,100,100,100,100,100,100,100,100,100,100,100,100,100,100,100,100],"card_choices":[{"not_picked":["champ:Circumvent","champ:BringItOn"],"picked":"champ:SwordThrow","floor":2},{"not_picked":["champ:RecklessLeap","champ:GladiatorsShout"],"picked":"champ:BringItOn","floor":4},{"not_picked":["champ:GladiatorsShout","champ:DefensiveShout"],"picked":"champ:CalledShot","floor":5},{"not_picked":["champ:Circumvent","champ:DefensiveShout"],"picked":"champ:HeartStrike","floor":6},{"not_picked":["champ:Encircle","champ:Riposte"],"picked":"champ:Lariat","floor":10},{"not_picked":["champ:BerserkerStyle","champ:GladiatorsShout"],"picked":"champ:Shatter","floor":11},{"not_picked":["champ:Riposte","champ:Circumvent"],"picked":"champ:Aggression","floor":12},{"not_picked":["champ:RisingSlash","champ:TornadoPunch"],"picked":"champ:SteelEdge","floor":15},{"not_picked":["champ:ShieldSlam","champ:Devastate"],"picked":"champ:HeavySlash","floor":16},{"not_picked":["champ:DefensiveShout+1","champ:BladeFlurry"],"picked":"champ:TornadoPunch","floor":19},{"not_picked":["champ:HeartStrike","champ:Shatter"],"picked":"champ:Circumvent","floor":20},{"not_picked":["champ:EndlessRage","champ:StanceDance"],"picked":"champ:PreciseThrust","floor":21},{"not_picked":["champ:BringItOn","champ:PerfectedStrike+1","champ:BerserkersShout"],"picked":"SKIP","floor":22},{"not_picked":["champ:DefensiveShout","champ:FlashCut"],"picked":"champ:ShieldWall","floor":23},{"not_picked":["champ:Circumvent+1","champ:BerserkersShout+1"],"picked":"champ:DeathBlow","floor":26}],"player_experience":648353,"relics_obtained":[{"floor":6,"key":"Mummified Hand"},{"floor":12,"key":"StrikeDummy"},{"floor":24,"key":"CeramicFish"}],"event_choices":[{"cards_removed":["champ:Defend"],"damage_healed":0,"gold_gain":0,"player_choice":"Purged","damage_taken":0,"max_hp_gain":0,"max_hp_loss":0,"event_name":"Purifier","floor":3,"gold_loss":0}],"is_beta":false,"boss_relics":[{"not_picked":["aspiration:PoetsPen_weak","Snecko Eye"],"picked":"Pandora\u0027s Box"}],"items_purged_floors":[],"is_endless":false,"potions_floor_spawned":[5,10,11,15,16,20,22],"killed_by":"Gremlin Leader","ascension_level":0}}