{"host":"g7trc0x2teqyd8ye","time":1610396238,"event":{"mods":["BaseMod","Key Reminder","Minty Spire (QoL Compilation)","Relic Stats"],"gold_per_floor":[117,117,132,132,132,177,177,202,229,252,106,149,187,240,240,240,240],"floor_reached":16,"playtime":578,"items_purged":[],"score":269,"play_id":"be31a632-3229-4d4f-ae41-e37cb3aafe7e","local_time":"20210111211718","is_ascension_mode":true,"campfire_choices":[{"data":"Darkness","floor":7,"key":"SMITH"},{"floor":15,"key":"REST"}],"circlet_count":0,"master_deck":["AscendersBane","Strike_B","Strike_B","Strike_B","Strike_B","Defend_B","Defend_B","Defend_B","Defend_B","Zap","Dualcast","FTL","Injury","Darkness+1","Chaos","Genetic Algorithm","Cold Snap","Turbo","Undo","Auto Shields"],"relics":["Cracked Core","NeowsBlessing","Golden Idol","Strawberry","CeramicFish","Orichalcum","Bag of Preparation","Anchor","Odd Mushroom","Nunchaku"],"acts_visited":["Exordium"],"potions_floor_usage":[12,12,14,14,16],"damage_taken":[{"damage":0,"enemies":"Jaw Worm","floor":1,"turns":1},{"damage":0,"enemies":"Small Slimes","floor":3,"turns":1},{"damage":0,"enemies":"3 Sentries","floor":6,"turns":1},{"damage":11,"enemies":"2 Louse","floor":8,"turns":3},{"damage":21,"enemies":"Exordium Thugs","floor":10,"turns":4},{"damage":0,"enemies":"Lagavulin","floor":12,"turns":6},{"damage":14,"enemies":"The Mushroom Lair","floor":13,"turns":4},{"damage":16,"enemies":"Gremlin Nob","floor":14,"turns":4},{"damage":26,"enemies":"Hexaghost","floor":16,"turns":10}],"seed_played":"-3139738808242057190","potions_obtained":[{"floor":1,"key":"LiquidMemories"},{"floor":6,"key":"SkillPotion"},{"floor":12,"key":"SkillPotion"},{"floor":13,"key":"AttackPotion"},{"floor":14,"key":"DuplicationPotion"}],"is_trial":false,"path_per_floor":["M","?","M","?","?","E","R","M","T","M","$","E","?","E","R","B"],"character_chosen":"DEFECT","items_purchased":["Bag of Preparation"],"campfire_rested":1,"item_purchase_floors":[11],"current_hp_per_floor":[68,68,68,72,64,64,64,53,53,32,32,32,18,2,26,0,0],"gold":240,"neow_bonus":"THREE_ENEMY_KILL","is_daily":false,"chose_seed":false,"campfire_upgraded":1,"win_rate":0.0,"timestamp":1610396238,"path_taken":["M","?","M","?","?","E","R","?","T","M","$","E","?","E","R","BOSS"],"items_purchased_type":["Relic"],"build_version":"2020-12-22","purchased_purges":0,"victory":false,"max_hp_per_floor":[75,75,75,82,82,82,82,82,82,82,82,82,82,82,82,82,82],"relic_stats":{"Nunchaku":[0],"counters":[9,34],"Golden Idol":38,"CeramicFish":54,"Bag of Preparation":[8],"Orichalcum":[42],"obtain_stats":[{"Anchor":12,"Nunchaku":14,"NeowsBlessing":0,"Golden Idol":2,"Strawberry":4,"CeramicFish":6,"Bag of Preparation":11,"Orichalcum":9,"Odd Mushroom":13,"Cracked Core":0},{"Anchor":6,"Nunchaku":8,"NeowsBlessing":0,"Golden Idol":1,"Strawberry":2,"CeramicFish":3,"Bag of Preparation":5,"Orichalcum":4,"Odd Mushroom":7,"Cracked Core":0},{"Anchor":16,"Nunchaku":24,"NeowsBlessing":0,"Golden Idol":1,"Strawberry":2,"CeramicFish":3,"Bag of Preparation":10,"Orichalcum":6,"Odd Mushroom":20,"Cracked Core":0}]},"card_choices":[{"not_picked":["Gash","Skim"],"picked":"FTL","floor":1},{"not_picked":["Conserve Battery","Reinforced Body"],"picked":"Darkness","floor":3},{"not_picked":["Gash","Turbo"],"picked":"Chaos","floor":6},{"not_picked":["Aggregate","Recycle"],"picked":"Genetic Algorithm","floor":8},{"not_picked":["Sweeping Beam","Compile Driver"],"picked":"Cold Snap","floor":10},{"not_picked":["Hello World","Amplify"],"picked":"Turbo","floor":12},{"not_picked":["Steam","Turbo"],"picked":"Undo","floor":13},{"not_picked":["Scrape","Go for the Eyes"],"picked":"Auto Shields","floor":14}],"player_experience":907048,"relics_obtained":[{"floor":6,"key":"CeramicFish"},{"floor":9,"key":"Orichalcum"},{"floor":12,"key":"Anchor"},{"floor":13,"key":"Odd Mushroom"},{"floor":14,"key":"Nunchaku"}],"event_choices":[{"damage_healed":0,"gold_gain":0,"player_choice":"Take Wound","damage_taken":0,"relics_obtained":["Golden Idol"],"max_hp_gain":0,"max_hp_loss":0,"event_name":"Golden Idol","floor":2,"gold_loss":0,"cards_obtained":["Injury"]},{"damage_healed":0,"gold_gain":0,"player_choice":"Success","damage_taken":3,"relics_obtained":["Strawberry"],"max_hp_gain":0,"max_hp_loss":0,"event_name":"Scrap Ooze","floor":4,"gold_loss":0},{"damage_healed":0,"gold_gain":0,"player_choice":"Damaged","damage_taken":8,"max_hp_gain":0,"max_hp_loss":0,"event_name":"Wheel of Change","floor":5,"gold_loss":0},{"damage_healed":0,"gold_gain":0,"player_choice":"Fought Mushrooms","damage_taken":0,"max_hp_gain":0,"max_hp_loss":0,"event_name":"Mushrooms","floor":13,"gold_loss":0}],"is_beta":false,"boss_relics":[],"items_purged_floors":[],"is_endless":false,"potions_floor_spawned":[1,6,10,12,13,14],"killed_by":"Hexaghost","ascension_level":12}}