{"host":"q1ejl7hv5l3527la","time":1610333201,"event":{"mods":["Aspiration","Bard","BaseMod","Better Third Choice","Colored Powertips","Downfall","Energized Spire","Hermit","Highlight Path","Hubris","Infinite Spire","Minty Spire (QoL Compilation)","Replay The Spire","Shop Mod","StSLib","The Bladedancer","The Cursed","The Juggle","The Jungle","The Runesmith"],"gold_per_floor":[109,126,5,23,23,23,40,72,372,372,372,391,411,425,425,527,527,539,523,8,27,27,27,57,75,75,101,101,120,120,120,120,219,219,247,281,281,281],"floor_reached":37,"playtime":2961,"items_purged":[],"score":747,"play_id":"a6e57cf4-32e3-4123-83eb-b83cd94ceaa5","local_time":"20210110204641","is_ascension_mode":true,"campfire_choices":[{"data":"infinitespire:Neurotoxin","floor":6,"key":"SMITH"},{"floor":11,"key":"REST"},{"floor":15,"key":"REST"},{"floor":23,"key":"REST"},{"floor":28,"key":"REST"},{"floor":30,"key":"REST"},{"floor":32,"key":"REST"}],"circlet_count":0,"master_deck":["Strike_G","Strike_G","Strike_G","Strike_G","Strike_G","Defend_G","Defend_G","Defend_G","Defend_G","Defend_G","Survivor","Neutralize","Guardian:Defend_Guardian","hermit:Defend_Hermit","infinitespire:Neurotoxin+1","Hidden Blade","Acrobatics","Caltrops","Poisoned Stab","Quick Slash","Deflect","Dagger Spray","Acrobatics","Deflect","Catalyst","Burst","Outmaneuver+1","Footwork+1","Cloak And Dagger+1","Flying Knee","Caltrops","Poisoned Stab","Noxious Fumes","Slice","Outmaneuver","Slice","expansioncontent:DefensiveMode","Madness","Envenom","Outmaneuver","Backflip"],"relics":["Ring of the Snake","Counterbalance","Kunai","Old Coin","Mummified Hand","Black Star","Quantum Egg","hubris:Towel","Thread and Needle","Matryoshka","Centennial Puzzle","hubris:GlazedTorus","ReplayTheSpireMod:Shallot","infinitespire:Bottled Soul","infinitespire:EvilPickle","SlaversCollar"],"acts_visited":["Exordium","TheCity","TheBeyond"],"potions_floor_usage":[8,16,19,20,27,33],"damage_taken":[{"damage":7,"enemies":"Cultist","floor":1,"turns":5},{"damage":1,"enemies":"2 Louse","floor":2,"turns":5},{"damage":2,"enemies":"Small Slimes","floor":4,"turns":3},{"damage":6,"enemies":"3 Louse","floor":7,"turns":5},{"damage":5,"enemies":"Gremlin Nob","floor":8,"turns":4},{"damage":6,"enemies":"Gremlin Gang","floor":12,"turns":4},{"damage":0,"enemies":"Large Slime","floor":13,"turns":4},{"damage":4,"enemies":"2 Fungi Beasts","floor":14,"turns":3},{"damage":53,"enemies":"Fading Forest","floor":16,"turns":11},{"damage":4,"enemies":"Shell Parasite","floor":18,"turns":3},{"damage":16,"enemies":"2 Thieves","floor":19,"turns":4},{"damage":10,"enemies":"Chosen and Byrds","floor":21,"turns":3},{"damage":33,"enemies":"Slavers","floor":24,"turns":7},{"damage":21,"enemies":"Shelled Parasite and Fungi","floor":25,"turns":5},{"damage":0,"enemies":"Book of Stabbing","floor":27,"turns":3},{"damage":5,"enemies":"Cultist and Chosen","floor":29,"turns":5},{"damage":0,"enemies":"Pondfish","floor":33,"turns":10},{"damage":5,"enemies":"Orb Walker","floor":35,"turns":4},{"damage":32,"enemies":"3 Darklings","floor":36,"turns":5},{"damage":51,"enemies":"Jaw Worm Horde","floor":37,"turns":4}],"seed_played":"-1964502242129509850","potions_obtained":[{"floor":2,"key":"SpeedPotion"},{"floor":8,"key":"LifebloodPotion"},{"floor":14,"key":"BlessingOfTheForge"},{"floor":16,"key":"Elixir"},{"floor":25,"key":"FearPotion"},{"floor":27,"key":"LifebloodPotion"}],"is_trial":false,"path_per_floor":["M","M","$","M","T","R","M","E","T","?","R","M","M","M","R","B",null,"M","M","$","M","?","R","E","M","T","E","R","M","R","?","R","B",null,"M","M","M"],"character_chosen":"THE_SILENT","items_purchased":["Caltrops","Poisoned Stab","Quantum Egg","Cloak And Dagger+1","Flying Knee","Caltrops","Fruit Juice"],"campfire_rested":6,"item_purchase_floors":[3,3,20,20,20,20,20],"current_hp_per_floor":[63,62,62,60,60,60,54,49,49,49,70,64,64,60,70,17,70,66,50,55,45,45,67,34,13,13,13,35,30,52,33,55,55,75,70,38,0,0],"gold":281,"neow_bonus":"THREE_RARE_CARDS","is_daily":false,"chose_seed":false,"campfire_upgraded":1,"win_rate":0.0,"timestamp":1610333201,"path_taken":["M","M","$","M","?","R","M","E","T","?","R","?","M","M","R","BOSS","M","M","$","M","?","R","E","M","T","E","R","M","R","?","R","BOSS","M","M","M"],"items_purchased_type":["Card","Card","Relic","Card","Card","Card","Potion"],"build_version":"2020-12-22","purchased_purges":0,"victory":false,"max_hp_per_floor":[70,70,70,70,70,70,70,70,70,70,70,70,70,70,70,70,70,70,70,75,75,75,75,75,75,75,75,75,75,75,75,75,75,75,75,75,75,75],"card_choices":[{"not_picked":["Unload","ReplayTheSpireMod:From All Sides"],"picked":"infinitespire:Neurotoxin","floor":0},{"not_picked":["Deflect","Cloak And Dagger"],"picked":"Hidden Blade","floor":1},{"not_picked":["Dagger Throw","Bane"],"picked":"Acrobatics","floor":2},{"not_picked":["Toxin Wave","Acrobatics"],"picked":"Quick Slash","floor":4},{"not_picked":["Acrobatics","Reflex"],"picked":"Deflect","floor":7},{"not_picked":["Tools of the Trade","Escape Plan"],"picked":"Dagger Spray","floor":8},{"not_picked":["Underhanded Strike","ReplayTheSpireMod:Tripwire"],"picked":"Acrobatics","floor":12},{"not_picked":["PiercingWail","Bouncing Flask"],"picked":"Deflect","floor":13},{"not_picked":["Quick Slash","Backflip"],"picked":"Catalyst","floor":14},{"not_picked":["Poison Darts","Storm of Steel"],"picked":"Burst","floor":16},{"not_picked":["Deflect","Quick Slash"],"picked":"Outmaneuver+1","floor":18},{"not_picked":["ReplayTheSpireMod:Scrap Shanks","Sucker Punch"],"picked":"Footwork+1","floor":19},{"not_picked":["Hidden Blade","Riddle With Holes"],"picked":"Poisoned Stab","floor":21},{"not_picked":["Prepared","Wraith Form v2"],"picked":"Noxious Fumes","floor":24},{"not_picked":["Prepared","ReplayTheSpireMod:Scrap Shanks+1"],"picked":"Slice","floor":25},{"not_picked":["Predator","Backflip"],"picked":"Outmaneuver","floor":27},{"not_picked":["Hidden Blade","Dagger Spray"],"picked":"Slice","floor":29},{"not_picked":["ReplayTheSpireMod:Necrosis","Wraith Form v2"],"picked":"Envenom","floor":33},{"not_picked":["Fluid Movement+1","Bane"],"picked":"Outmaneuver","floor":35},{"not_picked":["Heel Hook","Poison Darts"],"picked":"Backflip","floor":36}],"player_experience":108138,"relics_obtained":[{"floor":5,"key":"Counterbalance"},{"floor":8,"key":"Kunai"},{"floor":9,"key":"Old Coin"},{"floor":10,"key":"Mummified Hand"},{"floor":24,"key":"Thread and Needle"},{"floor":24,"key":"Matryoshka"},{"floor":26,"key":"Centennial Puzzle"},{"floor":26,"key":"hubris:GlazedTorus"},{"floor":27,"key":"ReplayTheSpireMod:Shallot"},{"floor":27,"key":"infinitespire:Bottled Soul"}],"event_choices":[{"damage_healed":0,"gold_gain":0,"player_choice":"Relic","damage_taken":0,"max_hp_gain":0,"max_hp_loss":0,"event_name":"Wheel of Change","floor":10,"gold_loss":0},{"damage_healed":0,"gold_gain":0,"player_choice":"CARD CARD ","damage_taken":19,"max_hp_gain":0,"max_hp_loss":0,"event_name":"Knowing Skull","floor":31,"potions_obtained":[],"gold_loss":0,"cards_obtained":["expansioncontent:DefensiveMode","Madness"]}],"is_beta":false,"boss_relics":[{"not_picked":["hubris:GrandSneckoEye","energizedSpire:SpiderWeb"],"picked":"Black Star"},{"not_picked":["Snecko Eye","Busted Crown"],"picked":"SlaversCollar"}],"items_purged_floors":[],"is_endless":false,"potions_floor_spawned":[2,8,14,16,25,27],"killed_by":"Jaw Worm Horde","ascension_level":1}}