{"host":"m113y2j4kbc0e5kb","time":1610324649,"event":{"mods":["BaseMod","Colored Powertips","Lobotomy","LobotomyExtend","Minty Spire (QoL Compilation)","StSLib"],"gold_per_floor":[116,135,11,11,28,28,43,43,43,53,53,69,84,94,128,128],"floor_reached":6,"playtime":788,"items_purged":["Clumsy"],"score":56,"play_id":"9309a465-a7f9-41d2-9f6b-29364186ef44","local_time":"20210111092408","is_ascension_mode":false,"campfire_choices":[],"circlet_count":0,"master_deck":["SpecialBullet","SpecialBullet","SpecialBullet","SpecialBullet","SpecialBullet","SpecialBullet","SpecialBullet","SpecialBullet","InformationCode","SecurityCode","CentralCode","UniverseFragment","RapturousDream","TodaysExpression","Wellcheers","LifeForTheDareDevil","OSAHOGD","Moonlight","VoidDream","Beak","MeatLantern","ExtractionCode","Lantern","Mimicry"],"relics":["CogitoBucket","Ginger","Question Card","Gremlin Horn","LaetitiaHeart","LetterFromLob","SkinProphecy","Orichalcum"],"acts_visited":["Exordium"],"potions_floor_usage":[],"damage_taken":[{"damage":0.0,"enemies":"Small Slimes","floor":1.0,"turns":2.0},{"damage":5.0,"enemies":"Jaw Worm","floor":2.0,"turns":3.0},{"damage":0.0,"enemies":"Cultist","floor":5.0,"turns":3.0},{"damage":0.0,"enemies":"Exordium Thugs","floor":7.0,"turns":3.0},{"damage":0.0,"enemies":"Gremlin Nob","floor":10.0,"turns":2.0},{"damage":5.0,"enemies":"Jaw Worm","floor":1.0,"turns":2.0},{"damage":9.0,"enemies":"2 Louse","floor":3.0,"turns":12.0},{"damage":0.0,"enemies":"Cultist","floor":4.0,"turns":2.0},{"damage":0.0,"enemies":"Gremlin Gang","floor":5.0,"turns":1.0},{"damage":3.0,"enemies":"Lagavulin","floor":6.0,"turns":4.0}],"seed_played":"3209299275455800380","potions_obtained":[{"floor":7.0,"key":"SkillPotion"},{"floor":5.0,"key":"SpeedPotion"},{"floor":6,"key":"CultistPotion"}],"is_trial":false,"path_per_floor":["M","M","$","?","M","R","M","R","T","E","M","?","M","M","M","E"],"character_chosen":"Angela","items_purchased":["TodaysExpression"],"campfire_rested":0,"item_purchase_floors":[3],"current_hp_per_floor":[70,70,70,63,70,70,70,70,70,69,69,72,68,72,65,65],"gold":128,"neow_bonus":"ONE_RARE_RELIC","is_daily":false,"chose_seed":false,"campfire_upgraded":0,"win_rate":0.0,"timestamp":1610324648,"path_taken":["M","M","$","?","M","R","M","R","T","E","M","?","M","M","M","E"],"items_purchased_type":["Card"],"build_version":"2020-12-22","purchased_purges":1,"victory":false,"max_hp_per_floor":[70,70,70,70,70,70,70,70,70,74,74,78,80,82,84,84],"card_choices":[{"not_picked":["SpiderBud","PunishingBird"],"picked":"UniverseFragment","floor":1.0},{"not_picked":["Christmas","Penitence"],"picked":"SKIP","floor":1.0},{"not_picked":["CherryBlossom"],"picked":"RapturousDream","floor":2.0},{"not_picked":["OSAHOGD","Rudolta"],"picked":"Wellcheers","floor":5.0},{"not_picked":["CherryBlossom","RapturousDream"],"picked":"LifeForTheDareDevil","floor":5.0},{"not_picked":["ShyLook","MeatLantern"],"picked":"OSAHOGD","floor":7.0},{"not_picked":["Horn","Lantern"],"picked":"Moonlight","floor":7.0},{"not_picked":["Scorched","RedShoes"],"picked":"VoidDream","floor":1.0},{"not_picked":["Wingbeat","Laetitia_ego"],"picked":"Beak","floor":1.0},{"not_picked":["Scorched","BlackSwan"],"picked":"MeatLantern","floor":3.0},{"not_picked":["CrimsonScar","Noise","SoundOfStar"],"picked":"SKIP","floor":3.0},{"not_picked":["Tough","Soda"],"picked":"Lantern","floor":4.0},{"not_picked":["Soda","RedEyes"],"picked":"Mimicry","floor":5.0}],"player_experience":1123173,"relics_obtained":[{"floor":1.0,"key":"LetterFromLob"},{"floor":9.0,"key":"Gremlin Horn"},{"floor":1.0,"key":"LetterFromLob"},{"floor":6,"key":"Orichalcum"}],"event_choices":[{"damage_healed":0.0,"max_hp_gain":0.0,"max_hp_loss":0.0,"gold_gain":0.0,"event_name":"Scrap Ooze","player_choice":"Success","floor":4.0,"gold_loss":0.0,"damage_taken":7.0,"relics_obtained":["Question Card"]},{"damage_healed":0.0,"max_hp_gain":0.0,"max_hp_loss":0.0,"gold_gain":0.0,"event_name":"Liars Game","player_choice":"Ignored","floor":2.0,"gold_loss":0.0,"damage_taken":0.0}],"is_beta":false,"boss_relics":[],"items_purged_floors":[3],"is_endless":false,"potions_floor_spawned":[7,10,5,6],"killed_by":"Lagavulin","ascension_level":0}}