{"host":"201alm3szw4w07u0","time":1610347724,"event":{"mods":["AchievementEnabler","BaseMod","Colored Map","Colored Powertips","Minty Spire (QoL Compilation)","Quick Restart","StSLib","SuperFastMode"],"gold_per_floor":[364,364,384,17,17,17,42,69,118,144,159,187,211,227,227,335,335,346,4,29,29,29,29,58,102,182,202,202,215,215,243,243,243,243],"floor_reached":33,"playtime":820,"items_purged":["Decay","Defend_R"],"score":331,"play_id":"00124680-91f2-46ee-bb8c-e8c9dac3ec66","local_time":"20210111154844","is_ascension_mode":false,"campfire_choices":[{"data":"Perfected Strike","floor":6,"key":"SMITH"},{"data":"Perfected Strike","floor":15,"key":"SMITH"},{"data":"Battle Trance","floor":23,"key":"SMITH"},{"floor":28,"key":"REST"},{"floor":30,"key":"REST"},{"data":"Limit Break","floor":32,"key":"SMITH"}],"circlet_count":0,"master_deck":["Strike_R","Strike_R","Strike_R","Strike_R","Strike_R","Defend_R","Defend_R","Defend_R","Bash","Perfected Strike+1","Power Through","Demon Form+1","Battle Trance+1","Dark Embrace","Perfected Strike+1","Limit Break+1","Twin Strike","Shrug It Off","Heavy Blade","Twin Strike+1"],"relics":["Burning Blood","CeramicFish","Boot","Toy Ornithopter","CaptainsWheel","SlaversCollar","Bottled Tornado","Bottled Lightning","Anchor","Toxic Egg 2"],"acts_visited":["Exordium","TheCity"],"potions_floor_usage":[7,16,20,25,33],"damage_taken":[{"damage":4,"enemies":"2 Louse","floor":1,"turns":2},{"damage":6,"enemies":"Cultist","floor":3,"turns":3},{"damage":27,"enemies":"3 Sentries","floor":7,"turns":9},{"damage":0,"enemies":"Small Slimes","floor":8,"turns":3},{"damage":9,"enemies":"Exordium Wildlife","floor":10,"turns":2},{"damage":11,"enemies":"Lots of Slimes","floor":11,"turns":5},{"damage":3,"enemies":"Lagavulin","floor":12,"turns":5},{"damage":12,"enemies":"Blue Slaver","floor":13,"turns":3},{"damage":8,"enemies":"Red Slaver","floor":14,"turns":3},{"damage":0,"enemies":"Slime Boss","floor":16,"turns":4},{"damage":7,"enemies":"Spheric Guardian","floor":18,"turns":4},{"damage":33,"enemies":"3 Byrds","floor":20,"turns":5},{"damage":21,"enemies":"Snake Plant","floor":24,"turns":3},{"damage":30,"enemies":"Slavers","floor":25,"turns":5},{"damage":39,"enemies":"3 Cultists","floor":27,"turns":5},{"damage":18,"enemies":"Shelled Parasite and Fungi","floor":29,"turns":5},{"damage":7,"enemies":"Snecko","floor":31,"turns":4},{"damage":89,"enemies":"Collector","floor":33,"turns":7}],"seed_played":"-8690771370980516897","potions_obtained":[{"floor":2,"key":"Weak Potion"},{"floor":2,"key":"BloodPotion"},{"floor":2,"key":"FairyPotion"},{"floor":7,"key":"Block Potion"},{"floor":13,"key":"DuplicationPotion"},{"floor":16,"key":"AttackPotion"},{"floor":25,"key":"ElixirPotion"},{"floor":31,"key":"SneckoOil"}],"is_trial":false,"path_per_floor":["M","?","M","$","?","R","E","M","T","M","M","E","M","M","R","B",null,"M","$","M","?","T","R","M","E","T","M","R","M","R","M","R","B"],"character_chosen":"IRONCLAD","items_purchased":["Demon Form","CeramicFish","Bottled Tornado"],"campfire_rested":2,"item_purchase_floors":[4,4,19],"current_hp_per_floor":[80,80,80,80,80,80,75,80,80,77,72,75,69,67,67,78,80,79,79,53,79,79,79,64,45,45,12,36,24,48,47,47,0,0],"gold":243,"neow_bonus":"TWO_FIFTY_GOLD","is_daily":false,"chose_seed":false,"campfire_upgraded":4,"win_rate":0.0,"timestamp":1610347724,"path_taken":["M","?","?","$","?","R","E","M","T","M","M","E","M","M","R","BOSS","M","$","M","?","?","R","?","E","T","M","R","M","R","M","R","BOSS"],"items_purchased_type":["Card","Relic","Relic"],"build_version":"2020-12-22","purchased_purges":2,"victory":false,"max_hp_per_floor":[80,80,80,80,80,80,80,80,80,80,80,80,80,80,80,80,80,80,80,80,80,80,80,80,80,80,80,80,80,80,80,80,80,80],"card_choices":[{"not_picked":["Armaments","Metallicize"],"picked":"Perfected Strike","floor":1},{"not_picked":["Iron Wave","Rage"],"picked":"Power Through","floor":3},{"not_picked":["Headbutt","Iron Wave","Anger"],"picked":"SKIP","floor":7},{"not_picked":["Uppercut","Flex"],"picked":"Battle Trance","floor":8},{"not_picked":["Second Wind","Demon Form"],"picked":"Dark Embrace","floor":10},{"not_picked":["Blood for Blood","Dropkick","Metallicize"],"picked":"SKIP","floor":11},{"not_picked":["Pummel","Flame Barrier","Blood for Blood"],"picked":"SKIP","floor":12},{"not_picked":["Pommel Strike","Thunderclap"],"picked":"Perfected Strike","floor":13},{"not_picked":["Thunderclap","Anger","Clothesline"],"picked":"SKIP","floor":14},{"not_picked":["Demon Form","Reaper"],"picked":"Limit Break","floor":16},{"not_picked":["Ghostly Armor","Anger","Inflame"],"picked":"SKIP","floor":18},{"not_picked":["Body Slam+1","Sever Soul"],"picked":"Twin Strike","floor":20},{"not_picked":["Pummel","Shockwave"],"picked":"Shrug It Off","floor":24},{"not_picked":["Twin Strike+1","Clash"],"picked":"Heavy Blade","floor":25},{"not_picked":["Bloodletting+1","Havoc+1","True Grit+1"],"picked":"SKIP","floor":27},{"not_picked":["Dark Embrace","Armaments+1","Blood for Blood"],"picked":"SKIP","floor":29},{"not_picked":["Bloodletting+1","Reckless Charge"],"picked":"Twin Strike+1","floor":31}],"player_experience":486343,"relics_obtained":[{"floor":7,"key":"Boot"},{"floor":9,"key":"Toy Ornithopter"},{"floor":12,"key":"CaptainsWheel"},{"floor":22,"key":"Bottled Lightning"},{"floor":25,"key":"Anchor"},{"floor":26,"key":"Toxic Egg 2"}],"event_choices":[{"damage_healed":0,"gold_gain":0,"player_choice":"Got Potions","damage_taken":0,"max_hp_gain":0,"max_hp_loss":0,"event_name":"Lab","floor":2,"gold_loss":0},{"damage_healed":0,"gold_gain":0,"player_choice":"Grow","damage_taken":0,"max_hp_gain":0,"max_hp_loss":0,"event_name":"Living Wall","floor":5,"gold_loss":0,"cards_upgraded":["Demon Form"]},{"damage_healed":26,"gold_gain":0,"player_choice":"Heal","damage_taken":0,"max_hp_gain":0,"max_hp_loss":0,"event_name":"The Library","floor":21,"gold_loss":0}],"is_beta":false,"boss_relics":[{"not_picked":["Snecko Eye","Tiny House"],"picked":"SlaversCollar"}],"items_purged_floors":[4,19],"is_endless":false,"potions_floor_spawned":[7,13,14,16,18,25,31],"killed_by":"Collector","ascension_level":0}}