{"host":"9v3x998ddbx8o276","time":1610354308,"event":{"mods":["AchievementEnabler","BaseMod","Colored Map","Colored Powertips","Highlight Path","Minty Spire (QoL Compilation)","Quick Restart","Rare Cards Sparkle"],"gold_per_floor":[118,129,139,139,214,239,239,239,239,3,14,14,14,14],"floor_reached":13,"playtime":201,"items_purged":[],"score":166,"play_id":"3c64bc87-303f-41b7-adaa-33c23fac3dad","local_time":"20210111190828","is_ascension_mode":true,"campfire_choices":[{"floor":8,"key":"REST"},{"floor":12,"key":"REST"}],"circlet_count":0,"master_deck":["AscendersBane","Strike_B","Strike_B","Strike_B","Defend_B","Defend_B","Defend_B","Defend_B","Zap","Dualcast","Rebound","Beam Cell","Darkness","Chaos","Barrage","Turbo","Capacitor"],"relics":["Cracked Core","NeowsBlessing","Strawberry","Bottled Lightning","Mummified Hand","ClockworkSouvenir"],"acts_visited":["Exordium"],"potions_floor_usage":[6],"damage_taken":[{"damage":0,"enemies":"Cultist","floor":1,"turns":1},{"damage":0,"enemies":"2 Louse","floor":2,"turns":1},{"damage":0,"enemies":"Small Slimes","floor":3,"turns":1},{"damage":42,"enemies":"Lagavulin","floor":6,"turns":6},{"damage":16,"enemies":"3 Louse","floor":11,"turns":3},{"damage":40,"enemies":"3 Sentries","floor":13,"turns":5}],"seed_played":"-4178828227835506051","potions_obtained":[{"floor":1,"key":"Fire Potion"}],"is_trial":false,"path_per_floor":["M","M","M","T","?","E","?","R","T","$","M","R","E"],"character_chosen":"DEFECT","items_purchased":["ClockworkSouvenir","Barrage","Turbo"],"campfire_rested":2,"item_purchase_floors":[10,10,10],"current_hp_per_floor":[64,64,64,71,60,18,18,41,41,41,25,48,8,8],"gold":14,"neow_bonus":"THREE_ENEMY_KILL","is_daily":false,"chose_seed":false,"campfire_upgraded":0,"win_rate":0.0,"timestamp":1610354308,"path_taken":["M","M","?","?","?","E","?","R","T","$","?","R","E"],"items_purchased_type":["Relic","Card","Card"],"build_version":"2020-12-22","purchased_purges":0,"victory":false,"max_hp_per_floor":[71,71,71,78,78,78,78,78,78,78,78,78,78,78],"card_choices":[{"not_picked":["Double Energy","Hologram"],"picked":"Rebound","floor":1},{"not_picked":["Steam","Consume"],"picked":"Beam Cell","floor":2},{"not_picked":["Steam","Reprogram"],"picked":"Darkness","floor":3},{"not_picked":["Beam Cell","Redo"],"picked":"Chaos","floor":6},{"not_picked":["Streamline","Barrage"],"picked":"Capacitor","floor":11}],"player_experience":1645567,"relics_obtained":[{"floor":4,"key":"Strawberry"},{"floor":6,"key":"Bottled Lightning"},{"floor":9,"key":"Mummified Hand"}],"event_choices":[{"damage_healed":0,"gold_gain":75,"player_choice":"Gather Gold","damage_taken":11,"max_hp_gain":0,"max_hp_loss":0,"event_name":"World of Goop","floor":5,"gold_loss":0},{"cards_removed":["Strike_B"],"damage_healed":0,"gold_gain":0,"player_choice":"Offered Basic","damage_taken":0,"max_hp_gain":0,"max_hp_loss":0,"event_name":"Bonfire Elementals","floor":7,"gold_loss":0}],"is_beta":false,"boss_relics":[],"items_purged_floors":[],"is_endless":false,"potions_floor_spawned":[1],"killed_by":"3 Sentries","ascension_level":20}}