{"host":"jut1dta95hmxx5jm","time":1610349375,"event":{"mods":["AchievementEnabler","BaseMod","BetterRewards","Colored Map","Colored Powertips","Minty Spire (QoL Compilation)","Quick Restart","StSLib","The Cursed"],"gold_per_floor":[118,118,118,40,54,54,68,243,266,266,266,291,66,81,81,81,81],"floor_reached":16,"playtime":1490,"items_purged":[],"score":98,"play_id":"309019fe-3c84-4c7f-aa23-86636dcdbb11","local_time":"20210111011615","is_ascension_mode":false,"campfire_choices":[{"data":"FlurryOfBlows","floor":6,"key":"SMITH"},{"data":"FlurryOfBlows","floor":10,"key":"SMITH"},{"data":"ForeignInfluence","floor":15,"key":"SMITH"}],"circlet_count":0,"master_deck":["Strike_P","Strike_P","Strike_P","Strike_P","Defend_P","Defend_P","Defend_P","Defend_P","Eruption","Vigilance","Consecrate","FlurryOfBlows+1","Consecrate","PathToVictory","FlurryOfBlows+1","ClearTheMind","Doubt","FollowUp","Violence","InnerPeace","ForeignInfluence+1"],"relics":["PureWater","Ancient Tea Set","MealTicket"],"acts_visited":[],"potions_floor_usage":[12,16],"damage_taken":[{"damage":8,"enemies":"Jaw Worm","floor":1,"turns":4},{"damage":0,"enemies":"2 Louse","floor":5,"turns":2},{"damage":1,"enemies":"Cultist","floor":7,"turns":3},{"damage":23,"enemies":"3 Sentries","floor":12,"turns":4},{"damage":1,"enemies":"Large Slime","floor":14,"turns":4},{"damage":54,"enemies":"Slime Boss","floor":16,"turns":8}],"seed_played":"3161122537302548008","potions_obtained":[{"floor":11,"key":"Explosive Potion"},{"floor":11,"key":"Ambrosia"},{"floor":11,"key":"Strength Potion"},{"floor":12,"key":"Dexterity Potion"}],"is_trial":false,"path_per_floor":["M","?","?","$","M","R","M","?","T","R","?","E","$","M","R","B"],"character_chosen":"WATCHER","items_purchased":["Consecrate","Consecrate","PathToVictory","Violence","InnerPeace"],"campfire_rested":0,"item_purchase_floors":[0,4,4,13,13],"current_hp_per_floor":[64,64,64,64,64,64,63,63,63,63,63,40,55,54,54,0,0],"gold":81,"neow_bonus":"","is_daily":false,"chose_seed":false,"campfire_upgraded":3,"win_rate":0.0,"timestamp":1610349375,"path_taken":["M","?","?","$","M","R","?","?","T","R","?","E","$","?","R","BOSS"],"items_purchased_type":["Card","Card","Card","Card","Card"],"build_version":"2020-12-22","purchased_purges":0,"victory":false,"max_hp_per_floor":[72,72,72,72,72,72,72,72,72,72,72,72,72,72,72,72,72],"card_choices":[{"not_picked":["Fasting2","WindmillStrike"],"picked":"FlurryOfBlows","floor":1},{"not_picked":["JustLucky","SandsOfTime"],"picked":"FlurryOfBlows","floor":5},{"not_picked":["ReachHeaven","FlyingSleeves"],"picked":"ClearTheMind","floor":7},{"not_picked":["Evaluate","BattleHymn"],"picked":"FollowUp","floor":12},{"not_picked":["FollowUp","SashWhip"],"picked":"ForeignInfluence","floor":14}],"player_experience":327747,"relics_obtained":[{"floor":9,"key":"Ancient Tea Set"},{"floor":12,"key":"MealTicket"}],"event_choices":[{"damage_healed":0,"gold_gain":0,"player_choice":"Ignored","damage_taken":0,"max_hp_gain":0,"max_hp_loss":0,"event_name":"Golden Wing","floor":2,"gold_loss":0},{"damage_healed":0,"gold_gain":0,"player_choice":"Ignored","damage_taken":0,"max_hp_gain":0,"max_hp_loss":0,"event_name":"Transmorgrifier","floor":3,"gold_loss":0},{"damage_healed":0,"gold_gain":175,"player_choice":"AGREE","damage_taken":0,"max_hp_gain":0,"max_hp_loss":0,"event_name":"Liars Game","floor":8,"gold_loss":0,"cards_obtained":["Doubt"]},{"damage_healed":0,"gold_gain":0,"player_choice":"Got Potions","damage_taken":0,"max_hp_gain":0,"max_hp_loss":0,"event_name":"Lab","floor":11,"gold_loss":0}],"is_beta":false,"boss_relics":[],"items_purged_floors":[],"is_endless":false,"potions_floor_spawned":[12],"killed_by":"Slime Boss","ascension_level":0}}