{"host":"kig4ty9d1aubg29s","time":1610365146,"event":{"mods":["BaseMod","Minty Spire (QoL Compilation)","READ ME - Guardian Mod","READ ME - Snecko Mod","StSLib","The Cursed","The Gatherer","The Hierophant","The Runesmith"],"gold_per_floor":[119,119,119,129,148,148,159,193,193,223,233,233,262,272,272,351,351,363,375,375,290,290,290,302,319,319,331,331,331,346,377,377,377,377],"floor_reached":33,"playtime":1350,"items_purged":[],"score":558,"play_id":"0ca69139-0ed5-43ae-a398-513c1cc18de6","local_time":"20210111203906","is_ascension_mode":true,"campfire_choices":[{"data":"Beam Cell","floor":6,"key":"SMITH"},{"floor":12,"key":"REST"},{"data":"Go for the Eyes","floor":15,"key":"SMITH"},{"floor":23,"key":"REST"},{"floor":28,"key":"REST"},{"floor":32,"key":"REST"}],"circlet_count":0,"master_deck":["AscendersBane","Strike_B+1","Strike_B+1","Strike_B+1","Strike_B+1","Defend_B+1","Defend_B+1","Defend_B+1","Zap","Dualcast","Gash","Hyperbeam+1","Go for the Eyes","Beam Cell+1","Go for the Eyes+1","Rebound","Sweeping Beam+1","Steam","Auto Shields","Echo Form","CurseOfTheBell","Ball Lightning+1","Stack","Writhe","Streamline+1","Rebound+1","Go for the Eyes+1","Zap","Capacitor","Beam Cell+1","Hologram+1"],"relics":["Cracked Core","Symbiotic Virus","Molten Egg 2","Shuriken","Calling Bell","Bag of Marbles","Question Card","Girya","Tiny Chest","Toy Ornithopter","Gremlin Horn","Pantograph"],"acts_visited":["Exordium","TheCity"],"potions_floor_usage":[13,16,18,27,30,33],"damage_taken":[{"damage":4,"enemies":"Small Slimes","floor":1,"turns":3},{"damage":7,"enemies":"Jaw Worm","floor":4,"turns":2},{"damage":1,"enemies":"Cultist","floor":5,"turns":3},{"damage":13,"enemies":"Blue Slaver","floor":7,"turns":3},{"damage":15,"enemies":"Lagavulin","floor":8,"turns":5},{"damage":3,"enemies":"Looter","floor":11,"turns":2},{"damage":8,"enemies":"Gremlin Nob","floor":13,"turns":3},{"damage":0,"enemies":"Large Slime","floor":14,"turns":2},{"damage":39,"enemies":"The Guardian","floor":16,"turns":8},{"damage":11,"enemies":"Spheric Guardian","floor":18,"turns":4},{"damage":21,"enemies":"3 Byrds","floor":19,"turns":3},{"damage":17,"enemies":"Centurion and Healer","floor":24,"turns":5},{"damage":13,"enemies":"Snake Plant","floor":25,"turns":4},{"damage":5,"enemies":"Snecko","floor":27,"turns":3},{"damage":12,"enemies":"Centurion and Healer","floor":30,"turns":5},{"damage":33,"enemies":"Gremlin Leader","floor":31,"turns":4},{"damage":80,"enemies":"Automaton","floor":33,"turns":6}],"seed_played":"6482342916240329934","potions_obtained":[{"floor":4,"key":"PotionOfCapacity"},{"floor":11,"key":"FocusPotion"},{"floor":13,"key":"EssenceOfDarkness"},{"floor":14,"key":"SkillPotion"},{"floor":25,"key":"Ancient Potion"},{"floor":27,"key":"Weak Potion"},{"floor":31,"key":"Swift Potion"}],"is_trial":false,"path_per_floor":["M","?","?","M","M","R","M","E","T","?","M","R","E","M","R","B",null,"M","M","?","?","?","R","M","M","T","M","R","?","M","E","R","B"],"character_chosen":"DEFECT","items_purchased":[],"campfire_rested":4,"item_purchase_floors":[],"current_hp_per_floor":[67,67,67,60,59,59,46,31,31,31,28,51,43,43,43,4,60,49,28,28,28,28,51,34,21,21,21,44,44,37,4,27,0,0],"gold":377,"neow_bonus":"TEN_PERCENT_HP_BONUS","is_daily":false,"chose_seed":false,"campfire_upgraded":2,"win_rate":0.0,"timestamp":1610365146,"path_taken":["M","?","?","?","M","R","M","E","T","?","M","R","E","M","R","BOSS","M","M","?","?","?","R","M","M","T","M","R","?","M","E","R","BOSS"],"items_purchased_type":[],"build_version":"2020-12-22","purchased_purges":0,"victory":false,"max_hp_per_floor":[78,78,78,78,78,78,78,78,78,78,78,78,78,78,78,78,78,78,78,78,78,78,78,78,78,78,78,78,78,78,78,78,78,78],"card_choices":[{"not_picked":["Stack","Redo"],"picked":"Gash","floor":1},{"not_picked":["Redo","Loop"],"picked":"Go for the Eyes","floor":4},{"not_picked":["Hologram","Steam"],"picked":"Beam Cell","floor":5},{"not_picked":["Undo","Compile Driver"],"picked":"Go for the Eyes","floor":7},{"not_picked":["Beam Cell","Hologram"],"picked":"Rebound","floor":8},{"not_picked":["Doom and Gloom+1","Creative AI"],"picked":"Sweeping Beam+1","floor":11},{"not_picked":["Ball Lightning+1","Consume"],"picked":"Steam","floor":13},{"not_picked":["Turbo","Fusion"],"picked":"Auto Shields","floor":14},{"not_picked":["Buffer","Amplify"],"picked":"Echo Form","floor":16},{"not_picked":["Defragment","Redo","Turbo"],"picked":"Ball Lightning+1","floor":18},{"not_picked":["Conserve Battery","Cold Snap+1","Creative AI"],"picked":"Stack","floor":19},{"not_picked":["Cold Snap+1","Reprogram","Turbo"],"picked":"Streamline+1","floor":24},{"not_picked":["Barrage+1","Ball Lightning+1","Stack"],"picked":"Rebound+1","floor":25},{"not_picked":["Barrage+1","Ball Lightning+1","Coolheaded"],"picked":"Go for the Eyes+1","floor":27},{"not_picked":["Auto Shields+1","Turbo","Meteor Strike+1"],"picked":"Beam Cell+1","floor":30},{"not_picked":["Coolheaded","Go for the Eyes+1","Lockon+1"],"picked":"Hologram+1","floor":31}],"player_experience":1932191,"relics_obtained":[{"floor":8,"key":"Symbiotic Virus"},{"floor":9,"key":"Molten Egg 2"},{"floor":13,"key":"Shuriken"},{"floor":17,"key":"Bag of Marbles"},{"floor":17,"key":"Question Card"},{"floor":17,"key":"Girya"},{"floor":26,"key":"Gremlin Horn"},{"floor":31,"key":"Pantograph"}],"event_choices":[{"damage_healed":0,"gold_gain":0,"cards_transformed":["Defend_B"],"player_choice":"Change","damage_taken":0,"max_hp_gain":0,"max_hp_loss":0,"event_name":"Living Wall","floor":2,"gold_loss":0,"cards_obtained":["Hyperbeam"]},{"damage_healed":0,"gold_gain":0,"player_choice":"Upgraded","damage_taken":0,"max_hp_gain":0,"max_hp_loss":0,"event_name":"Upgrade Shrine","floor":3,"gold_loss":0,"cards_upgraded":["Hyperbeam"]},{"damage_healed":0,"gold_gain":30,"player_choice":"Searched \u00271\u0027 times","damage_taken":0,"max_hp_gain":0,"max_hp_loss":0,"event_name":"Dead Adventurer","floor":10,"gold_loss":0},{"damage_healed":0,"gold_gain":0,"player_choice":"Opened","damage_taken":0,"relics_obtained":["Tiny Chest"],"max_hp_gain":0,"max_hp_loss":0,"event_name":"The Mausoleum","floor":20,"gold_loss":0,"cards_obtained":["Writhe"]},{"damage_healed":0,"gold_gain":0,"player_choice":"Obtained Relic","damage_taken":0,"relics_obtained":["Toy Ornithopter"],"max_hp_gain":0,"max_hp_loss":0,"event_name":"Addict","floor":21,"gold_loss":85},{"damage_healed":0,"gold_gain":0,"player_choice":"Simplicity","damage_taken":0,"max_hp_gain":0,"max_hp_loss":0,"event_name":"Back to Basics","floor":22,"gold_loss":0,"cards_upgraded":["Strike_B","Strike_B","Strike_B","Strike_B","Defend_B","Defend_B","Defend_B"]},{"damage_healed":0,"gold_gain":0,"player_choice":"2 cards matched","damage_taken":0,"max_hp_gain":0,"max_hp_loss":0,"event_name":"Match and Keep!","floor":29,"gold_loss":0,"cards_obtained":["Zap","Capacitor"]}],"is_beta":false,"boss_relics":[{"not_picked":["Sozu","Inserter"],"picked":"Calling Bell"}],"items_purged_floors":[],"is_endless":false,"potions_floor_spawned":[4,11,13,14,25,27,31],"killed_by":"Automaton","ascension_level":20}}