{"host":"wshh0nphwn6jv7vj","time":1610337931,"event":{"mods":["BaseMod","Bestiary","Minty Spire (QoL Compilation)","Relic Stats"],"gold_per_floor":[113,113,113,129,9,9,40,40,40,40,40,68,80,80,80,156,156,172,191,204,204,224,224,224,224],"floor_reached":24,"playtime":1881,"items_purged":["Strike_B"],"score":377,"play_id":"0c9bd90b-25fa-43c1-b50b-80db2e1e86ff","local_time":"20210110230531","is_ascension_mode":true,"campfire_choices":[{"floor":6.0,"key":"REST"},{"data":"Sweeping Beam","floor":8.0,"key":"SMITH"},{"floor":11.0,"key":"REST"},{"data":"Dualcast","floor":15,"key":"SMITH"},{"floor":23,"key":"REST"}],"circlet_count":0,"master_deck":["AscendersBane","Defend_B","Defend_B","Defend_B+1","Zap+1","Dualcast+1","Gash","Sweeping Beam+1","Gash","Self Repair","Ball Lightning","BootSequence","Scrape","Reboot","Redo+1","Echo Form+1","Cold Snap+1","Steam","Compile Driver","Hologram","RitualDagger","Capacitor"],"relics":["Nuclear Battery","Pantograph","StrikeDummy","Cables","Ancient Tea Set","Astrolabe"],"acts_visited":["Exordium","TheCity"],"potions_floor_usage":[16,22,24],"damage_taken":[{"damage":4.0,"enemies":"Jaw Worm","floor":1.0,"turns":4.0},{"damage":4.0,"enemies":"Small Slimes","floor":4.0,"turns":3.0},{"damage":48.0,"enemies":"Gremlin Nob","floor":7.0,"turns":5.0},{"damage":20.0,"enemies":"Lagavulin","floor":12.0,"turns":6.0},{"damage":4.0,"enemies":"2 Louse","floor":13.0,"turns":3.0},{"damage":43,"enemies":"Slime Boss","floor":16,"turns":7},{"damage":32,"enemies":"3 Byrds","floor":18,"turns":5},{"damage":22,"enemies":"Shell Parasite","floor":19,"turns":5},{"damage":11,"enemies":"3 Cultists","floor":20,"turns":4},{"damage":12,"enemies":"Centurion and Healer","floor":22,"turns":6},{"damage":52,"enemies":"Gremlin Leader","floor":24,"turns":4}],"seed_played":"-5718074722925747199","potions_obtained":[{"floor":1.0,"key":"DuplicationPotion"},{"floor":4.0,"key":"LiquidBronze"},{"floor":12.0,"key":"Strength Potion"},{"floor":18,"key":"DistilledChaos"},{"floor":20,"key":"Fire Potion"}],"is_trial":false,"path_per_floor":["M","?","?","M","$","R","E","R","T","$","R","E","M","?","R","B",null,"M","M","M","?","M","R","E"],"character_chosen":"DEFECT","items_purchased":["Self Repair"],"campfire_rested":3,"item_purchase_floors":[5],"current_hp_per_floor":[60,60,39,35,35,56,15,15,15,15,36,23,26,26,26,15,57,39,24,27,21,23,44,0,0],"gold":224,"neow_bonus":"BOSS_RELIC","is_daily":false,"chose_seed":false,"campfire_upgraded":2,"win_rate":0.0,"timestamp":1610337931,"path_taken":["M","?","?","M","$","R","E","R","T","$","R","E","M","?","R","BOSS","M","M","M","?","M","R","E"],"items_purchased_type":["Card"],"build_version":"2020-12-22","purchased_purges":1,"victory":false,"max_hp_per_floor":[71,71,71,71,71,71,71,71,71,71,71,71,71,71,71,71,71,71,71,71,71,71,71,71,71],"relic_stats":{"counters":[11,52],"Pantograph":25,"Astrolabe":["Redo","Echo Form","Cold Snap"],"obtain_stats":[{"Pantograph":7,"Astrolabe":17,"Cracked Core":0,"StrikeDummy":9,"Ancient Tea Set":14,"Nuclear Battery":0,"Cables":12},{"Pantograph":3,"Astrolabe":6,"Cracked Core":0,"StrikeDummy":3,"Ancient Tea Set":5,"Nuclear Battery":0,"Cables":4},{"Pantograph":12,"Astrolabe":28,"Cracked Core":0,"StrikeDummy":12,"Ancient Tea Set":21,"Nuclear Battery":0,"Cables":18}],"Cables":[35,9,4,0,22]},"card_choices":[{"not_picked":["Chill","Ball Lightning"],"picked":"Gash","floor":1.0},{"not_picked":["Sunder","Turbo"],"picked":"Gash","floor":4.0},{"not_picked":["Multi-Cast","Conserve Battery"],"picked":"Ball Lightning","floor":7.0},{"not_picked":["Ball Lightning","Coolheaded"],"picked":"BootSequence","floor":12.0},{"not_picked":["Streamline","Hologram"],"picked":"Scrape","floor":13.0},{"not_picked":["Meteor Strike","Creative AI"],"picked":"Reboot","floor":16},{"not_picked":["Sunder","Hologram"],"picked":"Steam","floor":18},{"not_picked":["Streamline","Sweeping Beam"],"picked":"Compile Driver","floor":19},{"not_picked":["Streamline","Lockon+1"],"picked":"Hologram","floor":20},{"not_picked":["Turbo","Melter"],"picked":"Capacitor","floor":22}],"player_experience":1556820,"relics_obtained":[{"floor":7.0,"key":"Pantograph"},{"floor":9.0,"key":"StrikeDummy"},{"floor":12.0,"key":"Cables"}],"event_choices":[{"damage_healed":0.0,"max_hp_gain":0.0,"max_hp_loss":0.0,"gold_gain":0.0,"cards_transformed":["Strike_B"],"event_name":"Living Wall","player_choice":"Change","floor":2.0,"gold_loss":0.0,"damage_taken":0.0,"cards_obtained":["Sweeping Beam"]},{"damage_healed":0.0,"max_hp_gain":0.0,"max_hp_loss":0.0,"gold_gain":0.0,"event_name":"Shining Light","player_choice":"Entered Light","floor":3.0,"gold_loss":0.0,"damage_taken":21.0,"cards_upgraded":["Zap","Defend_B"]},{"damage_healed":0.0,"max_hp_gain":0.0,"max_hp_loss":0.0,"gold_gain":0.0,"event_name":"Dead Adventurer","player_choice":"Searched \u00271\u0027 times","floor":14.0,"gold_loss":0.0,"damage_taken":0.0,"relics_obtained":["Ancient Tea Set"]},{"damage_healed":0,"gold_gain":0,"player_choice":"Joined the Cult","damage_taken":6,"max_hp_gain":0,"max_hp_loss":0,"event_name":"Nest","floor":21,"gold_loss":0,"cards_obtained":["RitualDagger"]}],"is_beta":false,"boss_relics":[{"not_picked":["SacredBark","Pandora\u0027s Box"],"picked":"Astrolabe"}],"items_purged_floors":[5],"is_endless":false,"potions_floor_spawned":[1,4,12,18,20],"killed_by":"Gremlin Leader","ascension_level":17}}