{"host":"f6w7z8zvb0mi4wy9","time":1610407682,"event":{"mods":["BaseMod","Colored Map","Minty Spire (QoL Compilation)","READ ME - Guardian Mod","StSLib","SuperFastMode","The Jungle"],"gold_per_floor":[368,368,368,49,69,69,99,111,111,136,136,147,173,188,188,286,286,299,299,314,229,239,239,257,290,290,317,332,344,378,397,397,499,499,513,533,550,550,550,580,580,609,636,665,684,700,700,268,268,268,268,268,18,48,48],"floor_reached":56,"playtime":2593,"items_purged":["Strike_B","Defend_B"],"score":1471,"play_id":"5a0c6aad-a756-4fdf-82f2-3eb66c8c5c94","local_time":"20210112082802","is_ascension_mode":true,"campfire_choices":[{"data":"Zap","floor":6.0,"key":"SMITH"},{"data":"Defragment","floor":11.0,"key":"SMITH"},{"floor":15.0,"key":"REST"},{"data":"Capacitor","floor":23.0,"key":"SMITH"},{"data":"Reboot","floor":32.0,"key":"SMITH"},{"data":"Dualcast","floor":41.0,"key":"SMITH"},{"floor":49,"key":"RECALL"},{"data":"Madness","floor":52,"key":"SMITH"}],"circlet_count":0,"master_deck":["Strike_B+1","Strike_B+1","Defend_B","Defend_B","Defend_B","Zap+1","Dualcast+1","Capacitor+1","Gash","Defragment+1","Cold Snap","FTL","Core Surge","Steam","Ball Lightning","Reboot+1","Gash+1","Steam+1","Melter","Creative AI+1","Force Field","Force Field","Capacitor+1","Gash","Barrage","Core Surge","Steam+1","Heatsinks+1","Steam+1","Madness","Madness+1","Glacier","Go for the Eyes+1","Redo+1","Turbo+1","Force Field","Self Repair+1","BootSequence"],"relics":["FrozenCore","Ornamental Fan","Whetstone","Bottled Flame","Frozen Egg 2","Pen Nib","Darkstone Periapt","Meat on the Bone","Boot","White Beast Statue","Gremlin Horn","Emotion Chip","Coffee Dripper","Prayer Wheel","HornCleat","Blue Candle","Runic Capacitor","Nunchaku","Strange Spoon","Symbiotic Virus"],"acts_visited":["Exordium","TheCity","TheBeyond","TheEnding"],"potions_floor_usage":[46,54,55,55],"damage_taken":[{"damage":0.0,"enemies":"Small Slimes","floor":1.0,"turns":4.0},{"damage":1.0,"enemies":"Cultist","floor":5.0,"turns":3.0},{"damage":17.0,"enemies":"3 Sentries","floor":7.0,"turns":8.0},{"damage":1.0,"enemies":"Jaw Worm","floor":8.0,"turns":3.0},{"damage":12.0,"enemies":"Lagavulin","floor":10.0,"turns":7.0},{"damage":1.0,"enemies":"Exordium Thugs","floor":12.0,"turns":2.0},{"damage":14.0,"enemies":"3 Sentries","floor":13.0,"turns":7.0},{"damage":4.0,"enemies":"Exordium Wildlife","floor":14.0,"turns":4.0},{"damage":12.0,"enemies":"Hexaghost","floor":16.0,"turns":8.0},{"damage":0.0,"enemies":"Chosen","floor":18.0,"turns":5.0},{"damage":10.0,"enemies":"2 Thieves","floor":20.0,"turns":3.0},{"damage":4.0,"enemies":"Cultist and Chosen","floor":22.0,"turns":7.0},{"damage":0.0,"enemies":"3 Cultists","floor":24.0,"turns":4.0},{"damage":12.0,"enemies":"Gremlin Leader","floor":25.0,"turns":8.0},{"damage":13.0,"enemies":"Slavers","floor":27.0,"turns":7.0},{"damage":5.0,"enemies":"Shelled Parasite and Fungi","floor":28.0,"turns":4.0},{"damage":0.0,"enemies":"Snecko","floor":29.0,"turns":5.0},{"damage":3.0,"enemies":"Gremlin Leader","floor":30.0,"turns":9.0},{"damage":1.0,"enemies":"Centurion and Healer","floor":31.0,"turns":8.0},{"damage":0.0,"enemies":"Automaton","floor":33.0,"turns":9.0},{"damage":3.0,"enemies":"3 Shapes","floor":35.0,"turns":5.0},{"damage":3.0,"enemies":"3 Darklings","floor":36.0,"turns":4.0},{"damage":5.0,"enemies":"Sphere and 2 Shapes","floor":37.0,"turns":8.0},{"damage":5.0,"enemies":"Giant Head","floor":40.0,"turns":8.0},{"damage":3.0,"enemies":"Nemesis","floor":42.0,"turns":7.0},{"damage":3.0,"enemies":"Reptomancer","floor":44.0,"turns":8.0},{"damage":0.0,"enemies":"4 Shapes","floor":45.0,"turns":4.0},{"damage":2,"enemies":"Jaw Worm Horde","floor":46,"turns":6},{"damage":9,"enemies":"Time Eater","floor":50,"turns":12},{"damage":40,"enemies":"Shield and Spear","floor":54,"turns":10},{"damage":21,"enemies":"The Heart","floor":55,"turns":10}],"seed_played":"637235770226940114","potions_obtained":[{"floor":7.0,"key":"Explosive Potion"},{"floor":12.0,"key":"Dexterity Potion"},{"floor":13.0,"key":"Fire Potion"},{"floor":20.0,"key":"EssenceOfSteel"},{"floor":22.0,"key":"EssenceOfDarkness"},{"floor":27.0,"key":"FocusPotion"},{"floor":28.0,"key":"AttackPotion"},{"floor":29.0,"key":"LiquidMemories"},{"floor":30.0,"key":"FocusPotion"},{"floor":31.0,"key":"SneckoOil"},{"floor":33.0,"key":"Regen Potion"},{"floor":35.0,"key":"DistilledChaos"},{"floor":36.0,"key":"SneckoOil"},{"floor":37.0,"key":"SpeedPotion"},{"floor":40.0,"key":"CultistPotion"},{"floor":42.0,"key":"FearPotion"},{"floor":44.0,"key":"SneckoOil"},{"floor":45,"key":"Swift Potion"},{"floor":46,"key":"ColorlessPotion"},{"floor":54,"key":"Ancient Potion"}],"is_trial":false,"path_per_floor":["M","?","?","$","M","R","E","M","T","E","R","M","E","M","R","B",null,"M","?","M","?","M","R","M","E","T","E","M","M","E","M","R","B",null,"M","M","M","?","?","E","R","E","T","E","M","M","?","$","R","B",null,"R","$","E","B",null],"character_chosen":"DEFECT","items_purchased":["Capacitor","Gash","Whetstone","Runic Capacitor","Self Repair+1","Nunchaku","FairyPotion","Strange Spoon"],"campfire_rested":1,"item_purchase_floors":[4,4,4,48,48,48,53,53],"current_hp_per_floor":[54,59,59,59,58,58,41,40,40,28,28,27,13,9,33,21,80,80,80,70,70,66,66,66,54,54,41,48,48,45,44,44,44,80,77,74,69,59,59,69,69,66,66,63,63,61,61,61,61,62,80,80,80,62,51],"gold":48,"neow_bonus":"TWO_FIFTY_GOLD","is_daily":false,"chose_seed":false,"campfire_upgraded":6,"win_rate":0.0,"timestamp":1610407682,"path_taken":["M","?","?","$","M","R","E","M","T","E","R","?","E","M","R","BOSS","M","?","M","?","M","R","M","E","T","E","M","M","E","M","R","BOSS","M","M","M","?","?","E","R","E","T","E","M","M","?","$","R","BOSS","R","$","E","BOSS"],"items_purchased_type":["Card","Card","Relic","Relic","Card","Relic","Potion","Relic"],"build_version":"2020-12-22","purchased_purges":2,"victory":true,"max_hp_per_floor":[75,80,80,80,80,80,80,80,80,80,80,80,80,80,80,80,80,80,80,80,80,80,80,80,80,80,80,80,80,80,80,80,80,80,80,80,80,80,80,80,80,80,80,80,80,80,80,80,80,80,80,80,80,80,80],"card_choices":[{"not_picked":["Blizzard","Conserve Battery"],"picked":"Coolheaded","floor":1.0},{"not_picked":["Leap","Reprogram","Undo"],"picked":"SKIP","floor":5.0},{"not_picked":["Blizzard","Turbo"],"picked":"Defragment","floor":7.0},{"not_picked":["Go for the Eyes","Beam Cell"],"picked":"Cold Snap","floor":8.0},{"not_picked":["Redo","Heatsinks+1"],"picked":"FTL","floor":10.0},{"not_picked":["Hologram","Skim"],"picked":"Core Surge","floor":12.0},{"not_picked":["Leap","Sweeping Beam"],"picked":"Steam","floor":13.0},{"not_picked":["Conserve Battery","Rebound"],"picked":"Ball Lightning","floor":14.0},{"not_picked":["Hyperbeam","Seek"],"picked":"Reboot","floor":16.0},{"not_picked":["Reinforced Body+1","Stack"],"picked":"Gash+1","floor":18.0},{"not_picked":["Coolheaded","Aggregate","Rebound+1"],"picked":"SKIP","floor":20.0},{"not_picked":["Leap","Conserve Battery"],"picked":"Steam+1","floor":22.0},{"not_picked":["Stack","Rebound"],"picked":"Melter","floor":24.0},{"not_picked":["Turbo","Conserve Battery"],"picked":"Creative AI+1","floor":25.0},{"not_picked":["Biased Cognition+1","Turbo+1"],"picked":"Force Field","floor":27.0},{"not_picked":["Steam Power","Compile Driver"],"picked":"Force Field","floor":28.0},{"not_picked":["Coolheaded","Stack+1"],"picked":"Capacitor+1","floor":29.0},{"not_picked":["Melter","Recycle"],"picked":"Gash","floor":30.0},{"not_picked":["Double Energy","Conserve Battery"],"picked":"Barrage","floor":31.0},{"not_picked":["Machine Learning+1","Seek"],"picked":"Core Surge","floor":33.0},{"not_picked":["Cold Snap+1","Auto Shields+1"],"picked":"Steam+1","floor":35.0},{"not_picked":["Cold Snap+1","Beam Cell"],"picked":"Heatsinks+1","floor":36.0},{"not_picked":["Heatsinks+1","Consume"],"picked":"Steam+1","floor":37.0},{"not_picked":["Leap","Stack"],"picked":"Glacier","floor":40.0},{"not_picked":["Beam Cell","Reinforced Body"],"picked":"Go for the Eyes+1","floor":42.0},{"not_picked":["Lockon+1","Cold Snap"],"picked":"Redo+1","floor":44.0},{"not_picked":["Undo+1","Meteor Strike"],"picked":"Turbo+1","floor":45},{"not_picked":["Steam","Rebound","Lockon+1"],"picked":"SKIP","floor":45},{"not_picked":["Rebound+1","Ball Lightning+1","Leap"],"picked":"SKIP","floor":46},{"not_picked":["Lockon+1","Rainbow","Sweeping Beam"],"picked":"SKIP","floor":46},{"not_picked":["Redo","Force Field"],"picked":"BootSequence","floor":54}],"player_experience":855971,"relics_obtained":[{"floor":7.0,"key":"Bottled Flame"},{"floor":9.0,"key":"Frozen Egg 2"},{"floor":10.0,"key":"Pen Nib"},{"floor":13.0,"key":"Darkstone Periapt"},{"floor":25.0,"key":"Boot"},{"floor":26.0,"key":"White Beast Statue"},{"floor":27.0,"key":"Gremlin Horn"},{"floor":30.0,"key":"Emotion Chip"},{"floor":40.0,"key":"Prayer Wheel"},{"floor":42.0,"key":"HornCleat"},{"floor":44.0,"key":"Blue Candle"},{"floor":54,"key":"Symbiotic Virus"}],"event_choices":[{"damage_healed":0.0,"max_hp_gain":5.0,"max_hp_loss":0.0,"gold_gain":0.0,"event_name":"Big Fish","player_choice":"Donut","floor":2.0,"gold_loss":0.0,"damage_taken":0.0},{"cards_removed":["Coolheaded"],"damage_healed":0.0,"max_hp_gain":0.0,"max_hp_loss":0.0,"gold_gain":0.0,"event_name":"WeMeetAgain","player_choice":"Gave Card","floor":3.0,"gold_loss":0.0,"damage_taken":0.0,"relics_obtained":["Ornamental Fan"]},{"damage_healed":0.0,"max_hp_gain":0.0,"max_hp_loss":0.0,"gold_gain":0.0,"event_name":"Ghosts","player_choice":"Ignored","floor":19.0,"gold_loss":0.0,"damage_taken":0.0},{"damage_healed":0.0,"max_hp_gain":0.0,"max_hp_loss":0.0,"gold_gain":0.0,"event_name":"Addict","player_choice":"Obtained Relic","floor":21.0,"gold_loss":85.0,"damage_taken":0.0,"relics_obtained":["Meat on the Bone"]},{"damage_healed":0.0,"max_hp_gain":0.0,"max_hp_loss":0.0,"gold_gain":0.0,"event_name":"Winding Halls","player_choice":"Embrace Madness","floor":38.0,"gold_loss":0.0,"damage_taken":10.0,"cards_obtained":["Madness","Madness"]},{"damage_healed":0.0,"max_hp_gain":0.0,"max_hp_loss":0.0,"gold_gain":0.0,"event_name":"Tomb of Lord Red Mask","player_choice":"Ignored","floor":39.0,"gold_loss":0.0,"damage_taken":0.0},{"damage_healed":0,"gold_gain":0,"cards_transformed":["Strike_B"],"player_choice":"Transformed","damage_taken":0,"max_hp_gain":0,"max_hp_loss":0,"event_name":"Transmorgrifier","floor":47,"gold_loss":0,"cards_obtained":["Force Field"]}],"is_beta":false,"boss_relics":[{"not_picked":["Busted Crown","Philosopher\u0027s Stone"],"picked":"FrozenCore"},{"not_picked":["SacredBark","Runic Pyramid"],"picked":"Coffee Dripper"}],"items_purged_floors":[4,48],"is_endless":false,"potions_floor_spawned":[7,12,13,20,22,27,28,29,30,31,33,35,36,37,40,42,44,45,46,54],"ascension_level":1}}