{"host":"pbf6u3tyx46snqc7","time":1610328609,"event":{"mods":["AchievementEnabler","BaseMod","Colored Map","Minty Spire (QoL Compilation)","Rare Cards Sparkle","SuperFastMode"],"gold_per_floor":[114,114,131,10,10,10,23,41,41,41,72,92,92,53,53,172,172,187,208,208,241,257,257,257,282,354,371,403,420,335,349,349,448,448,458,508,522,7,23,53,53,2,2,17,45,45,45,70,70,70],"floor_reached":51,"playtime":3726,"items_purged":["Strike_R","Perfected Strike"],"score":1051,"play_id":"eaa398e9-efa3-476d-8792-fcb95493a022","local_time":"20210111103009","is_ascension_mode":true,"campfire_choices":[{"data":"Bash","floor":6,"key":"SMITH"},{"data":"Shrug It Off","floor":10,"key":"SMITH"},{"data":"Uppercut","floor":13,"key":"SMITH"},{"floor":15,"key":"REST"},{"data":"Wild Strike","floor":23,"key":"SMITH"},{"data":"Havoc","floor":32,"key":"SMITH"},{"data":"Uppercut","floor":41,"key":"SMITH"},{"data":"Fiend Fire","floor":47,"key":"SMITH"},{"data":"Fiend Fire","floor":49,"key":"SMITH"}],"circlet_count":0,"master_deck":["Bash+1","Rampage+1","Shrug It Off+1","Second Wind","Uppercut+1","Wild Strike+1","Evolve+1","Reaper","Warcry+1","Fiend Fire+1","Power Through","Warcry","Flame Barrier+1","Havoc+1","Dark Embrace+1","Double Tap+1","Searing Blow","Flame Barrier","Uppercut+1","Battle Trance","Fiend Fire+1","Inflame+1","Armaments+1","Havoc","Reckless Charge","Shrug It Off+1","Headbutt","Burning Pact"],"relics":["Burning Blood","Ginger","Bloody Idol","Bag of Marbles","Frozen Egg 2","Coffee Dripper","Red Mask","Pantograph","Eternal Feather","Meat on the Bone","Gremlin Horn","Pandora\u0027s Box","Charon\u0027s Ashes","War Paint","Letter Opener","Orichalcum","CaptainsWheel","Bottled Lightning","Happy Flower"],"acts_visited":["Exordium","TheCity","TheBeyond"],"potions_floor_usage":[21,21,28,28,28,33,36,45,45,50,50],"damage_taken":[{"damage":6.0,"enemies":"2 Louse","floor":1.0,"turns":3.0},{"damage":6.0,"enemies":"Cultist","floor":3.0,"turns":4.0},{"damage":6,"enemies":"Small Slimes","floor":7,"turns":4},{"damage":9,"enemies":"Looter","floor":8,"turns":3},{"damage":20,"enemies":"3 Sentries","floor":11,"turns":7},{"damage":11,"enemies":"3 Louse","floor":12,"turns":3},{"damage":38,"enemies":"The Guardian","floor":16,"turns":12},{"damage":16,"enemies":"Spheric Guardian","floor":18,"turns":4},{"damage":0,"enemies":"Chosen","floor":19,"turns":4},{"damage":52,"enemies":"Masked Bandits","floor":21,"turns":6},{"damage":11,"enemies":"Centurion and Healer","floor":22,"turns":6},{"damage":54,"enemies":"Slavers","floor":25,"turns":5},{"damage":13,"enemies":"Snecko","floor":27,"turns":4},{"damage":10,"enemies":"Gremlin Leader","floor":28,"turns":7},{"damage":24,"enemies":"Shelled Parasite and Fungi","floor":29,"turns":6},{"damage":22,"enemies":"3 Cultists","floor":31,"turns":5},{"damage":48,"enemies":"Collector","floor":33,"turns":10},{"damage":35,"enemies":"3 Shapes","floor":35,"turns":5},{"damage":12,"enemies":"Mind Bloom Boss Battle","floor":36,"turns":5},{"damage":13,"enemies":"Orb Walker","floor":37,"turns":4},{"damage":14,"enemies":"Transient","floor":39,"turns":5},{"damage":49,"enemies":"Nemesis","floor":40,"turns":5},{"damage":7,"enemies":"3 Darklings","floor":44,"turns":4},{"damage":23,"enemies":"Reptomancer","floor":45,"turns":5},{"damage":4,"enemies":"Giant Head","floor":48,"turns":7},{"damage":63,"enemies":"Time Eater","floor":50,"turns":8}],"seed_played":"8496914675637530641","potions_obtained":[{"floor":7,"key":"LiquidBronze"},{"floor":11,"key":"BloodPotion"},{"floor":12,"key":"Block Potion"},{"floor":22,"key":"SpeedPotion"},{"floor":25,"key":"Regen Potion"},{"floor":27,"key":"ColorlessPotion"},{"floor":29,"key":"PowerPotion"},{"floor":31,"key":"GamblersBrew"},{"floor":36,"key":"BloodPotion"},{"floor":44,"key":"Fruit Juice"},{"floor":45,"key":"Ancient Potion"}],"is_trial":false,"path_per_floor":["M","?","M","$","?","R","M","M","T","R","E","M","R","$","R","B",null,"M","M","?","?","M","R","?","E","T","M","E","M","?","M","R","B",null,"M","?","M","$","M","E","R","$","T","M","E","$","R","E","R","B",null],"character_chosen":"IRONCLAD","items_purchased":["Shrug It Off","Evolve+1","War Paint","Letter Opener","Havoc","SkillPotion"],"campfire_rested":1,"item_purchase_floors":[4,14,38,38,38,42],"current_hp_per_floor":[72,72,72,72,54,54,54,51,51,51,37,32,32,32,53,21,59,49,61,61,45,51,51,51,26,31,29,53,59,59,48,60,49,66,54,71,69,69,69,49,64,64,64,72,65,65,77,77,77,47],"gold":70,"neow_bonus":"ONE_RARE_RELIC","is_daily":false,"chose_seed":false,"campfire_upgraded":8,"win_rate":0.0,"timestamp":1610328609,"path_taken":["M","?","?","?","?","R","M","M","T","R","E","M","R","$","R","BOSS","M","M","?","?","M","R","?","E","T","?","E","?","?","M","R","BOSS","M","?","M","$","M","E","R","$","T","M","E","$","R","E","R","BOSS"],"items_purchased_type":["Card","Card","Relic","Relic","Card","Potion"],"build_version":"2020-12-22","purchased_purges":2,"victory":true,"max_hp_per_floor":[72,72,72,72,72,72,72,72,72,72,72,72,72,72,72,72,72,72,72,72,72,72,72,72,72,72,72,72,72,72,72,72,72,72,72,72,72,72,72,72,72,72,72,72,77,77,77,77,77,77],"card_choices":[{"not_picked":["Flex","Ghostly Armor"],"picked":"Rampage","floor":1.0},{"not_picked":["Combust","Seeing Red","Sentinel"],"picked":"SKIP","floor":3},{"not_picked":["Rampage","Havoc"],"picked":"Second Wind","floor":7},{"not_picked":["Sword Boomerang","Clash","Armaments"],"picked":"SKIP","floor":8},{"not_picked":["Thunderclap","Heavy Blade"],"picked":"Uppercut","floor":11},{"not_picked":["Entrench","Clothesline"],"picked":"Wild Strike","floor":12},{"not_picked":["Bludgeon","Demon Form+1"],"picked":"Reaper","floor":16},{"not_picked":["Anger","Body Slam"],"picked":"Warcry+1","floor":18},{"not_picked":["Anger","Sword Boomerang","Warcry"],"picked":"SKIP","floor":19},{"not_picked":["Sword Boomerang","Perfected Strike","Iron Wave+1"],"picked":"SKIP","floor":22},{"not_picked":["Spot Weakness","Limit Break"],"picked":"Power Through","floor":25},{"not_picked":["Infernal Blade","Rage"],"picked":"Warcry","floor":27},{"not_picked":["Anger","Searing Blow+1"],"picked":"Flame Barrier","floor":28},{"not_picked":["Sword Boomerang+1","Clothesline+1"],"picked":"Havoc","floor":29},{"not_picked":["Armaments","Infernal Blade"],"picked":"Dark Embrace+1","floor":31},{"not_picked":["Reaper","Feed"],"picked":"Double Tap","floor":33},{"not_picked":["Rage","Warcry"],"picked":"Armaments+1","floor":35},{"not_picked":["Armaments+1","Heavy Blade","Clothesline"],"picked":"SKIP","floor":37},{"not_picked":["Blood for Blood","Flame Barrier"],"picked":"Reckless Charge","floor":39},{"not_picked":["Iron Wave","Metallicize+1","Whirlwind+1"],"picked":"SKIP","floor":40},{"not_picked":["Headbutt","Flame Barrier+1"],"picked":"Shrug It Off+1","floor":44},{"not_picked":["Warcry","Uppercut+1"],"picked":"Headbutt","floor":45},{"not_picked":["Flex+1","Cleave"],"picked":"Burning Pact","floor":48}],"player_experience":400614,"relics_obtained":[{"floor":9,"key":"Bag of Marbles"},{"floor":11,"key":"Frozen Egg 2"},{"floor":21,"key":"Red Mask"},{"floor":25,"key":"Pantograph"},{"floor":26,"key":"Eternal Feather"},{"floor":28,"key":"Meat on the Bone"},{"floor":36,"key":"Charon\u0027s Ashes"},{"floor":40,"key":"Orichalcum"},{"floor":43,"key":"CaptainsWheel"},{"floor":45,"key":"Bottled Lightning"},{"floor":48,"key":"Happy Flower"}],"event_choices":[{"damage_healed":0.0,"max_hp_gain":0.0,"max_hp_loss":0.0,"gold_gain":0.0,"event_name":"Upgrade Shrine","player_choice":"Upgraded","floor":2.0,"gold_loss":0.0,"damage_taken":0.0,"cards_upgraded":["Rampage"]},{"damage_healed":0,"gold_gain":0,"player_choice":"Take Damage","damage_taken":18,"relics_obtained":["Golden Idol"],"max_hp_gain":0,"max_hp_loss":0,"event_name":"Golden Idol","floor":5,"gold_loss":0},{"damage_healed":0,"gold_gain":0,"player_choice":"Gave Idol","damage_taken":0,"relics_obtained":["Bloody Idol"],"max_hp_gain":0,"max_hp_loss":0,"event_name":"Forgotten Altar","floor":20,"relics_lost":["Golden Idol"],"gold_loss":0},{"damage_healed":0,"gold_gain":0,"player_choice":"Fought Bandits","damage_taken":0,"max_hp_gain":0,"max_hp_loss":0,"event_name":"Masked Bandits","floor":21,"gold_loss":0},{"damage_healed":0,"gold_gain":0,"cards_transformed":["Strike_R"],"player_choice":"Transformed","damage_taken":0,"max_hp_gain":0,"max_hp_loss":0,"event_name":"Transmorgrifier","floor":24,"gold_loss":0,"cards_obtained":["Fiend Fire"]},{"damage_healed":0,"gold_gain":0,"player_choice":"Obtained Relic","damage_taken":0,"relics_obtained":["Gremlin Horn"],"max_hp_gain":0,"max_hp_loss":0,"event_name":"Addict","floor":30,"gold_loss":85},{"damage_healed":0,"gold_gain":0,"player_choice":"Fight","damage_taken":0,"max_hp_gain":0,"max_hp_loss":0,"event_name":"MindBloom","floor":36,"gold_loss":0}],"is_beta":false,"boss_relics":[{"not_picked":["Black Star","Busted Crown"],"picked":"Coffee Dripper"},{"not_picked":["Tiny House","Velvet Choker"],"picked":"Pandora\u0027s Box"}],"items_purged_floors":[4,38],"is_endless":false,"potions_floor_spawned":[7,11,12,22,25,27,29,31,36,44,45],"ascension_level":9}}