{"host":"6to8m083wj0ro91z","time":1610380817,"event":{"mods":["100% Spire Juice","BaseMod","Better Third Choice","BetterRewards","CatGirl Mod","ChefMod","Friendly Minions","Hubris","Jedi Mod","Mad Scientist","Marisa????????","Minty Spire (QoL Compilation)","Railgun Mod","Robot Space Explorer","Shade Mod","Spicy Shops","StSLib","The Blackbeard","The Death Knight","The Fake Hero","The Gatherer","The Marked","The Mystic","The Necromancer","The Servant 0.9.4","WarShipGirlsR/????R mod"],"gold_per_floor":[514,504,517,517,517,536,536,563,563,26,45,45,74,74,179,179,196,196,196,209,209,243,275,347,367,401,401,143,161,161,261,261,278,32,32,47,47,78,78,378,406,406,435,435,435,435,435,435,6,33,33],"floor_reached":56,"playtime":1982,"items_purged":["luka_mod:Surrender","luka_mod:Edging","luka_mod:FlailWildly"],"score":1560,"play_id":"aa58bc49-1f02-45e2-a4ad-b817c811064d","local_time":"20210111170017","is_ascension_mode":false,"campfire_choices":[{"data":"Panache","floor":6,"key":"SMITH"},{"data":"luka_mod:Salt","floor":8,"key":"SMITH"},{"data":"luka_mod:Feel","floor":13,"key":"SMITH"},{"data":"luka_mod:AngryLuka","floor":15,"key":"SMITH"},{"data":"luka_mod:StrikeLukaTwo","floor":29,"key":"SMITH"},{"data":"luka_mod:StrikeLukaThree","floor":32,"key":"SMITH"},{"data":"luka_mod:SpoilerForm","floor":40,"key":"SMITH"},{"data":"luka_mod:Determination","floor":42,"key":"SMITH"},{"floor":49,"key":"RECALL"},{"data":"luka_mod:GuardedStrike","floor":52,"key":"SMITH"}],"circlet_count":0,"master_deck":["luka_mod:StrikeLukaTwo+1","luka_mod:StrikeLukaThree+1","luka_mod:StrikeLukaFour","luka_mod:StrikeLukaFive","luka_mod:Salt+1","luka_mod:Guard+1","luka_mod:Meditation+1","Panache+1","luka_mod:DeathSwordChaosStar","luka_mod:Sara","luka_mod:Feel+1","luka_mod:AngryLuka+1","luka_mod:Tamamo","luka_mod:GuardedStrike+1","luka_mod:HeroicStrike+1","luka_mod:SpoilerForm+1","luka_mod:Determination+1"],"relics":["luka_mod:KeepsakeRing","hubris:Teleporter","jedi:cryingmask","Mummified Hand","War Paint","hubris:Metronome","Sozu","jedi:crownofsimplicity","Anchor","Orichalcum","Anchor","Blue Candle","hubris:BottledRain","HornCleat","hubris:HollowSoul","Oddly Smooth Stone","Old Coin","jedi:arcanewood","Regal Pillow","hubris:Towel","InkBottle","Lee\u0027s Waffle","Bag of Preparation","Incense Burner"],"acts_visited":["Exordium","TheCity","TheBeyond","TheEnding"],"potions_floor_usage":[1,14,16],"damage_taken":[{"damage":0,"enemies":"Small Slimes","floor":1,"turns":3},{"damage":8,"enemies":"Jaw Worm","floor":4,"turns":3},{"damage":0,"enemies":"2 Louse","floor":7,"turns":2},{"damage":0,"enemies":"Exordium Thugs","floor":12,"turns":2},{"damage":0,"enemies":"Lagavulin","floor":14,"turns":3},{"damage":22,"enemies":"Hexaghost","floor":16,"turns":4},{"damage":0,"enemies":"3 Byrds","floor":18,"turns":2},{"damage":0,"enemies":"Spheric Guardian","floor":21,"turns":2},{"damage":0,"enemies":"Slavers","floor":23,"turns":2},{"damage":8,"enemies":"Book of Stabbing","floor":25,"turns":3},{"damage":0,"enemies":"Cultist and Chosen","floor":27,"turns":3},{"damage":3,"enemies":"Gremlin Leader","floor":28,"turns":4},{"damage":0,"enemies":"Snake Plant","floor":31,"turns":1},{"damage":8,"enemies":"hubris:MusketHawk","floor":33,"turns":4},{"damage":0,"enemies":"3 Shapes","floor":35,"turns":2},{"damage":0,"enemies":"Orb Walker","floor":38,"turns":2},{"damage":0,"enemies":"Giant Head","floor":41,"turns":3},{"damage":27,"enemies":"Nemesis","floor":44,"turns":5},{"damage":0,"enemies":"Reptomancer","floor":47,"turns":3},{"damage":56,"enemies":"Donu and Deca","floor":50,"turns":6},{"damage":0,"enemies":"Shield and Spear","floor":54,"turns":3},{"damage":99,"enemies":"The Heart","floor":55,"turns":8}],"seed_played":"-4545604808542611621","potions_obtained":[{"floor":4,"key":"PowerPotion"},{"floor":14,"key":"GamblersBrew"}],"is_trial":false,"path_per_floor":["M","?","M","?","R","M","R","T","?","$","M","R","E","R","B",null,"M","?","?","M","?","E","E","T","M","E","R","$","M","R","B",null,"M","$","?","M","R","E","R","T","E","?","E","?","R","B",null,"R","$","E","B",null],"character_chosen":"LUKA_CLASS","items_purchased":["Panache","hubris:Teleporter","jedi:cryingmask","Fruit Juice","Mummified Hand","War Paint","HornCleat","luka_mod:Determination","InkBottle","Lee\u0027s Waffle","Bag of Preparation"],"campfire_rested":0,"item_purchase_floors":[0,0,0,0,11,11,30,36,53,53,53],"current_hp_per_floor":[45,45,45,38,38,38,38,38,38,38,45,45,45,45,45,45,45,45,41,45,45,45,37,37,45,42,42,42,42,42,42,45,45,45,45,45,45,45,45,45,40,40,45,45,45,27,45,45,52,52,48],"gold":33,"neow_bonus":"","is_daily":false,"chose_seed":false,"campfire_upgraded":9,"win_rate":0.0,"timestamp":1610380817,"path_taken":["M","?","?","?","R","M","R","T","?","$","M","R","E","R","BOSS","M","?","?","M","?","E","E","T","?","E","R","$","M","R","BOSS","M","$","?","?","R","E","R","T","E","?","E","?","R","BOSS","R","$","E","BOSS"],"items_purchased_type":["Card","Relic","Relic","Potion","Relic","Relic","Relic","Card","Relic","Relic","Relic"],"build_version":"2020-12-22","purchased_purges":3,"victory":true,"max_hp_per_floor":[45,45,45,45,45,45,45,45,45,45,45,45,45,45,45,45,45,45,45,45,45,45,45,45,45,45,45,45,45,45,45,45,45,45,45,45,45,45,45,45,45,45,45,45,45,45,45,45,52,52,52],"card_choices":[{"not_picked":["luka_mod:Feel","luka_mod:StressRelief"],"picked":"luka_mod:DeathSwordChaosStar","floor":1},{"not_picked":["luka_mod:FireSlash","luka_mod:Overexert","luka_mod:BladeOfSolidEarth"],"picked":"SKIP","floor":4},{"not_picked":["luka_mod:BladeOfSolidEarth","luka_mod:DeathSwordChaosStar"],"picked":"luka_mod:Sara","floor":7},{"not_picked":["luka_mod:BladeOfSolidEarth","luka_mod:RestrictedStrike"],"picked":"luka_mod:Feel","floor":12},{"not_picked":["luka_mod:Calm","luka_mod:StrikeLuka"],"picked":"luka_mod:AngryLuka","floor":14},{"not_picked":["luka_mod:AlmaElma","luka_mod:AlicesFist"],"picked":"luka_mod:Tamamo","floor":16},{"not_picked":["luka_mod:BladeOfStillWater","luka_mod:RestrictedStrike","luka_mod:EarthSlash"],"picked":"SKIP","floor":18},{"not_picked":["luka_mod:IliasesJudgement","luka_mod:DemonDecapitation","luka_mod:FlashKill"],"picked":"SKIP","floor":21},{"not_picked":["luka_mod:Alice","luka_mod:StressRelief"],"picked":"luka_mod:GuardedStrike","floor":23},{"not_picked":["luka_mod:NeverSurrender","luka_mod:Feel","luka_mod:CriticalHit+1"],"picked":"SKIP","floor":25},{"not_picked":["luka_mod:HeavenlyDemonRevival","luka_mod:RestrictedStrike"],"picked":"luka_mod:HeroicStrike+1","floor":27},{"not_picked":["luka_mod:Struggle","luka_mod:Request","luka_mod:FlashKill+1"],"picked":"SKIP","floor":28},{"not_picked":["luka_mod:IliasesJudgement","luka_mod:DemonSkullBeheading","luka_mod:Calm+1"],"picked":"SKIP","floor":31},{"not_picked":["luka_mod:AlmaElma","luka_mod:Alice"],"picked":"luka_mod:SpoilerForm","floor":33},{"not_picked":["luka_mod:VaporizingRebellionSword","luka_mod:HeroicStrike+1","luka_mod:BladeOfStillWater+1"],"picked":"SKIP","floor":35},{"not_picked":["luka_mod:HeroicStrike","luka_mod:WindSlash","luka_mod:EarthRumblingDecapitation"],"picked":"SKIP","floor":38},{"not_picked":["luka_mod:StrikeLuka+1","luka_mod:DemonDecapitation","luka_mod:WaterSlash+1"],"picked":"SKIP","floor":41},{"not_picked":["luka_mod:PeacePreach","luka_mod:Calm","luka_mod:StressRelief+1"],"picked":"SKIP","floor":44},{"not_picked":["luka_mod:UnusedPoison","luka_mod:RestrictedStrike+1","luka_mod:FlashKill+1"],"picked":"SKIP","floor":47},{"not_picked":["luka_mod:ThunderThrust+1","luka_mod:Determination+1","luka_mod:Struggle"],"picked":"SKIP","floor":54}],"player_experience":1083724,"relics_obtained":[{"floor":14,"key":"hubris:Metronome"},{"floor":19,"key":"jedi:crownofsimplicity"},{"floor":23,"key":"Orichalcum"},{"floor":25,"key":"Anchor"},{"floor":26,"key":"Blue Candle"},{"floor":28,"key":"hubris:BottledRain"},{"floor":41,"key":"Oddly Smooth Stone"},{"floor":43,"key":"Old Coin"},{"floor":44,"key":"jedi:arcanewood"},{"floor":47,"key":"Regal Pillow"},{"floor":54,"key":"Incense Burner"}],"event_choices":[{"cards_removed":["luka_mod:Wait"],"damage_healed":0,"gold_gain":0,"player_choice":"Card Removal","damage_taken":7,"max_hp_gain":0,"max_hp_loss":0,"event_name":"Golden Wing","floor":5,"gold_loss":0},{"cards_removed":["luka_mod:StrikeLukaOne"],"damage_healed":0,"gold_gain":0,"player_choice":"Forget","damage_taken":0,"max_hp_gain":0,"max_hp_loss":0,"event_name":"Living Wall","floor":10,"gold_loss":0},{"damage_healed":0,"gold_gain":0,"player_choice":"Anchor","damage_taken":0,"relics_obtained":["Anchor"],"max_hp_gain":0,"max_hp_loss":0,"event_name":"blackbeard:ShipwreckEvent","floor":20,"gold_loss":0},{"damage_healed":0,"gold_gain":0,"player_choice":"Ignored","damage_taken":0,"max_hp_gain":0,"max_hp_loss":0,"event_name":"NoteForYourself","floor":22,"gold_loss":0},{"damage_healed":0,"gold_gain":0,"player_choice":"Ignored","damage_taken":0,"max_hp_gain":0,"max_hp_loss":0,"event_name":"WeMeetAgain","floor":37,"gold_loss":0},{"cards_removed":["luka_mod:StrikeLukaSix"],"damage_healed":0,"gold_gain":0,"player_choice":"Removed Attack","damage_taken":0,"max_hp_gain":0,"max_hp_loss":0,"event_name":"Falling","floor":45,"gold_loss":0}],"is_beta":false,"boss_relics":[{"not_picked":["Astrolabe","Runic Pyramid"],"picked":"Sozu"},{"not_picked":["hubris:Stopwatch","hubris:GrandSneckoEye"],"picked":"hubris:HollowSoul"}],"items_purged_floors":[0,0,11],"is_endless":false,"potions_floor_spawned":[4,14,18,28,33,44,47,54],"ascension_level":0}}