{"host":"i19jjmeqmvseha12","time":1610341406,"event":{"mods":["Act Like it!","BaseMod","Colored Powertips","Dota2Spire","Gensokyo","Minty Spire (QoL Compilation)","Replay The Spire","StSLib","The Cursed"],"gold_per_floor":[110,125,125,139,39,74,74,87,114,114,126,126,126,145,145,248,248,263,274,274,24,38,38,49,49,73,114,140,140,167,176,176,176,176],"floor_reached":33,"playtime":1222,"items_purged":[],"score":292,"play_id":"f69e5c3b-53c8-4b41-baf4-f26170201572","local_time":"20210110210326","is_ascension_mode":false,"campfire_choices":[{"floor":10,"key":"REST"},{"data":"Sucker Punch","floor":12,"key":"SMITH"},{"floor":15,"key":"REST"},{"data":"Dagger Spray","floor":23,"key":"SMITH"},{"floor":25,"key":"REST"},{"floor":29,"key":"REST"},{"floor":32,"key":"REST"}],"circlet_count":0,"master_deck":["Strike_G","Strike_G","Strike_G","Strike_G","Strike_G","Defend_G","Defend_G","Defend_G","Defend_G","Defend_G","Survivor","Neutralize","Venomology","Sucker Punch+1","Distraction","Footwork","Cloak And Dagger+1","Sucker Punch","Doppelganger","Dagger Spray+1","Sucker Punch+1","Cloak And Dagger+1","Dagger Throw","Dagger Spray+1","Dagger Spray+1","A Thousand Cuts"],"relics":["Ring of the Snake","Paper Crane","MealTicket","Happy Flower","Tiny Chest","Dota2Spire:BattleFury","Dota2Spire:EchoSabre","CeramicFish","Nunchaku"],"acts_visited":["Exordium","Gensokyo:Gensokyo"],"potions_floor_usage":[2,6,6,6,6,8,11,11,16,19,19,22,24,24,27,27,27,33,33],"damage_taken":[{"damage":2,"enemies":"Gensokyo:3_Fairies","floor":1,"turns":6},{"damage":0,"enemies":"Gensokyo:Gryphon","floor":2,"turns":5},{"damage":6,"enemies":"Gensokyo:Python","floor":4,"turns":3},{"damage":33,"enemies":"Gensokyo:Cirno","floor":6,"turns":10},{"damage":7,"enemies":"Gensokyo:Kitsune","floor":8,"turns":4},{"damage":0,"enemies":"Gensokyo:LivingMonolith","floor":11,"turns":4},{"damage":4,"enemies":"Gensokyo:Python_and_Kodama","floor":14,"turns":5},{"damage":27,"enemies":"Gensokyo:Yukari","floor":16,"turns":10},{"damage":18,"enemies":"Gensokyo:AngelMirror","floor":18,"turns":5},{"damage":16,"enemies":"Gensokyo:CosmicMonolith","floor":19,"turns":13},{"damage":25,"enemies":"Gensokyo:Slime_Group","floor":22,"turns":4},{"damage":23,"enemies":"Gensokyo:Mirror_and_Dog","floor":24,"turns":5},{"damage":0,"enemies":"Gensokyo:Tenshi","floor":27,"turns":4},{"damage":17,"enemies":"Gensokyo:3_Gloops","floor":28,"turns":5},{"damage":51,"enemies":"Gensokyo:Kaguya","floor":33,"turns":8}],"seed_played":"-5952787382027119307","potions_obtained":[{"floor":1,"key":"FearPotion"},{"floor":6,"key":"Adrenaline Potion"},{"floor":11,"key":"SpeedPotion"},{"floor":24,"key":"SteroidPotion"},{"floor":27,"key":"EssenceOfSteel"}],"is_trial":false,"path_per_floor":["M","M","?","M","?","E","?","M","T","R","M","R","?","M","R","B",null,"M","M","?","$","M","R","M","R","T","E","M","R","T","?","R","B"],"character_chosen":"THE_SILENT","items_purchased":["Dota2Spire:BattleFury"],"campfire_rested":5,"item_purchase_floors":[21],"current_hp_per_floor":[68,68,68,62,62,29,29,22,22,43,43,43,43,39,60,33,70,52,36,36,51,26,26,3,24,24,24,7,28,28,28,49,0,0],"gold":176,"neow_bonus":"ONE_RANDOM_RARE_CARD","is_daily":false,"chose_seed":false,"campfire_upgraded":2,"win_rate":0.0,"timestamp":1610341406,"path_taken":["M","M","?","M","?","E","?","M","T","R","M","R","?","M","R","BOSS","M","M","?","$","M","R","M","R","T","E","?","R","?","?","R","BOSS"],"items_purchased_type":["Relic"],"build_version":"2020-12-22","purchased_purges":0,"victory":false,"max_hp_per_floor":[70,70,70,70,70,70,70,70,70,70,70,70,70,70,70,70,70,70,70,70,70,70,70,70,70,70,70,70,70,70,70,70,70,70],"card_choices":[{"not_picked":["Eviscerate","ReplayTheSpireMod:Scrap Shanks"],"picked":"Dagger Throw","floor":1},{"not_picked":["Hidden Blade","Accuracy"],"picked":"Sucker Punch","floor":2},{"not_picked":["Eviscerate","Toxin Wave","ReplayTheSpireMod:Tripwire"],"picked":"SKIP","floor":4},{"not_picked":["Poisoned Stab","Malaise"],"picked":"Distraction","floor":6},{"not_picked":["Bane","Slice"],"picked":"Footwork","floor":8},{"not_picked":["Catalyst","Dodge and Roll"],"picked":"Deflect","floor":11},{"not_picked":["PiercingWail","Poisoned Stab"],"picked":"Sucker Punch","floor":14},{"not_picked":["Corpse Explosion","Grand Finale"],"picked":"Doppelganger","floor":16},{"not_picked":["PiercingWail","Poisoned Stab"],"picked":"Dagger Spray","floor":18},{"not_picked":["Acrobatics","Deadly Poison"],"picked":"Sucker Punch+1","floor":19},{"not_picked":["Masterful Stab","Heel Hook"],"picked":"Cloak And Dagger+1","floor":22},{"not_picked":["Finisher","Poisoned Stab"],"picked":"Dagger Throw","floor":24},{"not_picked":["ReplayTheSpireMod:Shiv Toss","Flying Knee"],"picked":"Dagger Spray+1","floor":27},{"not_picked":["ReplayTheSpireMod:Exploit Weakness+1","Masterful Stab"],"picked":"Dagger Spray+1","floor":28}],"player_experience":160997,"relics_obtained":[{"floor":6,"key":"MealTicket"},{"floor":9,"key":"Tiny Chest"},{"floor":26,"key":"Dota2Spire:EchoSabre"},{"floor":27,"key":"CeramicFish"},{"floor":30,"key":"Nunchaku"}],"event_choices":[],"is_beta":false,"boss_relics":[{"not_picked":["Empty Cage","Astrolabe","Replay:Drink Me"]}],"items_purged_floors":[],"is_endless":false,"potions_floor_spawned":[1,6,11,24,27],"killed_by":"Gensokyo:Kaguya","ascension_level":0}}