{"host":"7l2t4psy44vpcd9q","time":1610382690,"event":{"mods":["AchievementEnabler","BaseMod","DeckTracker","Minty Spire (QoL Compilation)","SuperFastMode"],"gold_per_floor":[115,115,133,23,34,60,60,94,131,173,196,220,232,258,270,355,367,394,168,168,68,68,68],"floor_reached":22,"playtime":941,"items_purged":["Strike_P"],"score":408,"play_id":"cd138163-19f0-4315-9bde-caa163950c41","local_time":"20210112013130","is_ascension_mode":true,"campfire_choices":[{"data":"Alpha","floor":7.0,"key":"SMITH"},{"floor":15.0,"key":"REST"}],"circlet_count":0,"master_deck":["AscendersBane","Defend_P","Defend_P","Defend_P","Defend_P","Eruption","Vigilance","Alpha+1","Sanctity","Prostrate","Halt","WheelKick","ThirdEye","Sanctity","Judgement","Prostrate","Protect","Vault","SandsOfTime+1","Halt+1","SpiritShield+1","Protect","MasterReality","Omniscience","Protect","Collect"],"relics":["PureWater","Nunchaku","MawBank","Boot","Ice Cream","Astrolabe","Orrery"],"acts_visited":["Exordium","TheCity"],"potions_floor_usage":[],"damage_taken":[{"damage":6.0,"enemies":"Jaw Worm","floor":1.0,"turns":4.0},{"damage":2.0,"enemies":"2 Louse","floor":3.0,"turns":5.0},{"damage":0.0,"enemies":"Small Slimes","floor":5.0,"turns":4.0},{"damage":12.0,"enemies":"3 Sentries","floor":6.0,"turns":4.0},{"damage":14.0,"enemies":"Lagavulin","floor":8.0,"turns":6.0},{"damage":21.0,"enemies":"Gremlin Nob","floor":10.0,"turns":3.0},{"damage":0.0,"enemies":"Exordium Wildlife","floor":11.0,"turns":2.0},{"damage":0.0,"enemies":"Gremlin Gang","floor":12.0,"turns":3.0},{"damage":0.0,"enemies":"Blue Slaver","floor":14.0,"turns":4.0},{"damage":6.0,"enemies":"The Guardian","floor":16.0,"turns":9.0},{"damage":0,"enemies":"Spheric Guardian","floor":18,"turns":1},{"damage":7,"enemies":"2 Thieves","floor":21,"turns":6},{"damage":50,"enemies":"Chosen and Byrds","floor":22,"turns":7}],"seed_played":"-1861301066086735889","potions_obtained":[{"floor":3.0,"key":"StancePotion"},{"floor":10.0,"key":"Fire Potion"},{"floor":11.0,"key":"BlessingOfTheForge"},{"floor":12.0,"key":"StancePotion"},{"floor":14.0,"key":"AttackPotion"},{"floor":18,"key":"FearPotion"}],"is_trial":false,"path_per_floor":["M","?","M","$","M","E","R","E","T","E","M","M","?","M","R","B",null,"M","$","?","M","M"],"character_chosen":"WATCHER","items_purchased":["Halt","WheelKick","Orrery"],"campfire_rested":1,"item_purchase_floors":[4,4,19],"current_hp_per_floor":[55,55,53,53,53,41,41,27,27,6,6,6,6,6,26,20,56,56,56,56,49,0,0],"gold":68,"neow_bonus":"ONE_RANDOM_RARE_CARD","is_daily":false,"chose_seed":false,"campfire_upgraded":1,"win_rate":0.0,"timestamp":1610382690,"path_taken":["M","?","M","$","M","E","R","E","T","E","M","M","?","M","R","BOSS","M","$","?","M","M"],"items_purchased_type":["Card","Card","Relic"],"build_version":"2020-12-22","purchased_purges":1,"victory":false,"max_hp_per_floor":[68,68,68,68,68,68,68,68,68,68,68,68,68,68,68,68,68,68,68,68,68,68,68],"card_choices":[{"not_picked":["Protect","PathToVictory"],"picked":"Sanctity","floor":1.0},{"not_picked":["ClearTheMind","FollowUp"],"picked":"Prostrate","floor":3.0},{"not_picked":["FollowUp","Omniscience","FlyingSleeves"],"picked":"SKIP","floor":5.0},{"not_picked":["Conclude","FollowUp"],"picked":"ThirdEye","floor":6.0},{"not_picked":["SandsOfTime","Consecrate"],"picked":"Sanctity","floor":8.0},{"not_picked":["FlyingSleeves","FollowUp"],"picked":"Judgement","floor":10.0},{"not_picked":["SignatureMove","Pray","FlurryOfBlows"],"picked":"SKIP","floor":11.0},{"not_picked":["Weave","EmptyFist"],"picked":"Prostrate","floor":12.0},{"not_picked":["Swivel","FlurryOfBlows"],"picked":"Protect","floor":14.0},{"not_picked":["MasterReality","Brilliance"],"picked":"Vault","floor":16.0},{"not_picked":["BowlingBash","EmptyFist"],"picked":"Protect","floor":18},{"not_picked":["FlyingSleeves","Fasting2"],"picked":"MasterReality","floor":19},{"not_picked":["FlurryOfBlows","EmptyBody"],"picked":"Omniscience","floor":19},{"not_picked":["PathToVictory","EmptyFist"],"picked":"Protect","floor":19},{"not_picked":["WheelKick+1","Prostrate","FearNoEvil"],"picked":"SKIP","floor":21}],"player_experience":1199290,"relics_obtained":[{"floor":6.0,"key":"Nunchaku"},{"floor":8.0,"key":"MawBank"},{"floor":9.0,"key":"Boot"},{"floor":10.0,"key":"Ice Cream"}],"event_choices":[{"damage_healed":0.0,"max_hp_gain":0.0,"max_hp_loss":0.0,"gold_gain":0.0,"event_name":"Golden Idol","player_choice":"Ignored","floor":2.0,"gold_loss":0.0,"damage_taken":0.0},{"damage_healed":0.0,"max_hp_gain":0.0,"max_hp_loss":0.0,"gold_gain":0.0,"event_name":"Scrap Ooze","player_choice":"Fled","floor":13.0,"gold_loss":0.0,"damage_taken":0.0},{"damage_healed":0,"gold_gain":0,"player_choice":"Read","damage_taken":0,"max_hp_gain":0,"max_hp_loss":0,"event_name":"The Library","floor":20,"gold_loss":0,"cards_obtained":["Collect"]}],"is_beta":false,"boss_relics":[{"not_picked":["Pandora\u0027s Box","Sozu"],"picked":"Astrolabe"}],"items_purged_floors":[19],"is_endless":false,"potions_floor_spawned":[3,10,11,12,14,18],"killed_by":"Chosen and Byrds","ascension_level":20}}