{"host":"me6mz5vfpl3z3a3z","time":1610356274,"event":{"mods":["Act Like it!","Aspiration","BaseMod","CapriCore","Downfall","Friendly Minions","Gensokyo","Hallownest","Koishi","Luminous","Marisa£¨ìFÓê¡¡Ä§ÀíÉ³£©","Minty Spire (QoL Compilation)","Reimu£¨²©ÀöÁéÃÎ£©","RumiaBox-Â¶Ã×æ«µÄÉñÃØºÐ×Ó","Spicy Shops","StSLib","The Alterego","The Bug Knight","The Gatherer","The Runesmith","The Showman","Yakumo Yukari mod","Yuyuko","[IsaacMod]ÒÔÈö¼âËþ","¡¾¹¦ÄÜMod¡¿»ìãçÖ®»·ÐÞ¸´²¹¶¡"],"gold_per_floor":[99,112,112,112,129,38,62,89,109,129,164,188,181,199,218,330,330,330,341,369,369,369,390,390,411,371,371,389,400,400,228,245,345,345,345,362,378,398,336,370,370,370,370,389,407,407,420,430,447,447],"floor_reached":51,"playtime":2580,"items_purged":["hexamod:Strike","hexamod:Defend"],"score":766,"play_id":"36d3246e-ada7-47e9-a6dc-a888db1af273","local_time":"20210111171114","is_ascension_mode":false,"campfire_choices":[{"data":"hexamod:TimeWarp","floor":1,"key":"SMITH"},{"data":"hexamod:TimeWarp","floor":18,"key":"SMITH"},{"floor":27,"key":"REST"},{"data":"hexamod:TimeOfNeed","floor":35,"key":"SMITH"},{"floor":46,"key":"REST"}],"circlet_count":0,"master_deck":["hexamod:Strike+1","hexamod:Strike+1","hexamod:Defend+1","hexamod:Defend+1","hexamod:Float","hexamod:TimeWarp+1","hexamod:StepThrough","hexamod:StepThrough+1","hexamod:SkipABeat+1","hexamod:InspiringFlames","hexamod:TimeWarp+1","hexamod:TimeOfNeed+1","hexamod:InspiringFlames","hexamod:GhostflameBarrier+1","hexamod:EmpoweringStance","hexamod:EmpoweredFlame+1","hexamod:RainOfEmbers","hexamod:RadiantFlame+1","expansioncontent:DarkVoid","hexamod:RadiantFlame+1","hexamod:SpectersWail+1","hexamod:HeatShield+1"],"relics":["hexamod:SpiritBrand","HushsDoor","PillsDrop","Bag of Marbles","Whetstone","hexamod:IceCube","ZunR:ReiMu","hexamod:TheBrokenSeal","Empty Cage","Mastiff:ReiMu","SteamSale","InkBottle","Orichalcum","Question Card"],"acts_visited":["Exordium","TheCity","TheBeyond"],"potions_floor_usage":[11,16,25,33,40,40,50,50,50],"damage_taken":[{"damage":1,"enemies":"Jaw Worm","floor":2,"turns":3},{"damage":0,"enemies":"Cultist","floor":5,"turns":3},{"damage":0,"enemies":"downfall:FleeingMerchant","floor":6,"turns":4},{"damage":1,"enemies":"2 Louse","floor":8,"turns":3},{"damage":14,"enemies":"Exordium Wildlife","floor":9,"turns":6},{"damage":1,"enemies":"3 Louse","floor":10,"turns":3},{"damage":10,"enemies":"3 Sentries","floor":11,"turns":8},{"damage":8,"enemies":"Blue Slaver","floor":12,"turns":3},{"damage":1,"enemies":"downfall:FleeingMerchant","floor":13,"turns":4},{"damage":0,"enemies":"Exordium Wildlife","floor":14,"turns":3},{"damage":4,"enemies":"Large Slime","floor":15,"turns":6},{"damage":46,"enemies":"downfall:Silent","floor":16,"turns":9},{"damage":0,"enemies":"Chosen","floor":19,"turns":3},{"damage":32,"enemies":"Snake Plant","floor":20,"turns":6},{"damage":5,"enemies":"Cultist and Chosen","floor":23,"turns":5},{"damage":33,"enemies":"Chosen and Byrds","floor":25,"turns":6},{"damage":13,"enemies":"Centurion and Healer","floor":28,"turns":4},{"damage":0,"enemies":"Snake Plant","floor":29,"turns":1},{"damage":0,"enemies":"downfall:FleeingMerchant","floor":31,"turns":4},{"damage":0,"enemies":"Shelled Parasite and Fungi","floor":32,"turns":3},{"damage":15,"enemies":"downfall:Ironclad","floor":33,"turns":5},{"damage":0,"enemies":"3 Shapes","floor":36,"turns":4},{"damage":0,"enemies":"3 Darklings","floor":37,"turns":5},{"damage":0,"enemies":"Maw","floor":38,"turns":5},{"damage":0,"enemies":"downfall:FleeingMerchant","floor":39,"turns":2},{"damage":64,"enemies":"Nemesis","floor":40,"turns":9},{"damage":0,"enemies":"Jaw Worm Horde","floor":44,"turns":2},{"damage":0,"enemies":"Transient","floor":45,"turns":5},{"damage":0,"enemies":"Spire Growth","floor":47,"turns":3},{"damage":1,"enemies":"Sphere and 2 Shapes","floor":48,"turns":3},{"damage":0,"enemies":"HollowMod:SlobberingHusk","floor":49,"turns":7},{"damage":0,"enemies":"downfall:Defect","floor":50,"turns":5}],"seed_played":"-3681850905760235544","potions_obtained":[{"floor":5,"key":"FearPotion"},{"floor":9,"key":"SpeedPotion"},{"floor":11,"key":"GamblersBrew"},{"floor":14,"key":"PowerPotion"},{"floor":23,"key":"FearPotion"},{"floor":25,"key":"Weak Potion"},{"floor":37,"key":"EssenceOfSteel"},{"floor":40,"key":"champ:CounterPotion"},{"floor":44,"key":"Swift Potion"}],"is_trial":false,"path_per_floor":["R","M","?","?","M","$","T","M","M","M","E","M","$","M","M","B",null,"R","M","M","?","?","M","T","M","?","R","M","M","?","$","M","B",null,"R","M","M","M","$","E","T","?","?","M","M","R","M","M","M","B",null],"character_chosen":"THE_SPIRIT","items_purchased":["hexamod:SecondSeal","hexamod:SixthSeal","hexamod:InspiringFlames","Mastiff:ReiMu","SteamSale","InkBottle"],"campfire_rested":2,"item_purchase_floors":[6,17,31,39,39,39],"current_hp_per_floor":[70,72,72,72,72,72,72,71,64,63,53,52,58,63,59,23,62,62,65,40,61,61,56,56,30,30,49,75,75,75,70,70,55,70,70,70,70,70,70,6,6,6,6,6,6,27,27,26,26,26],"gold":447,"neow_bonus":"ONE_RANDOM_RARE_CARD","is_daily":false,"chose_seed":false,"campfire_upgraded":3,"win_rate":0.0,"timestamp":1610356274,"path_taken":["R","M","?","?","M","?","T","M","M","M","E","M","$","M","M","BOSS","R","M","M","?","?","M","T","M","?","R","M","M","?","$","M","BOSS","R","M","M","M","$","E","T","?","?","M","M","R","M","M","M","BOSS"],"items_purchased_type":["Card","Card","Card","Relic","Relic","Relic"],"build_version":"2020-12-22","purchased_purges":2,"victory":true,"max_hp_per_floor":[70,73,73,73,73,73,73,73,68,63,63,63,63,63,63,66,62,62,65,65,65,65,65,65,65,65,65,75,75,75,70,70,70,70,70,70,70,70,70,70,70,70,70,70,70,70,70,70,70,70],"card_choices":[{"not_picked":["hexamod:NightmareStrike","hexamod:SwordOfDarkness"],"picked":"hexamod:StepThrough","floor":2},{"not_picked":["Bomb","hexamod:ThermalTransfer","hexamod:RainOfEmbers"],"picked":"SKIP","floor":5},{"not_picked":["hexamod:HeatMetal","hexamod:GhostShield","hexamod:GhostOfSpirePresent"],"picked":"SKIP","floor":6},{"not_picked":["hexamod:SpectralAdrenaline","hexamod:Again"],"picked":"hexamod:FirstSeal","floor":8},{"not_picked":["hexamod:HeatCrush","hexamod:NightmareGuise","hexamod:ShieldOfDarkness"],"picked":"SKIP","floor":9},{"not_picked":["hexamod:GhostflameBarrier","hexamod:SkipABeat"],"picked":"hexamod:StepThrough","floor":10},{"not_picked":["Bomb","hexamod:Hexaguard"],"picked":"hexamod:SkipABeat","floor":11},{"not_picked":["hexamod:Firestarter","hexamod:ExtraCrispy","hexamod:NightmareGuise"],"picked":"SKIP","floor":12},{"not_picked":["hexamod:BurningTouch","hexamod:SpectersWail"],"picked":"hexamod:FifthSeal","floor":13},{"not_picked":["hexamod:HeatCrush","hexamod:StepThrough"],"picked":"hexamod:InspiringFlames","floor":14},{"not_picked":["hexamod:SpectersWail","hexamod:ShieldOfDarkness","hexamod:Firestarter"],"picked":"SKIP","floor":15},{"not_picked":["hexamod:WildfireWeapon","hexamod:CrushingStance"],"picked":"hexamod:TimeWarp","floor":16},{"not_picked":["hexamod:BurningTouch","hexamod:ShieldOfDarkness+1","hexamod:Again"],"picked":"SKIP","floor":19},{"not_picked":["hexamod:BurningTouch","hexamod:ShieldOfDarkness+1","hexamod:Again"],"picked":"SKIP","floor":19},{"not_picked":["hexamod:GhostLash","hexamod:HauntingEcho","hexamod:SwordOfDarkness+1"],"picked":"SKIP","floor":20},{"not_picked":["hexamod:FirstSeal","hexamod:SecondSeal"],"picked":"hexamod:ThirdSeal","floor":23},{"not_picked":["hexamod:BurningTouch","hexamod:GhostShield","hexamod:ParanormalForm"],"picked":"SKIP","floor":23},{"not_picked":["hexamod:ThirdSeal","hexamod:SecondSeal"],"picked":"hexamod:FourthSeal","floor":25},{"not_picked":["hexamod:BacktrackSmack","hexamod:SwordOfDarkness","hexamod:AdvancingGuard"],"picked":"SKIP","floor":25},{"not_picked":["hexamod:GhostLash","hexamod:Firestarter","hexamod:FourthSeal"],"picked":"SKIP","floor":25},{"not_picked":["hexamod:GhostOfSpirePast","hexamod:FastForward","hexamod:SwordOfDarkness"],"picked":"SKIP","floor":28},{"not_picked":["hexamod:GhostOfSpirePast","hexamod:FastForward","hexamod:SwordOfDarkness"],"picked":"SKIP","floor":28},{"not_picked":["hexamod:NecessarySacrifice","hexamod:ParanormalForm","hexamod:BurningTouch+1"],"picked":"SKIP","floor":29},{"not_picked":["hexamod:GhostShield","hexamod:EmpoweredFlame"],"picked":"hexamod:TimeOfNeed","floor":31},{"not_picked":["hexamod:Incineration","hexamod:AdvancingGuard"],"picked":"hexamod:GhostflameBarrier+1","floor":32},{"not_picked":["hexamod:WildfireWeapon","hexamod:FifthSeal"],"picked":"hexamod:EmpoweringStance","floor":33},{"not_picked":["hexamod:Incineration","hexamod:BurningTouch"],"picked":"hexamod:EmpoweredFlame+1","floor":36},{"not_picked":["hexamod:RetreatToShadows+1","hexamod:SearingWound"],"picked":"hexamod:RainOfEmbers","floor":37},{"not_picked":["hexamod:ThermalTransfer","hexamod:CatchUp+1","hexamod:HauntingEcho+1"],"picked":"SKIP","floor":38},{"not_picked":["hexamod:ExtraCrispy","hexamod:SpectersWail"],"picked":"hexamod:RadiantFlame+1","floor":39},{"not_picked":["hexamod:NightmareGuise","hexamod:AdvancingGuard","hexamod:Haunt"],"picked":"SKIP","floor":40},{"not_picked":["expansioncontent:GuardianWhirl","expansioncontent:Flail","expansioncontent:ChargeUp"],"picked":"expansioncontent:DarkVoid","floor":43},{"not_picked":["hexamod:GhostLash","hexamod:AdvancingGuard+1","hexamod:InspiringFlames+1"],"picked":"hexamod:RadiantFlame+1","floor":44},{"not_picked":["hexamod:Haunt","hexamod:FirstSeal","hexamod:NightmareGuise"],"picked":"hexamod:SpectersWail+1","floor":45},{"not_picked":["hexamod:BacktrackSmack","hexamod:GhostLash+1","hexamod:HauntingEcho+1"],"picked":"hexamod:HeatShield+1","floor":47},{"not_picked":["hexamod:FastForward","hexamod:NightmareStrike","hexamod:AdvancingGuard","hexamod:ExtraCrispy"],"picked":"SKIP","floor":48},{"not_picked":["hexamod:ThirdSeal","hexamod:NightmareStrike+1","hexamod:HauntingEcho","hexamod:ThermalTransfer"],"picked":"SKIP","floor":49}],"player_experience":421322,"relics_obtained":[{"floor":7,"key":"Bag of Marbles"},{"floor":11,"key":"Whetstone"},{"floor":40,"key":"Orichalcum"},{"floor":41,"key":"Question Card"}],"event_choices":[{"damage_healed":21,"gold_gain":0,"player_choice":"Heal","damage_taken":0,"max_hp_gain":0,"max_hp_loss":0,"event_name":"The Library","floor":21,"gold_loss":0},{"damage_healed":0,"gold_gain":0,"player_choice":"¹ºÂòÉñ¾Æ","damage_taken":0,"relics_obtained":["ZunR:ReiMu"],"max_hp_gain":0,"max_hp_loss":0,"event_name":"ZunEvent","floor":26,"gold_loss":40},{"cards_removed":["hexamod:Sear"],"damage_healed":0,"gold_gain":0,"player_choice":"Card Removal","damage_taken":0,"max_hp_gain":0,"max_hp_loss":0,"event_name":"Wheel of Change","floor":42,"gold_loss":0}],"is_beta":false,"boss_relics":[{"not_picked":["Snecko Eye","aspiration:FutureDiary"],"picked":"hexamod:IceCube"},{"not_picked":[]},{"not_picked":["aspiration:RunicSpoon","Velvet Choker"],"picked":"Empty Cage"},{"not_picked":[]}],"items_purged_floors":[31,39],"is_endless":false,"potions_floor_spawned":[5,9,11,14,23,25,29,37,40,44,48],"ascension_level":0}}