{"host":"d61fcf2p3sjwe6yo","time":1610355348,"event":{"mods":["AchievementEnabler","BaseMod","Colored Map","Minty Spire (QoL Compilation)","StSLib","SuperFastMode"],"gold_per_floor":[118,131,145,145,160,160,187,187,211,230,246,275,200,225,225,324,324,335,346,46,64,84,109,109,119,143,158,191,203,203,203,203,306,306,325,339,36,36,50,61,78,429,429,464,514,514,543,553,553,553],"floor_reached":51,"playtime":1994,"items_purged":["Strike_P"],"score":1351,"play_id":"653cc838-4e4b-4780-bf26-09407bb9a798","local_time":"20210111115548","is_ascension_mode":true,"campfire_choices":[{"data":"Worship","floor":6.0,"key":"SMITH"},{"data":"Vigilance","floor":8.0,"key":"SMITH"},{"floor":15.0,"key":"REST"},{"floor":24.0,"key":"REST"},{"floor":32,"key":"REST"},{"floor":46,"key":"REST"},{"data":"1","floor":49,"key":"LIFT"}],"circlet_count":0,"master_deck":["AscendersBane","Strike_P+1","Strike_P+1","Strike_P+1","Defend_P+1","Defend_P+1","Defend_P+1","Eruption","Vigilance+1","Worship+1","WheelKick","Ragnarok","Ragnarok","Swivel","InnerPeace+1","Vault","Ragnarok+1","Swivel+1","Wallop+1","Parasite","SpiritShield+1"],"relics":["Snecko Eye","Art of War","Nunchaku","Ancient Tea Set","Orichalcum","Fusion Hammer","Ice Cream","Kunai","Bag of Marbles","Ornamental Fan","Sozu","Lantern","ClockworkSouvenir","Old Coin","Girya","Toxic Egg 2","Gambling Chip"],"acts_visited":["Exordium","TheCity","TheBeyond"],"potions_floor_usage":[33,33],"damage_taken":[{"damage":0.0,"enemies":"Cultist","floor":1.0,"turns":2.0},{"damage":2.0,"enemies":"Jaw Worm","floor":2.0,"turns":4.0},{"damage":0.0,"enemies":"2 Louse","floor":3.0,"turns":1.0},{"damage":2.0,"enemies":"Gremlin Gang","floor":5.0,"turns":6.0},{"damage":28.0,"enemies":"Lagavulin","floor":7.0,"turns":9.0},{"damage":0.0,"enemies":"Large Slime","floor":10.0,"turns":2.0},{"damage":0.0,"enemies":"Blue Slaver","floor":11.0,"turns":1.0},{"damage":0.0,"enemies":"Gremlin Nob","floor":12.0,"turns":2.0},{"damage":14.0,"enemies":"3 Sentries","floor":14.0,"turns":5.0},{"damage":17.0,"enemies":"The Guardian","floor":16.0,"turns":6.0},{"damage":0.0,"enemies":"Spheric Guardian","floor":18.0,"turns":1.0},{"damage":2.0,"enemies":"Shell Parasite","floor":19.0,"turns":2.0},{"damage":0.0,"enemies":"Cultist and Chosen","floor":21.0,"turns":3.0},{"damage":6.0,"enemies":"Centurion and Healer","floor":22.0,"turns":3.0},{"damage":17.0,"enemies":"Gremlin Leader","floor":23.0,"turns":4.0},{"damage":0.0,"enemies":"Shelled Parasite and Fungi","floor":25.0,"turns":1.0},{"damage":0.0,"enemies":"Snecko","floor":27.0,"turns":2.0},{"damage":16.0,"enemies":"Slavers","floor":28.0,"turns":3.0},{"damage":9.0,"enemies":"Snake Plant","floor":29.0,"turns":3.0},{"damage":0,"enemies":"Champ","floor":33,"turns":3},{"damage":0,"enemies":"Orb Walker","floor":35,"turns":1},{"damage":0,"enemies":"3 Shapes","floor":36,"turns":3},{"damage":0,"enemies":"Writhing Mass","floor":39,"turns":3},{"damage":20,"enemies":"4 Shapes","floor":40,"turns":3},{"damage":0,"enemies":"3 Darklings","floor":41,"turns":2},{"damage":0,"enemies":"2 Orb Walkers","floor":42,"turns":2},{"damage":16,"enemies":"Nemesis","floor":44,"turns":3},{"damage":0,"enemies":"Mind Bloom Boss Battle","floor":45,"turns":2},{"damage":0,"enemies":"Giant Head","floor":47,"turns":2},{"damage":0,"enemies":"Writhing Mass","floor":48,"turns":3},{"damage":10,"enemies":"Awakened One","floor":50,"turns":8}],"seed_played":"-7333279839023471768","potions_obtained":[{"floor":1.0,"key":"ColorlessPotion"},{"floor":3.0,"key":"Weak Potion"},{"floor":5.0,"key":"SpeedPotion"},{"floor":11.0,"key":"GamblersBrew"},{"floor":19.0,"key":"ColorlessPotion"},{"floor":21.0,"key":"SneckoOil"},{"floor":25.0,"key":"Strength Potion"},{"floor":29.0,"key":"Strength Potion"}],"is_trial":false,"path_per_floor":["M","M","M","?","M","R","E","R","T","M","M","E","$","E","R","B",null,"M","M","$","M","M","E","R","M","T","M","E","M","?","?","R","B",null,"M","M","$","?","M","M","M","?","T","E","?","R","E","M","R","B",null],"character_chosen":"WATCHER","items_purchased":["Ice Cream","Lantern","ClockworkSouvenir"],"campfire_rested":4,"item_purchase_floors":[20,37,37],"current_hp_per_floor":[65,63,63,63,61,61,33,33,33,33,33,33,33,19,40,23,60,60,58,58,58,52,35,56,56,56,56,40,31,31,31,52,52,67,67,67,67,67,67,47,47,47,47,31,31,52,52,52,52,42],"gold":553,"neow_bonus":"BOSS_RELIC","is_daily":false,"chose_seed":false,"campfire_upgraded":2,"win_rate":0.0,"timestamp":1610355348,"path_taken":["M","M","M","?","M","R","E","R","T","M","M","E","$","E","R","BOSS","M","M","$","M","M","E","R","M","T","?","E","M","?","?","R","BOSS","M","?","$","?","M","M","?","?","T","E","?","R","E","M","R","BOSS"],"items_purchased_type":["Relic","Relic","Relic"],"build_version":"2020-12-22","purchased_purges":1,"victory":true,"max_hp_per_floor":[72,72,72,72,72,72,72,72,72,72,72,72,72,72,72,72,72,72,72,72,72,72,72,72,72,72,72,72,72,72,72,72,72,72,72,72,72,72,72,72,72,72,72,72,72,72,72,72,72,72],"card_choices":[{"not_picked":["TalkToTheHand","FlyingSleeves","CarveReality"],"picked":"SKIP","floor":1.0},{"not_picked":["JustLucky","BowlingBash","FollowUp"],"picked":"SKIP","floor":2.0},{"not_picked":["FollowUp","InnerPeace","Study"],"picked":"SKIP","floor":3.0},{"not_picked":["EmptyBody","Weave"],"picked":"Worship","floor":5.0},{"not_picked":["FlyingSleeves","WaveOfTheHand","MentalFortress"],"picked":"SKIP","floor":7.0},{"not_picked":["FlyingSleeves","Halt"],"picked":"WheelKick","floor":10.0},{"not_picked":["Protect","CutThroughFate"],"picked":"Ragnarok","floor":11.0},{"not_picked":["CrushJoints","WaveOfTheHand","FlyingSleeves"],"picked":"SKIP","floor":12.0},{"not_picked":["Swivel","JustLucky"],"picked":"Ragnarok","floor":14.0},{"not_picked":["ClearTheMind","PathToVictory","SignatureMove"],"picked":"SKIP","floor":18.0},{"not_picked":["LikeWater","TalkToTheHand","JustLucky"],"picked":"SKIP","floor":19.0},{"not_picked":["BowlingBash","Consecrate+1"],"picked":"Swivel","floor":21.0},{"not_picked":["TalkToTheHand+1","ClearTheMind"],"picked":"InnerPeace+1","floor":22.0},{"not_picked":["Judgement","ThirdEye","Study"],"picked":"SKIP","floor":23.0},{"not_picked":["WreathOfFlame","SashWhip","CutThroughFate"],"picked":"SKIP","floor":25.0},{"not_picked":["SignatureMove","EmptyFist+1","EmptyBody"],"picked":"SKIP","floor":27.0},{"not_picked":["FlyingSleeves+1","PathToVictory","FearNoEvil"],"picked":"SKIP","floor":28.0},{"not_picked":["WaveOfTheHand","Consecrate+1","BowlingBash"],"picked":"SKIP","floor":29.0},{"not_picked":["Brilliance","Judgement"],"picked":"Ragnarok","floor":33},{"not_picked":["FollowUp+1","Crescendo","Conclude+1"],"picked":"SKIP","floor":35},{"not_picked":["FollowUp+1","ClearTheMind","Pray+1"],"picked":"SKIP","floor":36},{"not_picked":["BowlingBash+1","BattleHymn","Study+1"],"picked":"SKIP","floor":39},{"not_picked":["Alpha","Wireheading","SashWhip+1"],"picked":"SKIP","floor":40},{"not_picked":["Collect","EmptyBody","ClearTheMind"],"picked":"SKIP","floor":41},{"not_picked":["EmptyFist","Prostrate+1","FlurryOfBlows+1"],"picked":"SKIP","floor":44},{"not_picked":["FlyingSleeves","Sanctity+1"],"picked":"Swivel+1","floor":45},{"not_picked":["Adaptation+1","CrushJoints"],"picked":"Wallop+1","floor":47},{"not_picked":["CutThroughFate","SignatureMove"],"picked":"SpiritShield+1","floor":48}],"player_experience":188513,"relics_obtained":[{"floor":7.0,"key":"Art of War"},{"floor":9.0,"key":"Nunchaku"},{"floor":12.0,"key":"Ancient Tea Set"},{"floor":14.0,"key":"Orichalcum"},{"floor":23.0,"key":"Kunai"},{"floor":26.0,"key":"Bag of Marbles"},{"floor":28.0,"key":"Ornamental Fan"},{"floor":42,"key":"Old Coin"},{"floor":43,"key":"Girya"},{"floor":44,"key":"Toxic Egg 2"},{"floor":45,"key":"Gambling Chip"}],"event_choices":[{"cards_removed":["Defend_P"],"damage_healed":0.0,"max_hp_gain":0.0,"max_hp_loss":0.0,"gold_gain":0.0,"event_name":"Purifier","player_choice":"Purged","floor":4.0,"gold_loss":0.0,"damage_taken":0.0},{"damage_healed":0.0,"max_hp_gain":0.0,"max_hp_loss":0.0,"gold_gain":0.0,"event_name":"Back to Basics","player_choice":"Simplicity","floor":30.0,"gold_loss":0.0,"damage_taken":0.0,"cards_upgraded":["Strike_P","Strike_P","Strike_P","Defend_P","Defend_P","Defend_P"]},{"damage_healed":0,"gold_gain":0,"player_choice":"1 cards matched","damage_taken":0,"max_hp_gain":0,"max_hp_loss":0,"event_name":"Match and Keep!","floor":31,"gold_loss":0,"cards_obtained":["Vault"]},{"damage_healed":0,"gold_gain":0,"player_choice":"Forge","damage_taken":0,"max_hp_gain":0,"max_hp_loss":0,"event_name":"Accursed Blacksmith","floor":38,"gold_loss":0,"cards_upgraded":["Ragnarok"]},{"damage_healed":0,"gold_gain":0,"player_choice":"Fight","damage_taken":0,"max_hp_gain":0,"max_hp_loss":0,"event_name":"Mysterious Sphere","floor":42,"gold_loss":0},{"damage_healed":0,"gold_gain":0,"player_choice":"Fight","damage_taken":0,"max_hp_gain":0,"max_hp_loss":0,"event_name":"MindBloom","floor":45,"gold_loss":0}],"is_beta":false,"boss_relics":[{"not_picked":["Tiny House","SlaversCollar"],"picked":"Fusion Hammer"},{"not_picked":["Coffee Dripper","Astrolabe"],"picked":"Sozu"}],"items_purged_floors":[13],"is_endless":false,"potions_floor_spawned":[1,3,5,11,12,19,21,23,25,29,39,40,41,42,47],"ascension_level":11}}