{"host":"tmzq6unyecs2p367","time":1610399295,"event":{"mods":["BaseMod","Koishi","Minty Spire (QoL Compilation)","StSLib","The Bug Knight","The Dragon Tamer","The Juggle","The Senshi"],"gold_per_floor":[116,191,18,18,37,75,40,40,40,40,40,40],"floor_reached":10,"playtime":338,"items_purged":["DTMod:Strike"],"score":70,"play_id":"ce67129a-3cd9-4821-9288-53cdcc704459","local_time":"20210111220815","is_ascension_mode":true,"metric_token":531,"campfire_choices":[{"data":"DTMod:Training","floor":8,"key":"SMITH"}],"dtmod_dragon_data":[39,50,-1,-1,0,0],"circlet_count":0,"master_deck":["DTMod:Strike","DTMod:Strike","DTMod:Strike","DTMod:DoubleHit","DTMod:TargetDefense","DTMod:TargetDefense","DTMod:TargetDefense","DTMod:TargetDefense","DTMod:SwitchingTactic","DTMod:Feint","DTMod:Dissolve","DTMod:CleansingStrike","DTMod:Training+1","DTMod:GearUp"],"relics":["SacredBark","Golden Idol","White Beast Statue","HornCleat"],"acts_visited":["Exordium"],"potions_floor_usage":[6],"damage_taken":[{"damage":4,"enemies":"Jaw Worm","floor":1,"turns":5},{"damage":2,"enemies":"2 Louse","floor":5,"turns":3},{"damage":13,"enemies":"3 Sentries","floor":6,"turns":5},{"damage":32,"enemies":"HollowMod:MossKnight","floor":10,"turns":8}],"seed_played":"-5708689170830715688","potions_obtained":[{"floor":5,"key":"Explosive Potion"}],"is_trial":false,"path_per_floor":["M","?","$","?","M","E","?","R","T","E"],"character_chosen":"THE_DT","items_purchased":["DTMod:Dissolve","DTMod:CleansingStrike"],"campfire_rested":0,"item_purchase_floors":[3,3],"current_hp_per_floor":[41,30,30,30,28,15,25,25,25,0,0,0],"gold":40,"neow_bonus":"BOSS_RELIC","is_daily":false,"chose_seed":false,"campfire_upgraded":1,"win_rate":0.0,"timestamp":1610399295,"path_taken":["M","?","$","?","M","E","?","R","T","E"],"items_purchased_type":["Card","Card"],"build_version":"2020-12-22","purchased_purges":1,"victory":false,"max_hp_per_floor":[45,45,45,42,42,42,42,42,42,42,42,42],"card_choices":[{"not_picked":["DTMod:Hide","DTMod:Threaten"],"picked":"DTMod:Feint","floor":1},{"not_picked":["DTMod:BurningEnergy","DTMod:BreakAttack"],"picked":"DTMod:Training","floor":5},{"not_picked":["DTMod:BuildUp","DTMod:BizarreTactic"],"picked":"DTMod:GearUp","floor":6}],"player_experience":1828831,"relics_obtained":[{"floor":6,"key":"White Beast Statue"},{"floor":9,"key":"HornCleat"}],"event_choices":[{"damage_healed":0,"gold_gain":75,"player_choice":"Gather Gold","damage_taken":11,"max_hp_gain":0,"max_hp_loss":0,"event_name":"World of Goop","floor":2,"gold_loss":0},{"damage_healed":0,"gold_gain":0,"player_choice":"Lose Max HP","damage_taken":0,"relics_obtained":["Golden Idol"],"max_hp_gain":0,"max_hp_loss":3,"event_name":"Golden Idol","floor":4,"gold_loss":0},{"damage_healed":10,"gold_gain":0,"player_choice":"Healed","damage_taken":0,"max_hp_gain":0,"max_hp_loss":0,"event_name":"The Cleric","floor":7,"gold_loss":35}],"is_beta":false,"boss_relics":[],"items_purged_floors":[3],"is_endless":false,"potions_floor_spawned":[5],"killed_by":"HollowMod:MossKnight","ascension_level":2}}