{"host":"xcuflocadasoaqda","time":1610327399,"event":{"mods":["BaseMod","Bestiary","Filter the Spire","Minty Spire (QoL Compilation)","Relic Stats"],"gold_per_floor":[117,42,54,71,85,114,114,141,141,166,166,176,194,28,28,104,104,122,133,58,58,68,68,103,114,114,114,140,150,175,187,187,266,266,276,331,341,360,360,385,385,385,385,385,396,396,396],"floor_reached":46,"playtime":1755,"items_purged":[],"score":1289,"play_id":"627de5df-9845-4b7e-b03a-9b703303dba9","local_time":"20210110190959","is_ascension_mode":true,"campfire_choices":[{"data":"Inflame","floor":7,"key":"SMITH"},{"data":"Disarm","floor":15,"key":"SMITH"},{"data":"Flex","floor":27,"key":"SMITH"},{"data":"Shockwave","floor":32,"key":"SMITH"},{"data":"1","floor":41,"key":"LIFT"}],"circlet_count":0,"master_deck":["AscendersBane","Bash","Heavy Blade","Heavy Blade","Offering+1","Inflame+1","Shrug It Off+1","Spot Weakness","Flex+1","Flame Barrier","Pommel Strike","Thunderclap","Metallicize","Corruption","Flame Barrier","Feed","Shockwave+1","Disarm+1","Immolate","Burning Pact+1","Pain","Evolve","Sword Boomerang","Battle Trance","Barricade","Ghostly Armor","Bloodletting"],"relics":["Pandora\u0027s Box","Bottled Tornado","War Paint","Pen Nib","Meat on the Bone","Orrery","Cursed Key","Blue Candle","Happy Flower","Mercury Hourglass","Coffee Dripper","Thread and Needle","Girya"],"acts_visited":["Exordium","TheCity","TheBeyond"],"potions_floor_usage":[6,8,28,38],"damage_taken":[{"damage":6.0,"enemies":"Jaw Worm","floor":1.0,"turns":3.0},{"damage":6.0,"enemies":"2 Louse","floor":3.0,"turns":1.0},{"damage":0.0,"enemies":"Cultist","floor":4.0,"turns":2.0},{"damage":11.0,"enemies":"Exordium Thugs","floor":5.0,"turns":3.0},{"damage":8,"enemies":"3 Sentries","floor":6,"turns":5},{"damage":6,"enemies":"Lagavulin","floor":8,"turns":4},{"damage":6,"enemies":"Gremlin Nob","floor":10,"turns":2},{"damage":0,"enemies":"2 Fungi Beasts","floor":12,"turns":2},{"damage":6,"enemies":"Red Slaver","floor":13,"turns":1},{"damage":22,"enemies":"The Guardian","floor":16,"turns":8},{"damage":9,"enemies":"2 Thieves","floor":18,"turns":3},{"damage":24,"enemies":"Shell Parasite","floor":19,"turns":4},{"damage":13,"enemies":"Snake Plant","floor":22,"turns":4},{"damage":37,"enemies":"Gremlin Leader","floor":24,"turns":4},{"damage":0,"enemies":"Snecko","floor":25,"turns":4},{"damage":26,"enemies":"Slavers","floor":28,"turns":4},{"damage":22,"enemies":"Cultist and Chosen","floor":29,"turns":5},{"damage":6,"enemies":"Book of Stabbing","floor":30,"turns":2},{"damage":13,"enemies":"Chosen and Byrds","floor":31,"turns":5},{"damage":35,"enemies":"Collector","floor":33,"turns":7},{"damage":41,"enemies":"3 Darklings","floor":35,"turns":4},{"damage":23,"enemies":"2 Orb Walkers","floor":36,"turns":3},{"damage":8,"enemies":"Orb Walker","floor":37,"turns":3},{"damage":16,"enemies":"3 Darklings","floor":38,"turns":3},{"damage":26,"enemies":"Giant Head","floor":40,"turns":7},{"damage":28,"enemies":"Spire Growth","floor":45,"turns":3},{"damage":25,"enemies":"Jaw Worm Horde","floor":46,"turns":2}],"seed_played":"-5623736546980390048","potions_obtained":[{"floor":3.0,"key":"ColorlessPotion"},{"floor":6,"key":"Regen Potion"},{"floor":10,"key":"SpeedPotion"},{"floor":12,"key":"BloodPotion"},{"floor":13,"key":"FearPotion"},{"floor":19,"key":"Ancient Potion"},{"floor":29,"key":"SpeedPotion"},{"floor":35,"key":"Fruit Juice"},{"floor":38,"key":"SpeedPotion"}],"is_trial":false,"path_per_floor":["M","?","M","M","M","E","R","E","T","E","?","M","M","$","R","B",null,"M","M","?","$","M","$","E","M","T","R","E","M","E","M","R","B",null,"M","?","M","M","?","E","R","?","T","?","M","M"],"character_chosen":"IRONCLAD","items_purchased":["Orrery"],"campfire_rested":0,"item_purchase_floors":[14],"current_hp_per_floor":[62,62,56,56,45,37,37,43,43,37,37,49,43,43,43,36,68,62,53,53,53,52,52,27,42,42,42,45,35,44,46,46,26,79,53,42,46,47,47,33,33,33,33,33,17,0,0],"gold":396,"neow_bonus":"BOSS_RELIC","is_daily":false,"chose_seed":false,"campfire_upgraded":4,"win_rate":0.0,"timestamp":1610327399,"path_taken":["M","?","M","M","M","E","R","E","T","E","?","?","M","?","R","BOSS","M","M","?","?","M","$","E","M","T","R","E","?","E","M","R","BOSS","M","?","M","M","?","E","R","?","T","?","?","M"],"items_purchased_type":["Relic"],"build_version":"2020-12-22","purchased_purges":0,"victory":false,"max_hp_per_floor":[75,75,75,75,75,75,75,75,75,75,75,75,75,75,75,78,78,81,84,84,84,84,84,84,87,87,87,87,87,90,93,93,96,96,99,99,99,104,104,104,104,104,104,104,104,104,104],"relic_stats":{"Happy Flower":[14],"counters":[27,96],"Blue Candle":[10],"Pandora\u0027s Box":["Heavy Blade","Seeing Red","Heavy Blade","Offering","Inflame","Shrug It Off","Spot Weakness","Iron Wave","Reckless Charge"],"Pen Nib":[12],"War Paint":["Offering","Shrug It Off"],"Cursed Key":1,"obtain_stats":[{"Girya":40,"Happy Flower":28,"Blue Candle":24,"Thread and Needle":36,"Pen Nib":9,"Bottled Tornado":6,"War Paint":8,"Cursed Key":17,"Burning Blood":0,"Mercury Hourglass":30,"Orrery":14,"Pandora\u0027s Box":0,"Coffee Dripper":34,"Meat on the Bone":10},{"Girya":25,"Happy Flower":16,"Blue Candle":14,"Thread and Needle":22,"Pen Nib":6,"Bottled Tornado":5,"War Paint":6,"Cursed Key":10,"Burning Blood":0,"Mercury Hourglass":18,"Orrery":9,"Pandora\u0027s Box":0,"Coffee Dripper":20,"Meat on the Bone":7},{"Girya":91,"Happy Flower":54,"Blue Candle":46,"Thread and Needle":79,"Pen Nib":18,"Bottled Tornado":14,"War Paint":18,"Cursed Key":31,"Burning Blood":0,"Mercury Hourglass":61,"Orrery":23,"Pandora\u0027s Box":0,"Coffee Dripper":73,"Meat on the Bone":20}],"Meat on the Bone":204,"Mercury Hourglass":[150]},"card_choices":[{"not_picked":["Clothesline","Havoc"],"picked":"Flex","floor":1.0},{"not_picked":["Infernal Blade","Perfected Strike","Dual Wield"],"picked":"SKIP","floor":3.0},{"not_picked":["Ghostly Armor","Twin Strike"],"picked":"Flame Barrier","floor":4.0},{"not_picked":["Burning Pact","Clash"],"picked":"Pommel Strike","floor":5.0},{"not_picked":["Seeing Red","Dropkick"],"picked":"Thunderclap","floor":6},{"not_picked":["Clothesline","Rampage","Havoc"],"picked":"SKIP","floor":8},{"not_picked":["Clothesline","Rampage","Havoc"],"picked":"SKIP","floor":8},{"not_picked":["Sentinel","Iron Wave","Thunderclap"],"picked":"SKIP","floor":10},{"not_picked":["Clothesline","Combust","Havoc"],"picked":"SKIP","floor":12},{"not_picked":["Iron Wave","True Grit"],"picked":"Flame Barrier","floor":13},{"not_picked":["Havoc","Clothesline"],"picked":"Feed","floor":14},{"not_picked":["Iron Wave","Heavy Blade"],"picked":"Shockwave","floor":14},{"not_picked":["Battle Trance","Flame Barrier"],"picked":"Disarm","floor":14},{"not_picked":["Juggernaut","Berserk"],"picked":"Immolate","floor":16},{"not_picked":["Armaments+1","Anger"],"picked":"Burning Pact+1","floor":18},{"not_picked":["Pommel Strike","Seeing Red","Blood for Blood"],"picked":"SKIP","floor":19},{"not_picked":["Anger","Warcry","Combust"],"picked":"SKIP","floor":22},{"not_picked":["Headbutt","Warcry","Heavy Blade"],"picked":"SKIP","floor":24},{"not_picked":["Headbutt","Second Wind","Anger"],"picked":"SKIP","floor":25},{"not_picked":["Shockwave","Searing Blow","Sword Boomerang"],"picked":"SKIP","floor":28},{"not_picked":["Intimidate","Uppercut"],"picked":"Evolve","floor":29},{"not_picked":["Fiend Fire","Thunderclap"],"picked":"Sword Boomerang","floor":30},{"not_picked":["Anger","Twin Strike"],"picked":"Battle Trance","floor":31},{"not_picked":["Berserk","Juggernaut"],"picked":"Barricade","floor":33},{"not_picked":["Blood for Blood","Iron Wave+1"],"picked":"Ghostly Armor","floor":35},{"not_picked":["Warcry","Perfected Strike","Carnage"],"picked":"SKIP","floor":37},{"not_picked":["Inflame","Perfected Strike","Burning Pact"],"picked":"SKIP","floor":38},{"not_picked":["Thunderclap","Clash","Flex"],"picked":"SKIP","floor":40},{"not_picked":["Uppercut","Iron Wave","Second Wind"],"picked":"SKIP","floor":45}],"player_experience":1896475,"relics_obtained":[{"floor":6,"key":"Bottled Tornado"},{"floor":8,"key":"War Paint"},{"floor":9,"key":"Pen Nib"},{"floor":10,"key":"Meat on the Bone"},{"floor":24,"key":"Blue Candle"},{"floor":28,"key":"Happy Flower"},{"floor":30,"key":"Mercury Hourglass"},{"floor":36,"key":"Thread and Needle"},{"floor":40,"key":"Girya"}],"event_choices":[{"cards_removed":["Seeing Red"],"damage_healed":0.0,"max_hp_gain":0.0,"max_hp_loss":0.0,"gold_gain":0.0,"event_name":"The Cleric","player_choice":"Card Removal","floor":2.0,"gold_loss":75.0,"damage_taken":0.0},{"damage_healed":0,"gold_gain":0,"player_choice":"2 cards matched","damage_taken":0,"max_hp_gain":0,"max_hp_loss":0,"event_name":"Match and Keep!","floor":11,"gold_loss":0,"cards_obtained":["Metallicize","Corruption"]},{"cards_removed":["Reckless Charge"],"damage_healed":0,"gold_gain":0,"player_choice":"Gave Gold","damage_taken":0,"max_hp_gain":0,"max_hp_loss":0,"event_name":"Beggar","floor":20,"gold_loss":75},{"damage_healed":0,"gold_gain":0,"player_choice":"Fight","damage_taken":0,"max_hp_gain":0,"max_hp_loss":0,"event_name":"Mysterious Sphere","floor":36,"gold_loss":0},{"damage_healed":0,"gold_gain":0,"player_choice":"Ignored","damage_taken":0,"max_hp_gain":0,"max_hp_loss":0,"event_name":"Tomb of Lord Red Mask","floor":39,"gold_loss":0},{"damage_healed":0,"gold_gain":0,"player_choice":"Memory 1","damage_taken":0,"max_hp_gain":0,"max_hp_loss":0,"event_name":"SensoryStone","floor":42,"gold_loss":0},{"damage_healed":0,"gold_gain":0,"cards_transformed":["Iron Wave"],"player_choice":"Transformed","damage_taken":0,"max_hp_gain":0,"max_hp_loss":0,"event_name":"Transmorgrifier","floor":44,"gold_loss":0,"cards_obtained":["Bloodletting"]}],"is_beta":false,"boss_relics":[{"not_picked":["Black Star","SlaversCollar"],"picked":"Cursed Key"},{"not_picked":["Mark of Pain","Runic Dome"],"picked":"Coffee Dripper"}],"items_purged_floors":[],"is_endless":false,"potions_floor_spawned":[3,6,10,12,13,19,24,29,35,38,40],"killed_by":"Jaw Worm Horde","ascension_level":20}}