{"host":"3a1ypf1irl30q4k8","time":1610382022,"event":{"mods":["AchievementEnabler","BaseMod","Bestiary","Colored Map","Minty Spire (QoL Compilation)","Relic Stats"],"gold_per_floor":[110,120,136,136,156,156,183,201,201,201,226,226,244,261,261,365,365,385,45,57,57,74,74,74,102,102,102,146,165,165,21,21,130,189,217,1234,1234,1256,437,437,437],"floor_reached":40,"playtime":2366,"items_purged":["Strike_G","Strike_G","Normality"],"score":584,"play_id":"23888392-0f00-459d-8901-afd973f6d204","local_time":"20210111162022","is_ascension_mode":true,"campfire_choices":[{"data":"Dagger Throw","floor":6.0,"key":"SMITH"},{"data":"Noxious Fumes","floor":10.0,"key":"SMITH"},{"data":"1","floor":15.0,"key":"LIFT"},{"floor":23,"key":"REST"},{"data":"Burst","floor":30,"key":"SMITH"},{"floor":32,"key":"REST"}],"circlet_count":0,"master_deck":["Strike_G","Strike_G","Defend_G","Defend_G","Defend_G+1","Defend_G","Defend_G","Survivor","Neutralize","Grand Finale","Dagger Throw+1","Quick Slash","Poisoned Stab","Noxious Fumes+1","PiercingWail","PiercingWail","Parasite","Catalyst","Dash","Burst+1","Noxious Fumes","Deadly Poison","Caltrops+1","Crippling Poison","Quick Slash+1","RitualDagger","Noxious Fumes","Catalyst","Acrobatics","After Image","Escape Plan+1","Noxious Fumes","Calculated Gamble+1","Metamorphosis","Good Instincts"],"relics":["Ring of the Snake","HornCleat","Girya","HoveringKite","Snake Skull","Enchiridion","Incense Burner","Pear","CeramicFish","Tiny House","Medical Kit","Paper Crane"],"acts_visited":["Exordium","TheCity","TheBeyond"],"potions_floor_usage":[25,25,28,33,40,40],"damage_taken":[{"damage":0.0,"enemies":"Cultist","floor":1.0,"turns":4.0},{"damage":1.0,"enemies":"Small Slimes","floor":2.0,"turns":3.0},{"damage":0.0,"enemies":"Jaw Worm","floor":3.0,"turns":4.0},{"damage":2.0,"enemies":"Blue Slaver","floor":5.0,"turns":5.0},{"damage":19.0,"enemies":"3 Sentries","floor":7.0,"turns":8.0},{"damage":4.0,"enemies":"Exordium Thugs","floor":8.0,"turns":4.0},{"damage":21.0,"enemies":"Lagavulin","floor":11.0,"turns":6.0},{"damage":0.0,"enemies":"Lots of Slimes","floor":13.0,"turns":5.0},{"damage":15.0,"enemies":"Blue Slaver","floor":14.0,"turns":4.0},{"damage":9.0,"enemies":"Hexaghost","floor":16.0,"turns":9.0},{"damage":14.0,"enemies":"3 Byrds","floor":18.0,"turns":6.0},{"damage":10.0,"enemies":"Shell Parasite","floor":20.0,"turns":6.0},{"damage":12.0,"enemies":"3 Cultists","floor":22.0,"turns":6.0},{"damage":15,"enemies":"Book of Stabbing","floor":25,"turns":5},{"damage":5,"enemies":"Gremlin Leader","floor":28,"turns":5},{"damage":0,"enemies":"Snake Plant","floor":29,"turns":4},{"damage":32,"enemies":"Automaton","floor":33,"turns":8},{"damage":1,"enemies":"3 Darklings","floor":35,"turns":5},{"damage":24,"enemies":"Orb Walker","floor":38,"turns":5},{"damage":69,"enemies":"Giant Head","floor":40,"turns":7}],"seed_played":"-4062832308720761389","potions_obtained":[{"floor":2.0,"key":"CunningPotion"},{"floor":3.0,"key":"LiquidBronze"},{"floor":13.0,"key":"Swift Potion"},{"floor":14.0,"key":"Weak Potion"},{"floor":16.0,"key":"SteroidPotion"},{"floor":22,"key":"Poison Potion"},{"floor":25,"key":"GhostInAJar"},{"floor":29,"key":"DuplicationPotion"},{"floor":34,"key":"BlessingOfTheForge"}],"is_trial":false,"path_per_floor":["M","M","M","?","M","R","E","M","T","R","E","?","M","M","R","B",null,"M","$","M","?","M","R","?","E","T","?","E","M","R","$","R","B",null,"M","?","?","M","$","E"],"character_chosen":"THE_SILENT","items_purchased":["Snake Skull","Noxious Fumes","Deadly Poison","Acrobatics","Medical Kit","Paper Crane","Metamorphosis","Poison Potion","Good Instincts"],"campfire_rested":2,"item_purchase_floors":[19,19,19,31,39,39,39,39,39],"current_hp_per_floor":[70,69,69,69,67,67,48,44,44,44,23,40,40,25,25,16,70,56,56,46,30,18,39,62,47,57,51,46,46,46,46,70,38,85,84,84,84,60,60,0,0],"gold":437,"neow_bonus":"ONE_RANDOM_RARE_CARD","is_daily":false,"chose_seed":false,"campfire_upgraded":3,"win_rate":0.0,"timestamp":1610382022,"path_taken":["M","M","M","?","M","R","E","M","T","R","E","?","M","M","R","BOSS","M","$","M","?","M","R","?","E","T","?","E","?","R","?","R","BOSS","M","?","?","M","$","E"],"items_purchased_type":["Relic","Card","Card","Card","Relic","Relic","Card","Potion","Card"],"build_version":"2020-12-22","purchased_purges":3,"victory":false,"max_hp_per_floor":[70,70,70,70,70,70,70,70,70,70,70,70,70,70,70,70,70,70,70,70,70,70,70,70,70,80,80,80,80,80,80,80,80,85,85,85,85,85,85,85,85],"relic_stats":{"counters":[20,109],"CeramicFish":99,"HoveringKite":[20],"Snake Skull":[92],"Medical Kit":[0],"obtain_stats":[{"Girya":11,"HornCleat":7,"Pear":26,"Tiny House":34,"CeramicFish":28,"HoveringKite":17,"Enchiridion":21,"Snake Skull":19,"Incense Burner":25,"Paper Crane":39,"Medical Kit":39,"Ring of the Snake":0},{"Girya":7,"HornCleat":5,"Pear":14,"Tiny House":17,"CeramicFish":15,"HoveringKite":10,"Enchiridion":12,"Snake Skull":11,"Incense Burner":14,"Paper Crane":19,"Medical Kit":19,"Ring of the Snake":0},{"Girya":34,"HornCleat":24,"Pear":75,"Tiny House":92,"CeramicFish":80,"HoveringKite":52,"Enchiridion":64,"Snake Skull":58,"Incense Burner":75,"Paper Crane":102,"Medical Kit":102,"Ring of the Snake":0}],"Ring of the Snake":[40]},"card_choices":[{"not_picked":["Slice","Cloak And Dagger"],"picked":"Dagger Throw","floor":1.0},{"not_picked":["Blade Dance","Deflect"],"picked":"Quick Slash","floor":2.0},{"not_picked":["Slice","Finisher","Caltrops"],"picked":"SKIP","floor":3.0},{"not_picked":["Deflect","Bouncing Flask"],"picked":"Poisoned Stab","floor":5.0},{"not_picked":["Blade Dance","Acrobatics"],"picked":"Noxious Fumes","floor":7.0},{"not_picked":["Blade Dance","Underhanded Strike"],"picked":"PiercingWail","floor":8.0},{"not_picked":["Accuracy","Outmaneuver"],"picked":"PiercingWail","floor":11.0},{"not_picked":["Deadly Poison","Dagger Throw"],"picked":"Catalyst","floor":13.0},{"not_picked":["Backstab","Deadly Poison"],"picked":"Dash","floor":14.0},{"not_picked":["Tools of the Trade","Storm of Steel"],"picked":"Burst","floor":16.0},{"not_picked":["Deflect","Underhanded Strike","Caltrops+1"],"picked":"SKIP","floor":18.0},{"not_picked":["Endless Agony","Acrobatics"],"picked":"Caltrops+1","floor":20.0},{"not_picked":["Bane+1","Riddle With Holes"],"picked":"Crippling Poison","floor":22},{"not_picked":["Accuracy","Infinite Blades"],"picked":"Quick Slash+1","floor":25},{"not_picked":["Dagger Throw","Underhanded Strike"],"picked":"Noxious Fumes","floor":28},{"not_picked":["Bullet Time","Concentrate"],"picked":"Catalyst","floor":29},{"not_picked":["Bullet Time","A Thousand Cuts"],"picked":"After Image","floor":33},{"not_picked":["Dagger Throw","Heel Hook"],"picked":"Escape Plan+1","floor":34},{"not_picked":["Dagger Spray","Distraction"],"picked":"Noxious Fumes","floor":35},{"not_picked":["Well Laid Plans+1","Poisoned Stab"],"picked":"Calculated Gamble+1","floor":38}],"player_experience":1020545,"relics_obtained":[{"floor":7.0,"key":"HornCleat"},{"floor":11.0,"key":"Girya"},{"floor":21.0,"key":"Enchiridion"},{"floor":25,"key":"Incense Burner"},{"floor":26,"key":"Pear"},{"floor":28,"key":"CeramicFish"}],"event_choices":[{"cards_removed":["Strike_G"],"damage_healed":0.0,"max_hp_gain":0.0,"max_hp_loss":0.0,"gold_gain":0.0,"event_name":"Living Wall","player_choice":"Forget","floor":4.0,"gold_loss":0.0,"damage_taken":0.0},{"damage_healed":17.0,"max_hp_gain":0.0,"max_hp_loss":0.0,"gold_gain":0.0,"event_name":"Mushrooms","player_choice":"Healed and dodged fight","floor":12.0,"gold_loss":0.0,"damage_taken":0.0,"cards_obtained":["Parasite"]},{"damage_healed":0.0,"max_hp_gain":0.0,"max_hp_loss":0.0,"gold_gain":0.0,"event_name":"Cursed Tome","player_choice":"Obtained Book","floor":21.0,"gold_loss":0.0,"damage_taken":16.0},{"damage_healed":23,"gold_gain":0,"player_choice":"Heal","damage_taken":0,"max_hp_gain":0,"max_hp_loss":0,"event_name":"The Library","floor":24,"gold_loss":0},{"damage_healed":0,"gold_gain":0,"player_choice":"Joined the Cult","damage_taken":6,"max_hp_gain":0,"max_hp_loss":0,"event_name":"Nest","floor":27,"gold_loss":0,"cards_obtained":["RitualDagger"]},{"damage_healed":0,"gold_gain":999,"player_choice":"Gold","damage_taken":0,"max_hp_gain":0,"max_hp_loss":0,"event_name":"MindBloom","floor":36,"gold_loss":0,"cards_obtained":["Normality","Normality"]},{"cards_removed":["Normality"],"damage_healed":0,"gold_gain":0,"player_choice":"Purged","damage_taken":0,"max_hp_gain":0,"max_hp_loss":0,"event_name":"Purifier","floor":37,"gold_loss":0}],"is_beta":false,"boss_relics":[{"not_picked":["Sozu","Ectoplasm"],"picked":"HoveringKite"},{"not_picked":["WristBlade","SacredBark"],"picked":"Tiny House"}],"items_purged_floors":[19,31,39],"is_endless":false,"potions_floor_spawned":[2,3,13,14,16,22,25,29],"killed_by":"Giant Head","ascension_level":1}}