{"host":"7c402rm0fqc13zvz","time":1610383088,"event":{"mods":["BaseMod","Marisa（F雨　魔理沙）","Minty Spire (QoL Compilation)","Reimu（博丽灵梦）","StSLib","The Administrix","Youmu（魂魄妖梦）","[功能]功能增强和修复MOD"],"gold_per_floor":[116,128,78,93,93,93,83,83,108,108,134,134,166,182,182,497,497,511,511,531,542,561,561,516,529,529,529,548,463,477,577,577,915,915,927,927,937,937,937,962,962,976,1030,1030,1056,1056,1091,1123,1135,1147],"floor_reached":51,"playtime":1362,"items_purged":["Defend_R","Defend_R","Strike_R","Strike_R","Strike_R","Strike_R","Strike_R","Defend_R","Defend_R","Havoc","Poor:ReiMu","Bash","Clash+1","Clash","Iron Wave","Clash","Corruption","Pommel Strike","Pommel Strike","Iron Wave+1","Iron Wave+1"],"score":1429,"play_id":"bb5fb3cd-c7d9-461a-b110-ae6ab5b1e6af","local_time":"20210112003808","is_ascension_mode":true,"campfire_choices":[{"data":"True Grit","floor":6,"key":"SMITH"},{"data":"Shockwave","floor":8,"key":"SMITH"},{"data":"Seeing Red","floor":10,"key":"SMITH"},{"data":"Sentinel","floor":15,"key":"SMITH"},{"data":"Limit Break","floor":23,"key":"SMITH"},{"data":"Flex","floor":32,"key":"SMITH"},{"data":"Master of Strategy","floor":44,"key":"SMITH"},{"data":"Offering","floor":46,"key":"SMITH"},{"data":"Dropkick","floor":49,"key":"SMITH"}],"circlet_count":0,"master_deck":["True Grit+1","Sentinel+1","Dropkick+1","Seeing Red+1","Shockwave+1","Offering+1","Limit Break+1","Whirlwind+1","Sentinel+1","Pommel Strike+1","Flex+1","Offering+1","Offering+1","Reaper+1","Master of Strategy+1","Flex+1","Offering+1"],"relics":["Burning Blood","Blood Vial","Eternal Feather","Strange Spoon","YidongShenshe:ReiMu","HandDrill","Vajra","Ornamental Fan","Red Skull","Blue Candle","Bottled Lightning","Molten Egg 2","Philosopher\u0027s Stone","CultistMask","Chemical X","Omamori","Boot","HornCleat","Tiny Chest","Incense Burner","Sling","Pocketwatch","Singing Bowl","WingedGreaves","War Paint","Coffee Dripper","Strawberry","Frozen Egg 2","TheAbacus","DollysMirror","Orichalcum","Anchor","Question Card","FossilizedHelix","Centennial Puzzle","Ginger","MawBank"],"acts_visited":["Exordium","TheCity","TheBeyond"],"potions_floor_usage":[16,16,33,50,50],"damage_taken":[{"damage":0,"enemies":"Small Slimes","floor":1,"turns":3},{"damage":7,"enemies":"Jaw Worm","floor":2,"turns":3},{"damage":0,"enemies":"Cultist","floor":4,"turns":2},{"damage":4,"enemies":"Gremlin Nob","floor":11,"turns":3},{"damage":0,"enemies":"Lagavulin","floor":13,"turns":3},{"damage":8,"enemies":"Large Slime","floor":14,"turns":3},{"damage":16,"enemies":"Hexaghost","floor":16,"turns":5},{"damage":9,"enemies":"2 Thieves","floor":18,"turns":3},{"damage":3,"enemies":"Spheric Guardian","floor":20,"turns":3},{"damage":28,"enemies":"Shelled Parasite and Fungi","floor":21,"turns":3},{"damage":31,"enemies":"Sentry and Sphere","floor":22,"turns":4},{"damage":24,"enemies":"Centurion and Healer","floor":25,"turns":2},{"damage":15,"enemies":"Shelled Parasite and Fungi","floor":28,"turns":2},{"damage":0,"enemies":"Snecko","floor":30,"turns":1},{"damage":6,"enemies":"Colosseum Slavers","floor":31,"turns":1},{"damage":2,"enemies":"Colosseum Nobs","floor":31,"turns":2},{"damage":12,"enemies":"Collector","floor":33,"turns":1},{"damage":12,"enemies":"3 Shapes","floor":35,"turns":1},{"damage":9,"enemies":"Orb Walker","floor":37,"turns":2},{"damage":24,"enemies":"Nemesis","floor":40,"turns":1},{"damage":2,"enemies":"3 Darklings","floor":42,"turns":1},{"damage":6,"enemies":"Giant Head","floor":45,"turns":1},{"damage":6,"enemies":"Nemesis","floor":47,"turns":1},{"damage":12,"enemies":"Spire Growth","floor":48,"turns":1},{"damage":18,"enemies":"Awakened One","floor":50,"turns":2}],"seed_played":"2163641294533333897","potions_obtained":[{"floor":4,"key":"Strength Potion"},{"floor":11,"key":"EssenceOfSteel"},{"floor":16,"key":"Energy Potion"},{"floor":16,"key":"BlessingOfTheForge"},{"floor":33,"key":"Fire Potion"},{"floor":40,"key":"Energy Potion"}],"is_trial":false,"path_per_floor":["M","M","$","M","?","R","$","R","T","R","E","?","E","M","R","B",null,"M","?","M","M","M","R","$","M","T","$","M","?","M","?","R","B",null,"M","$","M","$","?","E","T","M","T","R","E","R","E","M","R","B",null],"character_chosen":"IRONCLAD","items_purchased":["Blood Vial","Eternal Feather","Strange Spoon","Sentinel","Dropkick","Seeing Red","FairyPotion","HandDrill","Vajra","Ornamental Fan","Shockwave","Chemical X","Omamori","Boot","Iron Wave+1","Pommel Strike+1","Flex","Tiny Chest","Incense Burner","Sling","BloodPotion","Strawberry","Frozen Egg 2","TheAbacus","Master of Strategy","DollysMirror","Orichalcum","Anchor"],"campfire_rested":0,"item_purchase_floors":[3,3,3,3,3,3,3,7,7,7,7,24,24,24,24,24,27,27,27,27,27,36,36,36,36,38,38,38],"current_hp_per_floor":[78,77,77,80,80,80,80,80,80,80,80,64,72,72,78,70,78,77,77,80,58,35,44,44,28,28,28,21,21,29,39,45,45,76,90,97,96,96,96,101,101,105,105,105,107,107,109,113,113,113],"gold":1159,"neow_bonus":"THREE_CARDS","is_daily":false,"chose_seed":false,"campfire_upgraded":9,"win_rate":0.0,"timestamp":1610383088,"path_taken":["M","M","$","M","?","R","$","R","T","R","E","?","E","M","R","BOSS","M","?","M","?","M","R","$","M","T","$","M","?","M","?","R","BOSS","M","$","M","$","?","E","?","M","T","R","E","R","E","M","R","BOSS"],"items_purchased_type":["Relic","Relic","Relic","Card","Card","Card","Potion","Relic","Relic","Relic","Card","Relic","Relic","Relic","Card","Card","Card","Relic","Relic","Relic","Potion","Relic","Relic","Relic","Card","Relic","Relic","Relic"],"build_version":"2020-12-22","purchased_purges":21,"victory":true,"max_hp_per_floor":[80,80,80,80,80,80,80,80,80,80,80,80,80,80,80,80,80,80,80,80,80,80,80,80,80,80,80,80,80,80,82,82,86,86,90,97,99,99,99,101,101,105,105,105,107,107,109,113,113,113],"card_choices":[{"not_picked":["Shrug It Off","Pommel Strike"],"picked":"Clash","floor":0},{"not_picked":["Havoc","Uppercut"],"picked":"Pommel Strike","floor":1},{"not_picked":["Headbutt","Anger"],"picked":"Pommel Strike","floor":1},{"not_picked":["Entrench","Sword Boomerang"],"picked":"Havoc","floor":2},{"not_picked":["Perfected Strike","Havoc"],"picked":"True Grit","floor":2},{"not_picked":["Hemokinesis","Fire Breathing"],"picked":"Clash","floor":4},{"not_picked":["Battle Trance","Armaments"],"picked":"Iron Wave","floor":4},{"not_picked":["Shrug It Off","Corruption"],"picked":"Inflame","floor":11},{"not_picked":["Spot Weakness","Power Through","Metallicize"],"picked":"SKIP","floor":13},{"not_picked":["Perfected Strike","Intimidate"],"picked":"Clash","floor":14},{"not_picked":["Power Through","Shrug It Off","Seeing Red"],"picked":"SKIP","floor":14},{"not_picked":["Demon Form","Feed+1"],"picked":"Offering","floor":16},{"not_picked":["Brutality","Impervious"],"picked":"Corruption","floor":16},{"not_picked":["Demon Form","Reaper+1"],"picked":"Limit Break","floor":16},{"not_picked":["Bloodletting","Headbutt+1"],"picked":"Iron Wave+1","floor":18},{"not_picked":["Armaments","Combust+1","Inflame"],"picked":"SKIP","floor":18},{"not_picked":["Wild Strike+1","Sentinel+1"],"picked":"Whirlwind+1","floor":20},{"not_picked":["Hemokinesis+1","Whirlwind+1"],"picked":"Sentinel+1","floor":20},{"not_picked":["True Grit","Intimidate","Clothesline+1"],"picked":"SKIP","floor":21},{"not_picked":["Perfected Strike+1","Immolate+1","Sword Boomerang+1"],"picked":"SKIP","floor":21},{"not_picked":["Iron Wave+1","Body Slam+1","True Grit"],"picked":"SKIP","floor":22},{"not_picked":["Anger+1","Uppercut+1","Corruption"],"picked":"SKIP","floor":22},{"not_picked":["Shockwave+1","Warcry","Armaments+1"],"picked":"SKIP","floor":25},{"not_picked":["Hemokinesis+1","Rage","Second Wind"],"picked":"SKIP","floor":25},{"not_picked":["Blood for Blood+1","Twin Strike+1","Anger+1"],"picked":"SKIP","floor":28},{"not_picked":["Blood for Blood+1","Carnage+1","Iron Wave+1"],"picked":"SKIP","floor":28},{"not_picked":["Pommel Strike+1","Thunderclap+1"],"picked":"Offering","floor":30},{"not_picked":["Wild Strike+1","Entrench+1","Clash+1"],"picked":"SKIP","floor":30},{"not_picked":["Perfected Strike+1","Warcry+1","Intimidate"],"picked":"Singing Bowl","floor":31},{"not_picked":["Immolate+1","Exhume"],"picked":"Offering","floor":33},{"not_picked":["Barricade","Fiend Fire+1"],"picked":"Reaper+1","floor":33},{"not_picked":["Demon Form","Double Tap","Feed+1"],"picked":"Singing Bowl","floor":33},{"not_picked":["Feed+1","Bludgeon+1","Reaper+1"],"picked":"Singing Bowl","floor":33},{"not_picked":["Body Slam+1","Second Wind","Cleave+1"],"picked":"Singing Bowl","floor":35},{"not_picked":["Clash+1","Second Wind","Havoc+1"],"picked":"Singing Bowl","floor":35},{"not_picked":["Warcry+1","Spot Weakness+1","Perfected Strike+1"],"picked":"Singing Bowl","floor":37},{"not_picked":["True Grit+1","Dark Embrace+1"],"picked":"Flex+1","floor":37},{"not_picked":["Seeing Red+1","Pommel Strike+1","True Grit+1"],"picked":"Singing Bowl","floor":40},{"not_picked":["Reckless Charge+1","Dark Embrace+1","Seeing Red+1","True Grit"],"picked":"Singing Bowl","floor":42},{"not_picked":["Battle Trance","Metallicize+1","Hemokinesis+1","Dropkick+1"],"picked":"Singing Bowl","floor":42},{"not_picked":["Combust+1","Seeing Red","Double Tap","Hemokinesis+1"],"picked":"Singing Bowl","floor":45},{"not_picked":["Clothesline+1","Uppercut+1","Armaments","Anger+1"],"picked":"Singing Bowl","floor":47},{"not_picked":["Anger+1","Perfected Strike+1","Flex","Dual Wield+1"],"picked":"Singing Bowl","floor":48},{"not_picked":["Wild Strike+1","Twin Strike+1","Fire Breathing+1","True Grit"],"picked":"Singing Bowl","floor":48}],"player_experience":59541,"relics_obtained":[{"floor":9,"key":"Red Skull"},{"floor":11,"key":"Blue Candle"},{"floor":13,"key":"Bottled Lightning"},{"floor":16,"key":"Molten Egg 2"},{"floor":26,"key":"HornCleat"},{"floor":31,"key":"Singing Bowl"},{"floor":31,"key":"WingedGreaves"},{"floor":33,"key":"War Paint"},{"floor":40,"key":"Question Card"},{"floor":41,"key":"FossilizedHelix"},{"floor":43,"key":"Centennial Puzzle"},{"floor":45,"key":"Ginger"},{"floor":47,"key":"MawBank"}],"event_choices":[{"damage_healed":0,"gold_gain":0,"player_choice":"带走神社","damage_taken":0,"relics_obtained":["YidongShenshe:ReiMu"],"max_hp_gain":0,"max_hp_loss":0,"event_name":"yidonshenshe","floor":5,"gold_loss":0,"cards_obtained":["Poor:ReiMu"]},{"damage_healed":0,"gold_gain":0,"player_choice":"Entered Light","damage_taken":16,"max_hp_gain":0,"max_hp_loss":0,"event_name":"Shining Light","floor":12,"gold_loss":0,"cards_upgraded":["Inflame","Clash"]},{"damage_healed":0,"gold_gain":0,"player_choice":"Trade","damage_taken":0,"relics_obtained":["CultistMask"],"max_hp_gain":0,"max_hp_loss":0,"event_name":"FaceTrader","floor":19,"gold_loss":0},{"damage_healed":0,"gold_gain":0,"player_choice":"Obtained Relic","damage_taken":0,"relics_obtained":["Pocketwatch"],"max_hp_gain":0,"max_hp_loss":0,"event_name":"Addict","floor":29,"gold_loss":85},{"damage_healed":0,"gold_gain":0,"player_choice":"Fight","damage_taken":0,"max_hp_gain":0,"max_hp_loss":0,"event_name":"Colosseum","floor":31,"gold_loss":0},{"damage_healed":0,"gold_gain":0,"player_choice":"Fought Nobs","damage_taken":0,"max_hp_gain":0,"max_hp_loss":0,"event_name":"Colosseum","floor":31,"gold_loss":0},{"cards_removed":["Inflame"],"damage_healed":0,"gold_gain":0,"player_choice":"Removed Power","damage_taken":0,"max_hp_gain":0,"max_hp_loss":0,"event_name":"Falling","floor":39,"gold_loss":0}],"is_beta":false,"boss_relics":[{"not_picked":["Pandora\u0027s Box","Velvet Choker"],"picked":"Philosopher\u0027s Stone"},{"not_picked":["Calling Bell","SlaversCollar"],"picked":"Coffee Dripper"}],"items_purged_floors":[3,3,3,3,3,3,3,3,3,3,7,7,24,24,24,24,24,24,24,24,24],"is_endless":false,"potions_floor_spawned":[4,11,13,13,13,14,16,16,18,18,20,28,30,31,33,33,40,40,42,45,47,48,48],"ascension_level":6}}