{"host":"1c17lcvl7acx821p","time":1610370660,"event":{"mods":["AchievementEnabler","BaseMod","Colored Map","Minty Spire (QoL Compilation)","StSLib"],"gold_per_floor":[111,111,128,146,159,159,234,61,111,111,127,51,83,96,96,191,191,207,217,232,232,232,232,250,269,296,296,327,71,88,88,88],"floor_reached":31,"playtime":1246,"items_purged":["Defend_R"],"score":347,"play_id":"d44e459d-3ee4-43bf-9b38-f68107154447","local_time":"20210111151100","is_ascension_mode":true,"campfire_choices":[{"data":"Armaments","floor":6,"key":"SMITH"},{"floor":10,"key":"REST"},{"floor":15,"key":"REST"},{"floor":23,"key":"REST"},{"data":"Evolve","floor":27,"key":"SMITH"}],"circlet_count":0,"master_deck":["Strike_R","Strike_R","Strike_R","Strike_R","Defend_R","Defend_R","Defend_R","Bash","Whirlwind","Metallicize","Fire Breathing","Armaments+1","PanicButton","Dark Embrace","Evolve+1","Spot Weakness","Exhume","Reckless Charge","True Grit+1","Sentinel","Reaper","Second Wind","Headbutt+1","Exhume","Flash of Steel","Clothesline"],"relics":["Philosopher\u0027s Stone","Pen Nib","Nunchaku","Sozu","MealTicket","Red Mask"],"acts_visited":["Exordium","TheCity"],"potions_floor_usage":[20,20],"damage_taken":[{"damage":3,"enemies":"Jaw Worm","floor":1,"turns":3},{"damage":0,"enemies":"Small Slimes","floor":3,"turns":2},{"damage":0,"enemies":"Cultist","floor":4,"turns":3},{"damage":17,"enemies":"3 Louse","floor":5,"turns":4},{"damage":2,"enemies":"2 Fungi Beasts","floor":11,"turns":2},{"damage":2,"enemies":"3 Sentries","floor":13,"turns":4},{"damage":12,"enemies":"Looter","floor":14,"turns":2},{"damage":30,"enemies":"The Guardian","floor":16,"turns":12},{"damage":0,"enemies":"Spheric Guardian","floor":18,"turns":4},{"damage":37,"enemies":"Shell Parasite","floor":19,"turns":5},{"damage":27,"enemies":"Snake Plant","floor":20,"turns":5},{"damage":33,"enemies":"Centurion and Healer","floor":24,"turns":6},{"damage":27,"enemies":"3 Cultists","floor":25,"turns":4},{"damage":42,"enemies":"Masked Bandits","floor":28,"turns":6},{"damage":33,"enemies":"Snake Plant","floor":30,"turns":5},{"damage":7,"enemies":"Sentry and Sphere","floor":31,"turns":3}],"seed_played":"4683371708568818120","potions_obtained":[{"floor":1,"key":"PowerPotion"},{"floor":4,"key":"Fruit Juice"},{"floor":11,"key":"SneckoOil"}],"is_trial":false,"path_per_floor":["M","?","M","M","M","R","?","$","T","R","M","$","E","M","R","B",null,"M","M","M","?","?","R","M","M","T","R","?","$","M","M"],"character_chosen":"IRONCLAD","items_purchased":["PanicButton","Dark Embrace","Exhume","Flash of Steel","Clothesline"],"campfire_rested":3,"item_purchase_floors":[8,12,29,29,29],"current_hp_per_floor":[69,62,62,62,45,45,34,34,34,58,56,56,54,42,66,36,69,69,32,10,38,38,63,30,44,44,44,17,32,11,4,4],"gold":88,"neow_bonus":"BOSS_RELIC","is_daily":false,"chose_seed":false,"campfire_upgraded":2,"win_rate":0.0,"timestamp":1610370660,"path_taken":["M","?","M","M","M","R","?","$","T","R","M","?","E","M","R","BOSS","M","M","?","?","?","R","M","M","T","R","?","$","M","M"],"items_purchased_type":["Card","Card","Card","Card","Card"],"build_version":"2020-12-22","purchased_purges":1,"victory":false,"max_hp_per_floor":[80,80,80,80,80,80,80,80,80,80,80,80,80,80,80,80,80,80,80,85,85,85,85,85,85,85,85,85,85,85,85,85],"card_choices":[{"not_picked":["Iron Wave","Headbutt"],"picked":"Whirlwind","floor":1},{"not_picked":["Havoc","Whirlwind"],"picked":"Metallicize","floor":3},{"not_picked":["True Grit","Shrug It Off"],"picked":"Fire Breathing","floor":4},{"not_picked":["Body Slam","Clash"],"picked":"Armaments","floor":5},{"not_picked":["Clash","Body Slam","Rupture"],"picked":"SKIP","floor":11},{"not_picked":["Rampage","Dropkick"],"picked":"Evolve","floor":13},{"not_picked":["Twin Strike","Cleave"],"picked":"Spot Weakness","floor":14},{"not_picked":["Corruption","Barricade"],"picked":"Exhume","floor":16},{"not_picked":["Warcry","Thunderclap"],"picked":"Reckless Charge","floor":18},{"not_picked":["Cleave","Rage"],"picked":"True Grit+1","floor":19},{"not_picked":["Anger","Clothesline"],"picked":"Sentinel","floor":20},{"not_picked":["Perfected Strike","Iron Wave+1"],"picked":"Reaper","floor":24},{"not_picked":["Flame Barrier","Armaments"],"picked":"Second Wind","floor":25},{"not_picked":["Rupture","Sword Boomerang"],"picked":"Headbutt+1","floor":28},{"not_picked":["Pommel Strike","Twin Strike","Anger+1"],"picked":"SKIP","floor":30}],"player_experience":39329,"relics_obtained":[{"floor":9,"key":"Pen Nib"},{"floor":13,"key":"Nunchaku"},{"floor":26,"key":"MealTicket"},{"floor":28,"key":"Red Mask"}],"event_choices":[{"cards_removed":["Strike_R"],"damage_healed":0,"gold_gain":0,"player_choice":"Card Removal","damage_taken":7,"max_hp_gain":0,"max_hp_loss":0,"event_name":"Golden Wing","floor":2,"gold_loss":0},{"damage_healed":0,"gold_gain":75,"player_choice":"Gather Gold","damage_taken":11,"max_hp_gain":0,"max_hp_loss":0,"event_name":"World of Goop","floor":7,"gold_loss":0},{"damage_healed":28,"gold_gain":0,"player_choice":"Heal","damage_taken":0,"max_hp_gain":0,"max_hp_loss":0,"event_name":"The Library","floor":21,"gold_loss":0},{"damage_healed":0,"gold_gain":0,"player_choice":"Ignored","damage_taken":0,"max_hp_gain":0,"max_hp_loss":0,"event_name":"Ghosts","floor":22,"gold_loss":0},{"damage_healed":0,"gold_gain":0,"player_choice":"Fought Bandits","damage_taken":0,"max_hp_gain":0,"max_hp_loss":0,"event_name":"Masked Bandits","floor":28,"gold_loss":0}],"is_beta":false,"boss_relics":[{"not_picked":["Coffee Dripper","SlaversCollar"],"picked":"Sozu"}],"items_purged_floors":[8],"is_endless":false,"potions_floor_spawned":[1,4,11,19,24,25,28],"killed_by":"Sentry and Sphere","ascension_level":9}}