{"host":"ypphcgdomtfqpc2w","time":1610360458,"event":{"mods":["BaseMod","Minty Spire (QoL Compilation)","StSLib"],"gold_per_floor":[113,131,147,18,29,61,61,92,118,277,331,331,331,353,353,353,353],"floor_reached":16,"playtime":593,"items_purged":["Strike_R"],"score":220,"play_id":"e6cfa99c-dd42-457c-99a5-93638dde3e29","local_time":"20210111192058","is_ascension_mode":true,"campfire_choices":[{"data":"Bash","floor":7,"key":"SMITH"},{"floor":12,"key":"REST"},{"data":"Armaments","floor":15,"key":"SMITH"}],"circlet_count":0,"master_deck":["AscendersBane","Strike_R","Strike_R","Strike_R","Strike_R","Defend_R","Defend_R","Defend_R","Defend_R","Bash+1","Carnage","Clothesline","Thunderclap","Fire Breathing","Dropkick","Corruption","Doubt","Armaments+1"],"relics":["Runic Dome","Vajra","Juzu Bracelet","CeramicFish"],"acts_visited":["Exordium"],"potions_floor_usage":[8,16,16],"damage_taken":[{"damage":0,"enemies":"Cultist","floor":1,"turns":3},{"damage":12,"enemies":"Jaw Worm","floor":2,"turns":2},{"damage":5,"enemies":"Small Slimes","floor":3,"turns":3},{"damage":4,"enemies":"2 Fungi Beasts","floor":5,"turns":2},{"damage":25,"enemies":"Lagavulin","floor":6,"turns":5},{"damage":10,"enemies":"3 Sentries","floor":8,"turns":4},{"damage":1,"enemies":"Looter","floor":14,"turns":2},{"damage":43,"enemies":"The Guardian","floor":16,"turns":10}],"seed_played":"-7552175700973675890","potions_obtained":[{"floor":2,"key":"Fruit Juice"},{"floor":14,"key":"DistilledChaos"}],"is_trial":false,"path_per_floor":["M","M","M","$","M","E","R","E","T","?","?","R","?","M","R","B"],"character_chosen":"IRONCLAD","items_purchased":["Fire Potion"],"campfire_rested":1,"item_purchase_floors":[4],"current_hp_per_floor":[68,56,51,51,47,22,22,12,12,12,12,34,39,38,38,0,0],"gold":353,"neow_bonus":"BOSS_RELIC","is_daily":false,"chose_seed":false,"campfire_upgraded":2,"win_rate":0.0,"timestamp":1610360458,"path_taken":["M","M","M","$","M","E","R","E","T","?","?","R","?","M","R","BOSS"],"items_purchased_type":["Potion"],"build_version":"2020-12-22","purchased_purges":1,"victory":false,"max_hp_per_floor":[75,75,75,75,75,75,75,75,75,75,75,75,80,80,80,85,85],"card_choices":[{"not_picked":["Warcry","Havoc"],"picked":"Carnage","floor":1},{"not_picked":["Rage","True Grit"],"picked":"Clothesline","floor":2},{"not_picked":["True Grit","Body Slam"],"picked":"Thunderclap","floor":3},{"not_picked":["Warcry","Sword Boomerang"],"picked":"Fire Breathing","floor":5},{"not_picked":["Perfected Strike","Sword Boomerang"],"picked":"Dropkick","floor":6},{"not_picked":["Havoc","Thunderclap"],"picked":"Corruption","floor":8},{"not_picked":["Sword Boomerang","Bloodletting"],"picked":"Armaments","floor":14}],"player_experience":2019539,"relics_obtained":[{"floor":6,"key":"Vajra"},{"floor":8,"key":"Juzu Bracelet"},{"floor":9,"key":"CeramicFish"}],"event_choices":[{"damage_healed":0,"gold_gain":150,"player_choice":"AGREE","damage_taken":0,"max_hp_gain":0,"max_hp_loss":0,"event_name":"Liars Game","floor":10,"gold_loss":0,"cards_obtained":["Doubt"]},{"damage_healed":0,"gold_gain":54,"player_choice":"Gained Gold","damage_taken":0,"max_hp_gain":0,"max_hp_loss":0,"event_name":"Golden Wing","floor":11,"gold_loss":0},{"damage_healed":0,"gold_gain":0,"player_choice":"Donut","damage_taken":0,"max_hp_gain":5,"max_hp_loss":0,"event_name":"Big Fish","floor":13,"gold_loss":0}],"is_beta":false,"boss_relics":[],"items_purged_floors":[4],"is_endless":false,"potions_floor_spawned":[2,14],"killed_by":"The Guardian","ascension_level":20}}