{"host":"dhlnk6yox2l1s6up","time":1610330825,"event":{"mods":["BaseMod","Colored Map","Highlight Path","Minty Spire (QoL Compilation)","Relic Stats","StSLib"],"gold_per_floor":[116,3,21,21,35,35,45,45,45,80,80,92,92,105,105,206,206,216,229,245,155,171,205,223,223,246,246,258,291,291,303,303,404,404,417,433,32,48,60,87,87,417,498,498,55,80,96,112,112,112,112,112,23,58,58],"floor_reached":56,"playtime":19171,"items_purged":["Regret","Strike_R"],"score":1931,"play_id":"ca830658-b348-4252-bca5-5148cb653654","local_time":"20210110200705","is_ascension_mode":true,"campfire_choices":[{"data":"Infernal Blade","floor":6,"key":"SMITH"},{"data":"True Grit","floor":8,"key":"SMITH"},{"data":"Body Slam","floor":13,"key":"SMITH"},{"data":"Flame Barrier","floor":15,"key":"SMITH"},{"data":"Corruption","floor":25,"key":"SMITH"},{"floor":30,"key":"RECALL"},{"data":"Power Through","floor":32,"key":"SMITH"},{"data":"Barricade","floor":44,"key":"SMITH"},{"data":"Dark Embrace","floor":49,"key":"SMITH"},{"data":"Shrug It Off","floor":52,"key":"SMITH"}],"circlet_count":0,"master_deck":["Strike_R+1","Defend_R","Defend_R","Defend_R","Defend_R","Bash","True Grit+1","Infernal Blade+1","Body Slam+1","Flame Barrier+1","Ghostly Armor","Bandage Up","Combust","Clothesline+1","Corruption+1","Battle Trance+1","Sentinel+1","Disarm","Shrug It Off+1","Power Through+1","Power Through+1","Fiend Fire+1","Barricade+1","Burning Pact+1","Spot Weakness+1","Burning Pact+1","True Grit+1","Dark Embrace+1","Shrug It Off+1","Inflame","PanicButton+1","Exhume+1"],"relics":["Burning Blood","Dead Branch","Molten Egg 2","InkBottle","Empty Cage","Paper Frog","Red Skull","Toxic Egg 2","SlaversCollar","Gambling Chip","Pear","Champion Belt","Old Coin","Letter Opener","OrangePellets","Bag of Marbles","Vajra","Du-Vu Doll"],"acts_visited":["Exordium","TheCity","TheBeyond","TheEnding"],"potions_floor_usage":[7,10,14,14,36,38,42,54,55,55],"damage_taken":[{"damage":25,"enemies":"Jaw Worm","floor":1,"turns":6},{"damage":6,"enemies":"Cultist","floor":3,"turns":3},{"damage":7,"enemies":"2 Louse","floor":5,"turns":2},{"damage":8,"enemies":"Gremlin Gang","floor":7,"turns":5},{"damage":12,"enemies":"Gremlin Nob","floor":10,"turns":5},{"damage":0,"enemies":"3 Louse","floor":12,"turns":3},{"damage":0,"enemies":"Lots of Slimes","floor":14,"turns":4},{"damage":37,"enemies":"Hexaghost","floor":16,"turns":9},{"damage":15,"enemies":"2 Thieves","floor":18,"turns":4},{"damage":8,"enemies":"3 Byrds","floor":19,"turns":3},{"damage":0,"enemies":"Cultist and Chosen","floor":20,"turns":3},{"damage":4,"enemies":"3 Cultists","floor":22,"turns":5},{"damage":2,"enemies":"Slavers","floor":23,"turns":3},{"damage":14,"enemies":"Centurion and Healer","floor":24,"turns":6},{"damage":1,"enemies":"Snake Plant","floor":28,"turns":5},{"damage":9,"enemies":"Gremlin Leader","floor":29,"turns":6},{"damage":9,"enemies":"Shelled Parasite and Fungi","floor":31,"turns":3},{"damage":7,"enemies":"Collector","floor":33,"turns":3},{"damage":10,"enemies":"Orb Walker","floor":35,"turns":4},{"damage":21,"enemies":"3 Darklings","floor":36,"turns":4},{"damage":2,"enemies":"Jaw Worm Horde","floor":38,"turns":3},{"damage":2,"enemies":"Sphere and 2 Shapes","floor":39,"turns":3},{"damage":14,"enemies":"Reptomancer","floor":40,"turns":4},{"damage":4,"enemies":"Nemesis","floor":42,"turns":3},{"damage":3,"enemies":"Giant Head","floor":46,"turns":3},{"damage":3,"enemies":"Spire Growth","floor":47,"turns":5},{"damage":6,"enemies":"Jaw Worm Horde","floor":48,"turns":3},{"damage":0,"enemies":"Donu and Deca","floor":50,"turns":1},{"damage":3,"enemies":"Shield and Spear","floor":54,"turns":4},{"damage":2,"enemies":"The Heart","floor":55,"turns":4}],"seed_played":"-1934761515815580935","potions_obtained":[{"floor":1,"key":"HeartOfIron"},{"floor":3,"key":"SkillPotion"},{"floor":5,"key":"Block Potion"},{"floor":10,"key":"HeartOfIron"},{"floor":16,"key":"SpeedPotion"},{"floor":19,"key":"FearPotion"},{"floor":20,"key":"Fire Potion"},{"floor":24,"key":"GamblersBrew"},{"floor":38,"key":"BloodPotion"},{"floor":39,"key":"Regen Potion"},{"floor":40,"key":"BlessingOfTheForge"}],"is_trial":false,"path_per_floor":["M","$","M","?","M","R","M","R","T","E","?","M","R","M","R","B",null,"M","M","M","?","M","E","M","R","T","T","M","E","R","M","R","B",null,"M","M","$","M","M","E","?","E","T","R","$","E","M","M","R","B",null,"R","$","E","B",null],"character_chosen":"IRONCLAD","items_purchased":["Infernal Blade","Gambling Chip","OrangePellets","Bag of Marbles","True Grit+1","Block Potion","Energy Potion","PanicButton+1"],"campfire_rested":0,"item_purchase_floors":[2,37,45,45,45,45,45,53],"current_hp_per_floor":[53,53,53,53,52,52,50,50,50,44,44,50,50,60,60,33,68,63,65,75,75,80,80,72,72,72,72,80,80,80,77,77,80,80,80,69,69,77,80,84,84,90,90,90,90,90,90,90,90,90,90,90,90,90,90],"gold":58,"neow_bonus":"ONE_RARE_RELIC","is_daily":false,"chose_seed":false,"campfire_upgraded":9,"win_rate":0.0,"timestamp":1610330825,"path_taken":["M","$","M","?","M","R","?","R","T","E","?","M","R","M","R","BOSS","M","?","M","?","?","E","M","R","T","?","M","E","R","M","R","BOSS","M","M","$","M","M","E","?","E","T","R","$","E","M","?","R","BOSS","R","$","E","BOSS"],"items_purchased_type":["Card","Relic","Relic","Relic","Card","Potion","Potion","Card"],"build_version":"2020-12-22","purchased_purges":2,"victory":true,"max_hp_per_floor":[80,80,80,80,80,80,80,80,80,80,80,80,80,80,80,80,80,80,80,80,80,80,80,80,80,80,80,80,80,80,80,80,80,80,80,80,80,80,80,90,90,90,90,90,90,90,90,90,90,90,90,90,90,90,90],"relic_stats":{"OrangePellets":[12],"counters":[30,119],"Dead Branch":[577],"Gambling Chip":[33],"Champion Belt":[19],"Letter Opener":[269],"obtain_stats":[{"Pear":40,"Dead Branch":0,"Vajra":46,"Letter Opener":43,"Empty Cage":17,"Burning Blood":0,"Old Coin":42,"Du-Vu Doll":54,"SlaversCollar":34,"OrangePellets":45,"Gambling Chip":37,"Molten Egg 2":9,"Bag of Marbles":45,"Champion Belt":41,"Toxic Egg 2":29,"InkBottle":10,"Red Skull":26,"Paper Frog":23},{"Pear":23,"Dead Branch":0,"Vajra":25,"Letter Opener":24,"Empty Cage":8,"Burning Blood":0,"Old Coin":24,"Du-Vu Doll":29,"SlaversCollar":18,"OrangePellets":24,"Gambling Chip":20,"Molten Egg 2":4,"Bag of Marbles":24,"Champion Belt":23,"Toxic Egg 2":16,"InkBottle":5,"Red Skull":14,"Paper Frog":13},{"Pear":96,"Dead Branch":0,"Vajra":102,"Letter Opener":99,"Empty Cage":37,"Burning Blood":0,"Old Coin":99,"Du-Vu Doll":115,"SlaversCollar":78,"OrangePellets":99,"Gambling Chip":86,"Molten Egg 2":16,"Bag of Marbles":99,"Champion Belt":96,"Toxic Egg 2":72,"InkBottle":21,"Red Skull":61,"Paper Frog":55}],"Burning Blood":139,"InkBottle":[47]},"card_choices":[{"not_picked":["Sentinel","Anger"],"picked":"True Grit","floor":1},{"not_picked":["Clothesline","Perfected Strike"],"picked":"Body Slam","floor":3},{"not_picked":["Body Slam","Thunderclap","Rupture"],"picked":"SKIP","floor":5},{"not_picked":["Shockwave","Body Slam"],"picked":"Flame Barrier","floor":7},{"not_picked":["Dropkick+1","Power Through"],"picked":"Ghostly Armor","floor":10},{"not_picked":["Power Through","Flex"],"picked":"Clothesline+1","floor":12},{"not_picked":["Exhume","Perfected Strike+1","Clash+1"],"picked":"SKIP","floor":14},{"not_picked":["Feed+1","Brutality"],"picked":"Corruption","floor":16},{"not_picked":["Wild Strike+1","Sword Boomerang+1"],"picked":"Battle Trance+1","floor":18},{"not_picked":["Metallicize","Rampage+1","Pummel+1"],"picked":"SKIP","floor":19},{"not_picked":["Pommel Strike+1","Armaments"],"picked":"Sentinel+1","floor":20},{"not_picked":["Evolve","Burning Pact"],"picked":"Disarm","floor":22},{"not_picked":["Clash+1","Blood for Blood+1"],"picked":"Shrug It Off","floor":23},{"not_picked":["Perfected Strike+1","Dark Embrace"],"picked":"Power Through","floor":24},{"not_picked":["Clash+1","Thunderclap+1"],"picked":"Power Through+1","floor":28},{"not_picked":["Entrench+1","Headbutt+1"],"picked":"Fiend Fire+1","floor":29},{"not_picked":["Wild Strike+1","Sword Boomerang+1","Infernal Blade+1"],"picked":"SKIP","floor":31},{"not_picked":["Impervious+1","Offering+1"],"picked":"Barricade","floor":33},{"not_picked":["Sword Boomerang+1","Flex+1","Infernal Blade+1"],"picked":"SKIP","floor":35},{"not_picked":["Anger+1","Clash+1","Blood for Blood+1"],"picked":"SKIP","floor":36},{"not_picked":["Warcry+1","Pommel Strike+1"],"picked":"Burning Pact+1","floor":38},{"not_picked":["Berserk","Whirlwind+1"],"picked":"Spot Weakness+1","floor":39},{"not_picked":["Blood for Blood+1","Clash+1"],"picked":"Burning Pact+1","floor":40},{"not_picked":["Wild Strike+1","Combust+1","Hemokinesis+1"],"picked":"SKIP","floor":42},{"not_picked":["Uppercut+1","Pummel+1"],"picked":"Dark Embrace","floor":46},{"not_picked":["Intimidate+1","Twin Strike+1"],"picked":"Shrug It Off+1","floor":47},{"not_picked":["Clothesline+1","Havoc+1"],"picked":"Inflame","floor":48},{"not_picked":["Evolve","Reaper+1"],"picked":"Exhume+1","floor":54}],"player_experience":5754048,"relics_obtained":[{"floor":9,"key":"Molten Egg 2"},{"floor":10,"key":"InkBottle"},{"floor":23,"key":"Paper Frog"},{"floor":26,"key":"Red Skull"},{"floor":29,"key":"Toxic Egg 2"},{"floor":40,"key":"Pear"},{"floor":42,"key":"Old Coin"},{"floor":43,"key":"Letter Opener"},{"floor":46,"key":"Vajra"},{"floor":54,"key":"Du-Vu Doll"}],"event_choices":[{"damage_healed":0,"gold_gain":0,"player_choice":"Ignored","damage_taken":0,"max_hp_gain":0,"max_hp_loss":0,"event_name":"NoteForYourself","floor":4,"gold_loss":0},{"damage_healed":0,"gold_gain":0,"player_choice":"2 cards matched","damage_taken":0,"max_hp_gain":0,"max_hp_loss":0,"event_name":"Match and Keep!","floor":11,"gold_loss":0,"cards_obtained":["Bandage Up","Combust"]},{"cards_removed":["Strike_R"],"damage_healed":0,"gold_gain":0,"player_choice":"Upgrade and Remove","damage_taken":0,"max_hp_gain":0,"max_hp_loss":0,"event_name":"Designer","floor":21,"gold_loss":90,"cards_upgraded":["Strike_R"]},{"damage_healed":0,"gold_gain":0,"player_choice":"Gave Potion","damage_taken":0,"relics_obtained":["Champion Belt"],"max_hp_gain":0,"max_hp_loss":0,"event_name":"WeMeetAgain","floor":41,"gold_loss":0}],"is_beta":false,"boss_relics":[{"not_picked":["Runic Dome","Calling Bell"],"picked":"Empty Cage"},{"not_picked":["Tiny House","Coffee Dripper"],"picked":"SlaversCollar"}],"items_purged_floors":[2,37],"is_endless":false,"potions_floor_spawned":[1,3,5,10,16,19,20,24,28,31,38,39,40],"ascension_level":8}}