{"host":"fa35vd3kig5td25x","time":1610390156,"event":{"mods":["BaseMod","Colored Powertips","Minty Spire (QoL Compilation)","Relic Stats","Slay the Relics Exporter"],"gold_per_floor":[110,110,128,143,143,143,143,163,163,189,32,54,89,102,102,179,179,199,43,43,43,61,86,136,136,136,149,149,164,164,193,193,265,265,284,301,34,54,72,72,72,72,72,72,22,49,49,93,93,93,93,93,93,24,54,54,54],"floor_reached":56,"playtime":3051,"items_purged":["Expertise","Decay"],"score":2152,"play_id":"cd2ce5cf-10f8-4940-9bcf-780e9701da90","local_time":"20210111193556","is_ascension_mode":true,"campfire_choices":[{"data":"Neutralize","floor":6,"key":"SMITH"},{"data":"Deadly Poison","floor":15,"key":"SMITH"},{"data":"Well Laid Plans","floor":25,"key":"SMITH"},{"floor":28,"key":"REST"},{"data":"Footwork","floor":32,"key":"SMITH"},{"data":"Catalyst","floor":40,"key":"SMITH"},{"data":"Catalyst","floor":42,"key":"SMITH"},{"floor":44,"key":"RECALL"},{"floor":47,"key":"REST"},{"data":"Catalyst","floor":49,"key":"SMITH"},{"floor":53,"key":"REST"}],"circlet_count":0,"master_deck":["AscendersBane","Survivor","Neutralize+1","Dagger Spray","Deadly Poison+1","Cloak And Dagger","Crippling Poison","Dash","PiercingWail","Poisoned Stab","Deflect","Catalyst+1","Corpse Explosion","Escape Plan","Bullet Time","Catalyst+1","Corpse Explosion","Calculated Gamble","Noxious Fumes","After Image","Backflip","All Out Attack","Distraction+1","Well Laid Plans+1","Burst","Footwork+1","Dodge and Roll","Adrenaline","Backflip","Parasite","PiercingWail","Catalyst+1","Leg Sweep"],"relics":["Ring of the Snake","NeowsBlessing","FossilizedHelix","Letter Opener","Orrery","Odd Mushroom","Torii","Pandora\u0027s Box","Bronze Scales","Akabeko","Snake Skull","Velvet Choker","OrangePellets","White Beast Statue","HornCleat","CeramicFish","Bag of Marbles"],"acts_visited":["Exordium","TheCity","TheBeyond","TheEnding"],"potions_floor_usage":[10,23,23,33,38,56,56],"damage_taken":[{"damage":0,"enemies":"Cultist","floor":1,"turns":1},{"damage":0,"enemies":"2 Louse","floor":3,"turns":1},{"damage":0,"enemies":"Small Slimes","floor":4,"turns":1},{"damage":6,"enemies":"2 Fungi Beasts","floor":8,"turns":3},{"damage":0,"enemies":"Gremlin Nob","floor":10,"turns":4},{"damage":0,"enemies":"The Mushroom Lair","floor":12,"turns":5},{"damage":10,"enemies":"3 Sentries","floor":13,"turns":8},{"damage":0,"enemies":"Looter","floor":14,"turns":3},{"damage":3,"enemies":"The Guardian","floor":16,"turns":10},{"damage":0,"enemies":"Chosen","floor":18,"turns":4},{"damage":6,"enemies":"3 Byrds","floor":22,"turns":2},{"damage":16,"enemies":"Gremlin Leader","floor":23,"turns":5},{"damage":7,"enemies":"Shelled Parasite and Fungi","floor":27,"turns":5},{"damage":0,"enemies":"Centurion and Healer","floor":29,"turns":3},{"damage":0,"enemies":"Slavers","floor":31,"turns":2},{"damage":30,"enemies":"Collector","floor":33,"turns":7},{"damage":0,"enemies":"3 Shapes","floor":35,"turns":3},{"damage":0,"enemies":"Orb Walker","floor":36,"turns":4},{"damage":0,"enemies":"3 Darklings","floor":38,"turns":4},{"damage":0,"enemies":"Writhing Mass","floor":39,"turns":4},{"damage":12,"enemies":"Giant Head","floor":46,"turns":7},{"damage":0,"enemies":"Nemesis","floor":48,"turns":5},{"damage":0,"enemies":"Time Eater","floor":50,"turns":4},{"damage":47,"enemies":"Awakened One","floor":51,"turns":14},{"damage":41,"enemies":"Shield and Spear","floor":55,"turns":5},{"damage":42,"enemies":"The Heart","floor":56,"turns":9}],"seed_played":"-6979074347829003728","potions_obtained":[{"floor":1,"key":"Weak Potion"},{"floor":2,"key":"Strength Potion"},{"floor":14,"key":"Strength Potion"},{"floor":22,"key":"AttackPotion"},{"floor":23,"key":"Weak Potion"},{"floor":27,"key":"Dexterity Potion"},{"floor":36,"key":"SpeedPotion"},{"floor":46,"key":"FearPotion"},{"floor":48,"key":"DuplicationPotion"},{"floor":55,"key":"Strength Potion"}],"is_trial":false,"path_per_floor":["M","?","M","M","?","R","?","M","T","E","$","?","E","M","R","B",null,"M","$","?","?","M","E","?","R","T","M","R","M","?","E","R","B",null,"M","M","$","M","M","R","?","R","T","R","$","E","R","E","R","B","B",null,"R","$","E","B"],"character_chosen":"THE_SILENT","items_purchased":["Orrery","Well Laid Plans","OrangePellets","PiercingWail","Leg Sweep"],"campfire_rested":3,"item_purchase_floors":[11,19,37,45,54],"current_hp_per_floor":[59,59,59,59,39,39,39,33,33,33,33,33,23,23,23,20,55,55,55,55,55,49,33,33,33,33,26,45,45,39,39,39,9,52,52,52,52,52,52,52,52,52,52,52,52,40,59,59,59,59,12,53,66,66,25,0,0],"gold":54,"neow_bonus":"THREE_ENEMY_KILL","is_daily":false,"chose_seed":false,"campfire_upgraded":7,"win_rate":0.0,"timestamp":1610390156,"path_taken":["M","?","?","M","?","R","?","M","T","E","$","?","E","M","R","BOSS","M","$","?","?","?","E","?","R","T","M","R","M","?","E","R","BOSS","M","M","$","?","M","R","?","R","T","R","$","E","R","E","R","BOSS","BOSS","R","$","E","BOSS"],"items_purchased_type":["Relic","Card","Relic","Card","Card"],"build_version":"2020-12-22","purchased_purges":2,"victory":false,"max_hp_per_floor":[66,66,66,66,66,66,66,66,66,66,66,66,66,66,66,66,66,66,66,66,66,66,66,66,66,66,66,66,66,66,66,66,66,66,66,66,66,66,66,66,66,66,66,66,66,66,66,66,66,66,66,66,66,66,66,66,66],"relic_stats":{"OrangePellets":[5],"Torii":25,"counters":[26,123],"Bronze Scales":[366],"CeramicFish":18,"Pandora\u0027s Box":["Escape Plan","Bullet Time","Catalyst","Corpse Explosion","Calculated Gamble","Noxious Fumes","Expertise","After Image","Backflip","All Out Attack"],"Snake Skull":[91],"Letter Opener":[384],"obtain_stats":[{"NeowsBlessing":0,"Torii":13,"CeramicFish":48,"Velvet Choker":34,"Snake Skull":31,"Letter Opener":10,"Odd Mushroom":12,"Akabeko":26,"White Beast Statue":41,"OrangePellets":37,"HornCleat":46,"Bronze Scales":23,"Orrery":11,"Pandora\u0027s Box":17,"Bag of Marbles":55,"FossilizedHelix":9,"Ring of the Snake":0},{"NeowsBlessing":0,"Torii":7,"CeramicFish":22,"Velvet Choker":16,"Snake Skull":15,"Letter Opener":5,"Odd Mushroom":6,"Akabeko":12,"White Beast Statue":20,"OrangePellets":18,"HornCleat":21,"Bronze Scales":12,"Orrery":5,"Pandora\u0027s Box":9,"Bag of Marbles":25,"FossilizedHelix":4,"Ring of the Snake":0},{"NeowsBlessing":0,"Torii":23,"CeramicFish":91,"Velvet Choker":64,"Snake Skull":57,"Letter Opener":10,"Odd Mushroom":15,"Akabeko":47,"White Beast Statue":79,"OrangePellets":71,"HornCleat":86,"Bronze Scales":47,"Orrery":10,"Pandora\u0027s Box":36,"Bag of Marbles":114,"FossilizedHelix":6,"Ring of the Snake":0}],"Ring of the Snake":[52]},"card_choices":[{"not_picked":["Distraction","Flying Knee"],"picked":"Dagger Spray","floor":1},{"not_picked":["Outmaneuver","Concentrate","Prepared"],"picked":"SKIP","floor":3},{"not_picked":["Grand Finale","Underhanded Strike"],"picked":"Deadly Poison","floor":4},{"not_picked":["Caltrops","Setup"],"picked":"Cloak And Dagger","floor":8},{"not_picked":["Flying Knee","Expertise","Calculated Gamble"],"picked":"SKIP","floor":10},{"not_picked":["Setup","Flying Knee"],"picked":"Crippling Poison","floor":11},{"not_picked":["Caltrops","Escape Plan"],"picked":"Dash","floor":11},{"not_picked":["Underhanded Strike","Dagger Throw"],"picked":"PiercingWail","floor":11},{"not_picked":["A Thousand Cuts","Quick Slash"],"picked":"Poisoned Stab","floor":11},{"not_picked":["Blade Dance","Prepared"],"picked":"Deflect","floor":12},{"not_picked":["Masterful Stab","Reflex","Infinite Blades"],"picked":"SKIP","floor":13},{"not_picked":["Backflip","Dagger Spray"],"picked":"Catalyst","floor":14},{"not_picked":["Venomology","Malaise"],"picked":"Corpse Explosion","floor":16},{"not_picked":["Quick Slash","Deadly Poison"],"picked":"Distraction+1","floor":18},{"not_picked":["Cloak And Dagger","Blade Dance","Poisoned Stab"],"picked":"SKIP","floor":22},{"not_picked":["Cloak And Dagger","Blade Dance","Poisoned Stab"],"picked":"SKIP","floor":22},{"not_picked":["Flechettes","All Out Attack","Backflip"],"picked":"SKIP","floor":23},{"not_picked":["Flechettes","All Out Attack","Backflip"],"picked":"SKIP","floor":23},{"not_picked":["All Out Attack","Blade Dance"],"picked":"Burst","floor":27},{"not_picked":["Blade Dance","Quick Slash"],"picked":"Footwork","floor":29},{"not_picked":["Blade Dance","Acrobatics"],"picked":"Dodge and Roll","floor":31},{"not_picked":["Unload","Phantasmal Killer"],"picked":"Adrenaline","floor":33},{"not_picked":["Flying Knee","Deadly Poison+1"],"picked":"Backflip","floor":35},{"not_picked":["Well Laid Plans+1","Caltrops+1","Quick Slash"],"picked":"SKIP","floor":36},{"not_picked":["Flechettes","Calculated Gamble","Blade Dance"],"picked":"SKIP","floor":38},{"not_picked":["Poisoned Stab+1","Acrobatics","Dagger Throw"],"picked":"SKIP","floor":39},{"not_picked":["Infinite Blades+1","Terror","Riddle With Holes+1"],"picked":"SKIP","floor":46},{"not_picked":["Backflip","Choke"],"picked":"Catalyst","floor":48},{"not_picked":["Tactician","Skewer","Catalyst"],"picked":"SKIP","floor":55}],"player_experience":2908853,"relics_obtained":[{"floor":9,"key":"FossilizedHelix"},{"floor":10,"key":"Letter Opener"},{"floor":12,"key":"Odd Mushroom"},{"floor":13,"key":"Torii"},{"floor":23,"key":"Bronze Scales"},{"floor":26,"key":"Akabeko"},{"floor":31,"key":"Snake Skull"},{"floor":46,"key":"HornCleat"},{"floor":48,"key":"CeramicFish"},{"floor":55,"key":"Bag of Marbles"}],"event_choices":[{"damage_healed":0,"gold_gain":0,"player_choice":"Got Potions","damage_taken":0,"max_hp_gain":0,"max_hp_loss":0,"event_name":"Lab","floor":2,"gold_loss":0},{"damage_healed":0,"gold_gain":0,"player_choice":"Entered Light","damage_taken":20,"max_hp_gain":0,"max_hp_loss":0,"event_name":"Shining Light","floor":5,"gold_loss":0,"cards_upgraded":["Defend_G","Strike_G"]},{"damage_healed":0,"gold_gain":0,"player_choice":"Fled","damage_taken":0,"max_hp_gain":0,"max_hp_loss":0,"event_name":"Scrap Ooze","floor":7,"gold_loss":0},{"damage_healed":0,"gold_gain":0,"player_choice":"Fought Mushrooms","damage_taken":0,"max_hp_gain":0,"max_hp_loss":0,"event_name":"Mushrooms","floor":12,"gold_loss":0},{"damage_healed":0,"gold_gain":0,"player_choice":"Ignored","damage_taken":0,"max_hp_gain":0,"max_hp_loss":0,"event_name":"Vampires","floor":20,"gold_loss":0},{"damage_healed":0,"gold_gain":0,"player_choice":"Cursed","damage_taken":0,"max_hp_gain":0,"max_hp_loss":0,"event_name":"Wheel of Change","floor":21,"gold_loss":0,"cards_obtained":["Decay"]},{"damage_healed":0,"gold_gain":50,"player_choice":"Stole From Cult","damage_taken":0,"max_hp_gain":0,"max_hp_loss":0,"event_name":"Nest","floor":24,"gold_loss":0},{"damage_healed":0,"gold_gain":0,"player_choice":"","damage_taken":6,"max_hp_gain":0,"max_hp_loss":0,"event_name":"Knowing Skull","floor":30,"potions_obtained":[],"gold_loss":0,"cards_obtained":[]},{"damage_healed":0,"gold_gain":0,"player_choice":"Gave Potion","damage_taken":0,"relics_obtained":["White Beast Statue"],"max_hp_gain":0,"max_hp_loss":0,"event_name":"WeMeetAgain","floor":41,"gold_loss":0}],"is_beta":false,"boss_relics":[{"not_picked":["Philosopher\u0027s Stone","Black Star"],"picked":"Pandora\u0027s Box"},{"not_picked":["Runic Dome","Empty Cage"],"picked":"Velvet Choker"}],"items_purged_floors":[19,37],"is_endless":false,"potions_floor_spawned":[1,4,14,16,22,23,27,31,36,46,48,55],"killed_by":"The Heart","ascension_level":20}}