{"host":"y3h3n3f7seyagppx","time":1610394167,"event":{"mods":["AlwaysNeverKeys","BaseMod","Better Vampires","Colored Powertips","DeckTracker","Emptier Cage","Minty Spire (QoL Compilation)","Permanent Neow","Quick Restart","Rare Cards Sparkle","Relic Sorter","Relic Stats","StSLib","Transform Curses"],"gold_per_floor":[214,234,7,7,17,49,49,80,103,115,40,72,72,102,102,179,179,193,193,221,56,71,71,102,152,152,184,204,204,204,44,44,118,118,132,132,132,1131,632,658,658,674,674,896,945,735,750,779,779,779,779,779,779,2,36,36],"floor_reached":57,"playtime":7169,"items_purged":["Strike_G","Normality","Normality"],"score":3240,"play_id":"026561c4-6124-4c91-a5c1-68627781d146","local_time":"20210111144247","is_ascension_mode":true,"campfire_choices":[{"data":"Skewer","floor":7.0,"key":"SMITH"},{"data":"Wraith Form v2","floor":15.0,"key":"SMITH"},{"data":"Crippling Poison","floor":23.0,"key":"SMITH"},{"data":"Well Laid Plans","floor":29.0,"key":"SMITH"},{"data":"Night Terror","floor":32.0,"key":"SMITH"},{"data":"Leg Sweep","floor":41,"key":"SMITH"},{"data":"Dash","floor":49,"key":"SMITH"},{"floor":53,"key":"REST"}],"circlet_count":0,"master_deck":["AscendersBane","Strike_G","Strike_G","Defend_G","Defend_G+1","Defend_G","Defend_G","Defend_G","Survivor","Neutralize","Quick Slash","Terror","Calculated Gamble","Skewer+1","Crippling Poison+1","Footwork","Endless Agony","Wraith Form v2+1","Night Terror+1","Poisoned Stab+1","Backflip","PiercingWail","Well Laid Plans+1","Leg Sweep+1","Endless Agony","Wraith Form v2+1","Noxious Fumes+1","Backflip+1","Blur","Dash+1","Caltrops+1","Concentrate","Catalyst+1"],"relics":["Ring of the Snake","Anchor","Happy Flower","Juzu Bracelet","Centennial Puzzle","Snake Skull","Gremlin Horn","SlaversCollar","Red Mask","Bag of Marbles","CaptainsWheel","Frozen Egg 2","Lantern","OrangePellets","Snecko Eye","TwistedFunnel","Art of War","Prayer Wheel","Shuriken","Ice Cream","Bag of Preparation","ClockworkSouvenir","Tingsha","Strawberry","War Paint"],"acts_visited":["Exordium","TheCity","TheBeyond","TheEnding"],"potions_floor_usage":[56],"damage_taken":[{"damage":4.0,"enemies":"Cultist","floor":1.0,"turns":4.0},{"damage":3.0,"enemies":"Small Slimes","floor":2.0,"turns":5.0},{"damage":0.0,"enemies":"2 Louse","floor":5.0,"turns":2.0},{"damage":19.0,"enemies":"3 Sentries","floor":6.0,"turns":14.0},{"damage":0.0,"enemies":"Lagavulin","floor":8.0,"turns":4.0},{"damage":0.0,"enemies":"Exordium Wildlife","floor":10.0,"turns":3.0},{"damage":0.0,"enemies":"Gremlin Nob","floor":12.0,"turns":2.0},{"damage":10.0,"enemies":"3 Sentries","floor":14.0,"turns":8.0},{"damage":0.0,"enemies":"Slime Boss","floor":16.0,"turns":8.0},{"damage":2.0,"enemies":"Shell Parasite","floor":18.0,"turns":4.0},{"damage":7.0,"enemies":"Masked Bandits","floor":20.0,"turns":5.0},{"damage":0.0,"enemies":"Spheric Guardian","floor":22.0,"turns":3.0},{"damage":3.0,"enemies":"Gremlin Leader","floor":24.0,"turns":7.0},{"damage":12.0,"enemies":"Slavers","floor":27.0,"turns":6.0},{"damage":1.0,"enemies":"Snecko","floor":28.0,"turns":5.0},{"damage":26.0,"enemies":"Automaton","floor":33.0,"turns":12.0},{"damage":0,"enemies":"Orb Walker","floor":35,"turns":3},{"damage":0,"enemies":"Giant Head","floor":40,"turns":10},{"damage":0,"enemies":"3 Darklings","floor":42,"turns":3},{"damage":9,"enemies":"2 Orb Walkers","floor":45,"turns":7},{"damage":0,"enemies":"Maw","floor":47,"turns":9},{"damage":0,"enemies":"Reptomancer","floor":48,"turns":5},{"damage":0,"enemies":"Time Eater","floor":50,"turns":15},{"damage":15,"enemies":"Donu and Deca","floor":51,"turns":12},{"damage":0,"enemies":"Shield and Spear","floor":55,"turns":6},{"damage":4,"enemies":"The Heart","floor":56,"turns":7}],"seed_played":"4719359822601531880","potions_obtained":[{"floor":5.0,"key":"SteroidPotion"},{"floor":6.0,"key":"EntropicBrew"},{"floor":10.0,"key":"SteroidPotion"},{"floor":16.0,"key":"Energy Potion"},{"floor":18.0,"key":"FearPotion"},{"floor":35,"key":"GhostInAJar"}],"is_trial":false,"path_per_floor":["M","M","$","?","M","E","R","E","T","M","$","E","?","E","R","B",null,"M","?","?","$","M","R","E","?","T","E","M","R","?","$","R","B",null,"M","?","?","?","$","E","R","M","T","?","?","$","M","E","R","B","B",null,"R","$","E","B",null],"character_chosen":"THE_SILENT","items_purchased":["Anchor","Fire Potion","Bag of Marbles","OrangePellets","TwistedFunnel","Art of War","Noxious Fumes+1","Blur","Caltrops+1","ClockworkSouvenir","Tingsha","Strawberry","Concentrate"],"campfire_rested":1,"item_purchase_floors":[3,3,21,31,39,39,39,46,54,54,54,54,54],"current_hp_per_floor":[55,52,52,52,52,33,33,33,33,33,33,33,33,23,23,23,55,53,53,46,46,46,46,43,43,43,31,30,30,30,30,30,4,51,51,51,51,51,51,51,51,51,51,51,42,42,42,42,42,42,27,54,63,70,70,66],"gold":36,"neow_bonus":"HUNDRED_GOLD","is_daily":false,"chose_seed":false,"campfire_upgraded":7,"win_rate":0.0,"timestamp":1610394167,"path_taken":["M","?","$","?","M","E","R","E","T","M","$","E","?","E","R","BOSS","M","?","?","?","M","R","E","?","T","E","M","R","?","$","R","BOSS","M","?","?","?","$","E","R","M","T","?","?","$","M","E","R","BOSS","BOSS","R","$","E","BOSS"],"items_purchased_type":["Relic","Potion","Relic","Relic","Relic","Relic","Card","Card","Card","Relic","Relic","Relic","Card"],"build_version":"2020-12-22","purchased_purges":3,"victory":true,"max_hp_per_floor":[66,66,66,66,66,66,66,66,66,66,66,66,66,66,66,66,66,66,66,66,66,66,66,66,66,66,66,66,66,66,66,66,66,66,66,63,63,63,63,63,63,63,63,63,63,63,63,63,63,63,63,63,63,70,70,70],"relic_stats":{"Happy Flower":[48],"Gremlin Horn":[22,22],"counters":[26,169],"Tingsha":[12],"Snake Skull":[154],"Juzu Bracelet":3,"Bag of Preparation":[2],"War Paint":["Catalyst","Defend_G"],"OrangePellets":[52],"Centennial Puzzle":[36],"Shuriken":[15],"Snecko Eye":[35,31,49,35],"Prayer Wheel":2,"Art of War":[16],"obtain_stats":[{"TwistedFunnel":39,"Ice Cream":45,"Lantern":27,"Gremlin Horn":14,"Snake Skull":12,"Juzu Bracelet":8,"Bag of Preparation":48,"ClockworkSouvenir":54,"Centennial Puzzle":9,"Strawberry":54,"Prayer Wheel":40,"Red Mask":20,"Ring of the Snake":0,"Happy Flower":6,"Tingsha":54,"Frozen Egg 2":26,"War Paint":55,"SlaversCollar":17,"OrangePellets":31,"Anchor":3,"CaptainsWheel":24,"Shuriken":43,"Snecko Eye":34,"Bag of Marbles":21,"Art of War":39},{"TwistedFunnel":17,"Ice Cream":20,"Lantern":14,"Gremlin Horn":8,"Snake Skull":7,"Juzu Bracelet":5,"Bag of Preparation":22,"ClockworkSouvenir":24,"Centennial Puzzle":5,"Strawberry":24,"Prayer Wheel":18,"Red Mask":11,"Ring of the Snake":0,"Happy Flower":4,"Tingsha":24,"Frozen Egg 2":13,"War Paint":25,"SlaversCollar":9,"OrangePellets":15,"Anchor":2,"CaptainsWheel":13,"Shuriken":19,"Snecko Eye":16,"Bag of Marbles":11,"Art of War":17},{"TwistedFunnel":95,"Ice Cream":115,"Lantern":75,"Gremlin Horn":42,"Snake Skull":34,"Juzu Bracelet":29,"Bag of Preparation":129,"ClockworkSouvenir":156,"Centennial Puzzle":29,"Strawberry":156,"Prayer Wheel":105,"Red Mask":59,"Ring of the Snake":0,"Happy Flower":25,"Tingsha":156,"Frozen Egg 2":69,"War Paint":162,"SlaversCollar":50,"OrangePellets":80,"Anchor":9,"CaptainsWheel":69,"Shuriken":108,"Snecko Eye":92,"Bag of Marbles":59,"Art of War":95}],"Ring of the Snake":[53]},"card_choices":[{"not_picked":["Deadly Poison","Sucker Punch"],"picked":"Quick Slash","floor":1.0},{"not_picked":["PiercingWail","Backflip"],"picked":"Terror","floor":2.0},{"not_picked":["Acrobatics","Deflect"],"picked":"Calculated Gamble","floor":5.0},{"not_picked":["Footwork","Distraction"],"picked":"Skewer","floor":6.0},{"not_picked":["Acrobatics","Backflip"],"picked":"Crippling Poison","floor":8.0},{"not_picked":["Burst","Dodge and Roll"],"picked":"Footwork","floor":10.0},{"not_picked":["Outmaneuver","Blade Dance"],"picked":"Endless Agony","floor":12.0},{"not_picked":["Flying Knee","Caltrops"],"picked":"Wraith Form v2","floor":14.0},{"not_picked":["A Thousand Cuts","Malaise"],"picked":"Night Terror","floor":16.0},{"not_picked":["Outmaneuver","Backstab"],"picked":"Poisoned Stab+1","floor":18.0},{"not_picked":["Acrobatics","Dagger Spray"],"picked":"PiercingWail","floor":22.0},{"not_picked":["Terror","Backstab"],"picked":"Well Laid Plans","floor":24.0},{"not_picked":["Underhanded Strike","Unload","Blade Dance+1"],"picked":"SKIP","floor":27.0},{"not_picked":["Infinite Blades+1","Dagger Throw"],"picked":"Leg Sweep","floor":28.0},{"not_picked":["Envenom+1","Tools of the Trade+1"],"picked":"Wraith Form v2+1","floor":33.0},{"not_picked":["Flying Knee","Dagger Throw","Poisoned Stab"],"picked":"SKIP","floor":35},{"not_picked":["Expertise","Flying Knee+1","Dagger Throw"],"picked":"SKIP","floor":40},{"not_picked":["Expertise","Flying Knee+1","Dagger Throw"],"picked":"SKIP","floor":40},{"not_picked":["Quick Slash","Venomology","Expertise"],"picked":"SKIP","floor":42},{"not_picked":["Poisoned Stab","Eviscerate","Backflip"],"picked":"SKIP","floor":42},{"not_picked":["Dodge and Roll","All Out Attack"],"picked":"Backflip+1","floor":45},{"not_picked":["Backflip+1","Glass Knife"],"picked":"Dash","floor":47},{"not_picked":["PiercingWail","Dagger Throw+1","Flying Knee"],"picked":"SKIP","floor":47},{"not_picked":["Dagger Throw","Dodge and Roll","Setup"],"picked":"SKIP","floor":48},{"not_picked":["Deadly Poison","Crippling Poison"],"picked":"Catalyst","floor":55}],"player_experience":20702004,"relics_obtained":[{"floor":6.0,"key":"Happy Flower"},{"floor":8.0,"key":"Juzu Bracelet"},{"floor":9.0,"key":"Centennial Puzzle"},{"floor":12.0,"key":"Snake Skull"},{"floor":14.0,"key":"Gremlin Horn"},{"floor":20.0,"key":"Red Mask"},{"floor":24.0,"key":"CaptainsWheel"},{"floor":26.0,"key":"Frozen Egg 2"},{"floor":27.0,"key":"Lantern"},{"floor":40,"key":"Prayer Wheel"},{"floor":43,"key":"Shuriken"},{"floor":45,"key":"Ice Cream"},{"floor":48,"key":"Bag of Preparation"},{"floor":55,"key":"War Paint"}],"event_choices":[{"cards_removed":["Strike_G"],"damage_healed":0.0,"max_hp_gain":0.0,"max_hp_loss":0.0,"gold_gain":0.0,"event_name":"Bonfire Elementals","player_choice":"Offered Basic","floor":4.0,"gold_loss":0.0,"damage_taken":0.0},{"damage_healed":0.0,"max_hp_gain":0.0,"max_hp_loss":0.0,"gold_gain":0.0,"event_name":"Liars Game","player_choice":"Ignored","floor":13.0,"gold_loss":0.0,"damage_taken":0.0},{"damage_healed":0.0,"max_hp_gain":0.0,"max_hp_loss":0.0,"gold_gain":0.0,"event_name":"The Library","player_choice":"Read","floor":19.0,"gold_loss":0.0,"damage_taken":0.0,"cards_obtained":["Backflip"]},{"damage_healed":0.0,"max_hp_gain":0.0,"max_hp_loss":0.0,"gold_gain":0.0,"event_name":"Masked Bandits","player_choice":"Fought Bandits","floor":20.0,"gold_loss":0.0,"damage_taken":0.0},{"damage_healed":0.0,"max_hp_gain":0.0,"max_hp_loss":0.0,"gold_gain":50.0,"event_name":"Golden Shrine","player_choice":"Pray","floor":25.0,"gold_loss":0.0,"damage_taken":0.0},{"damage_healed":0.0,"max_hp_gain":0.0,"max_hp_loss":0.0,"gold_gain":0.0,"cards_transformed":["Strike_G"],"event_name":"Transmorgrifier","player_choice":"Transformed","floor":30.0,"gold_loss":0.0,"damage_taken":0.0,"cards_obtained":["Endless Agony"]},{"damage_healed":0,"gold_gain":0,"player_choice":"Max HP","damage_taken":0,"max_hp_gain":0,"max_hp_loss":3,"event_name":"Winding Halls","floor":36,"gold_loss":0},{"damage_healed":0,"gold_gain":0,"player_choice":"Memory 1","damage_taken":0,"max_hp_gain":0,"max_hp_loss":0,"event_name":"SensoryStone","floor":37,"gold_loss":0},{"damage_healed":0,"gold_gain":999,"player_choice":"Gold","damage_taken":0,"max_hp_gain":0,"max_hp_loss":0,"event_name":"MindBloom","floor":38,"gold_loss":0,"cards_obtained":["Normality","Normality"]},{"damage_healed":0,"gold_gain":222,"player_choice":"Wore Mask","damage_taken":0,"max_hp_gain":0,"max_hp_loss":0,"event_name":"Tomb of Lord Red Mask","floor":44,"gold_loss":0},{"damage_healed":0,"gold_gain":0,"player_choice":"Fight","damage_taken":0,"max_hp_gain":0,"max_hp_loss":0,"event_name":"Mysterious Sphere","floor":45,"gold_loss":0}],"is_beta":false,"boss_relics":[{"not_picked":["Calling Bell","SacredBark"],"picked":"SlaversCollar"},{"not_picked":["Tiny House","Fusion Hammer"],"picked":"Snecko Eye"}],"items_purged_floors":[11,39,46],"is_endless":false,"potions_floor_spawned":[5,6,10,16,18,22,28,33,35,48,55],"ascension_level":20}}