{"host":"y36bp6mnm73x3iob","time":1610402687,"event":{"mods":["2.2 Compatiblity","Aspiration","BaseMod","Downfall","GifTheSpireLib","Hermit","Hubris","Marisa????????","Minty Spire (QoL Compilation)","Replay The Spire","Retaliation","StSLib","Stuff the Spire","The Cursed","The Disciple","The Servant 0.9.4"],"gold_per_floor":[118,118,128,7,23,23,43,43,90,90,90,125,125,125,125],"floor_reached":14,"playtime":477,"items_purged":[],"score":92,"play_id":"6846193b-b4f5-4fad-8d50-f0272892b575","local_time":"20210112000447","is_ascension_mode":true,"campfire_choices":[{"data":"StuffTheSpire:Incantation","floor":6,"key":"SMITH"},{"data":"Caltrops","floor":8,"key":"SMITH"},{"data":"Distraction","floor":10,"key":"SMITH"}],"circlet_count":0,"master_deck":["Strike_G","Strike_G","Strike_G","Strike_G","Strike_G","Defend_G","Defend_G","Defend_G","Defend_G","Defend_G","Survivor","Neutralize","StuffTheSpire:Incantation+1","PiercingWail","Caltrops+1","Backflip","Distraction+1","Quick Slash","StuffTheSpire:Incantation","Pain"],"relics":["Snecko Heart","Replay:Wax Seal","hubris:Icosahedron","MealTicket","WarpedTongs"],"acts_visited":["Exordium"],"potions_floor_usage":[14],"damage_taken":[{"damage":0,"enemies":"Small Slimes","floor":1,"turns":4},{"damage":0,"enemies":"Cultist","floor":3,"turns":5},{"damage":4,"enemies":"Jaw Worm","floor":5,"turns":4},{"damage":10,"enemies":"Large Slime","floor":7,"turns":8},{"damage":34,"enemies":"3 Sentries","floor":12,"turns":7},{"damage":26,"enemies":"Gremlin Nob","floor":14,"turns":4}],"seed_played":"-5315613533335378798","potions_obtained":[{"floor":1,"key":"sneckomod:MuddlingPotion"}],"is_trial":false,"path_per_floor":["M","?","M","$","M","R","M","R","T","R","?","E","?","E"],"character_chosen":"THE_SILENT","items_purchased":["Caltrops","Backflip"],"campfire_rested":0,"item_purchase_floors":[4,4],"current_hp_per_floor":[70,70,70,70,66,66,56,56,56,56,56,22,22,0,0],"gold":125,"neow_bonus":"BOSS_RELIC","is_daily":false,"chose_seed":false,"campfire_upgraded":3,"win_rate":0.0,"timestamp":1610402687,"path_taken":["M","?","?","$","M","R","M","R","T","R","?","E","?","E"],"items_purchased_type":["Card","Card"],"build_version":"2020-12-22","purchased_purges":0,"victory":false,"max_hp_per_floor":[70,70,70,70,70,70,70,70,70,70,70,70,70,70,70],"card_choices":[{"not_picked":["Infinite Blades","Acrobatics"],"picked":"StuffTheSpire:Incantation","floor":1},{"not_picked":["Bane","Finisher"],"picked":"PiercingWail","floor":3},{"not_picked":["Hidden Blade","Deadly Poison"],"picked":"Distraction","floor":5},{"not_picked":["Poisoned Stab","StuffTheSpire:Injection"],"picked":"Quick Slash","floor":7},{"not_picked":["Acrobatics","Glass Knife"],"picked":"StuffTheSpire:Incantation","floor":12}],"player_experience":470654,"relics_obtained":[{"floor":9,"key":"Replay:Wax Seal"},{"floor":12,"key":"MealTicket"}],"event_choices":[{"damage_healed":0,"gold_gain":0,"player_choice":"Full Heal","damage_taken":0,"max_hp_gain":0,"max_hp_loss":0,"event_name":"Wheel of Change","floor":2,"gold_loss":0},{"damage_healed":0,"gold_gain":0,"player_choice":"Rummage","damage_taken":0,"relics_obtained":["WarpedTongs"],"max_hp_gain":0,"max_hp_loss":0,"event_name":"Accursed Blacksmith","floor":13,"gold_loss":0,"cards_obtained":["Pain"]}],"is_beta":false,"boss_relics":[],"items_purged_floors":[],"is_endless":false,"potions_floor_spawned":[1],"killed_by":"Gremlin Nob","ascension_level":1}}