{"host":"3jhxjeq8h3mqaq9s","time":1610337520,"event":{"mods":["BaseMod","Bestiary","Colored Map","Highlight Path","Minty Spire (QoL Compilation)","Rare Cards Sparkle","Relic Stats","StSLib","everything is the same but u backflip on backflip","slay the spire mod where everything is the same but ironclad has a cowboy hat"],"gold_per_floor":[119,18,18,38,38,38,66,66,93,124,134,150,181,193,193,298,298,311,330,255,255,112,142,142,175,175,188,202,233,247,258,258,356,356,368,378,393,393,393,393,393],"floor_reached":40,"playtime":1780,"items_purged":["Amplify"],"score":585,"play_id":"06ce5959-5781-41d7-8bb4-63d763bdb6e6","local_time":"20210110225840","is_ascension_mode":true,"campfire_choices":[{"data":"Defragment","floor":6,"key":"SMITH"},{"data":"Go for the Eyes","floor":8,"key":"SMITH"},{"data":"Zap","floor":15,"key":"SMITH"},{"floor":24,"key":"RECALL"},{"floor":32,"key":"REST"}],"circlet_count":0,"master_deck":["Strike_B","Defend_B","Defend_B","Defend_B","Defend_B","Zap+1","Dualcast","Leap","Defragment+1","Cold Snap","Conserve Battery","Go for the Eyes+1","Compile Driver","Self Repair","Compile Driver","Electrodynamics","Core Surge","Rebound","Melter","Defragment","Undo","Sweeping Beam+1","Biased Cognition","Skim","Ball Lightning+1"],"relics":["Cracked Core","Mummified Hand","Lantern","HornCleat","Akabeko","Fusion Hammer","Cables","StrikeDummy","Ginger","Gremlin Horn","Empty Cage"],"acts_visited":["Exordium","TheCity","TheBeyond"],"potions_floor_usage":[25,29,40],"damage_taken":[{"damage":1,"enemies":"Cultist","floor":1,"turns":3},{"damage":1,"enemies":"2 Louse","floor":4,"turns":3},{"damage":12,"enemies":"Gremlin Nob","floor":7,"turns":4},{"damage":20,"enemies":"3 Sentries","floor":10,"turns":8},{"damage":0,"enemies":"Jaw Worm","floor":11,"turns":2},{"damage":8,"enemies":"3 Louse","floor":12,"turns":4},{"damage":6,"enemies":"Gremlin Nob","floor":13,"turns":5},{"damage":1,"enemies":"2 Fungi Beasts","floor":14,"turns":2},{"damage":14,"enemies":"Hexaghost","floor":16,"turns":10},{"damage":3,"enemies":"Chosen","floor":18,"turns":3},{"damage":0,"enemies":"Spheric Guardian","floor":19,"turns":3},{"damage":4,"enemies":"Gremlin Leader","floor":23,"turns":6},{"damage":20,"enemies":"Slavers","floor":25,"turns":4},{"damage":2,"enemies":"Chosen and Byrds","floor":27,"turns":3},{"damage":0,"enemies":"Shelled Parasite and Fungi","floor":28,"turns":3},{"damage":9,"enemies":"Book of Stabbing","floor":29,"turns":4},{"damage":0,"enemies":"3 Cultists","floor":30,"turns":4},{"damage":0,"enemies":"Cultist and Chosen","floor":31,"turns":3},{"damage":8,"enemies":"Collector","floor":33,"turns":8},{"damage":0,"enemies":"Orb Walker","floor":35,"turns":3},{"damage":31,"enemies":"3 Darklings","floor":36,"turns":4},{"damage":12,"enemies":"Sphere and 2 Shapes","floor":37,"turns":4},{"damage":46,"enemies":"Giant Head","floor":40,"turns":9}],"seed_played":"-2322874897709146964","potions_obtained":[{"floor":7,"key":"Ancient Potion"},{"floor":11,"key":"Weak Potion"},{"floor":13,"key":"LiquidMemories"},{"floor":16,"key":"LiquidMemories"},{"floor":25,"key":"Swift Potion"},{"floor":31,"key":"LiquidMemories"}],"is_trial":false,"path_per_floor":["M","$","$","M","?","R","E","R","T","E","M","M","E","M","R","B",null,"M","M","?","?","$","E","R","E","T","M","M","E","M","M","R","B",null,"M","M","M","?","?","E"],"character_chosen":"DEFECT","items_purchased":["Defragment","Cold Snap","Defragment"],"campfire_rested":1,"item_purchase_floors":[2,2,22],"current_hp_per_floor":[74,74,74,73,66,66,54,54,54,34,34,33,34,33,33,26,63,67,74,74,74,74,75,75,62,62,67,74,72,75,75,75,74,75,75,51,46,46,46,0,0],"gold":393,"neow_bonus":"ONE_RANDOM_RARE_CARD","is_daily":false,"chose_seed":false,"campfire_upgraded":3,"win_rate":0.0,"timestamp":1610337520,"path_taken":["M","?","$","M","?","R","E","R","T","E","M","M","E","M","R","BOSS","M","M","?","?","$","E","R","E","T","M","M","E","M","M","R","BOSS","M","M","M","?","?","E"],"items_purchased_type":["Card","Card","Card"],"build_version":"2020-12-22","purchased_purges":1,"victory":false,"max_hp_per_floor":[75,75,75,75,75,75,75,75,75,75,75,75,75,75,75,75,75,75,75,75,75,75,75,75,75,75,75,75,75,75,75,75,75,75,75,75,75,75,75,75,75],"relic_stats":{"Gremlin Horn":[10,10],"counters":[23,102],"Mummified Hand":[64],"Ginger":[6],"obtain_stats":[{"Lantern":7,"HornCleat":10,"Gremlin Horn":29,"Mummified Hand":5,"Fusion Hammer":17,"Ginger":26,"Cracked Core":0,"StrikeDummy":25,"Empty Cage":34,"Akabeko":13,"Cables":23},{"Lantern":3,"HornCleat":4,"Gremlin Horn":16,"Mummified Hand":2,"Fusion Hammer":9,"Ginger":13,"Cracked Core":0,"StrikeDummy":13,"Empty Cage":19,"Akabeko":7,"Cables":12},{"Lantern":10,"HornCleat":18,"Gremlin Horn":67,"Mummified Hand":6,"Fusion Hammer":41,"Ginger":57,"Cracked Core":0,"StrikeDummy":57,"Empty Cage":82,"Akabeko":29,"Cables":53}],"Cables":[44,38,6,0,0]},"card_choices":[{"not_picked":["Gash","Fusion"],"picked":"Leap","floor":1},{"not_picked":["Capacitor","Coolheaded"],"picked":"Conserve Battery","floor":4},{"not_picked":["Rebound","Gash"],"picked":"Go for the Eyes","floor":7},{"not_picked":["Streamline","Barrage"],"picked":"Compile Driver","floor":10},{"not_picked":["Cold Snap","Tempest"],"picked":"Self Repair","floor":11},{"not_picked":["Stack","Cold Snap"],"picked":"Compile Driver","floor":12},{"not_picked":["Fission","Hologram"],"picked":"Electrodynamics","floor":13},{"not_picked":["Streamline","Heatsinks","Lockon"],"picked":"SKIP","floor":14},{"not_picked":["Machine Learning","Reboot"],"picked":"Core Surge","floor":16},{"not_picked":["Cold Snap","Barrage"],"picked":"Rebound","floor":18},{"not_picked":["Gash","Compile Driver"],"picked":"Melter","floor":19},{"not_picked":["Streamline","Cold Snap","Storm"],"picked":"SKIP","floor":23},{"not_picked":["Machine Learning","Conserve Battery","Rebound+1"],"picked":"SKIP","floor":25},{"not_picked":["Compile Driver","Redo"],"picked":"Undo","floor":27},{"not_picked":["Barrage","Beam Cell","Force Field"],"picked":"SKIP","floor":28},{"not_picked":["Turbo","Stack","Conserve Battery"],"picked":"SKIP","floor":29},{"not_picked":["Streamline+1","Leap","Stack"],"picked":"SKIP","floor":30},{"not_picked":["Static Discharge","Blizzard+1"],"picked":"Sweeping Beam+1","floor":31},{"not_picked":["Seek","Fission"],"picked":"Biased Cognition","floor":33},{"not_picked":["Turbo","Gash","Stack"],"picked":"SKIP","floor":35},{"not_picked":["Chill+1","Gash+1"],"picked":"Skim","floor":36},{"not_picked":["Cold Snap+1","Darkness"],"picked":"Ball Lightning+1","floor":37}],"player_experience":2450868,"relics_obtained":[{"floor":7,"key":"Lantern"},{"floor":10,"key":"HornCleat"},{"floor":13,"key":"Akabeko"},{"floor":23,"key":"Cables"},{"floor":25,"key":"StrikeDummy"},{"floor":26,"key":"Ginger"},{"floor":29,"key":"Gremlin Horn"}],"event_choices":[{"damage_healed":0,"gold_gain":0,"player_choice":"Success","damage_taken":7,"relics_obtained":["Mummified Hand"],"max_hp_gain":0,"max_hp_loss":0,"event_name":"Scrap Ooze","floor":5,"gold_loss":0},{"cards_removed":["Strike_B"],"damage_healed":0,"gold_gain":0,"player_choice":"Gave Gold","damage_taken":0,"max_hp_gain":0,"max_hp_loss":0,"event_name":"Beggar","floor":20,"gold_loss":75},{"damage_healed":0,"gold_gain":0,"player_choice":"Ignored","damage_taken":0,"max_hp_gain":0,"max_hp_loss":0,"event_name":"Vampires","floor":21,"gold_loss":0},{"damage_healed":0,"gold_gain":0,"player_choice":"Memory 1","damage_taken":0,"max_hp_gain":0,"max_hp_loss":0,"event_name":"SensoryStone","floor":38,"gold_loss":0},{"damage_healed":0,"gold_gain":0,"player_choice":"Got Potions","damage_taken":0,"max_hp_gain":0,"max_hp_loss":0,"event_name":"Lab","floor":39,"gold_loss":0}],"is_beta":false,"boss_relics":[{"not_picked":["Ectoplasm","Cursed Key"],"picked":"Fusion Hammer"},{"not_picked":["Velvet Choker","SlaversCollar"],"picked":"Empty Cage"}],"items_purged_floors":[22],"is_endless":false,"potions_floor_spawned":[7,11,13,16,25,27,31,33,35],"killed_by":"Giant Head","ascension_level":5}}