{"host":"bplbr8uekuotory4","time":1610361675,"event":{"mods":["Act Like it!","BaseMod","Custom Start","Gensokyo","GungeonMod","Hermit","KinomotoSakuraMod(木之本樱)","Koishi","Marisa（F雨　魔理沙）","Minty Spire (QoL Compilation)","Prisma Mod","Quick Restart","Reimu（博丽灵梦）","SOS（斯巴达之子）","Spicy Shops","StSLib","TestMod","The Alterego","The Blackbeard","The Cursed","The Marked","The Mystic","The Runesmith","The Saiyan","The Servant 0.9.4","Yuri Mod","[IsaacMod]以撒尖塔","vexMod"],"gold_per_floor":[112,125,525,545,545,577,50,50,50,65,65,14,14,239,239,341,341,351,266,266,266,68,98,112,140,164,164,24,24,57,69,81,191,203,235,247,111,111,121,152,162,162,230,230,230,247,59,405,405,420,420,38,53,64,64,97,109,136,162,212,260,260,270,270,270,270,270,116,157,157],"floor_reached":56,"playtime":2024,"items_purged":["blackbeard:BlackbeardStrike","blackbeard:BlackbeardDefend","blackbeard:BlackbeardStrike","blackbeard:Revenge","blackbeard:BlackbeardDefend","mysticmod:Dedication","blackbeard:Shrapnel+1","blackbeard:FieryDefense+1"],"score":2001,"play_id":"f15a38c2-adc3-47a4-9b93-bf6f568fb8c7","local_time":"20210111184115","is_ascension_mode":true,"campfire_choices":[{"data":"blackbeard:Cutlass","floor":8.0,"key":"SMITH"},{"data":"Dilation","floor":11.0,"key":"SMITH"},{"floor":15.0,"key":"DIG"},{"data":"blackbeard:PiratesWill","floor":27,"key":"SMITH"},{"data":"blackbeard:BoostMorale","floor":29,"key":"SMITH"},{"data":"blackbeard:BoostMorale","floor":32,"key":"SMITH"},{"data":"blackbeard:Toast","floor":42,"key":"SMITH"},{"data":"blackbeard:CaptainsHat","floor":45,"key":"SMITH"},{"floor":49,"key":"RECALL"},{"data":"blackbeard:InfiniteBarrage","floor":40,"key":"SMITH"},{"data":"blackbeard:Rum","floor":47,"key":"SMITH"},{"data":"blackbeard:PirateHook","floor":49,"key":"SMITH"},{"floor":52,"key":"DIG"}],"circlet_count":0,"master_deck":["blackbeard:PirateHook+1","blackbeard:TerrorOfTheSeas+1","Dilation+1","blackbeard:FinalBarrage+1","blackbeard:GoldenRain+1","blackbeard:Halberd+1","blackbeard:ReapersScythe+1","blackbeard:BoostMorale+1","blackbeard:PiratesWill+1","RainPray2:ReiMu+1","blackbeard:BoostMorale+1","blackbeard:Toast+1","blackbeard:CaptainsHat+1","blackbeard:TacticalRetreat+1","blackbeard:Anchor+1","blackbeard:InfiniteBarrage+1","blackbeard:BoostMorale+1","blackbeard:Rum+1","RainPray2:ReiMu+1","KamiRite:ReiMu+1"],"relics":["blackbeard:LoadTheCannons","testmod-TestBox","HushsDoor","Damocles","testmod-HeartOfDaVinci","NeowsBlessing","EdensBlessing","Akabeko","DeadEye","Bronze Scales","UnicornStump","Pan","DemoMod:RedGuonStone","Molten Egg 2","Shovel","Koishi:BloodstainedWhiteRose","Astrolabe","GuppysPaw","Damocles","RuthlessExorcism:ReiMu","Runesmith:EmergencyProvisions","SkyOrb:ReiMu","Membership Card","blackbeard:Spearhead","DemoMod:MonsterBlood","BFFS","DemoMod:GlassGuonStoneRelic","DemoMod:Metronome","SalivaCoin","Pocketwatch","vexMod:ScavengeHelm","HowToJump","Juzu Bracelet","testmod-IntensifyImprint","MawBank","DemoMod:SuperHotWatch","Pen Nib","testmod-TimeTraveler","GuppysHairball","GuppysCollar","vexMod:BarristanHead","Bag of Preparation","Toolbox","yuri:PortableGlitches","TheCursedMod:Tack","DemoMod:PinkGuonStone","AmplifyWand","DemoMod:HoleyGrail","Bow_fan:ReiMu","Toxic Egg 2","Koishi:EchoesOfADeadGirl","mysticmod:RabbitsFoot","Old Coin","Anchor","DemoMod:BlueGuonStone","hermit:RyeStalk","Omamori","testmod-Justice","testmod-Hope","SatanicBible","testmod-IndustrialRevolution","vexMod:FocusSash","CrazyTorch:ReiMu","KSMOD_SwordJade","DemoMod:SilverBullets","DemoMod:BigBoy","Runesmith:Nanobots","blackbeard:CannonballsOfSteel","Broom","ShroomBag","Potion Belt","War Paint","CatCart","testmod-AssaultLearning","Toy Ornithopter","CeramicFish","testmod-OneHitWonder","mysticmod:RunicPrism","TheBean","Koishi:TeethAndClaws","hermit:Spyglass","PaperSwan","FadedRune:ReiMu","testmod-IntensifyImprint"],"acts_visited":["Exordium","TheCity","TheBeyond","TheEnding"],"potions_floor_usage":[23,30,33,40,55,55,55,55,55,55,55,55,55,55,55,55],"damage_taken":[{"damage":0.0,"enemies":"Cultist","floor":1.0,"turns":1.0},{"damage":0.0,"enemies":"2 Louse","floor":2.0,"turns":1.0},{"damage":0.0,"enemies":"Jaw Worm","floor":4.0,"turns":1.0},{"damage":9.0,"enemies":"3 Sentries","floor":6.0,"turns":5.0},{"damage":0.0,"enemies":"Looter","floor":10.0,"turns":2.0},{"damage":0.0,"enemies":"Hexaghost","floor":16.0,"turns":5.0},{"damage":0.0,"enemies":"2 Thieves","floor":18.0,"turns":1.0},{"damage":6,"enemies":"Book of Stabbing","floor":23,"turns":3},{"damage":0,"enemies":"3 Byrds","floor":24,"turns":1},{"damage":0,"enemies":"Gremlin Leader","floor":25,"turns":3},{"damage":0,"enemies":"Book of Stabbing","floor":30,"turns":1},{"damage":0,"enemies":"Champ","floor":33,"turns":4},{"damage":0,"enemies":"3 Shapes","floor":35,"turns":1},{"damage":0,"enemies":"Orb Walker","floor":39,"turns":1},{"damage":0,"enemies":"Giant Head","floor":40,"turns":1},{"damage":0,"enemies":"Sphere and 2 Shapes","floor":41,"turns":1},{"damage":0,"enemies":"4 Shapes","floor":46,"turns":1},{"damage":0,"enemies":"2 Orb Walkers","floor":48,"turns":1},{"damage":0,"enemies":"3 Shapes","floor":35,"turns":1},{"damage":0,"enemies":"Orb Walker","floor":38,"turns":1},{"damage":0,"enemies":"Spire Growth","floor":39,"turns":1},{"damage":0,"enemies":"Nemesis","floor":41,"turns":1},{"damage":0,"enemies":"Writhing Mass","floor":42,"turns":1},{"damage":0,"enemies":"Reptomancer","floor":44,"turns":1},{"damage":0,"enemies":"Mind Bloom Boss Battle","floor":45,"turns":1},{"damage":0,"enemies":"Orin","floor":46,"turns":2},{"damage":0,"enemies":"4 Shapes","floor":48,"turns":1},{"damage":0,"enemies":"Time Eater","floor":50,"turns":2},{"damage":0,"enemies":"Shield and Spear","floor":54,"turns":1},{"damage":0,"enemies":"The Heart","floor":55,"turns":2}],"seed_played":"6258692967113881353","potions_obtained":[{"floor":1.0,"key":"Block Potion"},{"floor":2.0,"key":"testmod-SpacePotion"},{"floor":10.0,"key":"SkillPotion"},{"floor":16.0,"key":"ColorlessPotion"},{"floor":24,"key":"Strength Potion"},{"floor":30,"key":"Energy Potion"},{"floor":39,"key":"GrandPatriotsElixir:ReiMu"},{"floor":40,"key":"DemoMod:LeadSkinPotion"},{"floor":35,"key":"SkillPotion"},{"floor":41,"key":"blackbeard:RumPotion"},{"floor":46,"key":"Fire Potion"},{"floor":48,"key":"EntropicBrew"}],"is_trial":false,"path_per_floor":["M","M","?","M","?","E","$","R","T","M","R","$","?","?","R","B",null,"M","?","?","?","$","E","M","E","T","R","$","R","E","?","R","B",null,"M","?","$","?","M","E","M","R","T","?","R","M","$","?","R","M","?","$","M","M","R","E","M","T","E","?","?","R","M","R","B",null,"R","$","E","B",null],"character_chosen":"BLACKBEARD_CLASS","items_purchased":["Pan","ForgetMeNow","PowerPotion","GuppysPaw","Damocles","blackbeard:BoostMorale","Membership Card","testmod-IntensifyImprint","GuppysHairball","GuppysCollar","Toolbox","testmod-Justice","blackbeard:BoostMorale+1","TheBean","Koishi:TeethAndClaws"],"campfire_rested":0,"item_purchase_floors":[7,7,12,17,17,17,22,28,34,34,37,37,37,53,53],"current_hp_per_floor":[75,75,75,75,75,66,66,66,66,66,66,66,66,66,66,69,46,46,46,46,46,46,50,53,53,53,53,53,53,53,53,53,53,30,30,30,30,30,30,37,37,37,37,35,35,35,35,35,35,35,70,70,70,70,70,70,70,70,70,70,70,70,70,70,70,70,70,70,70,70],"gold":157,"neow_bonus":"THREE_ENEMY_KILL","is_daily":false,"chose_seed":false,"campfire_upgraded":10,"win_rate":0.0,"timestamp":1610361675,"path_taken":["M","?","?","M","?","E","$","R","T","?","R","?","?","?","R","BOSS","M","?","?","?","?","E","M","E","T","R","$","R","E","?","R","BOSS","M","?","$","?","M","E","M","R","T","?","R","M","$","?","R","M","?","$","M","M","R","E","M","T","E","?","?","R","M","R","BOSS","R","$","E","BOSS"],"items_purchased_type":["Relic","Relic","Potion","Relic","Relic","Card","Relic","Relic","Relic","Relic","Relic","Relic","Card","Relic","Relic"],"build_version":"2020-12-22","purchased_purges":8,"victory":true,"max_hp_per_floor":[75,75,75,75,75,75,75,75,75,75,75,75,75,75,75,75,46,46,46,46,46,46,53,53,53,53,53,53,53,53,53,53,53,30,30,30,30,30,30,37,37,37,37,35,35,35,35,35,35,35,70,70,70,70,70,70,70,70,70,70,70,70,70,70,70,70,70,70,70,70],"card_choices":[{"not_picked":["blackbeard:Sharpening","blackbeard:Spear"],"picked":"blackbeard:PirateHook","floor":1.0},{"not_picked":["blackbeard:Sharpening","blackbeard:Shrapnel","blackbeard:GoldenStrike"],"picked":"SKIP","floor":2.0},{"not_picked":["blackbeard:Fencing","blackbeard:JollyRoger"],"picked":"blackbeard:TerrorOfTheSeas","floor":4.0},{"not_picked":["blackbeard:Bandana","blackbeard:Scrap","blackbeard:PirateHook"],"picked":"SKIP","floor":6.0},{"not_picked":["blackbeard:Eyepatch","blackbeard:JollyRoger"],"picked":"blackbeard:Shrapnel+1","floor":10.0},{"not_picked":["blackbeard:Salvager","blackbeard:PowerHungry"],"picked":"blackbeard:FinalBarrage+1","floor":16.0},{"not_picked":["blackbeard:BlindAttacks+1","blackbeard:CannonballSupply"],"picked":"blackbeard:PiratesWill","floor":18},{"not_picked":["blackbeard:BlindAttacks+1","blackbeard:BrownPants+1"],"picked":"blackbeard:BoostMorale","floor":23},{"not_picked":["blackbeard:Recklessness","blackbeard:DeadlyArsenal"],"picked":"blackbeard:FieryDefense+1","floor":24},{"not_picked":["blackbeard:DeadlyArsenal","blackbeard:RearmingStrike+1"],"picked":"blackbeard:Toast","floor":25},{"not_picked":["blackbeard:Toast","blackbeard:PiratesWill","blackbeard:DeadlyArsenal"],"picked":"SKIP","floor":30},{"not_picked":["blackbeard:Lifeboat","blackbeard:HumongousCannonball+1"],"picked":"blackbeard:CaptainsHat","floor":33},{"not_picked":["blackbeard:CloakAndCannonball+1","blackbeard:SwordDance+1"],"picked":"blackbeard:TacticalRetreat+1","floor":35},{"not_picked":["blackbeard:GoldenStrike+1","blackbeard:CloakAndCannonball+1","blackbeard:DangerousBlow+1"],"picked":"SKIP","floor":39},{"not_picked":["blackbeard:WeaponMastery","blackbeard:SmithingHammer+1","blackbeard:Boarding+1"],"picked":"SKIP","floor":40},{"not_picked":["blackbeard:Toast","blackbeard:Sharpening","blackbeard:PirateHook+1"],"picked":"SKIP","floor":41},{"not_picked":["blackbeard:Upgrade+1","blackbeard:BeatUp+1"],"picked":"blackbeard:Anchor+1","floor":46},{"not_picked":["blackbeard:Scrap+1","blackbeard:CloakAndCannonball+1"],"picked":"blackbeard:InfiniteBarrage","floor":35},{"not_picked":["blackbeard:Dagger+1","blackbeard:FishingNets+1","blackbeard:WoodenLeg"],"picked":"SKIP","floor":38},{"not_picked":["blackbeard:FishingNets+1","blackbeard:GoldenStrike+1","blackbeard:BrownPants+1"],"picked":"SKIP","floor":39},{"not_picked":["blackbeard:InfiniteBarrage+1","blackbeard:GoldenStrike+1","blackbeard:Shrapnel+1"],"picked":"SKIP","floor":41},{"not_picked":["blackbeard:CannonballSupply+1","blackbeard:WiseDefense+1","blackbeard:JollyRoger+1"],"picked":"SKIP","floor":42},{"not_picked":["blackbeard:Dagger+1","blackbeard:BuriedTreasure+1","blackbeard:SwordDance+1"],"picked":"SKIP","floor":44},{"not_picked":["blackbeard:Sharpening+1","blackbeard:FieryDefense+1"],"picked":"blackbeard:Rum","floor":46},{"not_picked":["blackbeard:DeadlyArsenal+1","blackbeard:CloakAndCannonball+1","blackbeard:MegaUpgrade+1"],"picked":"SKIP","floor":48},{"not_picked":["blackbeard:PirateStrength","blackbeard:BlindAttacks+1","blackbeard:Scrap+1"],"picked":"SKIP","floor":54}],"player_experience":1194432,"relics_obtained":[{"floor":1.0,"key":"EdensBlessing"},{"floor":2.0,"key":"Akabeko"},{"floor":4.0,"key":"DeadEye"},{"floor":6.0,"key":"Bronze Scales"},{"floor":6.0,"key":"UnicornStump"},{"floor":9.0,"key":"DemoMod:RedGuonStone"},{"floor":10.0,"key":"Molten Egg 2"},{"floor":15.0,"key":"Koishi:BloodstainedWhiteRose"},{"floor":18,"key":"RuthlessExorcism:ReiMu"},{"floor":18,"key":"Runesmith:EmergencyProvisions"},{"floor":23,"key":"blackbeard:Spearhead"},{"floor":23,"key":"DemoMod:MonsterBlood"},{"floor":23,"key":"BFFS"},{"floor":24,"key":"DemoMod:Metronome"},{"floor":24,"key":"SalivaCoin"},{"floor":25,"key":"Pocketwatch"},{"floor":25,"key":"vexMod:ScavengeHelm"},{"floor":25,"key":"HowToJump"},{"floor":26,"key":"Juzu Bracelet"},{"floor":30,"key":"MawBank"},{"floor":30,"key":"DemoMod:SuperHotWatch"},{"floor":30,"key":"Pen Nib"},{"floor":35,"key":"vexMod:BarristanHead"},{"floor":35,"key":"Bag of Preparation"},{"floor":39,"key":"yuri:PortableGlitches"},{"floor":39,"key":"TheCursedMod:Tack"},{"floor":40,"key":"DemoMod:PinkGuonStone"},{"floor":40,"key":"AmplifyWand"},{"floor":41,"key":"DemoMod:HoleyGrail"},{"floor":41,"key":"Bow_fan:ReiMu"},{"floor":43,"key":"Toxic Egg 2"},{"floor":46,"key":"Koishi:EchoesOfADeadGirl"},{"floor":46,"key":"mysticmod:RabbitsFoot"},{"floor":48,"key":"Old Coin"},{"floor":48,"key":"Anchor"},{"floor":48,"key":"DemoMod:BlueGuonStone"},{"floor":35,"key":"hermit:RyeStalk"},{"floor":35,"key":"Omamori"},{"floor":38,"key":"testmod-Hope"},{"floor":38,"key":"SatanicBible"},{"floor":39,"key":"testmod-IndustrialRevolution"},{"floor":39,"key":"vexMod:FocusSash"},{"floor":41,"key":"CrazyTorch:ReiMu"},{"floor":41,"key":"KSMOD_SwordJade"},{"floor":41,"key":"DemoMod:SilverBullets"},{"floor":42,"key":"DemoMod:BigBoy"},{"floor":42,"key":"Runesmith:Nanobots"},{"floor":44,"key":"blackbeard:CannonballsOfSteel"},{"floor":44,"key":"Broom"},{"floor":44,"key":"ShroomBag"},{"floor":45,"key":"Potion Belt"},{"floor":45,"key":"War Paint"},{"floor":45,"key":"Diplopia"},{"floor":46,"key":"CatCart"},{"floor":46,"key":"testmod-AssaultLearning"},{"floor":46,"key":"Toy Ornithopter"},{"floor":48,"key":"CeramicFish"},{"floor":48,"key":"testmod-OneHitWonder"},{"floor":52,"key":"mysticmod:RunicPrism"},{"floor":54,"key":"hermit:Spyglass"},{"floor":54,"key":"PaperSwan"},{"floor":54,"key":"FadedRune:ReiMu"}],"event_choices":[{"damage_healed":0.0,"max_hp_gain":0.0,"max_hp_loss":0.0,"gold_gain":400.0,"event_name":"恩洛斯的盘子","player_choice":"Sell","floor":3.0,"relics_lost":["DemoMod:GlassGuonStoneRelic"],"gold_loss":0.0,"damage_taken":0.0},{"damage_healed":0.0,"max_hp_gain":0.0,"max_hp_loss":0.0,"gold_gain":0.0,"cards_transformed":["blackbeard:BlackbeardDefend"],"event_name":"Transmorgrifier","player_choice":"Transformed","floor":5.0,"gold_loss":0.0,"damage_taken":0.0,"cards_obtained":["blackbeard:Revenge"]},{"damage_healed":0.0,"max_hp_gain":0.0,"max_hp_loss":0.0,"gold_gain":0.0,"event_name":"blackbeard:GoldsmithEvent","player_choice":"Ignored","floor":13.0,"gold_loss":0.0,"damage_taken":0.0},{"damage_healed":0.0,"max_hp_gain":0.0,"max_hp_loss":0.0,"gold_gain":225.0,"event_name":"blackbeard:Ssssserpent","player_choice":"YARR","floor":14.0,"gold_loss":0.0,"damage_taken":0.0,"relics_obtained":["Shovel"]},{"damage_healed":0,"gold_gain":0,"player_choice":"Obtained Relic","damage_taken":0,"relics_obtained":["SkyOrb:ReiMu"],"max_hp_gain":0,"max_hp_loss":0,"event_name":"Addict","floor":19,"gold_loss":85},{"damage_healed":0,"gold_gain":0,"player_choice":"Ignored","damage_taken":0,"max_hp_gain":0,"max_hp_loss":0,"event_name":"Vampires","floor":21,"gold_loss":0},{"damage_healed":0,"gold_gain":0,"player_choice":"Ignored","damage_taken":0,"max_hp_gain":0,"max_hp_loss":0,"event_name":"blackbeard:ShipwreckEvent","floor":31,"gold_loss":0},{"cards_removed":["blackbeard:IntimidatingStrike"],"damage_healed":0,"gold_gain":0,"player_choice":"Removed Attack","damage_taken":0,"max_hp_gain":0,"max_hp_loss":0,"event_name":"Falling","floor":36,"gold_loss":0},{"damage_healed":0,"gold_gain":0,"player_choice":"Ignored","damage_taken":0,"max_hp_gain":0,"max_hp_loss":0,"event_name":"Tomb of Lord Red Mask","floor":38,"gold_loss":0},{"damage_healed":0,"gold_gain":0,"player_choice":"Max HP","damage_taken":0,"max_hp_gain":0,"max_hp_loss":2,"event_name":"Winding Halls","floor":44,"gold_loss":0},{"damage_healed":0,"gold_gain":0,"player_choice":"Fight","damage_taken":0,"max_hp_gain":0,"max_hp_loss":0,"event_name":"Mysterious Sphere","floor":48,"gold_loss":0},{"damage_healed":0,"gold_gain":0,"player_choice":"Swap Relic","damage_taken":0,"relics_obtained":["testmod-HarvestTotem"],"max_hp_gain":0,"max_hp_loss":0,"event_name":"给自己的盒子","floor":36,"relics_lost":["testmod-HarvestTotem"],"gold_loss":0},{"damage_healed":0,"gold_gain":0,"player_choice":"Fight","damage_taken":0,"max_hp_gain":0,"max_hp_loss":0,"event_name":"MindBloom","floor":45,"gold_loss":0},{"damage_healed":0,"gold_gain":0,"player_choice":"Fight","damage_taken":0,"max_hp_gain":0,"max_hp_loss":0,"event_name":"OrinTheCat","floor":46,"gold_loss":0}],"is_beta":false,"boss_relics":[{"not_picked":["testmod-DreamHouse","vexMod:EndlessSickness"],"picked":"Astrolabe"},{"not_picked":[]},{"not_picked":["vexMod:RockOfEvil","hermit:BartenderGlass"],"picked":"testmod-TimeTraveler"},{"not_picked":[]}],"items_purged_floors":[7,17,22,28,37,47,47,37],"is_endless":false,"potions_floor_spawned":[1,2,10,16,24,25,30,39,40,35,38,41,46,48],"ascension_level":3}}