{"host":"tl8jdqk9pnwb74j1","time":1610363082,"event":{"mods":["BaseMod","BetterRewards","Custom Start","Minty Spire (QoL Compilation)","Shop Mod","StSLib","SuperFastMode"],"gold_per_floor":[114,189,200,213,213,228,238,268,293,311,311,311,311,346,346,444,444,458,658,658,658],"floor_reached":20,"playtime":822,"items_purged":[],"score":184,"play_id":"d392871e-4984-44da-9ba7-e9e764fa487f","local_time":"20210111190442","is_ascension_mode":false,"campfire_choices":[{"floor":12.0,"key":"REST"},{"data":"Poisoned Stab","floor":15,"key":"SMITH"}],"circlet_count":0,"master_deck":["Strike_G","Strike_G","Strike_G","Strike_G","Strike_G","Defend_G","Defend_G","Defend_G","Defend_G","Survivor","Neutralize+1","Deadly Poison","Deadly Poison","Flying Knee+1","Envenom","Poisoned Stab+1","Dagger Spray","Crippling Poison","Night Terror","Deflect"],"relics":["Ring of the Snake","NeowsBlessing","Bottled Lightning","Whetstone","Toy Ornithopter","HoveringKite"],"acts_visited":["Exordium","TheCity"],"potions_floor_usage":[16],"damage_taken":[{"damage":0.0,"enemies":"2 Louse","floor":1.0,"turns":1.0},{"damage":0.0,"enemies":"Small Slimes","floor":3.0,"turns":1.0},{"damage":0.0,"enemies":"Cultist","floor":4.0,"turns":1.0},{"damage":10.0,"enemies":"2 Fungi Beasts","floor":6.0,"turns":4.0},{"damage":9.0,"enemies":"Looter","floor":7.0,"turns":3.0},{"damage":18.0,"enemies":"Lagavulin","floor":8.0,"turns":5.0},{"damage":5.0,"enemies":"Lots of Slimes","floor":10.0,"turns":2.0},{"damage":23,"enemies":"Gremlin Nob","floor":14,"turns":4},{"damage":21,"enemies":"Hexaghost","floor":16,"turns":9},{"damage":46,"enemies":"Spheric Guardian","floor":18,"turns":7},{"damage":0,"enemies":"2 Thieves","floor":20,"turns":1}],"seed_played":"5090657164025650015","potions_obtained":[{"floor":3.0,"key":"Regen Potion"},{"floor":4.0,"key":"SteroidPotion"},{"floor":16,"key":"Ancient Potion"}],"is_trial":false,"path_per_floor":["M","?","M","M","?","M","M","E","T","M","?","R","?","E","R","B",null,"M","?","M"],"character_chosen":"THE_SILENT","items_purchased":[],"campfire_rested":1,"item_purchase_floors":[],"current_hp_per_floor":[70,59,59,59,59,49,40,22,22,17,22,44,44,21,21,17,75,29,29,29,29],"gold":658,"neow_bonus":"THREE_ENEMY_KILL","is_daily":false,"chose_seed":false,"campfire_upgraded":1,"win_rate":0.0,"timestamp":1610363082,"path_taken":["M","?","M","M","?","M","M","E","T","?","?","R","?","E","R","BOSS","M","?","?"],"items_purchased_type":[],"build_version":"2020-12-22","purchased_purges":0,"victory":false,"max_hp_per_floor":[70,70,70,70,70,70,70,70,70,70,75,75,75,75,75,75,75,75,75,75,75],"card_choices":[{"not_picked":["Slice","Dagger Throw"],"picked":"Deadly Poison","floor":1.0},{"not_picked":["Underhanded Strike","Acrobatics"],"picked":"Deadly Poison","floor":3.0},{"not_picked":["Riddle With Holes","Outmaneuver"],"picked":"Flying Knee","floor":4.0},{"not_picked":["Tactician","PiercingWail"],"picked":"Envenom","floor":6.0},{"not_picked":["Dash","Backflip"],"picked":"Poisoned Stab","floor":7.0},{"not_picked":["Endless Agony","Doppelganger"],"picked":"Dagger Spray","floor":8.0},{"not_picked":["Flying Knee","Distraction","PiercingWail"],"picked":"SKIP","floor":10.0},{"not_picked":["Slice","Tactician"],"picked":"Crippling Poison","floor":14},{"not_picked":["Envenom","Unload"],"picked":"Night Terror","floor":16},{"not_picked":["Tactician","Quick Slash"],"picked":"Deflect","floor":18}],"player_experience":953641,"relics_obtained":[{"floor":8.0,"key":"Bottled Lightning"},{"floor":9.0,"key":"Whetstone"},{"floor":14,"key":"Toy Ornithopter"}],"event_choices":[{"damage_healed":0.0,"max_hp_gain":0.0,"max_hp_loss":0.0,"gold_gain":75.0,"event_name":"World of Goop","player_choice":"Gather Gold","floor":2.0,"gold_loss":0.0,"damage_taken":11.0},{"cards_removed":["Defend_G"],"damage_healed":0.0,"max_hp_gain":0.0,"max_hp_loss":0.0,"gold_gain":0.0,"event_name":"Purifier","player_choice":"Purged","floor":5.0,"gold_loss":0.0,"damage_taken":0.0},{"damage_healed":0.0,"max_hp_gain":5.0,"max_hp_loss":0.0,"gold_gain":0.0,"event_name":"Big Fish","player_choice":"Donut","floor":11.0,"gold_loss":0.0,"damage_taken":0.0},{"damage_healed":0,"gold_gain":0,"player_choice":"Searched \u00270\u0027 times","damage_taken":0,"max_hp_gain":0,"max_hp_loss":0,"event_name":"Dead Adventurer","floor":13,"gold_loss":0},{"damage_healed":0,"gold_gain":200,"player_choice":"Gold","damage_taken":0,"max_hp_gain":0,"max_hp_loss":0,"event_name":"Wheel of Change","floor":19,"gold_loss":0}],"is_beta":false,"boss_relics":[{"not_picked":["WristBlade","Tiny House"],"picked":"HoveringKite"}],"items_purged_floors":[],"is_endless":false,"potions_floor_spawned":[3,4,16],"killed_by":"2 Thieves","ascension_level":0}}