{"host":"wshh0nphwn6jv7vj","time":1610362020,"event":{"mods":["BaseMod","Bestiary","Minty Spire (QoL Compilation)","Relic Stats"],"gold_per_floor":[116,128,148,163,163,163,163,163],"floor_reached":7,"playtime":303,"items_purged":[],"score":80,"play_id":"2473cc7a-1bf7-458f-85b4-272a15f50256","local_time":"20210111054700","is_ascension_mode":true,"campfire_choices":[{"data":"Zap","floor":6,"key":"SMITH"}],"circlet_count":0,"master_deck":["AscendersBane","Strike_B","Strike_B+1","Strike_B","Strike_B","Defend_B","Defend_B","Defend_B","Defend_B","Zap+1","Dualcast","Conserve Battery","BootSequence","Aggregate","Sweeping Beam+1"],"relics":["Cracked Core","StoneCalendar"],"acts_visited":["Exordium"],"potions_floor_usage":[],"damage_taken":[{"damage":12.0,"enemies":"Cultist","floor":1.0,"turns":4.0},{"damage":2.0,"enemies":"Jaw Worm","floor":2.0,"turns":3.0},{"damage":5.0,"enemies":"Small Slimes","floor":3.0,"turns":3.0},{"damage":4,"enemies":"Gremlin Gang","floor":4,"turns":7},{"damage":41,"enemies":"Gremlin Nob","floor":7,"turns":4}],"seed_played":"-2342659151017944167","potions_obtained":[{"floor":4,"key":"Explosive Potion"}],"is_trial":false,"path_per_floor":["M","M","M","M","?","R","E"],"character_chosen":"DEFECT","items_purchased":[],"campfire_rested":0,"item_purchase_floors":[],"current_hp_per_floor":[52,50,45,41,22,22,0,0],"gold":163,"neow_bonus":"ONE_RARE_RELIC","is_daily":false,"chose_seed":false,"campfire_upgraded":1,"win_rate":0.0,"timestamp":1610362020,"path_taken":["M","M","?","?","?","R","E"],"items_purchased_type":[],"build_version":"2020-12-22","purchased_purges":0,"victory":false,"max_hp_per_floor":[64,64,64,64,64,64,64,64],"relic_stats":{"counters":[5,21],"StoneCalendar":[4],"obtain_stats":[{"StoneCalendar":0,"Cracked Core":0},{"StoneCalendar":0,"Cracked Core":0},{"StoneCalendar":0,"Cracked Core":0}]},"card_choices":[{"not_picked":["Ball Lightning","Streamline"],"picked":"Conserve Battery","floor":1.0},{"not_picked":["Rebound","Go for the Eyes"],"picked":"BootSequence","floor":2.0},{"not_picked":["Cold Snap","Reprogram"],"picked":"Aggregate","floor":3},{"not_picked":["Leap","Conserve Battery"],"picked":"Sweeping Beam","floor":4}],"player_experience":1563014,"relics_obtained":[],"event_choices":[{"damage_healed":0,"gold_gain":0,"player_choice":"Entered Light","damage_taken":19,"max_hp_gain":0,"max_hp_loss":0,"event_name":"Shining Light","floor":5,"gold_loss":0,"cards_upgraded":["Sweeping Beam","Strike_B"]}],"is_beta":false,"boss_relics":[],"items_purged_floors":[],"is_endless":false,"potions_floor_spawned":[4],"killed_by":"Gremlin Nob","ascension_level":17}}