{"host":"y087t2reloz9bi43","time":1610374119,"event":{"mods":["2.2 Compatiblity","AchievementEnabler","Aspiration","BaseMod","Beaked The Cultist","Bestiary","Better Note","Better Vampires","BetterRewards","ChefMod","Colored Map","Colored Powertips","Conspire","Downfall","Ekko","Fireblade Mod","Friendly Minions","GifTheSpireLib","Halation","Hermit","Hubris","Infinite Spire","Jedi Mod","JesterMod","Jorbs\u0027s Wanderer Trilogy","Mad Scientist","Marisa????????","Mimic Mod","Minty Spire (QoL Compilation)","Permanent Neow","Rare Cards Sparkle","Relic Stats","Replay The Spire","Robot Space Explorer","Shade Mod","Shop Mod","StSLib","The Blackbeard","The Bug Knight","The Construct","The Cursed","The Hierophant","The Jungle","The Marked","The Mystic","The Necromancer","The Runesmith","The Servant 0.9.4","TheHeartMod","TheHero","TheVacant","Uncapped","everything is the same but u backflip on backflip","vexMod"],"gold_per_floor":[115,125,139,151,151,151,180,194,228,228,261,275,161,172,172,275,275,293,304,304,318,330,330,358,358,358,358,358,376,376,405,405,405,405],"floor_reached":33,"playtime":5060,"items_purged":["jesterMod:Strike"],"score":349,"play_id":"a6a18d35-e008-4a81-a8e6-9038c565e791","local_time":"20210111140839","is_ascension_mode":false,"campfire_choices":[{"data":"jesterMod:Disposophobia","floor":6,"key":"SMITH"},{"data":"jesterMod:SwiftDodge","floor":10,"key":"SMITH"},{"floor":15,"key":"REST"},{"data":"jesterMod:Leeches","floor":23,"key":"SMITH"},{"floor":25,"key":"REST"},{"floor":27,"key":"REST"},{"floor":30,"key":"REST"},{"floor":32,"key":"REST"}],"circlet_count":0,"master_deck":["jesterMod:Strike","jesterMod:Strike","jesterMod:Sickle","jesterMod:Defend","jesterMod:Defend","jesterMod:Defend","jesterMod:Defend","jesterMod:Dodge","Deep Breath","jesterMod:DancingMad","jesterMod:Disposophobia+1","jesterMod:JackInTheBox","jesterMod:BouncingKnife","jesterMod:Prankster","jesterMod:SwiftDodge+1","jesterMod:Unleash","jesterMod:Disposophobia+1","jesterMod:SelfMockery+1","jesterMod:Dilapidation","jesterMod:Leeches+1","jesterMod:Discretion","jesterMod:Disposophobia+1","jesterMod:Swiftness+1","jesterMod:Precipitation+1","jesterMod:Dilapidation","jesterMod:JackInTheBox"],"relics":["jesterMod:JesterCap","aspiration:HiddenCompartment","ReplayTheSpireMod:Lightbulb","Bottled Flame","hubris:TerracottaHorce","Potion Belt","Ginger","hubris:SlimyHat"],"acts_visited":["Exordium","TheCity"],"potions_floor_usage":[12,18,19,21,24,31,31],"damage_taken":[{"damage":0,"enemies":"conspire:RoseBush","floor":1,"turns":4},{"damage":2,"enemies":"Jaw Worm","floor":2,"turns":5},{"damage":0,"enemies":"Small Slimes","floor":3,"turns":3},{"damage":22,"enemies":"Gremlin Gang","floor":4,"turns":7},{"damage":5,"enemies":"Replay:BlueRogue","floor":7,"turns":6},{"damage":0,"enemies":"2 Fungi Beasts","floor":8,"turns":2},{"damage":0,"enemies":"3 Louse","floor":9,"turns":5},{"damage":5,"enemies":"Lagavulin","floor":11,"turns":6},{"damage":5,"enemies":"3 Louse","floor":12,"turns":3},{"damage":0,"enemies":"Looter","floor":14,"turns":4},{"damage":0,"enemies":"Fading Forest","floor":16,"turns":11},{"damage":28,"enemies":"Spheric Guardian","floor":18,"turns":5},{"damage":16,"enemies":"Shell Parasite","floor":19,"turns":4},{"damage":16,"enemies":"Centurion and Healer","floor":21,"turns":3},{"damage":34,"enemies":"Snecko","floor":22,"turns":4},{"damage":27,"enemies":"Book of Stabbing","floor":24,"turns":4},{"damage":10,"enemies":"Snake Plant","floor":29,"turns":3},{"damage":24,"enemies":"Slavers","floor":31,"turns":3},{"damage":84,"enemies":"conspire:MysteriousRune","floor":33,"turns":7}],"seed_played":"-8975598144508425756","potions_obtained":[{"floor":1,"key":"infinitespire:BlackPotion"},{"floor":7,"key":"Adrenaline Potion"},{"floor":8,"key":"Adrenaline Potion"},{"floor":16,"key":"Energy Potion"},{"floor":19,"key":"jedi:hoardpotion"},{"floor":22,"key":"DistilledChaos"},{"floor":24,"key":"SteroidPotion"},{"floor":29,"key":"Fire Potion"}],"is_trial":false,"path_per_floor":["M","M","M","M","?","R","E","M","MIM","R","E","M","$","M","R","B",null,"M","M","?","M","M","R","E","R","T","R","?","M","R","E","R","B"],"character_chosen":"THE_JESTER","items_purchased":["jesterMod:SelfMockery+1"],"campfire_rested":5,"item_purchase_floors":[13],"current_hp_per_floor":[70,68,68,46,46,46,41,41,41,41,36,31,31,31,52,62,68,57,56,56,46,27,27,15,36,36,57,57,47,68,44,65,0,0],"gold":405,"neow_bonus":"RANDOM_COLORLESS","is_daily":false,"chose_seed":false,"campfire_upgraded":3,"win_rate":0.0,"timestamp":1610374119,"path_taken":["M","?","M","M","?","R","E","M","MIM","R","E","?","$","M","R","BOSS","M","?","?","M","M","R","E","R","T","R","?","M","R","E","R","BOSS"],"items_purchased_type":["Card"],"build_version":"2020-12-22","purchased_purges":1,"victory":false,"max_hp_per_floor":[70,70,70,70,70,70,70,70,70,70,70,70,70,70,70,70,70,70,70,70,70,70,70,70,70,70,70,70,70,70,70,70,70,70],"relic_stats":{"counters":[19,89],"Ginger":[3],"obtain_stats":[{"Potion Belt":24,"Bottled Flame":11,"jesterMod:JesterCap":0,"hubris:SlimyHat":31,"Ginger":26,"aspiration:HiddenCompartment":7,"ReplayTheSpireMod:Lightbulb":9,"hubris:TerracottaHorce":17},{"Potion Belt":16,"Bottled Flame":8,"jesterMod:JesterCap":0,"hubris:SlimyHat":18,"Ginger":16,"aspiration:HiddenCompartment":5,"ReplayTheSpireMod:Lightbulb":7,"hubris:TerracottaHorce":11},{"Potion Belt":76,"Bottled Flame":38,"jesterMod:JesterCap":0,"hubris:SlimyHat":82,"Ginger":76,"aspiration:HiddenCompartment":25,"ReplayTheSpireMod:Lightbulb":32,"hubris:TerracottaHorce":56}]},"card_choices":[{"not_picked":["expansioncontent:YouAreMine","expansioncontent:DonusPower"],"picked":"Deep Breath","floor":0},{"not_picked":["jesterMod:Hide","jesterMod:HitAndRun"],"picked":"jesterMod:DancingMad","floor":1},{"not_picked":["jesterMod:OblivionStrike","jesterMod:QuickStrike"],"picked":"jesterMod:Disposophobia","floor":2},{"not_picked":["jesterMod:Talion","jesterMod:RecklessStrike"],"picked":"jesterMod:JackInTheBox","floor":3},{"not_picked":["jesterMod:TrickyDodge","jesterMod:Tinker","jesterMod:HitAndRun"],"picked":"SKIP","floor":4},{"not_picked":["jesterMod:Pause","jesterMod:Frustration"],"picked":"jesterMod:BouncingKnife","floor":7},{"not_picked":["jesterMod:PerfectDodge","jesterMod:OblivionStrike"],"picked":"jesterMod:Prankster","floor":8},{"not_picked":["jesterMod:HitAndRun","jesterMod:Illness"],"picked":"jesterMod:SwiftDodge","floor":9},{"not_picked":["jesterMod:Frenzy","jesterMod:Tinker"],"picked":"jesterMod:Unleash","floor":11},{"not_picked":["jesterMod:Exasperation","jesterMod:Flee"],"picked":"jesterMod:Disposophobia","floor":12},{"not_picked":["jesterMod:Illness","jesterMod:SmokeScreen"],"picked":"jesterMod:Dilapidation","floor":14},{"not_picked":["jesterMod:Frustration","jesterMod:HedgehogForm"],"picked":"jesterMod:Leeches","floor":16},{"not_picked":["jesterMod:Dilapidation","jesterMod:Hide"],"picked":"jesterMod:Discretion","floor":18},{"not_picked":["jesterMod:Twirl+1","jesterMod:Rebuff","jesterMod:SelfMockery"],"picked":"SKIP","floor":19},{"not_picked":["jesterMod:Taunt","jesterMod:Illness","jesterMod:TrickyDodge"],"picked":"SKIP","floor":21},{"not_picked":["jesterMod:SmokeScreen+1","jesterMod:ButterKnife"],"picked":"jesterMod:Swiftness+1","floor":22},{"not_picked":["jesterMod:Prankster","jesterMod:OblivionStrike"],"picked":"jesterMod:Precipitation+1","floor":24},{"not_picked":["jesterMod:Talion","jesterMod:SmokeScreen"],"picked":"jesterMod:Dilapidation","floor":29},{"not_picked":["jesterMod:FlameDance","jesterMod:Illness"],"picked":"jesterMod:JackInTheBox","floor":31}],"player_experience":399165,"relics_obtained":[{"floor":7,"key":"aspiration:HiddenCompartment"},{"floor":9,"key":"ReplayTheSpireMod:Lightbulb"},{"floor":11,"key":"Bottled Flame"},{"floor":24,"key":"Potion Belt"},{"floor":26,"key":"Ginger"},{"floor":31,"key":"hubris:SlimyHat"}],"event_choices":[{"damage_healed":0,"gold_gain":0,"player_choice":"Copied","damage_taken":0,"max_hp_gain":0,"max_hp_loss":0,"event_name":"Duplicator","floor":20,"gold_loss":0,"cards_obtained":["jesterMod:Disposophobia"]},{"damage_healed":0,"gold_gain":0,"player_choice":"Forge","damage_taken":0,"max_hp_gain":0,"max_hp_loss":0,"event_name":"Accursed Blacksmith","floor":28,"gold_loss":0,"cards_upgraded":["jesterMod:Disposophobia"]}],"is_beta":false,"boss_relics":[{"not_picked":["hubris:VirtuousBlindfold","conspire:SeveredTorchhead"],"picked":"hubris:TerracottaHorce"}],"items_purged_floors":[13],"is_endless":false,"potions_floor_spawned":[1,7,8,11,16,19,22,24,29],"killed_by":"conspire:MysteriousRune","ascension_level":0}}