{"host":"jfbo3eu2ui08ej1u","time":1610376317,"event":{"mods":["2.2 Compatiblity","AchievementEnabler","Act Like it!","Aspiration","BaseMod","Better Altar","Better Match","Better Note","Better Sensory Stone","Better Skull","Better Third Choice","Block Reminder","Colored Map","Colored Powertips","Conspire","DeckTracker","Displayed Cursed Tome","Downfall","Energized Spire","Fox Events","GifTheSpireLib","Hermit","Hubris","Infinite Spire","Marked Mod","Minty Spire (QoL Compilation)","Pale of the Ancients","Quick Restart","RRrroohrrRGHHhhh!!","Relic Filter","Reorder Act Four","Replay The Spire","Shop Mod","Spicy Shops","StSLib","Stuff the Spire","The Blue Laboratory","The Disciple","The Forsaken","The Hierophant","The Marked","Uncapped","Unceasing Turn Reminder","Wandering Minibosses"],"gold_per_floor":[110,110,129,27,27,59,59,85,85,119,119,136,136,53,53,131,131,150,150,165,165,184,184,212,212,212],"floor_reached":25,"playtime":951,"items_purged":[],"score":442,"play_id":"d0fd64db-b332-4eaa-ac86-aff49fae64cc","local_time":"20210111094517","is_ascension_mode":true,"campfire_choices":[{"data":"Dualcast","floor":7.0,"key":"SMITH"},{"floor":11.0,"key":"REST"},{"data":"Redo","floor":13.0,"key":"SMITH"},{"data":"Hologram","floor":15.0,"key":"SMITH"},{"floor":23.0,"key":"REST"}],"circlet_count":0,"master_deck":["AscendersBane","Strike_B","Strike_B","Defend_B","Defend_B","Defend_B","Defend_B","Zap+1","Dualcast+1","rorgmod:LRU Cache","rorgmod:LRU Cache","Electrodynamics","Redo+1","rorgmod:Defragment","Hologram+1","rorgmod:Auto-Shields","Ball Lightning","Shame","Lockon","Zap+1","Melter","Skim"],"relics":["Cracked Core","Bird Faced Urn","Replay:Wax Seal","infinitespire:BottledMercury","Replay:Mystery Machine","Replay:Bottled Snecko","hubris:SlimyHat","rorgmod:Empty Cage","theForsaken:Gavel"],"acts_visited":["Exordium","TheCity"],"potions_floor_usage":[24],"damage_taken":[{"damage":0.0,"enemies":"conspire:RoseBush","floor":1.0,"turns":3.0},{"damage":2.0,"enemies":"Jaw Worm","floor":3.0,"turns":3.0},{"damage":23.0,"enemies":"Gremlin Nob","floor":6.0,"turns":4.0},{"damage":24.0,"enemies":"3 Sentries","floor":8.0,"turns":5.0},{"damage":6.0,"enemies":"Gremlin Nob","floor":10.0,"turns":3.0},{"damage":4.0,"enemies":"Small Slimes","floor":12.0,"turns":2.0},{"damage":4.0,"enemies":"conspire:2 RoseBushes","floor":14.0,"turns":4.0},{"damage":13.0,"enemies":"Fading Forest","floor":16.0,"turns":11.0},{"damage":18.0,"enemies":"3 Byrds","floor":18.0,"turns":2.0},{"damage":15.0,"enemies":"conspire:FuzzyDice","floor":20.0,"turns":5.0},{"damage":17.0,"enemies":"Sentry and Sphere","floor":22.0,"turns":4.0},{"damage":25,"enemies":"Replay:Snechameleon","floor":24,"turns":5},{"damage":25,"enemies":"Shelled Parasite and Fungi","floor":25,"turns":2}],"seed_played":"-6219922751404042666","potions_obtained":[{"floor":3.0,"key":"Dexterity Potion"},{"floor":5.0,"key":"blueLaboratory:FruitPunch"},{"floor":8.0,"key":"AttackPotion"},{"floor":10.0,"key":"DuplicationPotion"},{"floor":20.0,"key":"AttackPotion"}],"is_trial":false,"path_per_floor":["M","?","M","$","?","E","R","E","T","E","R","M","R","M","R","B",null,"M","?","M","?","M","R","E","M"],"character_chosen":"DEFECT","items_purchased":["Replay:Wax Seal","rorgmod:LRU Cache","Fire Potion"],"campfire_rested":2,"item_purchase_floors":[4,4,4],"current_hp_per_floor":[64,64,62,62,62,41,41,19,19,15,34,30,30,30,30,29,57,43,43,34,34,23,42,21,0,0],"gold":212,"neow_bonus":"ONE_RARE_RELIC","is_daily":false,"chose_seed":false,"campfire_upgraded":3,"win_rate":0.0,"timestamp":1610376317,"path_taken":["M","?","M","$","?","E","R","E","T","E","R","M","R","M","R","BOSS","M","?","M","?","M","R","E","?"],"items_purchased_type":["Relic","Card","Potion"],"build_version":"2020-12-22","purchased_purges":0,"victory":false,"max_hp_per_floor":[64,64,64,64,64,66,66,66,66,66,66,66,66,66,66,66,66,66,66,66,66,66,66,66,66,66],"card_choices":[{"not_picked":["Stack","Time Bomb"],"picked":"rorgmod:LRU Cache","floor":1.0},{"not_picked":["Hologram","ReplayTheSpireMod:Calculation Training"],"picked":"Streamline","floor":3.0},{"not_picked":["Conserve Battery","Panic Button"],"picked":"Electrodynamics","floor":6.0},{"not_picked":["rorgmod:Refrigerate","BasicCrystalCard","rorgmod:Hot Sockets"],"picked":"SKIP","floor":8.0},{"not_picked":["Coolheaded","Crystallizer"],"picked":"Redo","floor":10.0},{"not_picked":["rorgmod:Leap","BasicCrystalCard"],"picked":"rorgmod:Defragment","floor":12.0},{"not_picked":["BasicCrystalCard","Cold Snap"],"picked":"Hologram","floor":14.0},{"not_picked":["rorgmod:Loose Screws","ReplayRNGCard"],"picked":"rorgmod:Auto-Shields","floor":16.0},{"not_picked":["rorgmod:Leap","Barrage"],"picked":"Ball Lightning","floor":18.0},{"not_picked":["Compile Driver","Sweeping Beam+1"],"picked":"Lockon","floor":20.0},{"not_picked":["StuffTheSpire:CleanHardDrive","StuffTheSpire:Plugnplay"],"picked":"Melter","floor":22.0},{"not_picked":["ReplayTheSpireMod:Omega Cannon","StuffTheSpire:NuclearReactor+1"],"picked":"Skim","floor":24}],"player_experience":1196297,"relics_obtained":[{"floor":6.0,"key":"infinitespire:BottledMercury"},{"floor":8.0,"key":"Replay:Mystery Machine"},{"floor":9.0,"key":"Replay:Bottled Snecko"},{"floor":10.0,"key":"hubris:SlimyHat"},{"floor":24,"key":"theForsaken:Gavel"}],"event_choices":[{"damage_healed":0.0,"max_hp_gain":0.0,"max_hp_loss":0.0,"gold_gain":0.0,"event_name":"Living Wall","player_choice":"Grow","floor":2.0,"gold_loss":0.0,"damage_taken":0.0,"cards_upgraded":["Zap"]},{"damage_healed":0.0,"max_hp_gain":0.0,"max_hp_loss":0.0,"gold_gain":0.0,"event_name":"Lab","player_choice":"Got Potions","floor":5.0,"gold_loss":0.0,"damage_taken":0.0},{"damage_healed":0.0,"max_hp_gain":0.0,"max_hp_loss":0.0,"gold_gain":0.0,"event_name":"Duplicator","player_choice":"Copied","floor":21.0,"gold_loss":0.0,"damage_taken":0.0,"cards_obtained":["Zap"]}],"is_beta":false,"boss_relics":[{"not_picked":["energizedSpire:EnergizedDie","aspiration:BursterCore"],"picked":"rorgmod:Empty Cage"}],"items_purged_floors":[],"is_endless":false,"potions_floor_spawned":[3,8,10,20],"killed_by":"Shelled Parasite and Fungi","ascension_level":17}}