{"host":"Krakhan","time":1610323772,"event":{"mods":["AchievementEnabler","BaseMod","Colored Map","Colored Powertips","Faster Ascension Climbing","Highlight Path","Minty Spire (QoL Compilation)","Rare Cards Sparkle","Relic Stats","StSLib"],"gold_per_floor":[113,131,142,142,14,14,32,32,32,47,61,61,72,86,86,185,185,203,203,203,218,238,238,238],"floor_reached":23,"playtime":783,"items_purged":[],"score":212,"play_id":"961e9bb7-7fb9-4996-a160-cdd125558854","local_time":"20210110190932","is_ascension_mode":false,"campfire_choices":[{"data":"Wild Strike","floor":6,"key":"SMITH"},{"data":"Twin Strike","floor":12,"key":"SMITH"},{"data":"Dark Embrace","floor":15,"key":"SMITH"}],"circlet_count":0,"master_deck":["Strike_R","Strike_R","Strike_R","Strike_R","Strike_R","Defend_R","Defend_R","Bash+1","Wild Strike+1","Twin Strike+1","Dropkick","Dropkick","Dark Embrace+1","Corruption","Shrug It Off+1","Ghostly","Ghostly","Ghostly","Ghostly","Ghostly","Inflame+1"],"relics":["Burning Blood"],"acts_visited":["Exordium","TheCity"],"potions_floor_usage":[11,16,16,16,18,23,23],"damage_taken":[{"damage":8,"enemies":"Cultist","floor":1,"turns":5},{"damage":1,"enemies":"2 Louse","floor":2,"turns":3},{"damage":1,"enemies":"Jaw Worm","floor":3,"turns":3},{"damage":23,"enemies":"Exordium Thugs","floor":7,"turns":4},{"damage":7,"enemies":"3 Louse","floor":10,"turns":3},{"damage":13,"enemies":"Lots of Slimes","floor":11,"turns":4},{"damage":0,"enemies":"Large Slime","floor":13,"turns":5},{"damage":1,"enemies":"Exordium Wildlife","floor":14,"turns":2},{"damage":54,"enemies":"Hexaghost","floor":16,"turns":8},{"damage":32,"enemies":"Spheric Guardian","floor":18,"turns":5},{"damage":30,"enemies":"3 Byrds","floor":21,"turns":9},{"damage":13,"enemies":"Centurion and Healer","floor":22,"turns":8},{"damage":13,"enemies":"Book of Stabbing","floor":23,"turns":2}],"seed_played":"-1038726784042862645","potions_obtained":[{"floor":1,"key":"ElixirPotion"},{"floor":7,"key":"DistilledChaos"},{"floor":13,"key":"ColorlessPotion"},{"floor":16,"key":"EntropicBrew"},{"floor":18,"key":"BlessingOfTheForge"}],"is_trial":false,"path_per_floor":["M","M","M","?","$","R","M","?","T","M","M","R","M","M","R","B",null,"M","?","?","M","M","E"],"character_chosen":"IRONCLAD","items_purchased":["Dropkick","Dexterity Potion"],"campfire_rested":0,"item_purchase_floors":[5,5],"current_hp_per_floor":[86,88,88,88,88,88,71,64,64,63,56,56,62,67,67,19,88,62,44,44,20,13,0,0],"gold":238,"neow_bonus":"TEN_PERCENT_HP_BONUS","is_daily":false,"chose_seed":false,"campfire_upgraded":3,"win_rate":0.0,"timestamp":1610323772,"path_taken":["M","?","M","?","?","R","M","?","T","M","M","R","?","M","R","BOSS","M","?","?","?","M","E"],"items_purchased_type":["Card","Potion"],"build_version":"2020-12-18","purchased_purges":0,"victory":false,"max_hp_per_floor":[88,88,88,88,88,88,88,88,88,88,88,88,88,88,88,88,88,88,44,44,44,44,44,44],"relic_stats":{"counters":[13,61],"obtain_stats":[{"Burning Blood":0},{"Burning Blood":0},{"Burning Blood":0}],"Burning Blood":64},"card_choices":[{"not_picked":["Burning Pact","Armaments"],"picked":"Wild Strike","floor":1},{"not_picked":["Rage","Shockwave"],"picked":"Twin Strike","floor":2},{"not_picked":["Perfected Strike","Metallicize"],"picked":"Dropkick","floor":3},{"not_picked":["Twin Strike","Burning Pact","Dropkick"],"picked":"SKIP","floor":7},{"not_picked":["Feel No Pain","Heavy Blade","Clothesline"],"picked":"SKIP","floor":10},{"not_picked":["Twin Strike","Cleave"],"picked":"Dark Embrace","floor":11},{"not_picked":["Thunderclap","Armaments","Wild Strike"],"picked":"SKIP","floor":13},{"not_picked":["Body Slam","Anger","Inflame"],"picked":"SKIP","floor":14},{"not_picked":["Reaper","Juggernaut"],"picked":"Corruption","floor":16},{"not_picked":["Uppercut","Sword Boomerang"],"picked":"Shrug It Off+1","floor":18},{"not_picked":["Thunderclap","Havoc","True Grit"],"picked":"SKIP","floor":21},{"not_picked":["Wild Strike+1","Power Through"],"picked":"Inflame+1","floor":22}],"player_experience":1310314,"relics_obtained":[],"event_choices":[{"damage_healed":0,"gold_gain":0,"player_choice":"Forge","damage_taken":0,"max_hp_gain":0,"max_hp_loss":0,"event_name":"Accursed Blacksmith","floor":4,"gold_loss":0,"cards_upgraded":["Bash"]},{"cards_removed":["Defend_R"],"damage_healed":0,"gold_gain":0,"player_choice":"Card Removal","damage_taken":7,"max_hp_gain":0,"max_hp_loss":0,"event_name":"Golden Wing","floor":8,"gold_loss":0},{"damage_healed":0,"gold_gain":0,"player_choice":"Became a Ghost","damage_taken":0,"max_hp_gain":0,"max_hp_loss":44,"event_name":"Ghosts","floor":19,"gold_loss":0,"cards_obtained":["Ghostly","Ghostly","Ghostly","Ghostly","Ghostly"]},{"cards_removed":["Defend_R"],"damage_healed":0,"gold_gain":0,"player_choice":"Purged","damage_taken":0,"max_hp_gain":0,"max_hp_loss":0,"event_name":"Purifier","floor":20,"gold_loss":0}],"is_beta":true,"boss_relics":[{"not_picked":["Ectoplasm","Tiny House","Coffee Dripper"]}],"items_purged_floors":[],"is_endless":false,"potions_floor_spawned":[1,7,13,16,18,22],"killed_by":"Book of Stabbing","ascension_level":0}}