{"host":"lts6tz2h67nqtpoe","time":1610358364,"event":{"mods":["AchievementEnabler","BaseMod","Colored Powertips","Downfall","Googly Eyes","Minty Spire (QoL Compilation)","Permanent Neow","Quick Restart","Replay The Spire","StSLib"],"gold_per_floor":[109,127,127,142,152,185,185,185,185,185,185,202,202,230,230,335,335,355,355,369,72,171,196,196,222,294,323,323,233,249,37,37,135,135,153,353,373,393,36,61,61,61,61],"floor_reached":42,"playtime":2254,"items_purged":["Strike_B"],"score":569,"play_id":"b24c4aaa-fab6-4d40-88f2-7d071c74a52a","local_time":"20210111014604","is_ascension_mode":true,"campfire_choices":[{"data":"Zap","floor":8,"key":"SMITH"},{"floor":11,"key":"REST"},{"data":"1","floor":15,"key":"LIFT"},{"floor":24,"key":"REST"},{"floor":28,"key":"REST"},{"data":"Defragment","floor":32,"key":"SMITH"},{"floor":41,"key":"REST"}],"circlet_count":0,"master_deck":["Strike_B+1","Defend_B","Defend_B","Defend_B","Defend_B+1","Zap+1","Dualcast","Compile Driver+1","Cold Snap","Cold Snap","Reinforced Body","Thunder Strike","Barrage+1","Hologram","ReplayRNGCard","Loop","Loop","Barrage","Tempest","Defragment+1","Coolheaded","Static Discharge","Buffer","FIFO Queue","CommonCold","Compile Driver","Blizzard"],"relics":["Cracked Core","Dead Branch","Du-Vu Doll","Girya","Busted Crown","Juzu Bracelet","WingedGreaves","The Courier","Dream Catcher","Lee\u0027s Waffle","Cursed Key","Lantern","Pondfish Scales","FossilizedHelix"],"acts_visited":["Exordium","TheCity","TheBeyond"],"potions_floor_usage":[6,12,16,23,25,25,33,38],"damage_taken":[{"damage":10,"enemies":"Jaw Worm","floor":1,"turns":4},{"damage":1,"enemies":"Cultist","floor":2,"turns":3},{"damage":0,"enemies":"Small Slimes","floor":4,"turns":2},{"damage":3,"enemies":"Exordium Wildlife","floor":5,"turns":3},{"damage":12,"enemies":"Gremlin Nob","floor":6,"turns":5},{"damage":6,"enemies":"Gremlin Gang","floor":12,"turns":5},{"damage":7,"enemies":"3 Sentries","floor":14,"turns":7},{"damage":0,"enemies":"Slime Boss","floor":16,"turns":5},{"damage":4,"enemies":"3 Byrds","floor":18,"turns":6},{"damage":6,"enemies":"Spheric Guardian","floor":20,"turns":4},{"damage":31,"enemies":"Gremlin Leader","floor":23,"turns":6},{"damage":27,"enemies":"Book of Stabbing","floor":25,"turns":5},{"damage":13,"enemies":"Replay:Snechameleon","floor":27,"turns":7},{"damage":13,"enemies":"Snecko","floor":30,"turns":3},{"damage":55,"enemies":"Automaton","floor":33,"turns":8},{"damage":9,"enemies":"3 Shapes","floor":35,"turns":4},{"damage":24,"enemies":"3 Darklings","floor":37,"turns":4},{"damage":18,"enemies":"Spire Growth","floor":38,"turns":4},{"damage":6,"enemies":"R_Hoarder","floor":40,"turns":7},{"damage":60,"enemies":"Reptomancer","floor":42,"turns":2}],"seed_played":"5991893496594835381","potions_obtained":[{"floor":0,"key":"Dexterity Potion"},{"floor":0,"key":"Strength Potion"},{"floor":0,"key":"Guardian:BlockOnCardUsePotion"},{"floor":2,"key":"CultistPotion"},{"floor":6,"key":"SmokeBomb"},{"floor":14,"key":"CultistPotion"},{"floor":20,"key":"FocusPotion"},{"floor":23,"key":"Swift Potion"},{"floor":30,"key":"Guardian:BlockOnCardUsePotion"}],"is_trial":false,"path_per_floor":["M","M","?","M","M","E","?","R","T","?","R","M","?","E","R","B",null,"M","?","M","$","?","E","R","E","T","E","R","?","M","$","R","B",null,"M","?","M","M","$","E","R","E"],"character_chosen":"DEFECT","items_purchased":["Juzu Bracelet","Loop","Barrage","FocusPotion","Lee\u0027s Waffle","Static Discharge","Lantern","Pondfish Scales"],"campfire_rested":4,"item_purchase_floors":[21,21,21,21,31,31,39,39],"current_hp_per_floor":[65,64,75,75,72,60,45,45,45,45,67,61,61,54,54,54,75,71,71,65,65,65,34,56,29,29,16,38,38,25,82,82,27,82,73,73,49,31,31,25,49,0,0],"gold":61,"neow_bonus":"THREE_SMALL_POTIONS","is_daily":false,"chose_seed":false,"campfire_upgraded":2,"win_rate":0.0,"timestamp":1610358364,"path_taken":["M","M","?","?","M","E","?","R","T","?","R","?","?","E","R","BOSS","M","?","?","$","?","E","R","E","T","E","R","?","M","$","R","BOSS","M","?","M","M","$","E","R","E"],"items_purchased_type":["Relic","Card","Card","Potion","Relic","Card","Relic","Relic"],"build_version":"2020-12-22","purchased_purges":1,"victory":false,"max_hp_per_floor":[75,75,75,75,75,75,75,75,75,75,75,75,75,75,75,75,75,75,75,75,75,75,75,75,75,75,75,75,75,75,82,82,82,82,82,82,82,82,82,82,82,82,82],"card_choices":[{"not_picked":["Force Field","Double Energy","BasicCrystalCard"],"picked":"SKIP","floor":1},{"not_picked":["Steam","Conserve Battery"],"picked":"Compile Driver","floor":2},{"not_picked":["Rebound","FTL"],"picked":"Cold Snap","floor":4},{"not_picked":["Fusion","Streamline"],"picked":"Cold Snap","floor":5},{"not_picked":["Chill","Steam Power"],"picked":"Reinforced Body","floor":6},{"not_picked":["FTL","Conserve Battery"],"picked":"Barrage","floor":12},{"not_picked":["Redo","BasicCrystalCard"],"picked":"Hologram","floor":14},{"not_picked":["Thunder Strike","Fission"],"picked":"ReplayRNGCard","floor":16},{"not_picked":[],"picked":"Loop","floor":18},{"not_picked":["Redo"],"picked":"SKIP","floor":20},{"not_picked":[],"picked":"Tempest","floor":23},{"not_picked":[],"picked":"Defragment","floor":25},{"not_picked":["Redo"],"picked":"SKIP","floor":27},{"not_picked":[],"picked":"Coolheaded","floor":30},{"not_picked":[],"picked":"Buffer","floor":33},{"not_picked":[],"picked":"FIFO Queue","floor":35},{"not_picked":[],"picked":"Compile Driver","floor":37},{"not_picked":["Skim+1"],"picked":"SKIP","floor":38},{"not_picked":["Conserve Battery"],"picked":"SKIP","floor":40},{"not_picked":[],"picked":"Blizzard","floor":41}],"player_experience":313491,"relics_obtained":[{"floor":6,"key":"Dead Branch"},{"floor":9,"key":"Du-Vu Doll"},{"floor":14,"key":"Girya"},{"floor":23,"key":"WingedGreaves"},{"floor":25,"key":"The Courier"},{"floor":27,"key":"Dream Catcher"},{"floor":40,"key":"FossilizedHelix"}],"event_choices":[{"damage_healed":11,"gold_gain":0,"player_choice":"Full Heal","damage_taken":0,"max_hp_gain":0,"max_hp_loss":0,"event_name":"Wheel of Change","floor":3,"gold_loss":0},{"damage_healed":0,"gold_gain":0,"player_choice":"Entered Light","damage_taken":15,"max_hp_gain":0,"max_hp_loss":0,"event_name":"Shining Light","floor":7,"gold_loss":0,"cards_upgraded":["Strike_B","Defend_B"]},{"damage_healed":0,"gold_gain":0,"player_choice":"1 cards matched","damage_taken":0,"max_hp_gain":0,"max_hp_loss":0,"event_name":"Match and Keep!","floor":10,"gold_loss":0,"cards_obtained":["Thunder Strike"]},{"damage_healed":0,"gold_gain":0,"player_choice":"1 cards matched","damage_taken":0,"max_hp_gain":0,"max_hp_loss":0,"event_name":"Match and Keep!","floor":10,"gold_loss":0,"cards_obtained":["Thunder Strike"]},{"damage_healed":0,"gold_gain":0,"player_choice":"Grow","damage_taken":0,"max_hp_gain":0,"max_hp_loss":0,"event_name":"Living Wall","floor":13,"gold_loss":0,"cards_upgraded":["Barrage"]},{"cards_removed":["Strike_B"],"damage_healed":0,"gold_gain":0,"player_choice":"Card Removal","damage_taken":0,"max_hp_gain":0,"max_hp_loss":0,"event_name":"Wheel of Change","floor":19,"gold_loss":0},{"damage_healed":0,"gold_gain":99,"player_choice":"Stole From Cult","damage_taken":0,"max_hp_gain":0,"max_hp_loss":0,"event_name":"Nest","floor":22,"gold_loss":0},{"cards_removed":["Strike_B"],"damage_healed":0,"gold_gain":0,"player_choice":"Upgrade and Remove","damage_taken":0,"max_hp_gain":0,"max_hp_loss":0,"event_name":"Designer","floor":29,"gold_loss":90,"cards_upgraded":["Compile Driver"]}],"is_beta":false,"boss_relics":[{"not_picked":["Replay:Drink Me","Philosopher\u0027s Stone"],"picked":"Busted Crown"},{"not_picked":["Black Star","ReplayTheSpireMod:DimensionalGlitch"],"picked":"Cursed Key"}],"items_purged_floors":[31],"is_endless":false,"potions_floor_spawned":[2,4,6,14,20,23,30],"killed_by":"Reptomancer","ascension_level":1}}