{"host":"jnjxzd6rarbui4j8","time":1610385850,"event":{"mods":["AchievementEnabler","BaseMod","Colored Map","Highlight Path","Minty Spire (QoL Compilation)","Relic Stats","StSLib"],"gold_per_floor":[112,128,141,141,159,159,188,188,215,229,243,28,53,63,63,139,139,154,173,173,187,14,14,46,60,60,60,86,86,121,139,139,216,216,235,248,248,18,32,58,58,71,95,95,115,2,20,46,46,46,46,46,46,19,51,51,51],"floor_reached":56,"playtime":8445,"items_purged":["Strike_G","Strike_G+1","Decay"],"score":2337,"play_id":"bfe9416a-9fd9-43ce-a061-e9b6fb8944ef","local_time":"20210111122410","is_ascension_mode":true,"campfire_choices":[{"data":"Bouncing Flask","floor":6.0,"key":"SMITH"},{"data":"Poisoned Stab","floor":8.0,"key":"SMITH"},{"data":"Footwork","floor":15.0,"key":"SMITH"},{"data":"Dramatic Entrance","floor":23.0,"key":"SMITH"},{"data":"Phantasmal Killer","floor":32.0,"key":"SMITH"},{"data":"Burst","floor":41.0,"key":"SMITH"},{"floor":44.0,"key":"RECALL"},{"data":"Well Laid Plans","floor":49.0,"key":"SMITH"},{"floor":53.0,"key":"REST"}],"circlet_count":0,"master_deck":["AscendersBane","Strike_G+1","Strike_G+1","Defend_G+1","Defend_G+1","Defend_G+1","Defend_G+1","Defend_G+1","Survivor","Neutralize","Sucker Punch","Quick Slash","Poisoned Stab+1","Backflip","Bouncing Flask+1","Blade Dance","Cloak And Dagger","Terror","Well Laid Plans+1","Footwork+1","Corpse Explosion","Cloak And Dagger","Slice","Blade Dance","Finisher","Dramatic Entrance+1","Dagger Throw+1","Cloak And Dagger","Phantasmal Killer+1","PiercingWail","Backflip+1","Footwork+1","Leg Sweep+1","Calculated Gamble+1","Phantasmal Killer","Slice","Cloak And Dagger+1","Violence","Blur+1","Burst+1","Acrobatics","Mind Blast","Blade Dance","Blade Dance","Malaise"],"relics":["Ring of the Snake","Boot","Lantern","Pen Nib","Membership Card","Toy Ornithopter","WristBlade","Bag of Marbles","Mummified Hand","Anchor","Akabeko","Pocketwatch","Cursed Key","Orrery","The Specimen","Orichalcum","Bottled Tornado"],"acts_visited":["Exordium","TheCity","TheBeyond","TheEnding"],"potions_floor_usage":[56],"damage_taken":[{"damage":2.0,"enemies":"Cultist","floor":1.0,"turns":5.0},{"damage":0.0,"enemies":"2 Louse","floor":2.0,"turns":2.0},{"damage":1.0,"enemies":"Small Slimes","floor":3.0,"turns":4.0},{"damage":2.0,"enemies":"Red Slaver","floor":5.0,"turns":4.0},{"damage":11.0,"enemies":"Lagavulin","floor":7.0,"turns":8.0},{"damage":4.0,"enemies":"2 Fungi Beasts","floor":10.0,"turns":3.0},{"damage":6.0,"enemies":"Lots of Slimes","floor":11.0,"turns":3.0},{"damage":2.0,"enemies":"Gremlin Nob","floor":13.0,"turns":3.0},{"damage":0.0,"enemies":"3 Louse","floor":14.0,"turns":4.0},{"damage":10.0,"enemies":"Hexaghost","floor":16.0,"turns":8.0},{"damage":13.0,"enemies":"Shell Parasite","floor":18.0,"turns":5.0},{"damage":10.0,"enemies":"2 Thieves","floor":19.0,"turns":3.0},{"damage":0.0,"enemies":"3 Cultists","floor":21.0,"turns":2.0},{"damage":0.0,"enemies":"Slavers","floor":24.0,"turns":2.0},{"damage":14.0,"enemies":"Shelled Parasite and Fungi","floor":25.0,"turns":3.0},{"damage":17.0,"enemies":"Book of Stabbing","floor":28.0,"turns":2.0},{"damage":0.0,"enemies":"Gremlin Leader","floor":30.0,"turns":2.0},{"damage":0.0,"enemies":"Snecko","floor":31.0,"turns":2.0},{"damage":0.0,"enemies":"Automaton","floor":33.0,"turns":5.0},{"damage":0.0,"enemies":"3 Shapes","floor":35.0,"turns":2.0},{"damage":1.0,"enemies":"Orb Walker","floor":36.0,"turns":2.0},{"damage":2.0,"enemies":"Writhing Mass","floor":39.0,"turns":4.0},{"damage":0.0,"enemies":"Reptomancer","floor":40.0,"turns":2.0},{"damage":0.0,"enemies":"Spire Growth","floor":42.0,"turns":3.0},{"damage":9.0,"enemies":"Transient","floor":45.0,"turns":6.0},{"damage":0.0,"enemies":"Writhing Mass","floor":47.0,"turns":4.0},{"damage":0.0,"enemies":"Giant Head","floor":48.0,"turns":4.0},{"damage":14.0,"enemies":"Donu and Deca","floor":50.0,"turns":4.0},{"damage":36.0,"enemies":"Time Eater","floor":51.0,"turns":7.0},{"damage":37,"enemies":"Shield and Spear","floor":55,"turns":3},{"damage":76,"enemies":"The Heart","floor":56,"turns":6}],"seed_played":"7936912407167246591","potions_obtained":[{"floor":3.0,"key":"ColorlessPotion"},{"floor":5.0,"key":"ColorlessPotion"},{"floor":11.0,"key":"ColorlessPotion"},{"floor":16.0,"key":"FearPotion"},{"floor":18.0,"key":"Weak Potion"},{"floor":21.0,"key":"FairyPotion"},{"floor":25.0,"key":"GamblersBrew"},{"floor":31.0,"key":"EntropicBrew"},{"floor":37.0,"key":"PowerPotion"},{"floor":42.0,"key":"BlessingOfTheForge"}],"is_trial":false,"path_per_floor":["M","M","M","?","M","R","E","R","T","M","M","$","E","M","R","B",null,"M","M","?","M","$","R","E","M","T","?","E","?","E","M","R","B",null,"M","M","?","$","M","E","R","M","T","R","M","$","M","E","R","B","B",null,"R","$","E","B"],"character_chosen":"THE_SILENT","items_purchased":["Membership Card","Well Laid Plans","Bag of Marbles","Dramatic Entrance","Orrery","Violence","Mind Blast","SpeedPotion"],"campfire_rested":1,"item_purchase_floors":[12,12,22,22,38,38,46,54],"current_hp_per_floor":[57,57,56,56,54,54,43,43,43,39,33,33,31,31,31,26,56,48,43,43,43,43,43,43,29,29,29,12,12,12,12,12,12,53,53,52,57,57,55,60,60,60,60,60,51,51,51,51,51,42,6,51,66,66,29,0,0],"gold":51,"neow_bonus":"RANDOM_COMMON_RELIC","is_daily":false,"chose_seed":false,"campfire_upgraded":7,"win_rate":0.0,"timestamp":1610385850,"path_taken":["M","M","M","?","M","R","E","R","T","M","M","?","E","M","R","BOSS","M","M","?","M","$","R","E","M","T","?","E","?","E","M","R","BOSS","M","M","?","$","M","E","R","?","T","R","M","$","M","E","R","BOSS","BOSS","R","$","E","BOSS"],"items_purchased_type":["Relic","Card","Relic","Card","Relic","Card","Card","Potion"],"build_version":"2020-12-22","purchased_purges":3,"victory":false,"max_hp_per_floor":[66,66,66,66,66,66,66,66,66,66,66,66,66,66,66,66,66,66,66,66,66,66,66,66,66,66,66,66,66,66,66,66,66,66,66,66,66,66,66,66,66,66,66,66,66,66,66,66,66,66,66,66,66,66,66,66,66],"relic_stats":{"counters":[31,117],"Mummified Hand":[32],"Pen Nib":[26],"Orichalcum":[30],"Boot":[52],"Cursed Key":1,"obtain_stats":[{"Lantern":7,"The Specimen":40,"Pen Nib":9,"Orichalcum":48,"Bottled Tornado":55,"Boot":0,"Cursed Key":34,"Akabeko":28,"Anchor":26,"WristBlade":17,"Mummified Hand":24,"Orrery":38,"Bag of Marbles":22,"Membership Card":12,"Toy Ornithopter":13,"Ring of the Snake":0,"Pocketwatch":30},{"Lantern":5,"The Specimen":23,"Pen Nib":5,"Orichalcum":27,"Bottled Tornado":30,"Boot":0,"Cursed Key":19,"Akabeko":16,"Anchor":15,"WristBlade":10,"Mummified Hand":14,"Orrery":21,"Bag of Marbles":13,"Membership Card":7,"Toy Ornithopter":8,"Ring of the Snake":0,"Pocketwatch":17},{"Lantern":23,"The Specimen":80,"Pen Nib":23,"Orichalcum":97,"Bottled Tornado":111,"Boot":0,"Cursed Key":70,"Akabeko":61,"Anchor":59,"WristBlade":44,"Mummified Hand":56,"Orrery":74,"Bag of Marbles":54,"Membership Card":29,"Toy Ornithopter":32,"Ring of the Snake":0,"Pocketwatch":63}],"Toy Ornithopter":35,"Ring of the Snake":[62],"Pocketwatch":[15]},"card_choices":[{"not_picked":["Dodge and Roll","Acrobatics"],"picked":"Sucker Punch","floor":1.0},{"not_picked":["Acrobatics","Cloak And Dagger"],"picked":"Quick Slash","floor":2.0},{"not_picked":["Slice","Prepared"],"picked":"Poisoned Stab","floor":3.0},{"not_picked":["Distraction","Footwork"],"picked":"Bouncing Flask","floor":5.0},{"not_picked":["Cloak And Dagger","Bane"],"picked":"Blade Dance","floor":7.0},{"not_picked":["Grand Finale","Underhanded Strike"],"picked":"Cloak And Dagger","floor":10.0},{"not_picked":["PiercingWail","Underhanded Strike"],"picked":"Terror","floor":11.0},{"not_picked":["Acrobatics","Bane"],"picked":"Footwork","floor":13.0},{"not_picked":["Underhanded Strike","Deadly Poison","Setup"],"picked":"SKIP","floor":14.0},{"not_picked":["Adrenaline","Bullet Time"],"picked":"Corpse Explosion","floor":16.0},{"not_picked":["Sucker Punch","PiercingWail"],"picked":"Cloak And Dagger","floor":18.0},{"not_picked":["Terror","Sucker Punch"],"picked":"Slice","floor":19.0},{"not_picked":["Cloak And Dagger","Reflex+1"],"picked":"Finisher","floor":21.0},{"not_picked":["Dagger Spray","Bane"],"picked":"Dagger Throw+1","floor":24.0},{"not_picked":["Outmaneuver","Choke"],"picked":"Cloak And Dagger","floor":25.0},{"not_picked":["Calculated Gamble+1","Distraction"],"picked":"Phantasmal Killer","floor":28.0},{"not_picked":["Dagger Throw","Quick Slash"],"picked":"PiercingWail","floor":30.0},{"not_picked":["Quick Slash","Underhanded Strike","Outmaneuver"],"picked":"SKIP","floor":31.0},{"not_picked":["Outmaneuver+1","PiercingWail"],"picked":"Backflip+1","floor":35.0},{"not_picked":["Outmaneuver","Blur+1"],"picked":"Footwork+1","floor":36.0},{"not_picked":["Acrobatics+1","Dagger Spray"],"picked":"Leg Sweep+1","floor":38.0},{"not_picked":["Catalyst","PiercingWail"],"picked":"Calculated Gamble+1","floor":38.0},{"not_picked":["Bane","Sucker Punch+1"],"picked":"Phantasmal Killer","floor":38.0},{"not_picked":["Deadly Poison","Prepared"],"picked":"Slice","floor":38.0},{"not_picked":["Quick Slash","Adrenaline"],"picked":"Cloak And Dagger+1","floor":38.0},{"not_picked":["Footwork","Outmaneuver"],"picked":"Blur+1","floor":39.0},{"not_picked":["Dash","Footwork"],"picked":"Burst","floor":40.0},{"not_picked":["Prepared+1","Quick Slash"],"picked":"Acrobatics","floor":42.0},{"not_picked":["Skewer","Poisoned Stab+1","Eviscerate"],"picked":"SKIP","floor":45.0},{"not_picked":["Masterful Stab","Bane"],"picked":"Blade Dance","floor":47.0},{"not_picked":["Dagger Throw","Sucker Punch+1"],"picked":"Blade Dance","floor":48.0},{"not_picked":["Predator","Underhanded Strike+1"],"picked":"Malaise","floor":55}],"player_experience":2391949,"relics_obtained":[{"floor":7.0,"key":"Lantern"},{"floor":9.0,"key":"Pen Nib"},{"floor":13.0,"key":"Toy Ornithopter"},{"floor":24.0,"key":"Mummified Hand"},{"floor":26.0,"key":"Anchor"},{"floor":28.0,"key":"Akabeko"},{"floor":30.0,"key":"Pocketwatch"},{"floor":40.0,"key":"The Specimen"},{"floor":48.0,"key":"Orichalcum"},{"floor":55,"key":"Bottled Tornado"}],"event_choices":[{"damage_healed":0.0,"max_hp_gain":0.0,"max_hp_loss":0.0,"gold_gain":0.0,"cards_transformed":["Strike_G"],"event_name":"Transmorgrifier","player_choice":"Transformed","floor":4.0,"gold_loss":0.0,"damage_taken":0.0,"cards_obtained":["Backflip"]},{"damage_healed":0.0,"max_hp_gain":0.0,"max_hp_loss":0.0,"gold_gain":0.0,"event_name":"The Library","player_choice":"Read","floor":20.0,"gold_loss":0.0,"damage_taken":0.0,"cards_obtained":["Blade Dance"]},{"damage_healed":0.0,"max_hp_gain":0.0,"max_hp_loss":0.0,"gold_gain":0.0,"event_name":"Back to Basics","player_choice":"Simplicity","floor":27.0,"gold_loss":0.0,"damage_taken":0.0,"cards_upgraded":["Strike_G","Strike_G","Strike_G","Defend_G","Defend_G","Defend_G","Defend_G","Defend_G"]},{"damage_healed":0.0,"max_hp_gain":0.0,"max_hp_loss":0.0,"gold_gain":0.0,"event_name":"Ghosts","player_choice":"Ignored","floor":29.0,"gold_loss":0.0,"damage_taken":0.0},{"damage_healed":0.0,"max_hp_gain":0.0,"max_hp_loss":0.0,"gold_gain":0.0,"event_name":"Lab","player_choice":"Got Potions","floor":37.0,"gold_loss":0.0,"damage_taken":0.0}],"is_beta":false,"boss_relics":[{"not_picked":["Velvet Choker","HoveringKite"],"picked":"WristBlade"},{"not_picked":["Fusion Hammer","Runic Dome"],"picked":"Cursed Key"}],"items_purged_floors":[22,38,46],"is_endless":false,"potions_floor_spawned":[3,5,11,16,18,21,25,31,39,42,48,55],"killed_by":"The Heart","ascension_level":20}}