{"host":"aaqofma31c3gm2hj","time":1610349634,"event":{"mods":["BaseMod","Minty Spire (QoL Compilation)","Replay The Spire","Spicy Shops","StSLib"],"gold_per_floor":[109,123,208,208,133,161,177,177,251,251,279,279,279,279],"floor_reached":13,"playtime":160,"items_purged":["Defend_P"],"score":232,"play_id":"592934d5-bc92-4ddb-8c62-7aeeda552191","local_time":"20210111152034","is_ascension_mode":true,"campfire_choices":[{"data":"Eruption","floor":8,"key":"SMITH"},{"data":"Brilliance","floor":10,"key":"SMITH"}],"circlet_count":0,"master_deck":["AscendersBane","Strike_P","Strike_P","Strike_P","Strike_P","Defend_P","Defend_P","Eruption+1","Vigilance","Brilliance+1"],"relics":["PureWater","NeowsBlessing","Happy Flower","Bronze Scales","Replay:Bottled Snecko","Replay:Baseball"],"acts_visited":["Exordium"],"potions_floor_usage":[],"damage_taken":[{"damage":0.0,"enemies":"Small Slimes","floor":1.0,"turns":1.0},{"damage":0.0,"enemies":"2 Louse","floor":2.0,"turns":1.0},{"damage":0,"enemies":"3 Sentries","floor":6,"turns":1},{"damage":4,"enemies":"Jaw Worm","floor":7,"turns":4},{"damage":7,"enemies":"Lagavulin","floor":11,"turns":5},{"damage":0,"enemies":"3 Sentries","floor":13,"turns":2}],"seed_played":"4538015594775443463","potions_obtained":[{"floor":1.0,"key":"BottledMiracle"},{"floor":2.0,"key":"Doom Potion"},{"floor":11,"key":"DuplicationPotion"}],"is_trial":false,"path_per_floor":["M","M","?","?","$","E","M","R","T","R","E","?","E"],"character_chosen":"WATCHER","items_purchased":[],"campfire_rested":0,"item_purchase_floors":[],"current_hp_per_floor":[61,61,39,28,28,28,24,24,24,24,17,10,10,10],"gold":279,"neow_bonus":"THREE_ENEMY_KILL","is_daily":false,"chose_seed":false,"campfire_upgraded":2,"win_rate":0.0,"timestamp":1610349634,"path_taken":["M","M","?","?","$","E","M","R","T","R","E","?","E"],"items_purchased_type":[],"build_version":"2020-12-22","purchased_purges":1,"victory":false,"max_hp_per_floor":[68,68,68,68,68,68,68,68,68,68,68,68,68,68],"card_choices":[{"not_picked":["Worship","Collect","ThirdEye"],"picked":"SKIP","floor":1.0},{"not_picked":["ThirdEye","FollowUp","LikeWater"],"picked":"SKIP","floor":2.0},{"not_picked":["Replay:Battleflow","EmptyFist"],"picked":"Brilliance","floor":3},{"not_picked":["Prostrate","EmptyMind","Fasting2"],"picked":"SKIP","floor":6},{"not_picked":["JustLucky","DeceiveReality","MentalFortress"],"picked":"SKIP","floor":7},{"not_picked":["Worship","Replay:AtTheReady","FlurryOfBlows"],"picked":"SKIP","floor":11}],"player_experience":580144,"relics_obtained":[{"floor":6,"key":"Bronze Scales"},{"floor":9,"key":"Replay:Bottled Snecko"},{"floor":11,"key":"Replay:Baseball"}],"event_choices":[{"damage_healed":0,"gold_gain":0,"player_choice":"Success","damage_taken":11,"relics_obtained":["Happy Flower"],"max_hp_gain":0,"max_hp_loss":0,"event_name":"Scrap Ooze","floor":4,"gold_loss":0},{"cards_removed":["Defend_P"],"damage_healed":0,"gold_gain":0,"player_choice":"Card Removal","damage_taken":7,"max_hp_gain":0,"max_hp_loss":0,"event_name":"Golden Wing","floor":12,"gold_loss":0}],"is_beta":false,"boss_relics":[],"items_purged_floors":[5],"is_endless":false,"potions_floor_spawned":[1,2,11],"killed_by":"3 Sentries","ascension_level":20}}