{"host":"8by3m8mve9y2rhh4","time":1610371092,"event":{"mods":["BaseMod","Minty Spire (QoL Compilation)","Quick Restart"],"gold_per_floor":[109,129,1,76,76,76,101,119,146,177,190,216,216,296,296,397,397,417,516,22,40,57,92,92,125,125,125,140,103,103,116,116,218,218,234,234,234,244,52,52,77,77,77,104,121,221,246,196,196,196,196,196,8,36,36,36],"floor_reached":55,"playtime":2323,"items_purged":["Strike_G","Strike_G","Regret","Doubt","Setup+1"],"score":874,"play_id":"605cc8fc-da6e-4f0a-9fa9-18dc92d878e6","local_time":"20210111131812","is_ascension_mode":true,"campfire_choices":[{"data":"Footwork","floor":6,"key":"SMITH"},{"floor":13,"key":"REST"},{"floor":15,"key":"RECALL"},{"floor":24,"key":"REST"},{"floor":30,"key":"REST"},{"floor":32,"key":"REST"},{"data":"After Image","floor":40,"key":"SMITH"},{"data":"A Thousand Cuts","floor":42,"key":"SMITH"},{"floor":49,"key":"REST"},{"data":"A Thousand Cuts","floor":52,"key":"SMITH"}],"circlet_count":0,"master_deck":["Defend_G","Defend_G","Defend_G","Defend_G","Survivor","Neutralize","Footwork+1","Dash","Dagger Spray","Poisoned Stab","Deadly Poison","Backstab","A Thousand Cuts+1","Escape Plan+1","Poisoned Stab","Dodge and Roll+1","Blade Dance+1","A Thousand Cuts+1","After Image+1","Dash","Dodge and Roll+1","Corpse Explosion+1","Infinite Blades+1","Accuracy","Caltrops","Accuracy","Trip+1","Cloak And Dagger+1"],"relics":["Empty Cage","Strawberry","Tiny Chest","Paper Crane","Toxic Egg 2","Philosopher\u0027s Stone","Gremlin Horn","TheAbacus","White Beast Statue","InkBottle","Mummified Hand","Cursed Key","Bottled Lightning","Ginger","Kunai","Smiling Mask","Bottled Flame","Centennial Puzzle"],"acts_visited":["Exordium","TheCity","TheBeyond","TheEnding"],"potions_floor_usage":[16,16,18,25,28,31,38,41,45,47,50,54,55],"damage_taken":[{"damage":0,"enemies":"Small Slimes","floor":1,"turns":5},{"damage":1,"enemies":"Jaw Worm","floor":2,"turns":6},{"damage":1,"enemies":"3 Sentries","floor":7,"turns":9},{"damage":0,"enemies":"2 Louse","floor":8,"turns":3},{"damage":15,"enemies":"Gremlin Nob","floor":10,"turns":5},{"damage":0,"enemies":"Red Slaver","floor":11,"turns":4},{"damage":15,"enemies":"3 Sentries","floor":12,"turns":10},{"damage":8,"enemies":"Slime Boss","floor":16,"turns":10},{"damage":0,"enemies":"3 Byrds","floor":18,"turns":6},{"damage":14,"enemies":"2 Thieves","floor":21,"turns":4},{"damage":16,"enemies":"Shelled Parasite and Fungi","floor":22,"turns":5},{"damage":38,"enemies":"Slavers","floor":23,"turns":6},{"damage":19,"enemies":"Book of Stabbing","floor":25,"turns":6},{"damage":0,"enemies":"3 Cultists","floor":28,"turns":4},{"damage":4,"enemies":"Centurion and Healer","floor":31,"turns":4},{"damage":10,"enemies":"Automaton","floor":33,"turns":12},{"damage":0,"enemies":"3 Shapes","floor":35,"turns":3},{"damage":0,"enemies":"3 Darklings","floor":38,"turns":1},{"damage":10,"enemies":"Nemesis","floor":41,"turns":7},{"damage":0,"enemies":"Reptomancer","floor":44,"turns":6},{"damage":10,"enemies":"Jaw Worm Horde","floor":45,"turns":2},{"damage":22,"enemies":"Nemesis","floor":47,"turns":5},{"damage":26,"enemies":"Time Eater","floor":50,"turns":11},{"damage":24,"enemies":"Shield and Spear","floor":54,"turns":5},{"damage":68,"enemies":"The Heart","floor":55,"turns":3}],"seed_played":"4964939397590388854","potions_obtained":[{"floor":1,"key":"FearPotion"},{"floor":11,"key":"SpeedPotion"},{"floor":12,"key":"Fire Potion"},{"floor":23,"key":"CunningPotion"},{"floor":25,"key":"PowerPotion"},{"floor":28,"key":"ColorlessPotion"},{"floor":31,"key":"LiquidMemories"},{"floor":33,"key":"AttackPotion"},{"floor":35,"key":"Dexterity Potion"},{"floor":38,"key":"PowerPotion"},{"floor":41,"key":"BlessingOfTheForge"},{"floor":44,"key":"Regen Potion"},{"floor":45,"key":"GamblersBrew"},{"floor":47,"key":"Explosive Potion"},{"floor":54,"key":"Dexterity Potion"}],"is_trial":false,"path_per_floor":["M","M","$","?","?","R","E","M","T","E","M","E","R","T","R","B",null,"M","?","$","M","M","E","R","E","T","?","M","$","R","M","R","B",null,"M","T","?","M","$","R","E","R","T","E","M","?","E","$","R","B",null,"R","$","E","B"],"character_chosen":"THE_SILENT","items_purchased":["Dagger Spray","Gremlin Horn","TheAbacus","Dash","Accuracy","Trip+1","Cloak And Dagger+1"],"campfire_rested":5,"item_purchase_floors":[3,20,20,29,39,53,53],"current_hp_per_floor":[70,69,69,58,63,63,69,69,69,54,54,39,63,63,63,55,82,82,82,82,68,52,14,38,19,19,19,19,19,43,39,63,53,82,82,82,78,78,78,78,68,68,68,68,58,58,51,51,74,48,78,78,78,54,0,0],"gold":36,"neow_bonus":"BOSS_RELIC","is_daily":false,"chose_seed":false,"campfire_upgraded":4,"win_rate":0.0,"timestamp":1610371092,"path_taken":["M","M","$","?","?","R","E","M","T","E","M","E","R","?","R","BOSS","M","?","$","M","M","E","R","E","T","?","M","$","R","M","R","BOSS","M","?","?","M","$","R","E","R","T","E","M","?","E","$","R","BOSS","R","$","E","BOSS"],"items_purchased_type":["Card","Relic","Relic","Card","Card","Card","Card"],"build_version":"2020-12-22","purchased_purges":5,"victory":false,"max_hp_per_floor":[70,70,70,70,75,75,82,82,82,82,82,82,82,82,82,82,82,82,82,82,82,82,82,82,82,82,82,82,82,82,82,82,82,82,82,82,78,78,78,78,78,78,78,78,78,78,78,78,78,78,78,78,78,78,78,78],"card_choices":[{"not_picked":["Eviscerate","Prepared"],"picked":"Footwork","floor":1},{"not_picked":["Prepared","Poisoned Stab"],"picked":"Dash","floor":2},{"not_picked":["Skewer","Heel Hook","Bane"],"picked":"SKIP","floor":7},{"not_picked":["Outmaneuver","Backflip"],"picked":"Poisoned Stab","floor":8},{"not_picked":["Glass Knife","Quick Slash"],"picked":"Deadly Poison","floor":10},{"not_picked":["Quick Slash","Underhanded Strike","Slice"],"picked":"SKIP","floor":11},{"not_picked":["Bane","PiercingWail"],"picked":"Backstab","floor":12},{"not_picked":["Doppelganger+1","Phantasmal Killer+1"],"picked":"A Thousand Cuts","floor":16},{"not_picked":["Bane","Poisoned Stab+1"],"picked":"Escape Plan+1","floor":18},{"not_picked":["Leg Sweep+1","PiercingWail+1"],"picked":"Poisoned Stab","floor":21},{"not_picked":["Bane","Outmaneuver+1"],"picked":"Dodge and Roll+1","floor":22},{"not_picked":["Terror+1","Setup+1"],"picked":"Blade Dance+1","floor":23},{"not_picked":["Sucker Punch","Poisoned Stab"],"picked":"A Thousand Cuts","floor":25},{"not_picked":["Setup+1","Acrobatics+1","Outmaneuver+1"],"picked":"SKIP","floor":28},{"not_picked":["Dagger Spray","Slice"],"picked":"Dodge and Roll+1","floor":31},{"not_picked":["Wraith Form v2","Phantasmal Killer+1"],"picked":"Corpse Explosion+1","floor":33},{"not_picked":["Bane+1","Dagger Throw","Dash+1"],"picked":"SKIP","floor":35},{"not_picked":["Underhanded Strike+1","PiercingWail+1"],"picked":"Infinite Blades+1","floor":38},{"not_picked":["Endless Agony+1","Wraith Form v2"],"picked":"Caltrops","floor":41},{"not_picked":["Eviscerate+1","Deflect+1","Dash+1"],"picked":"SKIP","floor":44},{"not_picked":["Underhanded Strike+1","Deflect+1"],"picked":"Accuracy","floor":45},{"not_picked":["Expertise+1","Dagger Spray","Sucker Punch"],"picked":"SKIP","floor":47},{"not_picked":["Blade Dance+1","Prepared+1","Slice"],"picked":"SKIP","floor":54}],"player_experience":686533,"relics_obtained":[{"floor":7,"key":"Strawberry"},{"floor":10,"key":"Tiny Chest"},{"floor":12,"key":"Paper Crane"},{"floor":14,"key":"Toxic Egg 2"},{"floor":23,"key":"White Beast Statue"},{"floor":25,"key":"InkBottle"},{"floor":26,"key":"Mummified Hand"},{"floor":36,"key":"Bottled Lightning"},{"floor":41,"key":"Ginger"},{"floor":43,"key":"Kunai"},{"floor":44,"key":"Smiling Mask"},{"floor":47,"key":"Bottled Flame"},{"floor":54,"key":"Centennial Puzzle"}],"event_choices":[{"damage_healed":0,"gold_gain":75,"player_choice":"Gather Gold","damage_taken":11,"max_hp_gain":0,"max_hp_loss":0,"event_name":"World of Goop","floor":4,"gold_loss":0},{"damage_healed":0,"gold_gain":0,"player_choice":"Donut","damage_taken":0,"max_hp_gain":5,"max_hp_loss":0,"event_name":"Big Fish","floor":5,"gold_loss":0},{"damage_healed":0,"gold_gain":99,"player_choice":"Stole From Cult","damage_taken":0,"max_hp_gain":0,"max_hp_loss":0,"event_name":"Nest","floor":19,"gold_loss":0},{"damage_healed":0,"gold_gain":0,"cards_transformed":["Strike_G","Strike_G"],"player_choice":"Became Test Subject","damage_taken":0,"max_hp_gain":0,"max_hp_loss":0,"event_name":"Drug Dealer","floor":27,"gold_loss":0,"cards_obtained":["After Image","Setup"]},{"damage_healed":0,"gold_gain":0,"player_choice":"Max HP","damage_taken":0,"max_hp_gain":0,"max_hp_loss":4,"event_name":"Winding Halls","floor":37,"gold_loss":0},{"damage_healed":0,"gold_gain":100,"player_choice":"Pray","damage_taken":0,"max_hp_gain":0,"max_hp_loss":0,"event_name":"Golden Shrine","floor":46,"gold_loss":0}],"is_beta":false,"boss_relics":[{"not_picked":["Ectoplasm","Snecko Eye"],"picked":"Philosopher\u0027s Stone"},{"not_picked":["Runic Dome","Coffee Dripper"],"picked":"Cursed Key"}],"items_purged_floors":[3,20,39,48,53],"is_endless":false,"potions_floor_spawned":[1,11,12,23,25,28,31,33,35,38,41,44,45,47,54],"killed_by":"The Heart","ascension_level":1}}