{"host":"q8niu1x2pgv94o1d","time":1610398838,"event":{"mods":["AchievementEnabler","BaseMod","Colored Map","Colored Powertips","Minty Spire (QoL Compilation)","StSLib"],"gold_per_floor":[113,63,63,79,96,121,121,136,136,146,176,176,32,48,48,146,146,160,180,200,216,227,227,242,242,242],"floor_reached":25,"playtime":2082,"items_purged":["Defend_B"],"score":255,"play_id":"19a5943f-e91a-49cf-9bfd-b777c7f1279d","local_time":"20210111220038","is_ascension_mode":true,"campfire_choices":[{"data":"Sweeping Beam","floor":7.0,"key":"SMITH"},{"data":"Darkness","floor":12.0,"key":"SMITH"},{"data":"Go for the Eyes","floor":15.0,"key":"SMITH"},{"data":"Glacier","floor":23.0,"key":"SMITH"}],"circlet_count":0,"master_deck":["Strike_B","Strike_B","Strike_B","Defend_B","Defend_B","Defend_B","Zap","Dualcast","Sweeping Beam+1","Redo","Ball Lightning","Glacier+1","Darkness+1","Aggregate","Reboot","Capacitor+1","Go for the Eyes+1","Core Surge","White Noise+1","Compile Driver+1","Turbo","Capacitor+1"],"relics":["Cracked Core","Frozen Egg 2","Kunai","Pear","Pen Nib","SacredBark"],"acts_visited":["Exordium","TheCity"],"potions_floor_usage":[25,25],"damage_taken":[{"damage":0.0,"enemies":"Small Slimes","floor":1.0,"turns":3.0},{"damage":1.0,"enemies":"Cultist","floor":4.0,"turns":4.0},{"damage":0.0,"enemies":"2 Louse","floor":5.0,"turns":1.0},{"damage":23.0,"enemies":"Gremlin Nob","floor":6.0,"turns":4.0},{"damage":5.0,"enemies":"Gremlin Gang","floor":8.0,"turns":2.0},{"damage":2.0,"enemies":"Red Slaver","floor":10.0,"turns":4.0},{"damage":21.0,"enemies":"Lagavulin","floor":11.0,"turns":6.0},{"damage":1.0,"enemies":"2 Fungi Beasts","floor":14.0,"turns":3.0},{"damage":17.0,"enemies":"Hexaghost","floor":16.0,"turns":9.0},{"damage":1.0,"enemies":"Shell Parasite","floor":18.0,"turns":4.0},{"damage":10.0,"enemies":"Chosen","floor":19.0,"turns":4.0},{"damage":6.0,"enemies":"3 Cultists","floor":20.0,"turns":4.0},{"damage":11.0,"enemies":"Centurion and Healer","floor":21.0,"turns":4.0},{"damage":20.0,"enemies":"Cultist and Chosen","floor":22.0,"turns":7.0},{"damage":15.0,"enemies":"3 Cultists","floor":24.0,"turns":4.0},{"damage":38,"enemies":"Book of Stabbing","floor":25,"turns":4}],"seed_played":"1329814787483183107","potions_obtained":[{"floor":1.0,"key":"Fire Potion"},{"floor":8.0,"key":"SpeedPotion"},{"floor":14.0,"key":"Strength Potion"},{"floor":18.0,"key":"GamblersBrew"},{"floor":20.0,"key":"PowerPotion"}],"is_trial":false,"path_per_floor":["M","?","?","M","M","E","R","M","T","M","E","R","$","M","R","B",null,"M","M","M","M","M","R","M","E"],"character_chosen":"DEFECT","items_purchased":["Capacitor+1"],"campfire_rested":0,"item_purchase_floors":[13],"current_hp_per_floor":[68,68,68,67,67,44,44,39,49,47,26,26,26,25,25,8,99,98,88,82,71,51,51,36,0,0],"gold":242,"neow_bonus":"TWENTY_PERCENT_HP_BONUS","is_daily":false,"chose_seed":false,"campfire_upgraded":4,"win_rate":0.0,"timestamp":1610398838,"path_taken":["M","?","?","?","M","E","R","M","T","M","E","R","?","?","R","BOSS","M","?","M","M","?","R","M","E"],"items_purchased_type":["Card"],"build_version":"2020-12-22","purchased_purges":1,"victory":false,"max_hp_per_floor":[89,89,89,89,89,89,89,89,99,99,99,99,99,99,99,99,99,99,99,99,99,99,99,99,99,99],"card_choices":[{"not_picked":["Consume","Streamline"],"picked":"Sweeping Beam","floor":1.0},{"not_picked":["Reprogram","Turbo"],"picked":"Redo","floor":4.0},{"not_picked":["Gash","Scrape"],"picked":"Ball Lightning","floor":5.0},{"not_picked":["Fission","Rip and Tear"],"picked":"Glacier","floor":6.0},{"not_picked":["Reprogram","Cold Snap"],"picked":"Darkness","floor":8.0},{"not_picked":["Beam Cell","Gash"],"picked":"Aggregate","floor":10.0},{"not_picked":["Coolheaded","Rebound"],"picked":"Reboot","floor":11.0},{"not_picked":["Coolheaded","Reprogram"],"picked":"Go for the Eyes","floor":14.0},{"not_picked":["Multi-Cast","Thunder Strike"],"picked":"Core Surge","floor":16.0},{"not_picked":["Barrage","Sunder"],"picked":"White Noise+1","floor":18.0},{"not_picked":["Doom and Gloom","Conserve Battery","Coolheaded"],"picked":"SKIP","floor":19.0},{"not_picked":["Steam","Streamline+1"],"picked":"Compile Driver+1","floor":20.0},{"not_picked":["Gash","Coolheaded"],"picked":"Turbo","floor":21.0},{"not_picked":["Sweeping Beam","Go for the Eyes","Steam"],"picked":"SKIP","floor":22.0},{"not_picked":["Redo","Stack"],"picked":"Capacitor+1","floor":24.0}],"player_experience":1791572,"relics_obtained":[{"floor":6.0,"key":"Kunai"},{"floor":9.0,"key":"Pear"},{"floor":11.0,"key":"Pen Nib"}],"event_choices":[{"cards_removed":["Strike_B"],"damage_healed":0.0,"max_hp_gain":0.0,"max_hp_loss":0.0,"gold_gain":0.0,"event_name":"The Cleric","player_choice":"Card Removal","floor":2.0,"gold_loss":50.0,"damage_taken":0.0},{"damage_healed":0.0,"max_hp_gain":0.0,"max_hp_loss":0.0,"gold_gain":0.0,"event_name":"WeMeetAgain","player_choice":"Gave Potion","floor":3.0,"gold_loss":0.0,"damage_taken":0.0,"relics_obtained":["Frozen Egg 2"]}],"is_beta":false,"boss_relics":[{"not_picked":["Sozu","Snecko Eye"],"picked":"SacredBark"}],"items_purged_floors":[13],"is_endless":false,"potions_floor_spawned":[1,8,14,18,20],"killed_by":"Book of Stabbing","ascension_level":1}}