{"host":"rolltorest","time":1610337402,"event":{"mods":["BaseMod","Minty Spire (QoL Compilation)","Relic Stats","Slay the Relics Exporter","StSLib","The Bladedancer"],"gold_per_floor":[115,129,129,129,147,32,32,32,32],"floor_reached":8,"playtime":252,"items_purged":["blademaster:Strike"],"score":71,"play_id":"6de9c625-ab9b-4dd1-8706-83062be8de92","local_time":"20210110195642","is_ascension_mode":true,"campfire_choices":[{"data":"blademaster:RagingBlow","floor":7,"key":"SMITH"}],"circlet_count":0,"master_deck":["AscendersBane","blademaster:Strike","blademaster:Strike","blademaster:Strike","blademaster:Defend","blademaster:Defend","blademaster:Defend","blademaster:Defend","blademaster:RagingBlow+1","blademaster:HighVoltage","blademaster:FuryOfTheElements","blademaster:AspectOfLightning","blademaster:LeechingStrike","blademaster:Gust"],"relics":["blademaster:DancersAmulet","Golden Idol","MealTicket"],"acts_visited":["Exordium"],"potions_floor_usage":[8],"damage_taken":[{"damage":12,"enemies":"Jaw Worm","floor":1,"turns":7},{"damage":0,"enemies":"Small Slimes","floor":2,"turns":3},{"damage":0,"enemies":"Cultist","floor":5,"turns":3},{"damage":42,"enemies":"Lagavulin","floor":8,"turns":8}],"seed_played":"-7932531976467968401","potions_obtained":[{"floor":2,"key":"Swift Potion"},{"floor":5,"key":"FearPotion"}],"is_trial":false,"path_per_floor":["M","M","?","?","M","$","R","E"],"character_chosen":"THE_BLADEMASTER","items_purchased":["blademaster:Gust"],"campfire_rested":0,"item_purchase_floors":[6],"current_hp_per_floor":[38,38,38,26,26,41,41,2,2],"gold":32,"neow_bonus":"THREE_RARE_CARDS","is_daily":false,"chose_seed":false,"campfire_upgraded":1,"win_rate":0.0,"timestamp":1610337402,"path_taken":["M","M","?","?","M","$","R","E"],"items_purchased_type":["Card"],"build_version":"2020-12-18","purchased_purges":1,"victory":false,"max_hp_per_floor":[75,75,69,69,69,69,69,69,69],"relic_stats":{"counters":[4,21],"Golden Idol":4,"MealTicket":15,"obtain_stats":[{"Golden Idol":3,"MealTicket":4,"blademaster:DancersAmulet":0},{"Golden Idol":2,"MealTicket":2,"blademaster:DancersAmulet":0},{"Golden Idol":10,"MealTicket":10,"blademaster:DancersAmulet":0}]},"card_choices":[{"not_picked":["blademaster:HighVoltage","blademaster:UnrelentingWind"],"picked":"blademaster:FuryOfTheElements","floor":0},{"not_picked":["blademaster:Sunder","blademaster:Blockade","blademaster:Quickness"],"picked":"SKIP","floor":1},{"not_picked":["blademaster:Meditate","blademaster:Reversal"],"picked":"blademaster:AspectOfLightning","floor":2},{"not_picked":["blademaster:Stability","blademaster:DaggerAndCloak"],"picked":"blademaster:LeechingStrike","floor":5}],"player_experience":1745990,"relics_obtained":[],"event_choices":[{"damage_healed":0,"gold_gain":0,"player_choice":"Lose Max HP","damage_taken":0,"relics_obtained":["Golden Idol"],"max_hp_gain":0,"max_hp_loss":6,"event_name":"Golden Idol","floor":3,"gold_loss":0},{"damage_healed":0,"gold_gain":0,"player_choice":"Success","damage_taken":12,"relics_obtained":["MealTicket"],"max_hp_gain":0,"max_hp_loss":0,"event_name":"Scrap Ooze","floor":4,"gold_loss":0}],"is_beta":true,"boss_relics":[],"items_purged_floors":[6],"is_endless":false,"potions_floor_spawned":[2,5],"killed_by":"Lagavulin","ascension_level":11}}