{"host":"ishme5wb80o83upk","time":1610373262,"event":{"mods":["BaseMod","HololiveMod","Minty Spire (QoL Compilation)","StSLib"],"gold_per_floor":[85,85,105,105,139,139,202,31,31,61,61,79,79,124,124,278,278,310,355,100,107,107],"floor_reached":21,"playtime":1126,"items_purged":["Hololive_Strike"],"score":373,"play_id":"c88df206-6d3d-4d34-a2ca-4cbbfacab40f","local_time":"20210111225422","is_ascension_mode":true,"campfire_choices":[{"data":"Hololive_DDD","floor":6,"key":"SMITH"},{"data":"Hololive_CallFriendA","floor":11,"key":"SMITH"},{"data":"Hololive_CallCivia","floor":13,"key":"SMITH"},{"data":"Hololive_DurableLive","floor":15,"key":"SMITH"}],"circlet_count":0,"master_deck":["Hololive_Strike","Hololive_Defend","Hololive_Defend","Hololive_FlyingPonyTail","Hololive_CallSakuraMiko","Hololive_CallSakuraMiko","Hololive_CallYuzukiChoco","Hololive_CallYuzukiChoco","Hololive_CallUruhaRushia","Hololive_DDD+1","Hololive_CallAyundaRisu","Hololive_CallTokinoSora","Hololive_CallFriendA+1","Hololive_WolfAndLamb","Hololive_Breathe","Hololive_CallHimemoriLuna","Hololive_CallCivia+1","Hololive_DurableLive+1","Hololive_ScarfAndHalo","Hololive_StrengthChampion","Apotheosis"],"relics":["Hololive_TheStar","StrikeDummy","Sundial","Medical Kit","Turnip","Cursed Key"],"acts_visited":["Exordium","TheCity"],"potions_floor_usage":[14,21],"damage_taken":[{"damage":0,"enemies":"2 Louse","floor":1,"turns":3},{"damage":0,"enemies":"Cultist","floor":3,"turns":3},{"damage":0,"enemies":"Small Slimes","floor":5,"turns":3},{"damage":0,"enemies":"Lagavulin","floor":7,"turns":6},{"damage":6,"enemies":"Exordium Wildlife","floor":10,"turns":6},{"damage":0,"enemies":"Looter","floor":12,"turns":3},{"damage":0,"enemies":"3 Sentries","floor":14,"turns":6},{"damage":6,"enemies":"The Guardian","floor":16,"turns":8},{"damage":1,"enemies":"2 Thieves","floor":18,"turns":4},{"damage":0,"enemies":"Spheric Guardian","floor":19,"turns":4},{"damage":38,"enemies":"Masked Bandits","floor":21,"turns":5}],"seed_played":"1148759201996731398","potions_obtained":[{"floor":3,"key":"PowerPotion"},{"floor":12,"key":"Block Potion"},{"floor":14,"key":"SpeedPotion"},{"floor":18,"key":"LiquidBronze"}],"is_trial":false,"path_per_floor":["M","?","M","?","M","R","E","$","T","M","R","M","R","E","R","B",null,"M","M","$","?"],"character_chosen":"Hololive_HololiveCharacter","items_purchased":["Medical Kit","Hololive_Breathe","Apotheosis"],"campfire_rested":0,"item_purchase_floors":[8,8,20],"current_hp_per_floor":[35,23,23,23,23,23,23,23,23,17,17,17,17,17,17,11,35,34,34,34,0,0],"gold":107,"neow_bonus":"ONE_RANDOM_RARE_CARD","is_daily":false,"chose_seed":false,"campfire_upgraded":4,"win_rate":0.0,"timestamp":1610373262,"path_taken":["M","?","M","?","M","R","E","$","T","?","R","M","R","E","R","BOSS","M","M","$","?"],"items_purchased_type":["Relic","Card","Card"],"build_version":"2020-12-22","purchased_purges":1,"victory":false,"max_hp_per_floor":[35,35,35,35,35,35,35,35,35,35,35,35,35,35,35,35,35,35,35,35,35,35],"card_choices":[{"not_picked":["Hololive_Sequa","Hololive_Trident","Hololive_Rebound"],"picked":"Hololive_CallAyundaRisu","floor":1},{"not_picked":["Hololive_Drill","Hololive_FlyingPonyTail","Hololive_Rebound"],"picked":"Hololive_CallTokinoSora","floor":3},{"not_picked":["Hololive_HuntDinosaur","Hololive_CallOmaruPolka","Hololive_CallDoris"],"picked":"Hololive_CallFriendA","floor":5},{"not_picked":["Hololive_Teleport","Hololive_Trident","Hololive_LuckPotion"],"picked":"Hololive_WolfAndLamb","floor":7},{"not_picked":["Hololive_LuckPotion","Hololive_CallInugamiKorone","Hololive_CallYozoraMel"],"picked":"Hololive_CallHimemoriLuna","floor":10},{"not_picked":["Hololive_HuntDinosaur","Hololive_StrengthChampion","Hololive_Sequa"],"picked":"Hololive_CallCivia","floor":12},{"not_picked":["Hololive_Sequa","Hololive_CocoNews","Hololive_LuckPotion"],"picked":"Hololive_DurableLive","floor":14},{"not_picked":["Hololive_BeCareful","Hololive_HighAtkLowDef","Hololive_ASMR"],"picked":"Hololive_ScarfAndHalo","floor":16},{"not_picked":["Hololive_Sequa","Hololive_Rebound","Hololive_FlyingPonyTail+1"],"picked":"Hololive_StrengthChampion","floor":18},{"not_picked":["Hololive_StrengthChampion","Hololive_RevenueBasedLive","Hololive_CallAiraniIofifteen+1","Hololive_CallYukihanaLamy"],"picked":"SKIP","floor":19}],"player_experience":1064803,"relics_obtained":[{"floor":7,"key":"Sundial"},{"floor":14,"key":"Turnip"}],"event_choices":[{"damage_healed":0,"gold_gain":0,"player_choice":"Success","damage_taken":12,"relics_obtained":["StrikeDummy"],"max_hp_gain":0,"max_hp_loss":0,"event_name":"Scrap Ooze","floor":2,"gold_loss":0},{"damage_healed":0,"gold_gain":0,"player_choice":"Bought 0 Potions","damage_taken":0,"max_hp_gain":0,"max_hp_loss":0,"event_name":"The Woman in Blue","floor":4,"gold_loss":0},{"damage_healed":0,"gold_gain":0,"player_choice":"Fought Bandits","damage_taken":0,"max_hp_gain":0,"max_hp_loss":0,"event_name":"Masked Bandits","floor":21,"gold_loss":0}],"is_beta":false,"boss_relics":[{"not_picked":["Empty Cage","Fusion Hammer"],"picked":"Cursed Key"}],"items_purged_floors":[20],"is_endless":false,"potions_floor_spawned":[3,12,14,18],"killed_by":"Masked Bandits","ascension_level":2}}