{"host":"j4g6ia6asvpyu2b0","time":1610370388,"event":{"mods":["BaseMod","Colored Map","Minty Spire (QoL Compilation)","Permanent Neow","Quick Restart","Relic Stats","StSLib","Unceasing Turn Reminder"],"gold_per_floor":[111,123,136,211,226,226,238,267,267,267,301,301,320,348,348,443,443,457,484,499,499,499],"floor_reached":21,"playtime":982,"items_purged":[],"score":302,"play_id":"e16cdc19-1e20-4492-bac7-1845fcd95a0d","local_time":"20210111060628","is_ascension_mode":true,"campfire_choices":[{"data":"Glass Knife","floor":6.0,"key":"SMITH"},{"data":"Tools of the Trade","floor":12.0,"key":"SMITH"},{"data":"Tactician","floor":15.0,"key":"SMITH"}],"circlet_count":0,"master_deck":["AscendersBane","Strike_G","Strike_G","Strike_G","Strike_G","Strike_G","Defend_G","Defend_G","Defend_G","Defend_G","Defend_G","Survivor","Neutralize","Shame","Tools of the Trade+1","Poisoned Stab","Endless Agony","Quick Slash","Glass Knife+1","Backflip","Poisoned Stab","Caltrops","Catalyst","Tactician+1","Burst","Catalyst","Poisoned Stab","Cloak And Dagger"],"relics":["Ring of the Snake","Bottled Tornado","Singing Bowl","TungstenRod","Runic Pyramid","Red Mask"],"acts_visited":["Exordium","TheCity"],"potions_floor_usage":[19],"damage_taken":[{"damage":2.0,"enemies":"Jaw Worm","floor":1.0,"turns":5.0},{"damage":1.0,"enemies":"Small Slimes","floor":2.0,"turns":5.0},{"damage":0.0,"enemies":"2 Louse","floor":3.0,"turns":2.0},{"damage":8.0,"enemies":"Gremlin Gang","floor":5.0,"turns":7.0},{"damage":0.0,"enemies":"2 Fungi Beasts","floor":7.0,"turns":3.0},{"damage":10.0,"enemies":"3 Sentries","floor":8.0,"turns":7.0},{"damage":8.0,"enemies":"Gremlin Nob","floor":11.0,"turns":3.0},{"damage":0.0,"enemies":"Large Slime","floor":13.0,"turns":5.0},{"damage":25.0,"enemies":"Lagavulin","floor":14.0,"turns":8.0},{"damage":14.0,"enemies":"The Guardian","floor":16.0,"turns":12.0},{"damage":0,"enemies":"3 Byrds","floor":18,"turns":4},{"damage":46,"enemies":"Masked Bandits","floor":19,"turns":6},{"damage":8,"enemies":"2 Thieves","floor":20,"turns":4},{"damage":6,"enemies":"Snake Plant","floor":21,"turns":1}],"seed_played":"-1190748707724296641","potions_obtained":[{"floor":1.0,"key":"DistilledChaos"},{"floor":7.0,"key":"DistilledChaos"},{"floor":8.0,"key":"DistilledChaos"},{"floor":11.0,"key":"SkillPotion"},{"floor":13.0,"key":"Regen Potion"},{"floor":18,"key":"Strength Potion"}],"is_trial":false,"path_per_floor":["M","M","M","?","M","R","M","E","T","?","E","R","M","E","R","B",null,"M","?","M","M"],"character_chosen":"THE_SILENT","items_purchased":[],"campfire_rested":0,"item_purchase_floors":[],"current_hp_per_floor":[61,60,60,49,41,41,41,31,31,36,28,28,28,18,18,4,57,57,11,3,0,0],"gold":499,"neow_bonus":"THREE_RARE_CARDS","is_daily":false,"chose_seed":false,"campfire_upgraded":3,"win_rate":0.0,"timestamp":1610370388,"path_taken":["M","M","M","?","M","R","M","E","T","?","E","R","M","E","R","BOSS","M","?","M","M"],"items_purchased_type":[],"build_version":"2020-12-22","purchased_purges":0,"victory":false,"max_hp_per_floor":[70,70,70,70,70,70,70,70,70,75,75,75,75,75,75,75,75,75,75,75,75,75],"relic_stats":{"Singing Bowl":0,"counters":[14,72],"obtain_stats":[{"Singing Bowl":11,"Red Mask":19,"Bottled Tornado":8,"TungstenRod":14,"Ring of the Snake":0,"Runic Pyramid":17},{"Singing Bowl":7,"Red Mask":12,"Bottled Tornado":6,"TungstenRod":9,"Ring of the Snake":0,"Runic Pyramid":10},{"Singing Bowl":32,"Red Mask":67,"Bottled Tornado":29,"TungstenRod":45,"Ring of the Snake":0,"Runic Pyramid":57}],"TungstenRod":22,"Ring of the Snake":[29]},"card_choices":[{"not_picked":["Adrenaline","Storm of Steel"],"picked":"Tools of the Trade","floor":0.0},{"not_picked":["Underhanded Strike","Outmaneuver"],"picked":"Poisoned Stab","floor":1.0},{"not_picked":["Expertise","Bane"],"picked":"Endless Agony","floor":2.0},{"not_picked":["PiercingWail","Bane"],"picked":"Quick Slash","floor":3.0},{"not_picked":["Poisoned Stab","Outmaneuver"],"picked":"Glass Knife","floor":5.0},{"not_picked":["Bane","Sucker Punch"],"picked":"Backflip","floor":7.0},{"not_picked":["Sucker Punch","Cloak And Dagger"],"picked":"Poisoned Stab","floor":8.0},{"not_picked":["Concentrate","Unload"],"picked":"Caltrops","floor":11.0},{"not_picked":["Poisoned Stab","Backstab"],"picked":"Catalyst","floor":13.0},{"not_picked":["Caltrops","PiercingWail"],"picked":"Tactician","floor":14.0},{"not_picked":["Storm of Steel","Bullet Time"],"picked":"Burst","floor":16.0},{"not_picked":["Slice","Dagger Spray"],"picked":"Catalyst","floor":18},{"not_picked":["Bane","Concentrate"],"picked":"Poisoned Stab","floor":19},{"not_picked":["Poisoned Stab","Burst"],"picked":"Cloak And Dagger","floor":20}],"player_experience":803777,"relics_obtained":[{"floor":8.0,"key":"Bottled Tornado"},{"floor":11.0,"key":"Singing Bowl"},{"floor":14.0,"key":"TungstenRod"},{"floor":19,"key":"Red Mask"}],"event_choices":[{"damage_healed":0.0,"max_hp_gain":0.0,"max_hp_loss":0.0,"gold_gain":75.0,"event_name":"World of Goop","player_choice":"Gather Gold","floor":4.0,"gold_loss":0.0,"damage_taken":11.0},{"damage_healed":0.0,"max_hp_gain":5.0,"max_hp_loss":0.0,"gold_gain":0.0,"event_name":"Big Fish","player_choice":"Donut","floor":10.0,"gold_loss":0.0,"damage_taken":0.0},{"damage_healed":0,"gold_gain":0,"player_choice":"Fought Bandits","damage_taken":0,"max_hp_gain":0,"max_hp_loss":0,"event_name":"Masked Bandits","floor":19,"gold_loss":0}],"is_beta":false,"boss_relics":[{"not_picked":["Ring of the Serpent","SlaversCollar"],"picked":"Runic Pyramid"}],"items_purged_floors":[],"is_endless":false,"potions_floor_spawned":[1,7,8,11,13,18],"killed_by":"Snake Plant","ascension_level":10}}