{"host":"i41n6wh529970c2c","time":1610336388,"event":{"mods":["Act Like it!","BaseMod","BetterRewards","Gold Saver","Hermit","Marisa????????","Minty Spire (QoL Compilation)","Replay The Spire","Shop Mod","StSLib"],"gold_per_floor":[142,161,137,166,196,196,256,296,296,307,307,346,521,565,565,682,682,697,741,420,450,450,450,483,536,561,636,668,668,722,741,741,755,755],"floor_reached":33,"playtime":18857,"items_purged":["Strike_MRS","Doubt"],"score":322,"play_id":"9c819cd0-2fc7-4b78-b9dd-6c6bb5cd813e","local_time":"20210110223948","is_ascension_mode":false,"campfire_choices":[{"data":"PulseMagic","floor":6.0,"key":"SMITH"},{"floor":11.0,"key":"REST"},{"data":"MilkyWay","floor":15.0,"key":"SMITH"},{"data":"AbsoluteMagnitude","floor":23,"key":"SMITH"},{"data":"DeepEcoloBomb","floor":29,"key":"SMITH"},{"data":"MillisecondPulsars","floor":32,"key":"SMITH"}],"circlet_count":0,"master_deck":["Strike_MRS","Strike_MRS","Defend_MRS","Defend_MRS","Defend_MRS","Defend_MRS","MasterSpark","WitchOfGreed","Robbery","FairyDestructionRay","MilkyWay+1","DoubleSpark","MagicAbsorber","PulseMagic+1","UnstableBomb","OortCloud","GrandCross","Parasite","Parasite","DeepEcoloBomb+1","MachineGunSpark","CasketOfStar","PowerUp+1","ReplayTheSpireMod:Splinters","GalacticHalo","EarthLightRay","EnergyFlow","AbsoluteMagnitude+1","Writhe","EventHorizon","GalacticHalo","6A","MillisecondPulsars+1"],"relics":["MiniHakkero","Replay:Bottled Steam","Counterbalance","PreservedInsect","ReplayTheSpireMod:Shallot","ShroomBag","CaptainsWheel","Philosopher\u0027s Stone","Replay:Bottled Snecko","Ornamental Fan","Ancient Tea Set","Happy Flower","Pear","Juzu Bracelet"],"acts_visited":["Exordium","TheCity"],"potions_floor_usage":[21,24,28,30,33,33],"damage_taken":[{"damage":2.0,"enemies":"2 Louse","floor":1.0,"turns":4.0},{"damage":1.0,"enemies":"Jaw Worm","floor":2.0,"turns":3.0},{"damage":0.0,"enemies":"Small Slimes","floor":4.0,"turns":3.0},{"damage":3.0,"enemies":"Exordium Thugs","floor":5.0,"turns":5.0},{"damage":16.0,"enemies":"Lagavulin","floor":7.0,"turns":7.0},{"damage":2.0,"enemies":"2 Fungi Beasts","floor":8.0,"turns":4.0},{"damage":0.0,"enemies":"Lots of Slimes","floor":10.0,"turns":3.0},{"damage":4.0,"enemies":"The Mushroom Lair","floor":12.0,"turns":3.0},{"damage":7.0,"enemies":"3 Sentries","floor":14.0,"turns":3.0},{"damage":4,"enemies":"Slime Boss","floor":16,"turns":8},{"damage":2,"enemies":"Spheric Guardian","floor":18,"turns":4},{"damage":4,"enemies":"Shell Parasite","floor":21,"turns":4},{"damage":24,"enemies":"Replay:Snechameleon","floor":24,"turns":8},{"damage":20,"enemies":"Snake Plant","floor":25,"turns":6},{"damage":22,"enemies":"Book of Stabbing","floor":28,"turns":3},{"damage":8,"enemies":"3 Cultists","floor":30,"turns":5},{"damage":13,"enemies":"Centurion and Healer","floor":31,"turns":5},{"damage":48,"enemies":"Automaton","floor":33,"turns":6}],"seed_played":"-1816898969427719449","potions_obtained":[{"floor":1.0,"key":"Fire Potion"},{"floor":1.0,"key":"SpeedPotion"},{"floor":2.0,"key":"ColorlessPotion"},{"floor":7.0,"key":"Elixir"},{"floor":8.0,"key":"SpeedPotion"},{"floor":8.0,"key":"SpeedPotion"},{"floor":14.0,"key":"ColorlessPotion"},{"floor":16,"key":"PowerPotion"},{"floor":24,"key":"Milkshake"},{"floor":25,"key":"Reflective Coating"},{"floor":30,"key":"Languid Potion"}],"is_trial":false,"path_per_floor":["M","M","$","M","M","R","E","M","T","M","R","?","?","E","R","B",null,"M","?","$","M","?","R","E","M","T","T","E","R","M","M","R","B"],"character_chosen":"MARISA","items_purchased":["Robbery","DoubleSpark","EnergyFlow","AbsoluteMagnitude"],"campfire_rested":1,"item_purchase_floors":[0,3,20,20],"current_hp_per_floor":[38,37,37,37,34,34,18,16,16,16,38,34,34,27,27,27,75,73,73,73,73,73,73,57,45,45,55,37,37,33,24,24,0,0],"gold":755,"neow_bonus":"","is_daily":false,"chose_seed":false,"campfire_upgraded":5,"win_rate":0.0,"timestamp":1610336388,"path_taken":["M","M","$","M","M","R","E","M","T","M","R","?","?","E","R","BOSS","M","?","?","M","?","R","E","?","T","?","E","R","M","M","R","BOSS"],"items_purchased_type":["Card","Card","Card","Card"],"build_version":"2020-12-22","purchased_purges":2,"victory":false,"max_hp_per_floor":[75,75,75,75,75,75,75,75,75,75,75,75,75,75,75,75,75,75,75,75,75,75,75,75,75,75,85,85,85,85,85,85,85,85],"card_choices":[{"not_picked":["OpenUniverse","DoubleSpark"],"picked":"FairyDestructionRay","floor":1.0},{"not_picked":["GravityBeat","ShootingEcho"],"picked":"MilkyWay","floor":2.0},{"not_picked":["StarlightTyphoon","ChargeUpSpray"],"picked":"MagicAbsorber","floor":4.0},{"not_picked":["FairyDestructionRay","DoubleSpark"],"picked":"PulseMagic","floor":5.0},{"not_picked":["ChargeUpSpray","DC"],"picked":"UnstableBomb","floor":7.0},{"not_picked":["WitchOfGreed","Acceleration"],"picked":"OortCloud","floor":8.0},{"not_picked":["Occultation","BlazeAway"],"picked":"GrandCross","floor":10.0},{"not_picked":["SprinkleStarSeal","IllusionStar"],"picked":"DeepEcoloBomb","floor":12.0},{"not_picked":["Occultation","UnstableBomb"],"picked":"MachineGunSpark","floor":14.0},{"not_picked":["AbsoluteMagnitude","ManaRampage"],"picked":"CasketOfStar","floor":16},{"not_picked":["6A","FairyDestructionRay+1"],"picked":"PowerUp+1","floor":18},{"not_picked":["StarlightTyphoon+1","EnergyRecoil+1"],"picked":"GalacticHalo","floor":19},{"not_picked":["NonDirectionalLaser","FairyDestructionRay"],"picked":"EarthLightRay","floor":19},{"not_picked":["IllusionStar","EnergyRecoil","FairyDestructionRay"],"picked":"SKIP","floor":21},{"not_picked":["PulseMagic","Acceleration"],"picked":"EventHorizon","floor":24},{"not_picked":["PowerUp","Robbery","IllusionStar"],"picked":"SKIP","floor":25},{"not_picked":["PowerUp+1","OneTimeOff"],"picked":"GalacticHalo","floor":28},{"not_picked":["Acceleration","MilkyWay"],"picked":"6A","floor":30},{"not_picked":["IllusionStar","MagicChant"],"picked":"MillisecondPulsars","floor":31}],"player_experience":870345,"relics_obtained":[{"floor":7.0,"key":"PreservedInsect"},{"floor":9.0,"key":"ReplayTheSpireMod:Shallot"},{"floor":12.0,"key":"ShroomBag"},{"floor":14.0,"key":"CaptainsWheel"},{"floor":19,"key":"Replay:Bottled Snecko"},{"floor":24,"key":"Ancient Tea Set"},{"floor":26,"key":"Happy Flower"},{"floor":27,"key":"Pear"},{"floor":28,"key":"Juzu Bracelet"}],"event_choices":[{"damage_healed":0.0,"max_hp_gain":0.0,"max_hp_loss":0.0,"gold_gain":0.0,"event_name":"Mushrooms_MRS","player_choice":"Fought Mushrooms","floor":12.0,"gold_loss":0.0,"damage_taken":0.0},{"damage_healed":0.0,"max_hp_gain":0.0,"max_hp_loss":0.0,"gold_gain":175.0,"event_name":"Liars Game","player_choice":"AGREE","floor":13.0,"gold_loss":0.0,"damage_taken":0.0,"cards_obtained":["Doubt"]},{"damage_healed":0,"gold_gain":0,"player_choice":"Opened","damage_taken":0,"relics_obtained":["Ornamental Fan"],"max_hp_gain":0,"max_hp_loss":0,"event_name":"The Mausoleum","floor":22,"gold_loss":0,"cards_obtained":["Writhe"]}],"is_beta":false,"boss_relics":[{"not_picked":["Cursed Key","ExperimentalFamiliar"],"picked":"Philosopher\u0027s Stone"}],"items_purged_floors":[0,20],"is_endless":false,"potions_floor_spawned":[1,2,8,14,16,18,24,25],"killed_by":"Automaton","ascension_level":0}}