{"host":"g3bty4prdobmknyh","time":1610343280,"event":{"mods":["Act Like it!","Aspiration","BaseMod","Hermit","Minty Spire (QoL Compilation)","Pale of the Ancients","Replay The Spire","StSLib","The Blackbeard","The Hierophant","The Jungle"],"gold_per_floor":[134,209,209,244,244,274,274,274,324,354,54,54,69,84,84,209,209,249,264,264,193,212,227,242,242,242],"floor_reached":25,"playtime":1037,"items_purged":[],"score":211,"play_id":"78902dbe-9f67-4628-bd83-eeb3d858a0c4","local_time":"20210111003440","daily_mods":["Allstar","Colorless Cards","Lethality"],"is_ascension_mode":false,"campfire_choices":[{"data":"HandOfGreed","floor":7,"key":"SMITH"},{"floor":12,"key":"REST"},{"data":"Panacea","floor":15,"key":"SMITH"}],"circlet_count":0,"master_deck":["Strike_G","Strike_G","Strike_G","Strike_G+1","Strike_G","Defend_G","Defend_G","Defend_G","Defend_G","Defend_G","Survivor","Neutralize","Sadistic Nature","Panacea+1","Thinking Ahead","Good Instincts","HandOfGreed+1","Choke","Well Laid Plans","All Out Attack","Good Instincts","Poisoned Strike","Deep Breath+1","Slice","Finisher","Sneak Up","Dagger Spray","PiercingWail","Endless Agony+1"],"relics":["Ring of the Snake","Omamori","aspiration:Lifesprig","MealTicket","FossilizedHelix","Gremlin Food","Sling","SacredBark","Red Mask"],"acts_visited":["Exordium","TheCity"],"potions_floor_usage":[16,16,22,23],"damage_taken":[{"damage":0,"enemies":"Jaw Worm","floor":1,"turns":2},{"damage":5,"enemies":"2 Louse","floor":4,"turns":2},{"damage":6,"enemies":"Gremlin Nob","floor":6,"turns":3},{"damage":19,"enemies":"Replay:BlueRogue","floor":10,"turns":4},{"damage":0,"enemies":"Small Slimes","floor":13,"turns":2},{"damage":0,"enemies":"Red Slaver","floor":14,"turns":3},{"damage":42,"enemies":"Hexaghost","floor":16,"turns":9},{"damage":18,"enemies":"Spheric Guardian","floor":18,"turns":4},{"damage":0,"enemies":"Chosen","floor":19,"turns":4},{"damage":0,"enemies":"Masked Bandits","floor":22,"turns":3},{"damage":30,"enemies":"Snake Plant","floor":23,"turns":4},{"damage":28,"enemies":"Chosen and Byrds","floor":24,"turns":5},{"damage":9,"enemies":"Shelled Parasite and Fungi","floor":25,"turns":2}],"seed_played":"2608465768335268498","potions_obtained":[{"floor":4,"key":"LiquidBronze"},{"floor":8,"key":"EssenceOfSteel"},{"floor":8,"key":"DuplicationPotion"},{"floor":18,"key":"Explosive Potion"}],"is_trial":false,"path_per_floor":["M","?","?","M","?","E","R","?","T","E","$","R","M","M","R","B",null,"M","M","?","$","?","M","M","M"],"character_chosen":"THE_SILENT","items_purchased":["Gremlin Food","Sling","Sneak Up"],"campfire_rested":1,"item_purchase_floors":[11,11,21],"current_hp_per_floor":[70,59,47,42,65,59,59,59,59,40,55,70,70,70,70,28,70,52,52,52,67,67,37,9,0,0],"gold":242,"neow_bonus":"","is_daily":true,"chose_seed":false,"campfire_upgraded":2,"win_rate":0.0,"timestamp":1610343280,"path_taken":["M","?","?","M","?","E","R","?","T","E","$","R","M","?","R","BOSS","M","M","?","$","?","M","M","M"],"items_purchased_type":["Relic","Relic","Card"],"build_version":"2020-12-22","purchased_purges":0,"victory":false,"max_hp_per_floor":[70,70,70,70,70,70,70,70,70,70,70,70,70,70,70,70,70,70,70,70,70,70,70,70,70,70],"card_choices":[{"not_picked":["Deadly Poison","Blade Dance","Dodge and Roll"],"picked":"SKIP","floor":1},{"not_picked":["Blade Dance","Acrobatics"],"picked":"Choke","floor":4},{"not_picked":["Dagger Spray","Poisoned Stab"],"picked":"Well Laid Plans","floor":6},{"not_picked":["Deflect","Hidden Blade"],"picked":"All Out Attack","floor":10},{"not_picked":["Quick Slash","Concentrate"],"picked":"Good Instincts","floor":13},{"not_picked":["Sucker Punch","Blade Dance","Crippling Poison"],"picked":"SKIP","floor":14},{"not_picked":["Thinking Ahead","Night Terror"],"picked":"Poisoned Strike","floor":16},{"not_picked":["Cloak And Dagger","Flying Knee"],"picked":"Deep Breath+1","floor":18},{"not_picked":["Poisoned Stab","Hidden Blade"],"picked":"Slice","floor":19},{"not_picked":["Deflect","Dagger Throw+1"],"picked":"Dagger Spray","floor":22},{"not_picked":["Bane","Hidden Blade"],"picked":"PiercingWail","floor":23},{"not_picked":["Cloak And Dagger","Dagger Throw"],"picked":"Endless Agony+1","floor":24}],"player_experience":946897,"relics_obtained":[{"floor":6,"key":"aspiration:Lifesprig"},{"floor":9,"key":"MealTicket"},{"floor":10,"key":"FossilizedHelix"},{"floor":22,"key":"Red Mask"}],"event_choices":[{"damage_healed":0,"gold_gain":75,"player_choice":"Gather Gold","damage_taken":11,"max_hp_gain":0,"max_hp_loss":0,"event_name":"World of Goop","floor":2,"gold_loss":0},{"damage_healed":0,"gold_gain":0,"player_choice":"Success","damage_taken":12,"relics_obtained":["Omamori"],"max_hp_gain":0,"max_hp_loss":0,"event_name":"Scrap Ooze","floor":3,"gold_loss":0},{"damage_healed":23,"gold_gain":0,"player_choice":"Banana","damage_taken":0,"max_hp_gain":0,"max_hp_loss":0,"event_name":"Big Fish","floor":5,"gold_loss":0},{"damage_healed":0,"gold_gain":0,"player_choice":"Got Potions","damage_taken":0,"max_hp_gain":0,"max_hp_loss":0,"event_name":"Lab","floor":8,"gold_loss":0},{"damage_healed":0,"gold_gain":0,"player_choice":"Read","damage_taken":0,"max_hp_gain":0,"max_hp_loss":0,"event_name":"The Library","floor":20,"gold_loss":0,"cards_obtained":["Finisher"]},{"damage_healed":0,"gold_gain":0,"player_choice":"Fought Bandits","damage_taken":0,"max_hp_gain":0,"max_hp_loss":0,"event_name":"Masked Bandits","floor":22,"gold_loss":0}],"is_beta":false,"boss_relics":[{"not_picked":["ChewingGum","Painkiller Herb"],"picked":"SacredBark"}],"items_purged_floors":[],"is_endless":false,"potions_floor_spawned":[4,10,13,18],"killed_by":"Shelled Parasite and Fungi","ascension_level":0}}