{"host":"khm4we1ijduz33xh","time":1610365463,"event":{"mods":["AchievementEnabler","BaseMod","Colored Map","Minty Spire (QoL Compilation)","Rare Cards Sparkle","StSLib","SuperFastMode"],"gold_per_floor":[119,137,151,166,166,192,192,225,225,254,254,279,54,64,64,166,166,186,29,49,49,66,66,66,66],"floor_reached":24,"playtime":961,"items_purged":["Strike_R"],"score":249,"play_id":"101792f6-d91a-45fb-beb6-44df129b5940","local_time":"20210111204423","is_ascension_mode":true,"campfire_choices":[{"data":"Bludgeon","floor":7.0,"key":"SMITH"},{"data":"Armaments","floor":11.0,"key":"SMITH"},{"data":"True Grit","floor":15.0,"key":"SMITH"},{"floor":23,"key":"REST"}],"circlet_count":0,"master_deck":["Strike_R","Strike_R","Strike_R","Defend_R","Defend_R","Defend_R","Defend_R","Bash","Pommel Strike","Infernal Blade","Bludgeon+1","Warcry","Armaments+1","True Grit+1","Reaper","Shrug It Off","Rage","Metallicize+1"],"relics":["Black Blood","NeowsBlessing","Ginger","Ornamental Fan","Bottled Flame","Mummified Hand","Darkstone Periapt","Dream Catcher"],"acts_visited":["Exordium","TheCity"],"potions_floor_usage":[24],"damage_taken":[{"damage":0.0,"enemies":"2 Louse","floor":1.0,"turns":1.0},{"damage":0.0,"enemies":"Jaw Worm","floor":2.0,"turns":1.0},{"damage":0.0,"enemies":"Small Slimes","floor":3.0,"turns":1.0},{"damage":21.0,"enemies":"Exordium Wildlife","floor":4.0,"turns":4.0},{"damage":10.0,"enemies":"Gremlin Nob","floor":6.0,"turns":3.0},{"damage":12.0,"enemies":"3 Sentries","floor":8.0,"turns":6.0},{"damage":39.0,"enemies":"Lagavulin","floor":10.0,"turns":6.0},{"damage":3.0,"enemies":"Gremlin Nob","floor":12.0,"turns":3.0},{"damage":10.0,"enemies":"Red Slaver","floor":14.0,"turns":4.0},{"damage":16.0,"enemies":"The Guardian","floor":16.0,"turns":15.0},{"damage":2.0,"enemies":"Chosen","floor":18.0,"turns":4.0},{"damage":17.0,"enemies":"Spheric Guardian","floor":20.0,"turns":6.0},{"damage":38,"enemies":"3 Cultists","floor":22,"turns":7},{"damage":86,"enemies":"Book of Stabbing","floor":24,"turns":8}],"seed_played":"1696595302438104081","potions_obtained":[{"floor":3.0,"key":"Strength Potion"},{"floor":6.0,"key":"GamblersBrew"},{"floor":10.0,"key":"Fire Potion"},{"floor":12.0,"key":"Explosive Potion"},{"floor":16.0,"key":"Block Potion"},{"floor":22,"key":"CultistPotion"}],"is_trial":false,"path_per_floor":["M","M","M","M","?","E","R","E","T","E","R","E","$","M","R","B",null,"M","$","M","?","M","R","E"],"character_chosen":"IRONCLAD","items_purchased":["Reaper","Dream Catcher"],"campfire_rested":1,"item_purchase_floors":[13,19],"current_hp_per_floor":[80,80,80,65,65,61,61,55,55,22,22,25,25,21,21,11,80,80,80,75,75,54,78,0,0],"gold":66,"neow_bonus":"THREE_ENEMY_KILL","is_daily":false,"chose_seed":false,"campfire_upgraded":3,"win_rate":0.0,"timestamp":1610365463,"path_taken":["M","M","M","M","?","E","R","E","T","E","R","E","$","M","R","BOSS","M","$","M","?","M","R","E"],"items_purchased_type":["Card","Relic"],"build_version":"2020-12-22","purchased_purges":1,"victory":false,"max_hp_per_floor":[80,80,80,80,80,80,80,80,80,80,80,80,80,80,80,80,80,80,80,80,80,80,80,80,80],"card_choices":[{"not_picked":["Cleave","Havoc"],"picked":"Pommel Strike","floor":1.0},{"not_picked":["Headbutt","Pummel"],"picked":"Infernal Blade","floor":2.0},{"not_picked":["Havoc","Dropkick"],"picked":"Bludgeon","floor":3.0},{"not_picked":["Anger","Havoc","Body Slam"],"picked":"SKIP","floor":4.0},{"not_picked":["Anger","Iron Wave","Sword Boomerang"],"picked":"SKIP","floor":6.0},{"not_picked":["Sword Boomerang","Heavy Blade"],"picked":"Warcry","floor":8.0},{"not_picked":["Dual Wield","Shockwave"],"picked":"Armaments","floor":10.0},{"not_picked":["Rampage","Anger"],"picked":"True Grit","floor":12.0},{"not_picked":["Sentinel","Spot Weakness"],"picked":"Shrug It Off","floor":14.0},{"not_picked":["Clothesline","Hemokinesis"],"picked":"Rage","floor":18.0},{"not_picked":["Ghostly Armor","Combust"],"picked":"Metallicize+1","floor":20.0},{"not_picked":["Pummel","Sword Boomerang","Reckless Charge"],"picked":"SKIP","floor":22}],"player_experience":189314,"relics_obtained":[{"floor":6.0,"key":"Ginger"},{"floor":8.0,"key":"Ornamental Fan"},{"floor":9.0,"key":"Bottled Flame"},{"floor":10.0,"key":"Mummified Hand"},{"floor":12.0,"key":"Darkstone Periapt"}],"event_choices":[{"cards_removed":["Strike_R"],"damage_healed":0.0,"max_hp_gain":0.0,"max_hp_loss":0.0,"gold_gain":0.0,"event_name":"Living Wall","player_choice":"Forget","floor":5.0,"gold_loss":0.0,"damage_taken":0.0},{"damage_healed":0.0,"max_hp_gain":0.0,"max_hp_loss":0.0,"gold_gain":0.0,"event_name":"Ghosts","player_choice":"Ignored","floor":21.0,"gold_loss":0.0,"damage_taken":0.0}],"is_beta":false,"boss_relics":[{"not_picked":["Runic Cube","Black Star"],"picked":"Black Blood"}],"items_purged_floors":[13],"is_endless":false,"potions_floor_spawned":[3,6,10,12,16,22],"killed_by":"Book of Stabbing","ascension_level":2}}