{"host":"wj90f2q0h2omert0","time":1610402370,"event":{"mods":["BaseMod","Beaked The Cultist","Better Third Choice","ChefMod","Clawfect","Colored Map","DeckTracker","Downfall","Hubris","JesterMod","Minty Spire (QoL Compilation)","Quick Restart","Relic Stats","Robot Space Explorer","Shade Mod","StSLib","The Blackbeard","The Bug Knight","The Druid","The Hayseed","TheSwordswoman"],"gold_per_floor":[117,127,127,202,167,167,167,184,184,184,198,211,229,243,243,243,243],"floor_reached":16,"playtime":3501,"items_purged":[],"score":94,"play_id":"8e386a90-b6ff-49ae-a692-274899d68908","local_time":"20210111165930","is_ascension_mode":false,"campfire_choices":[{"data":"TheSimpletonMod:ReapAndSow","floor":6,"key":"SMITH"},{"floor":15,"key":"REST"}],"circlet_count":0,"master_deck":["TheSimpletonMod:Strike_TheSimpleton","TheSimpletonMod:Strike_TheSimpleton","TheSimpletonMod:Strike_TheSimpleton","TheSimpletonMod:Defend_TheSimpleton","TheSimpletonMod:Defend_TheSimpleton","TheSimpletonMod:Defend_TheSimpleton","TheSimpletonMod:Defend_TheSimpleton","TheSimpletonMod:Haymaker","TheSimpletonMod:ReapAndSow+1","TheSimpletonMod:OnionBloom+1","TheSimpletonMod:DoubleBarrel","TheSimpletonMod:Aerate","TheSimpletonMod:VineRipen","TheSimpletonMod:DoubleBarrel","TheSimpletonMod:SlashAndBurn"],"relics":["TheSimpletonMod:SpudOfTheInnocent","TheSimpletonMod:NightSoil","TheSimpletonMod:TheHarvester","NeowsBlessing","StrikeDummy","HollowMod:StagPassRelic"],"acts_visited":["Exordium"],"potions_floor_usage":[11,16],"damage_taken":[{"damage":0,"enemies":"2 Louse","floor":1,"turns":1},{"damage":0,"enemies":"Small Slimes","floor":2,"turns":1},{"damage":0,"enemies":"Cultist","floor":8,"turns":1},{"damage":5,"enemies":"Exordium Thugs","floor":11,"turns":4},{"damage":13,"enemies":"Red Slaver","floor":12,"turns":6},{"damage":11,"enemies":"Large Slime","floor":13,"turns":5},{"damage":8,"enemies":"Exordium Wildlife","floor":14,"turns":5},{"damage":72,"enemies":"Slime Boss","floor":16,"turns":10}],"seed_played":"-4300160490890700621","potions_obtained":[{"floor":2,"key":"SneckoOil"},{"floor":11,"key":"GamblersBrew"}],"is_trial":false,"path_per_floor":["M","M","?","?","?","R","?","M","T","?","M","M","M","M","R","B"],"character_chosen":"THE_SIMPLETON","items_purchased":[],"campfire_rested":1,"item_purchase_floors":[],"current_hp_per_floor":[75,75,68,57,75,75,75,75,75,75,70,61,54,46,68,0,0],"gold":243,"neow_bonus":"THREE_ENEMY_KILL","is_daily":false,"chose_seed":false,"campfire_upgraded":1,"win_rate":0.0,"timestamp":1610402370,"path_taken":["M","M","?","?","?","R","?","M","T","?","M","?","M","M","R","BOSS"],"items_purchased_type":[],"build_version":"2020-12-22","purchased_purges":0,"victory":false,"max_hp_per_floor":[75,75,75,75,75,75,75,75,75,75,75,75,75,75,75,75,75],"relic_stats":{"counters":[8,33],"obtain_stats":[{"TheSimpletonMod:TheHarvester":0,"NeowsBlessing":0,"TheSimpletonMod:SpudOfTheInnocent":0,"TheSimpletonMod:NightSoil":0,"StrikeDummy":7,"HollowMod:StagPassRelic":9},{"TheSimpletonMod:TheHarvester":0,"NeowsBlessing":0,"TheSimpletonMod:SpudOfTheInnocent":0,"TheSimpletonMod:NightSoil":0,"StrikeDummy":2,"HollowMod:StagPassRelic":3},{"TheSimpletonMod:TheHarvester":0,"NeowsBlessing":0,"TheSimpletonMod:SpudOfTheInnocent":0,"TheSimpletonMod:NightSoil":0,"StrikeDummy":2,"HollowMod:StagPassRelic":3}]},"card_choices":[{"not_picked":["TheSimpletonMod:Ferment","TheSimpletonMod:ToughenUp"],"picked":"TheSimpletonMod:OnionBloom","floor":1},{"not_picked":["TheSimpletonMod:SpiceUp","TheSimpletonMod:SaladShooter"],"picked":"TheSimpletonMod:DoubleBarrel","floor":2},{"not_picked":["TheSimpletonMod:ControlledBurn","TheSimpletonMod:Ferment"],"picked":"TheSimpletonMod:Aerate","floor":8},{"not_picked":["TheSimpletonMod:DigIn","TheSimpletonMod:Pruning"],"picked":"TheSimpletonMod:VineRipen","floor":11},{"not_picked":["TheSimpletonMod:Rototilling","TheSimpletonMod:ToughenUp","TheSimpletonMod:SeedCoat"],"picked":"SKIP","floor":12},{"not_picked":["TheSimpletonMod:Rototilling","TheSimpletonMod:CullingStrike"],"picked":"TheSimpletonMod:DoubleBarrel","floor":13},{"not_picked":["TheSimpletonMod:PestManagement","TheSimpletonMod:DigIn"],"picked":"TheSimpletonMod:SlashAndBurn","floor":14}],"player_experience":727321,"relics_obtained":[{"floor":9,"key":"HollowMod:StagPassRelic"}],"event_choices":[{"damage_healed":0,"gold_gain":75,"player_choice":"Gold","damage_taken":11,"max_hp_gain":0,"max_hp_loss":0,"event_name":"betterThird:BetterGoop","floor":4,"gold_loss":0},{"damage_healed":18,"gold_gain":0,"player_choice":"Healed","damage_taken":0,"max_hp_gain":0,"max_hp_loss":0,"event_name":"The Cleric","floor":5,"gold_loss":35},{"damage_healed":0,"gold_gain":0,"player_choice":"Box","damage_taken":0,"relics_obtained":["StrikeDummy"],"max_hp_gain":0,"max_hp_loss":0,"event_name":"Big Fish","floor":7,"gold_loss":0,"cards_obtained":["Regret"]},{"cards_removed":["Regret"],"damage_healed":0,"gold_gain":0,"player_choice":"Removed Curses","damage_taken":0,"max_hp_gain":0,"max_hp_loss":0,"event_name":"Fountain of Cleansing","floor":10,"gold_loss":0}],"is_beta":false,"boss_relics":[],"items_purged_floors":[],"is_endless":false,"potions_floor_spawned":[2,11],"killed_by":"Slime Boss","ascension_level":0}}