{"host":"l97fnvmr74b5xfzs","time":1610402642,"event":{"mods":["AchievementEnabler","BaseMod","Better Third Choice","Downfall","Evolution","Hermit","Koishi","Marisa（霧雨　魔理沙）","Minty Spire (QoL Compilation)","Relic Stats","StSLib","The Alterego","The Marked"],"gold_per_floor":[120,26,26,26,26,57,57,57,81,81,6,21,21,31,31,133,133,133,133,145,145,145],"floor_reached":21,"playtime":1286,"items_purged":["alterego_mod:Defend"],"score":200,"play_id":"c4a1eb9c-6fca-4401-a3ec-382f82037550","local_time":"20210111170402","is_ascension_mode":false,"campfire_choices":[{"data":"alterego_mod:GoddessCore","floor":7,"key":"SMITH"},{"data":"alterego_mod:Undulate","floor":10,"key":"SMITH"},{"data":"alterego_mod:Cooking","floor":13,"key":"SMITH"},{"data":"alterego_mod:BrynhildrsRune","floor":15,"key":"SMITH"}],"circlet_count":0,"master_deck":["alterego_mod:Strike","alterego_mod:Strike","alterego_mod:Strike","alterego_mod:Defend","alterego_mod:Defend+1","alterego_mod:Impale","alterego_mod:BigMeatyClaws","alterego_mod:BrynhildrsRune+1","alterego_mod:Valentines+1","alterego_mod:Nekomimi","alterego_mod:Undulate+1","alterego_mod:GoddessCore+1","alterego_mod:Cooking+1","alterego_mod:Undulate+1","alterego_mod:STier","alterego_mod:PresenceConcealment"],"relics":["alterego_mod:MasochisticConstitution","EVO:Axolotl","NeowsBlessing","White Beast Statue","MealTicket","SacredBark"],"acts_visited":["Exordium","TheCity"],"potions_floor_usage":[16,16,16,18],"damage_taken":[{"damage":0,"enemies":"2 Louse","floor":1,"turns":1},{"damage":0,"enemies":"Gremlin Nob","floor":6,"turns":1},{"damage":0,"enemies":"Jaw Worm","floor":12,"turns":1},{"damage":4,"enemies":"Cultist","floor":14,"turns":5},{"damage":40,"enemies":"Slime Boss","floor":16,"turns":12},{"damage":0,"enemies":"2 Thieves","floor":18,"turns":1},{"damage":27,"enemies":"Shell Parasite","floor":20,"turns":12},{"damage":22,"enemies":"Snake Plant","floor":21,"turns":5}],"seed_played":"-7721700450883671490","potions_obtained":[{"floor":1,"key":"Weak Potion"},{"floor":6,"key":"FearPotion"},{"floor":12,"key":"sneckomod:MuddlingPotion"},{"floor":14,"key":"Fire Potion"},{"floor":16,"key":"SmokeBomb"},{"floor":20,"key":"Dexterity Potion"}],"is_trial":false,"path_per_floor":["M","$","?","?","?","E","R","$","T","R","$","M","R","M","R","B",null,"M","?","M","M"],"character_chosen":"The_Alterego","items_purchased":["alterego_mod:Nekomimi","alterego_mod:Undulate"],"campfire_rested":0,"item_purchase_floors":[2,2],"current_hp_per_floor":[70,70,70,63,49,49,49,49,49,49,64,70,70,71,71,39,72,72,72,53,35,35],"gold":145,"neow_bonus":"THREE_ENEMY_KILL","is_daily":false,"chose_seed":false,"campfire_upgraded":4,"win_rate":0.0,"timestamp":1610402642,"path_taken":["M","$","?","?","?","E","R","?","T","R","$","M","R","?","R","BOSS","M","?","M","M"],"items_purchased_type":["Card","Card"],"build_version":"2020-12-22","purchased_purges":1,"victory":false,"max_hp_per_floor":[70,70,70,70,70,70,70,70,70,70,70,70,70,71,71,72,72,72,72,73,73,73],"relic_stats":{"counters":[8,38],"MealTicket":15,"obtain_stats":[{"alterego_mod:MasochisticConstitution":0,"NeowsBlessing":0,"SacredBark":17,"MealTicket":9,"EVO:Axolotl":0,"White Beast Statue":6},{"alterego_mod:MasochisticConstitution":0,"NeowsBlessing":0,"SacredBark":5,"MealTicket":2,"EVO:Axolotl":0,"White Beast Statue":2},{"alterego_mod:MasochisticConstitution":0,"NeowsBlessing":0,"SacredBark":20,"MealTicket":2,"EVO:Axolotl":0,"White Beast Statue":2}]},"card_choices":[{"not_picked":["alterego_mod:DiscoLights","alterego_mod:Clap"],"picked":"alterego_mod:Valentines","floor":1},{"not_picked":["alterego_mod:HighServant","alterego_mod:InsideBaseball"],"picked":"alterego_mod:GoddessCore","floor":6},{"not_picked":["alterego_mod:Belle","alterego_mod:DustData"],"picked":"alterego_mod:Cooking","floor":12},{"not_picked":["alterego_mod:Bunnysuit","alterego_mod:Cooking"],"picked":"alterego_mod:Undulate","floor":14},{"not_picked":["alterego_mod:TrickOrTreatment","alterego_mod:GIGAMILK"],"picked":"alterego_mod:STier","floor":16},{"not_picked":["alterego_mod:HighServant","alterego_mod:Skirt","alterego_mod:Smother"],"picked":"SKIP","floor":20}],"player_experience":286846,"relics_obtained":[{"floor":6,"key":"White Beast Statue"},{"floor":9,"key":"MealTicket"}],"event_choices":[{"cards_removed":["alterego_mod:Defend"],"damage_healed":0,"gold_gain":0,"player_choice":"Forget","damage_taken":0,"max_hp_gain":0,"max_hp_loss":0,"event_name":"Living Wall","floor":3,"gold_loss":0},{"cards_removed":["alterego_mod:Strike"],"damage_healed":0,"gold_gain":0,"player_choice":"Card Removal","damage_taken":7,"max_hp_gain":0,"max_hp_loss":0,"event_name":"Golden Wing","floor":4,"gold_loss":0},{"damage_healed":63,"gold_gain":0,"player_choice":"Upgrade","damage_taken":14,"max_hp_gain":0,"max_hp_loss":70,"event_name":"betterThird:BetterShining","floor":5,"gold_loss":0,"cards_upgraded":["alterego_mod:Defend","alterego_mod:Valentines"]},{"damage_healed":0,"gold_gain":0,"player_choice":"Read","damage_taken":0,"max_hp_gain":0,"max_hp_loss":0,"event_name":"The Library","floor":19,"gold_loss":0,"cards_obtained":["alterego_mod:PresenceConcealment"]}],"is_beta":false,"boss_relics":[{"not_picked":["Sozu","Snecko Eye"],"picked":"SacredBark"}],"items_purged_floors":[11],"is_endless":false,"potions_floor_spawned":[1,6,12,14,16,18,20],"killed_by":"Snake Plant","ascension_level":0}}