{"host":"kqe6w2igxc79vo14","time":1610350872,"event":{"mods":["AchievementEnabler","BaseMod","Downfall","Minty Spire (QoL Compilation)","StSLib"],"gold_per_floor":[110,110,125,144,219,252,129,145,169,202,202,214,214,226,226,226,226],"floor_reached":16,"playtime":611,"items_purged":["Pain"],"score":168,"play_id":"7c27c797-1197-4475-a635-51374c833fd0","local_time":"20210111094112","is_ascension_mode":true,"campfire_choices":[{"floor":13,"key":"REST"},{"floor":15,"key":"REST"}],"circlet_count":0,"master_deck":["AscendersBane","Strike_P","Strike_P","Strike_P","Strike_P","Defend_P","Defend_P","Defend_P","Defend_P","Eruption","Vigilance+1","Protect+1","Wallop","BattleHymn","Evaluate","Evaluate","SandsOfTime"],"relics":["Runic Dome","WarpedTongs","War Paint","Orichalcum","Bronze Scales"],"acts_visited":[],"potions_floor_usage":[14],"damage_taken":[{"damage":8.0,"enemies":"2 Louse","floor":1.0,"turns":3.0},{"damage":4.0,"enemies":"Cultist","floor":3.0,"turns":4.0},{"damage":8.0,"enemies":"Jaw Worm","floor":4.0,"turns":5.0},{"damage":8.0,"enemies":"Lagavulin","floor":6.0,"turns":6.0},{"damage":10.0,"enemies":"2 Fungi Beasts","floor":8.0,"turns":4.0},{"damage":1.0,"enemies":"3 Sentries","floor":10.0,"turns":7.0},{"damage":2,"enemies":"Exordium Wildlife","floor":12,"turns":3},{"damage":19,"enemies":"Gremlin Gang","floor":14,"turns":3},{"damage":37,"enemies":"Hexaghost","floor":16,"turns":2}],"seed_played":"7342275376037417906","potions_obtained":[{"floor":1.0,"key":"DuplicationPotion"},{"floor":8.0,"key":"sneckomod:MuddlingPotion"},{"floor":10.0,"key":"Energy Potion"}],"is_trial":false,"path_per_floor":["M","?","M","M","?","E","$","M","T","E","?","M","R","M","R","B"],"character_chosen":"WATCHER","items_purchased":["Block Potion"],"campfire_rested":2,"item_purchase_floors":[7],"current_hp_per_floor":[57,57,53,45,34,26,26,16,16,15,15,13,34,15,36,0,0],"gold":226,"neow_bonus":"BOSS_RELIC","is_daily":false,"chose_seed":false,"campfire_upgraded":0,"win_rate":0.0,"timestamp":1610350872,"path_taken":["M","?","?","M","?","E","$","M","T","E","?","M","R","?","R","BOSS"],"items_purchased_type":["Potion"],"build_version":"2020-12-22","purchased_purges":1,"victory":false,"max_hp_per_floor":[72,72,72,72,72,72,72,72,72,72,72,72,72,72,72,72,72],"card_choices":[{"not_picked":["WindmillStrike","EmptyMind"],"picked":"Protect","floor":1.0},{"not_picked":["Consecrate","Swivel"],"picked":"Wallop","floor":3.0},{"not_picked":["Nirvana","Prostrate"],"picked":"BattleHymn","floor":4.0},{"not_picked":["InnerPeace","ThirdEye","Collect"],"picked":"SKIP","floor":6.0},{"not_picked":["Worship","ClearTheMind"],"picked":"Evaluate","floor":8.0},{"not_picked":["TalkToTheHand","FlyingSleeves"],"picked":"Evaluate","floor":10.0},{"not_picked":["Protect","BowlingBash"],"picked":"SandsOfTime","floor":12},{"not_picked":["Nirvana","LikeWater","Perseverance"],"picked":"SKIP","floor":14}],"player_experience":857781,"relics_obtained":[{"floor":6.0,"key":"War Paint"},{"floor":9.0,"key":"Orichalcum"},{"floor":10.0,"key":"Bronze Scales"}],"event_choices":[{"damage_healed":0.0,"max_hp_gain":0.0,"max_hp_loss":0.0,"gold_gain":0.0,"event_name":"Accursed Blacksmith","player_choice":"Rummage","floor":2.0,"gold_loss":0.0,"damage_taken":0.0,"relics_obtained":["WarpedTongs"],"cards_obtained":["Pain"]},{"damage_healed":0.0,"max_hp_gain":0.0,"max_hp_loss":0.0,"gold_gain":75.0,"event_name":"World of Goop","player_choice":"Gather Gold","floor":5.0,"gold_loss":0.0,"damage_taken":11.0},{"damage_healed":0,"gold_gain":0,"player_choice":"Searched \u00270\u0027 times","damage_taken":0,"max_hp_gain":0,"max_hp_loss":0,"event_name":"Dead Adventurer","floor":11,"gold_loss":0}],"is_beta":false,"boss_relics":[],"items_purged_floors":[7],"is_endless":false,"potions_floor_spawned":[1,8,10],"killed_by":"Hexaghost","ascension_level":10}}