{"host":"g01l53quoe6lrer0","time":1610382203,"event":{"mods":["2.2 Compatiblity","AchievementEnabler","BaseMod","Colored Map","Highlight Path","Keyboard Shortcuts","Minty Spire (QoL Compilation)","Permanent Neow","StSLib","SuperFastMode","everything is the same but u backflip on backflip"],"gold_per_floor":[119,137,147,197,208,239,251,251,303,323,349,349,376,376,376,472,472,488,255,255,225,235,235,235,235,260,278,298,223,223,234,234,234,234],"floor_reached":33,"playtime":7306,"items_purged":["Defend_B"],"score":401,"play_id":"f6017354-6a70-4bef-acee-af9b98736d6d","local_time":"20210112012323","is_ascension_mode":true,"campfire_choices":[{"data":"Zap","floor":8.0,"key":"SMITH"},{"data":"Fusion","floor":12.0,"key":"SMITH"},{"data":"Strike_B","floor":15.0,"key":"PURGE"},{"data":"Defragment","floor":23.0,"key":"SMITH"},{"data":"Madness","floor":25.0,"key":"SMITH"},{"data":"Reboot","floor":30,"key":"SMITH"},{"floor":32,"key":"REST"}],"circlet_count":0,"master_deck":["AscendersBane","Defend_B","Defend_B","Defend_B","Zap+1","Dualcast","Cold Snap","Chill","Hologram","Reboot+1","Auto Shields","Fusion+1","Coolheaded","Echo Form","Double Energy+1","Hologram+1","Chill+1","Consume+1","Defragment+1","Madness+1","BootSequence+1","Stack"],"relics":["Cracked Core","NeowsBlessing","Regal Pillow","Turnip","Ancient Tea Set","Peace Pipe","Pen Nib","Astrolabe","Art of War","Tiny Chest"],"acts_visited":["Exordium","TheCity"],"potions_floor_usage":[31,33,33],"damage_taken":[{"damage":0.0,"enemies":"Cultist","floor":1.0,"turns":1.0},{"damage":0.0,"enemies":"2 Louse","floor":2.0,"turns":1.0},{"damage":0.0,"enemies":"Jaw Worm","floor":3.0,"turns":1.0},{"damage":9.0,"enemies":"Blue Slaver","floor":5.0,"turns":3.0},{"damage":7.0,"enemies":"3 Sentries","floor":6.0,"turns":5.0},{"damage":9.0,"enemies":"2 Fungi Beasts","floor":7.0,"turns":6.0},{"damage":0.0,"enemies":"Exordium Wildlife","floor":10.0,"turns":3.0},{"damage":25.0,"enemies":"Lagavulin","floor":11.0,"turns":7.0},{"damage":22.0,"enemies":"Gremlin Nob","floor":13.0,"turns":4.0},{"damage":17.0,"enemies":"Hexaghost","floor":16.0,"turns":13.0},{"damage":9.0,"enemies":"Shell Parasite","floor":18.0,"turns":6.0},{"damage":10.0,"enemies":"3 Byrds","floor":22.0,"turns":7.0},{"damage":17.0,"enemies":"Snake Plant","floor":27.0,"turns":6.0},{"damage":0,"enemies":"Cultist and Chosen","floor":28,"turns":10},{"damage":4,"enemies":"Shelled Parasite and Fungi","floor":31,"turns":7},{"damage":68,"enemies":"Collector","floor":33,"turns":18}],"seed_played":"5412271019100842009","potions_obtained":[{"floor":1.0,"key":"FocusPotion"},{"floor":3.0,"key":"EssenceOfDarkness"},{"floor":6.0,"key":"Regen Potion"},{"floor":10.0,"key":"Explosive Potion"},{"floor":13.0,"key":"FocusPotion"},{"floor":18.0,"key":"Regen Potion"},{"floor":21.0,"key":"CultistPotion"},{"floor":21.0,"key":"DistilledChaos"},{"floor":27.0,"key":"FairyPotion"},{"floor":31,"key":"LiquidMemories"}],"is_trial":false,"path_per_floor":["M","M","M","T","M","E","M","R","T","M","E","R","E","?","R","B",null,"M","$","?","?","M","R","?","R","T","M","M","?","R","M","R","B"],"character_chosen":"DEFECT","items_purchased":["Defragment","Madness"],"campfire_rested":1,"item_purchase_floors":[19,19],"current_hp_per_floor":[68,68,68,68,59,52,58,58,58,58,33,33,11,36,36,19,61,52,52,52,52,42,42,42,42,42,39,39,39,39,35,72,4,4],"gold":234,"neow_bonus":"THREE_ENEMY_KILL","is_daily":false,"chose_seed":false,"campfire_upgraded":5,"win_rate":0.0,"timestamp":1610382203,"path_taken":["M","M","M","?","M","E","M","R","T","M","E","R","E","?","R","BOSS","M","$","?","?","?","R","?","R","T","M","M","?","R","M","R","BOSS"],"items_purchased_type":["Card","Card"],"build_version":"2020-12-22","purchased_purges":1,"victory":false,"max_hp_per_floor":[75,75,75,75,75,75,75,75,75,75,75,75,75,75,75,75,75,75,75,75,75,75,75,75,75,75,75,75,75,75,75,75,75,75],"card_choices":[{"not_picked":["Darkness","Hello World"],"picked":"Barrage","floor":1.0},{"not_picked":["Streamline","Barrage"],"picked":"Cold Snap","floor":2.0},{"not_picked":["Chill","Steam","Self Repair"],"picked":"SKIP","floor":3.0},{"not_picked":["Steam","Self Repair"],"picked":"Chill","floor":3.0},{"not_picked":["Streamline","BootSequence"],"picked":"Hologram","floor":5.0},{"not_picked":["Rebound","Compile Driver"],"picked":"Reboot","floor":6.0},{"not_picked":["Beam Cell","Rebound","Gash"],"picked":"SKIP","floor":7.0},{"not_picked":["Leap","Beam Cell"],"picked":"Auto Shields","floor":10.0},{"not_picked":["Barrage","Ball Lightning"],"picked":"Fusion","floor":11.0},{"not_picked":["Doom and Gloom","Ball Lightning"],"picked":"Coolheaded","floor":13.0},{"not_picked":["All For One","Multi-Cast"],"picked":"Echo Form","floor":16.0},{"not_picked":["Redo","Stack"],"picked":"Consume+1","floor":18.0},{"not_picked":["Coolheaded+1","Cold Snap"],"picked":"BootSequence+1","floor":22.0},{"not_picked":["Double Energy","Scrape","Force Field"],"picked":"SKIP","floor":27.0},{"not_picked":["Coolheaded","Streamline"],"picked":"Stack","floor":28},{"not_picked":["Beam Cell","Turbo","Reprogram+1"],"picked":"SKIP","floor":31}],"player_experience":142619,"relics_obtained":[{"floor":4.0,"key":"Regal Pillow"},{"floor":6.0,"key":"Turnip"},{"floor":9.0,"key":"Ancient Tea Set"},{"floor":11.0,"key":"Peace Pipe"},{"floor":13.0,"key":"Pen Nib"},{"floor":26.0,"key":"Tiny Chest"}],"event_choices":[{"damage_healed":25.0,"max_hp_gain":0.0,"max_hp_loss":0.0,"gold_gain":0.0,"event_name":"Big Fish","player_choice":"Banana","floor":14.0,"gold_loss":0.0,"damage_taken":0.0},{"damage_healed":0.0,"max_hp_gain":0.0,"max_hp_loss":0.0,"gold_gain":0.0,"event_name":"The Mausoleum","player_choice":"Opened","floor":20.0,"gold_loss":0.0,"damage_taken":0.0,"relics_obtained":["Art of War"]},{"damage_healed":0.0,"max_hp_gain":0.0,"max_hp_loss":0.0,"gold_gain":0.0,"event_name":"The Woman in Blue","player_choice":"Bought 2 Potions","floor":21.0,"gold_loss":0.0,"damage_taken":0.0},{"damage_healed":0.0,"max_hp_gain":0.0,"max_hp_loss":0.0,"gold_gain":0.0,"event_name":"Ghosts","player_choice":"Ignored","floor":24.0,"gold_loss":0.0,"damage_taken":0.0},{"cards_removed":["Barrage"],"damage_healed":0,"gold_gain":0,"player_choice":"Gave Gold","damage_taken":0,"max_hp_gain":0,"max_hp_loss":0,"event_name":"Beggar","floor":29,"gold_loss":75}],"is_beta":false,"boss_relics":[{"not_picked":["FrozenCore","SacredBark"],"picked":"Astrolabe"}],"items_purged_floors":[19],"is_endless":false,"potions_floor_spawned":[1,3,6,10,13,18,27,31],"killed_by":"Collector","ascension_level":10}}