{"host":"4328iixd8pca51w5","time":1610344319,"event":{"mods":["2.2 Compatiblity","AchievementEnabler","BaseMod","CapriCore","Colored Map","KOR Keyword Fix","Minty Spire (QoL Compilation)","StSLib","The Immortal"],"gold_per_floor":[119,119,119,136,153,153,180,255,280,280,312,41,41,68,68,163,163,173,192,117,129,129,129,145,145,145,145,165,165,165,90,90,193,193,208,224,224,57,71,71,83,98,98,98,6,18,18,36,36,36],"floor_reached":51,"playtime":2791,"items_purged":["MokouMod:IcarusDive","MokouMod:ShiftIgnition+1"],"score":1062,"play_id":"a36def58-633d-4ec2-9a70-db9f7120cfad","local_time":"20210111145159","is_ascension_mode":true,"campfire_choices":[{"data":"MokouMod:Overheat","floor":6.0,"key":"SMITH"},{"data":"MokouMod:RadiantBlade","floor":10.0,"key":"SMITH"},{"data":"MokouMod:RisingSunBarrier","floor":13.0,"key":"SMITH"},{"floor":15.0,"key":"REST"},{"data":"RitualDagger","floor":23.0,"key":"SMITH"},{"data":"MokouMod:FujiyamaVolcano","floor":25.0,"key":"SMITH"},{"data":"MokouMod:SearingShot","floor":27.0,"key":"SMITH"},{"data":"MokouMod:Rebirth","floor":32.0,"key":"SMITH"},{"data":"MokouMod:IgnitionBlast","floor":40.0,"key":"SMITH"},{"data":"MokouMod:RisingSunBarrier","floor":49,"key":"SMITH"}],"circlet_count":0,"master_deck":["MokouMod:HeatSpark","MokouMod:RadiantBlade+1","MokouMod:IndiscriminateIgnition","MokouMod:Overheat+1","MokouMod:Ember","MokouMod:Burn+1","MokouMod:RisingSunBarrier+1","MokouMod:Sear+1","MokouMod:Rebirth+1","MokouMod:IgnitionBlast+1","MokouMod:ExplosiveFlame","MokouMod:IgneousBlow","MokouMod:RoaringFlare","MokouMod:BurningDraft+1","MokouMod:IndiscriminateIgnition+1","MokouMod:SearingShot+1","RitualDagger+1","MokouMod:FujiyamaVolcano+1","MokouMod:RetainTemperature+1","MokouMod:PhoenixFeathers+1","MokouMod:Ventilation+1","MokouMod:BurningDraft+1","MokouMod:SearingShot+1","MokouMod:Ember+1","MokouMod:Overheat+1","MokouMod:RisingSunBarrier+1"],"relics":["MokouMod:PhoenixFeather","Bronze Scales","Bag of Marbles","Toxic Egg 2","Blood Vial","Pen Nib","Pandora\u0027s Box","Meat on the Bone","StrikeDummy","Sozu","The Courier","Membership Card","Singing Bowl","Vajra","White Beast Statue"],"acts_visited":["Exordium","TheCity","TheBeyond"],"potions_floor_usage":[48,50],"damage_taken":[{"damage":6.0,"enemies":"Cultist","floor":1.0,"turns":4.0},{"damage":1.0,"enemies":"2 Louse","floor":4.0,"turns":2.0},{"damage":2.0,"enemies":"Jaw Worm","floor":5.0,"turns":2.0},{"damage":12.0,"enemies":"3 Sentries","floor":7.0,"turns":5.0},{"damage":31.0,"enemies":"Lagavulin","floor":11.0,"turns":8.0},{"damage":0.0,"enemies":"3 Sentries","floor":14.0,"turns":4.0},{"damage":0.0,"enemies":"Hexaghost","floor":16.0,"turns":6.0},{"damage":2.0,"enemies":"Chosen","floor":18.0,"turns":4.0},{"damage":3.0,"enemies":"Spheric Guardian","floor":19.0,"turns":3.0},{"damage":17.0,"enemies":"Shelled Parasite and Fungi","floor":21.0,"turns":3.0},{"damage":0.0,"enemies":"3 Cultists","floor":24.0,"turns":4.0},{"damage":2.0,"enemies":"Snecko","floor":28.0,"turns":3.0},{"damage":12.0,"enemies":"Automaton","floor":33.0,"turns":4.0},{"damage":33.0,"enemies":"Orb Walker","floor":35.0,"turns":4.0},{"damage":7.0,"enemies":"3 Darklings","floor":36.0,"turns":3.0},{"damage":15.0,"enemies":"Jaw Worm Horde","floor":39.0,"turns":3.0},{"damage":12.0,"enemies":"Writhing Mass","floor":41.0,"turns":3.0},{"damage":19.0,"enemies":"4 Shapes","floor":42.0,"turns":6.0},{"damage":0.0,"enemies":"3 Darklings","floor":46.0,"turns":3.0},{"damage":16,"enemies":"Writhing Mass","floor":48,"turns":2},{"damage":91,"enemies":"Time Eater","floor":50,"turns":11}],"seed_played":"4289836526327500730","potions_obtained":[{"floor":7.0,"key":"Strength Potion"},{"floor":14.0,"key":"Fire Potion"},{"floor":16.0,"key":"EssenceOfSteel"},{"floor":21.0,"key":"LiquidBronze"},{"floor":33.0,"key":"GamblersBrew"}],"is_trial":false,"path_per_floor":["M","?","?","M","M","R","E","?","T","R","E","$","R","E","R","B",null,"M","M","?","M","?","R","M","R","T","R","M","T","?","$","R","B",null,"M","M","T","$","M","R","M","M","T","?","$","M","T","M","R","B",null],"character_chosen":"MKU","items_purchased":["Blood Vial","MokouMod:RisingSunBarrier","MokouMod:Sear+1","Membership Card","MokouMod:RisingSunBarrier","Vajra"],"campfire_rested":1,"item_purchase_floors":[12,12,12,38,45,45],"current_hp_per_floor":[62,62,62,61,59,59,47,36,36,36,5,5,5,7,29,31,64,64,63,63,48,42,42,44,44,44,44,44,44,44,44,44,46,68,49,44,44,44,43,43,45,40,40,40,40,44,44,44,44,30],"gold":36,"neow_bonus":"TRANSFORM_CARD","is_daily":false,"chose_seed":false,"campfire_upgraded":9,"win_rate":0.0,"timestamp":1610344319,"path_taken":["M","?","?","?","M","R","E","?","T","R","E","$","R","E","R","BOSS","M","M","?","M","?","R","M","R","T","R","M","?","?","$","R","BOSS","M","M","?","$","M","R","?","M","T","?","$","M","?","M","R","BOSS"],"items_purchased_type":["Relic","Card","Card","Relic","Card","Relic"],"build_version":"2020-12-22","purchased_purges":2,"victory":true,"max_hp_per_floor":[75,75,75,75,75,75,75,75,75,75,75,75,75,75,75,75,75,75,75,75,75,75,75,75,75,75,75,75,75,75,75,75,75,75,75,75,75,75,75,75,75,75,75,71,71,73,73,75,75,75],"card_choices":[{"not_picked":["MokouMod:TemporalFireSeal","MokouMod:PhoenixFeathers"],"picked":"MokouMod:IndiscriminateIgnition","floor":1.0},{"not_picked":["MokouMod:UncontrollableSolarReaction","MokouMod:HeatCyclone"],"picked":"MokouMod:Overheat","floor":4.0},{"not_picked":["MokouMod:Firecracker","MokouMod:Cataclysm"],"picked":"MokouMod:Ember","floor":5.0},{"not_picked":["MokouMod:Singe","MokouMod:Ember","MokouMod:DanceofFlames"],"picked":"SKIP","floor":7.0},{"not_picked":["MokouMod:HeatTransfer+1","MokouMod:CrimsonFlare"],"picked":"MokouMod:Burn+1","floor":11.0},{"not_picked":["MokouMod:TemporalFireSeal","MokouMod:BlazingComet","MokouMod:EternalBurstReactor"],"picked":"SKIP","floor":14.0},{"not_picked":["MokouMod:Extinguish+1","MokouMod:ResonatingAura"],"picked":"MokouMod:Rebirth","floor":16.0},{"not_picked":["MokouMod:ScorchingColumn","MokouMod:Stoke+1"],"picked":"MokouMod:BurningDraft+1","floor":18.0},{"not_picked":["MokouMod:IgnitionBarrier+1","MokouMod:Singe"],"picked":"MokouMod:IndiscriminateIgnition+1","floor":19.0},{"not_picked":["MokouMod:Trailblazer+1","MokouMod:IcarusDive+1"],"picked":"MokouMod:SearingShot","floor":21.0},{"not_picked":["MokouMod:Meltdown","MokouMod:Ember"],"picked":"MokouMod:FujiyamaVolcano","floor":24.0},{"not_picked":["MokouMod:IllusoryBattlefield","MokouMod:FlickeringFlame"],"picked":"MokouMod:RetainTemperature+1","floor":28.0},{"not_picked":["MokouMod:EnchantingBambooForest","MokouMod:SpontaneousHumanCombustion+1"],"picked":"MokouMod:Ventilation+1","floor":33.0},{"not_picked":["MokouMod:Wildfire+1","MokouMod:TemporalFireSeal"],"picked":"MokouMod:BurningDraft+1","floor":35.0},{"not_picked":["MokouMod:EternalBurstReactor+1","MokouMod:Ember"],"picked":"MokouMod:SearingShot+1","floor":36.0},{"not_picked":["MokouMod:Stoke+1","MokouMod:IgneousBlow","MokouMod:FlickeringFlame"],"picked":"SKIP","floor":39.0},{"not_picked":["MokouMod:InfernalWave+1","MokouMod:UncontrollableSolarReaction+1"],"picked":"MokouMod:Ember+1","floor":41.0},{"not_picked":["MokouMod:WarmUp+1","MokouMod:EnchantingBambooForest"],"picked":"MokouMod:Overheat+1","floor":42.0},{"not_picked":["MokouMod:Sear+1","MokouMod:SubterraneanCore+1","MokouMod:FlickeringFlame+1"],"picked":"Singing Bowl","floor":46.0},{"not_picked":["MokouMod:TemporalFireSeal","MokouMod:ControlledCombustion+1","MokouMod:ProfanedFlare+1"],"picked":"Singing Bowl","floor":48}],"player_experience":210837,"relics_obtained":[{"floor":7.0,"key":"Bronze Scales"},{"floor":9.0,"key":"Bag of Marbles"},{"floor":11.0,"key":"Toxic Egg 2"},{"floor":14.0,"key":"Pen Nib"},{"floor":26.0,"key":"Meat on the Bone"},{"floor":29.0,"key":"StrikeDummy"},{"floor":37.0,"key":"The Courier"},{"floor":43.0,"key":"Singing Bowl"},{"floor":47.0,"key":"White Beast Statue"}],"event_choices":[{"damage_healed":0.0,"max_hp_gain":0.0,"max_hp_loss":0.0,"gold_gain":0.0,"cards_transformed":["MokouMod:Strike"],"event_name":"Living Wall","player_choice":"Change","floor":2.0,"gold_loss":0.0,"damage_taken":0.0,"cards_obtained":["MokouMod:IcarusDive"]},{"damage_healed":0.0,"max_hp_gain":0.0,"max_hp_loss":0.0,"gold_gain":0.0,"event_name":"The Woman in Blue","player_choice":"Bought 0 Potions","floor":3.0,"gold_loss":0.0,"damage_taken":0.0},{"damage_healed":0.0,"max_hp_gain":0.0,"max_hp_loss":0.0,"gold_gain":75.0,"event_name":"World of Goop","player_choice":"Gather Gold","floor":8.0,"gold_loss":0.0,"damage_taken":11.0},{"cards_removed":["MokouMod:BurningHiddenBullet"],"damage_healed":0.0,"max_hp_gain":0.0,"max_hp_loss":0.0,"gold_gain":0.0,"event_name":"Beggar","player_choice":"Gave Gold","floor":20.0,"gold_loss":75.0,"damage_taken":0.0},{"damage_healed":0.0,"max_hp_gain":0.0,"max_hp_loss":0.0,"gold_gain":0.0,"event_name":"Nest","player_choice":"Joined the Cult","floor":22.0,"gold_loss":0.0,"damage_taken":6.0,"cards_obtained":["RitualDagger"]},{"damage_healed":0.0,"max_hp_gain":0.0,"max_hp_loss":0.0,"gold_gain":0.0,"cards_transformed":["MokouMod:EternalBurstReactor"],"event_name":"Transmorgrifier","player_choice":"Transformed","floor":30.0,"gold_loss":0.0,"damage_taken":0.0,"cards_obtained":["MokouMod:PhoenixFeathers"]},{"damage_healed":0.0,"max_hp_gain":0.0,"max_hp_loss":4.0,"gold_gain":0.0,"event_name":"Winding Halls","player_choice":"Max HP","floor":44.0,"gold_loss":0.0,"damage_taken":0.0}],"is_beta":false,"boss_relics":[{"not_picked":["Astrolabe","Black Star"],"picked":"Pandora\u0027s Box"},{"not_picked":["Tiny House","Runic Dome"],"picked":"Sozu"}],"items_purged_floors":[31,38],"is_endless":false,"potions_floor_spawned":[7,14,16,21,24,33,35,46,48],"ascension_level":9}}