{"host":"uceopoba4zvqsgiy","time":1610349270,"event":{"mods":["Act Like it!","BaseMod","Better Skull","Better Third Choice","Elementarium","Evolution","GifTheSpireLib","Hermit","Humility","Infinite Spire","Jorbs\u0027s Wanderer Trilogy","Marked Mod","Minty Spire (QoL Compilation)","Potionbrewer","Replay The Spire","Robot Space Explorer","Shade Mod","Spicy Shops","StSLib","Stuff the Spire","The Blue Laboratory","The Caster","The Cursed","The Dragon Tamer","The Hierophant","The Judge","The Jungle","Wandering Minibosses"],"gold_per_floor":[119,119,119,139,150,182,182,182,182,182,182,182,162,162],"floor_reached":13,"playtime":673,"items_purged":[],"score":81,"play_id":"ec1e1668-435c-4cc8-a686-2c8c4a4e3867","local_time":"20210111174430","is_ascension_mode":false,"campfire_choices":[{"floor":7,"key":"REST"},{"floor":12,"key":"REST"}],"circlet_count":0,"master_deck":["caster:Meteor","caster:DivertFocus","caster:LAZER","caster:LAZER","caster:LAZER","caster:strike","caster:defend","caster:defend","caster:defend","caster:defend","caster:defend","caster:Grimoire","caster:GaiasBlessing","caster:DiablosFlame","caster:Slick+1"],"relics":["caster:MagicBook","EVO:Axolotl","NeowsBlessing","Ancient Tea Set","Replay:Bottled Flurry"],"acts_visited":["Exordium"],"potions_floor_usage":[6],"damage_taken":[{"damage":0,"enemies":"Cultist","floor":1,"turns":1},{"damage":0,"enemies":"Small Slimes","floor":4,"turns":1},{"damage":0,"enemies":"Jaw Worm","floor":5,"turns":1},{"damage":50,"enemies":"Lagavulin","floor":6,"turns":7},{"damage":59,"enemies":"Gremlin Nob","floor":13,"turns":3}],"seed_played":"-1578632367720703760","potions_obtained":[{"floor":2,"key":"Strength Potion"},{"floor":2,"key":"Dexterity Potion"},{"floor":2,"key":"Swift Potion"}],"is_trial":false,"path_per_floor":["M","?","$","M","M","E","R","?","PTL","PTL","T","R","E"],"character_chosen":"THE_CASTER","items_purchased":[],"campfire_rested":2,"item_purchase_floors":[],"current_hp_per_floor":[64,64,64,64,64,15,34,34,34,34,34,53,0,0],"gold":162,"neow_bonus":"THREE_ENEMY_KILL","is_daily":false,"chose_seed":false,"campfire_upgraded":0,"win_rate":0.0,"timestamp":1610349270,"path_taken":["M","?","$","?","M","E","R","?","PTL","PTL","T","T","R","E"],"items_purchased_type":[],"build_version":"2020-12-22","purchased_purges":0,"victory":false,"max_hp_per_floor":[64,64,64,64,64,64,64,64,64,64,64,64,64,64],"card_choices":[{"not_picked":["caster:NaturalChaos","caster:FlashSpeed"],"picked":"caster:Grimoire","floor":1},{"not_picked":["caster:Enfeeble","caster:FlashSpeed"],"picked":"caster:GaiasBlessing","floor":4},{"not_picked":["caster:FrigidBeam","caster:MagicWeapon","caster:BloodRitual"],"picked":"SKIP","floor":5},{"not_picked":["caster:WallOfSwords","caster:Focusyn"],"picked":"caster:DiablosFlame","floor":6}],"player_experience":1657723,"relics_obtained":[{"floor":6,"key":"Ancient Tea Set"},{"floor":11,"key":"Replay:Bottled Flurry"}],"event_choices":[{"damage_healed":0,"gold_gain":0,"player_choice":"Got Potions","damage_taken":0,"max_hp_gain":0,"max_hp_loss":0,"event_name":"Lab","floor":2,"gold_loss":0}],"is_beta":false,"boss_relics":[],"items_purged_floors":[],"is_endless":false,"potions_floor_spawned":[5],"killed_by":"Gremlin Nob","ascension_level":0}}