{"host":"m77rrhbqzv44va4v","time":1610398782,"event":{"mods":["AchievementEnabler","BaseMod","Colored Map","DeckTracker","Keyboard Shortcuts","Minty Spire (QoL Compilation)","StSLib","SuperFastMode","everything is the same but u backflip on backflip"],"gold_per_floor":[111,36,36,36,46,81,81,112,158,187,187,197,210,239,239,312,312,326,32,58,73,73,73,107,107,107,107,139,149,24,42,42,42,42],"floor_reached":33,"playtime":654,"items_purged":["Defend_G","Defend_G","Decay"],"score":672,"play_id":"3d12411e-8fb7-4a4e-94dc-a441c5a29fb1","local_time":"20210112055942","is_ascension_mode":true,"campfire_choices":[{"data":"Glass Knife","floor":7.0,"key":"SMITH"},{"data":"Burst","floor":11.0,"key":"SMITH"},{"data":"Noxious Fumes","floor":15.0,"key":"SMITH"},{"data":"Adrenaline","floor":23.0,"key":"SMITH"},{"floor":25.0,"key":"REST"},{"floor":27.0,"key":"REST"},{"floor":32,"key":"REST"}],"circlet_count":0,"master_deck":["AscendersBane","Strike_G","Strike_G","Strike_G","Strike_G","Strike_G","Defend_G","Defend_G","Defend_G+1","Survivor","Neutralize+1","Backflip","Dagger Spray","Glass Knife+1","Flying Knee","Burst+1","Cloak And Dagger","Noxious Fumes+1","Noxious Fumes","Adrenaline+1","Backflip","Bouncing Flask","PiercingWail","Bane"],"relics":["Ring of the Serpent","NeowsBlessing","Akabeko","Orichalcum","Snake Skull","Ornamental Fan","Toy Ornithopter","Medical Kit","Red Mask","Gremlin Horn","Blood Vial","Oddly Smooth Stone"],"acts_visited":["Exordium","TheCity"],"potions_floor_usage":[33],"damage_taken":[{"damage":0.0,"enemies":"Small Slimes","floor":1.0,"turns":1.0},{"damage":0.0,"enemies":"Cultist","floor":5.0,"turns":1.0},{"damage":0.0,"enemies":"Lagavulin","floor":6.0,"turns":1.0},{"damage":10.0,"enemies":"3 Sentries","floor":8.0,"turns":7.0},{"damage":11.0,"enemies":"Lagavulin","floor":10.0,"turns":6.0},{"damage":0.0,"enemies":"2 Louse","floor":12.0,"turns":1.0},{"damage":0.0,"enemies":"Exordium Wildlife","floor":13.0,"turns":1.0},{"damage":2.0,"enemies":"3 Sentries","floor":14.0,"turns":5.0},{"damage":14.0,"enemies":"The Guardian","floor":16.0,"turns":9.0},{"damage":0.0,"enemies":"3 Byrds","floor":18.0,"turns":4.0},{"damage":0.0,"enemies":"Masked Bandits","floor":20.0,"turns":2.0},{"damage":0.0,"enemies":"Chosen","floor":21.0,"turns":3.0},{"damage":55.0,"enemies":"Slavers","floor":24.0,"turns":5.0},{"damage":9.0,"enemies":"Gremlin Leader","floor":28.0,"turns":3.0},{"damage":3.0,"enemies":"Snake Plant","floor":29.0,"turns":3.0},{"damage":11,"enemies":"3 Cultists","floor":31,"turns":4},{"damage":62,"enemies":"Automaton","floor":33,"turns":10}],"seed_played":"-4063682012784263051","potions_obtained":[{"floor":1.0,"key":"SpeedPotion"},{"floor":6.0,"key":"Regen Potion"},{"floor":10.0,"key":"Regen Potion"},{"floor":12.0,"key":"Fire Potion"},{"floor":18.0,"key":"PowerPotion"},{"floor":29.0,"key":"Ancient Potion"},{"floor":31,"key":"BlessingOfTheForge"}],"is_trial":false,"path_per_floor":["M","$","?","$","M","E","R","E","T","E","R","M","M","E","R","B",null,"M","$","?","M","?","R","E","R","T","R","E","M","$","M","R","B"],"character_chosen":"THE_SILENT","items_purchased":["Backflip","Medical Kit"],"campfire_rested":3,"item_purchase_floors":[19,19],"current_hp_per_floor":[59,59,39,39,39,39,39,44,44,33,33,33,33,45,45,36,59,59,59,64,64,64,64,9,28,28,47,40,39,39,30,49,0,0],"gold":42,"neow_bonus":"THREE_ENEMY_KILL","is_daily":false,"chose_seed":false,"campfire_upgraded":4,"win_rate":0.0,"timestamp":1610398782,"path_taken":["M","$","?","$","M","E","R","E","T","E","R","M","M","E","R","BOSS","M","$","?","M","?","R","E","R","T","R","E","M","$","M","R","BOSS"],"items_purchased_type":["Card","Relic"],"build_version":"2020-12-22","purchased_purges":3,"victory":false,"max_hp_per_floor":[66,66,66,66,66,66,66,66,66,66,66,66,66,66,66,66,66,66,66,66,66,66,66,66,66,66,66,66,66,66,66,66,66,66],"card_choices":[{"not_picked":["Prepared","Heel Hook"],"picked":"Backflip","floor":1.0},{"not_picked":["Prepared","Blade Dance"],"picked":"Dagger Spray","floor":5.0},{"not_picked":["Prepared","Crippling Poison"],"picked":"Glass Knife","floor":6.0},{"not_picked":["Bane","All Out Attack"],"picked":"Flying Knee","floor":8.0},{"not_picked":["Endless Agony","Flying Knee"],"picked":"Burst","floor":10.0},{"not_picked":["Infinite Blades","Reflex"],"picked":"Cloak And Dagger","floor":12.0},{"not_picked":["Choke","Endless Agony"],"picked":"Noxious Fumes","floor":13.0},{"not_picked":["Blade Dance","PiercingWail"],"picked":"Noxious Fumes","floor":14.0},{"not_picked":["Unload","Envenom"],"picked":"Adrenaline","floor":16.0},{"not_picked":["Prepared","Caltrops","Dagger Spray"],"picked":"SKIP","floor":18.0},{"not_picked":["Noxious Fumes","Poisoned Stab"],"picked":"Bouncing Flask","floor":20.0},{"not_picked":["Poisoned Stab","Acrobatics+1","Cloak And Dagger"],"picked":"SKIP","floor":21.0},{"not_picked":["Deflect","Tools of the Trade","Sucker Punch"],"picked":"SKIP","floor":24.0},{"not_picked":["Cloak And Dagger+1","Grand Finale","Poisoned Stab"],"picked":"SKIP","floor":28.0},{"not_picked":["Slice","Quick Slash"],"picked":"PiercingWail","floor":29.0},{"not_picked":["Outmaneuver","Deflect"],"picked":"Bane","floor":31}],"player_experience":929418,"relics_obtained":[{"floor":6.0,"key":"Akabeko"},{"floor":8.0,"key":"Orichalcum"},{"floor":9.0,"key":"Snake Skull"},{"floor":10.0,"key":"Ornamental Fan"},{"floor":14.0,"key":"Toy Ornithopter"},{"floor":20.0,"key":"Red Mask"},{"floor":24.0,"key":"Gremlin Horn"},{"floor":26.0,"key":"Blood Vial"},{"floor":28.0,"key":"Oddly Smooth Stone"}],"event_choices":[{"damage_healed":0.0,"max_hp_gain":0.0,"max_hp_loss":0.0,"gold_gain":0.0,"event_name":"Shining Light","player_choice":"Entered Light","floor":3.0,"gold_loss":0.0,"damage_taken":20.0,"cards_upgraded":["Neutralize","Defend_G"]},{"damage_healed":0.0,"max_hp_gain":0.0,"max_hp_loss":0.0,"gold_gain":0.0,"event_name":"Masked Bandits","player_choice":"Fought Bandits","floor":20.0,"gold_loss":0.0,"damage_taken":0.0},{"damage_healed":0.0,"max_hp_gain":0.0,"max_hp_loss":0.0,"gold_gain":0.0,"event_name":"Wheel of Change","player_choice":"Cursed","floor":22.0,"gold_loss":0.0,"damage_taken":0.0,"cards_obtained":["Decay"]}],"is_beta":false,"boss_relics":[{"not_picked":["Empty Cage","WristBlade"],"picked":"Ring of the Serpent"}],"items_purged_floors":[2,19,30],"is_endless":false,"potions_floor_spawned":[1,6,10,12,18,29,31],"killed_by":"Automaton","ascension_level":20}}