{"host":"kh6fvhxn285ncg0o","time":1610390326,"event":{"mods":["Act Like it!","BaseMod","Colored Map","Friendly Minions","Keyboard Shortcuts","Minty Spire (QoL Compilation)","Quick Restart","Relic Stats","StSLib","SuperFastMode"],"gold_per_floor":[115,115,265,265,284,284,284,319,319,333,364,364,376,408,408,482,482,499,499,225,275,11,11,41,41,66,101,112,129,156,431,431,504,504,524,543,560,395,408,443,443,472,472,472,505,525,525,537,537,537,537,537,537,131,164,164],"floor_reached":57,"playtime":1940,"items_purged":["Doubt","Strike_R","Bash","Immolate"],"score":3032,"play_id":"a4cad0c4-626c-468a-9199-85bbc442b4ae","local_time":"20210112033846","is_ascension_mode":true,"campfire_choices":[{"data":"Uppercut","floor":6.0,"key":"SMITH"},{"data":"Immolate","floor":12.0,"key":"SMITH"},{"data":"Shrug It Off","floor":15.0,"key":"SMITH"},{"data":"Dark Embrace","floor":23.0,"key":"SMITH"},{"data":"Double Tap","floor":25.0,"key":"SMITH"},{"data":"Burning Pact","floor":32.0,"key":"SMITH"},{"data":"Evolve","floor":41.0,"key":"SMITH"},{"data":"Rage","floor":44.0,"key":"SMITH"},{"floor":49,"key":"RECALL"},{"data":"Feel No Pain","floor":53,"key":"SMITH"}],"circlet_count":0,"master_deck":["AscendersBane","Shockwave","Uppercut+1","Shrug It Off+1","Immolate+1","Double Tap+1","Dark Embrace+1","Disarm+1","Battle Trance","Second Wind","Burning Pact+1","Regret","Rage+1","Second Wind","Wild Strike","Fiend Fire","Sentinel","Blood for Blood","Pommel Strike+1","Evolve+1","Feel No Pain+1","Barricade","Dual Wield"],"relics":["Burning Blood","NeowsBlessing","Ancient Tea Set","Red Skull","Meat on the Bone","Incense Burner","Orichalcum","Sozu","Membership Card","Bag of Preparation","OrangePellets","Happy Flower","Self Forming Clay","Oddly Smooth Stone","Eternal Feather","Akabeko","Pandora\u0027s Box","Toolbox","Omamori","Lizard Tail","Blood Vial","Art of War","Thread and Needle","Lee\u0027s Waffle","Champion Belt"],"acts_visited":["Exordium","TheCity","TheBeyond","TheEnding"],"potions_floor_usage":[56],"damage_taken":[{"damage":0.0,"enemies":"Jaw Worm","floor":1.0,"turns":1.0},{"damage":0.0,"enemies":"Small Slimes","floor":5.0,"turns":2.0},{"damage":0.0,"enemies":"3 Sentries","floor":8.0,"turns":2.0},{"damage":0.0,"enemies":"Cultist","floor":10.0,"turns":3.0},{"damage":44.0,"enemies":"Gremlin Nob","floor":11.0,"turns":5.0},{"damage":0.0,"enemies":"Gremlin Gang","floor":13.0,"turns":3.0},{"damage":18.0,"enemies":"Lagavulin","floor":14.0,"turns":6.0},{"damage":23.0,"enemies":"The Guardian","floor":16.0,"turns":12.0},{"damage":0.0,"enemies":"Chosen","floor":18.0,"turns":4.0},{"damage":30.0,"enemies":"Gremlin Leader","floor":24.0,"turns":6.0},{"damage":11.0,"enemies":"Book of Stabbing","floor":27.0,"turns":3.0},{"damage":0.0,"enemies":"Spheric Guardian","floor":28.0,"turns":1.0},{"damage":3.0,"enemies":"Snake Plant","floor":29.0,"turns":5.0},{"damage":0.0,"enemies":"Gremlin Leader","floor":30.0,"turns":6.0},{"damage":36.0,"enemies":"Champ","floor":33.0,"turns":15.0},{"damage":3.0,"enemies":"3 Shapes","floor":35.0,"turns":4.0},{"damage":15.0,"enemies":"Orb Walker","floor":36.0,"turns":4.0},{"damage":0.0,"enemies":"3 Darklings","floor":37.0,"turns":2.0},{"damage":19.0,"enemies":"Spire Growth","floor":39.0,"turns":4.0},{"damage":34.0,"enemies":"Giant Head","floor":40.0,"turns":6.0},{"damage":10.0,"enemies":"Nemesis","floor":42.0,"turns":3.0},{"damage":3.0,"enemies":"Reptomancer","floor":45.0,"turns":4.0},{"damage":0,"enemies":"4 Shapes","floor":46,"turns":7},{"damage":0,"enemies":"Sphere and 2 Shapes","floor":48,"turns":5},{"damage":43,"enemies":"Time Eater","floor":50,"turns":13},{"damage":24,"enemies":"Donu and Deca","floor":51,"turns":11},{"damage":40,"enemies":"Shield and Spear","floor":55,"turns":6},{"damage":23,"enemies":"The Heart","floor":56,"turns":9}],"seed_played":"-1984220087542642143","potions_obtained":[{"floor":1.0,"key":"Weak Potion"},{"floor":10.0,"key":"BlessingOfTheForge"},{"floor":16.0,"key":"BlessingOfTheForge"}],"is_trial":false,"path_per_floor":["M","?","?","?","M","R","?","E","T","M","E","R","M","E","R","B",null,"M","?","$","?","$","R","E","R","T","E","M","M","E","?","R","B",null,"M","M","M","$","M","E","R","E","T","R","E","M","?","M","R","B","B",null,"R","$","E","B",null],"character_chosen":"IRONCLAD","items_purchased":["Membership Card","Bag of Preparation","OrangePellets","Happy Flower","Dark Embrace","Evolve","Toolbox","Art of War","Thread and Needle","Lee\u0027s Waffle"],"campfire_rested":0,"item_purchase_floors":[20,20,22,22,22,38,38,54,54,54],"current_hp_per_floor":[74,63,63,68,74,74,50,56,56,62,36,36,54,54,54,49,72,78,55,55,55,55,55,43,43,43,50,56,59,65,65,77,59,79,82,73,79,79,66,50,62,58,58,70,73,81,95,95,95,58,54,85,95,102,68,65],"gold":164,"neow_bonus":"THREE_ENEMY_KILL","is_daily":false,"chose_seed":false,"campfire_upgraded":9,"win_rate":0.0,"timestamp":1610390326,"path_taken":["M","?","?","?","M","R","?","E","T","?","E","R","M","E","R","BOSS","M","?","$","?","$","R","E","R","T","E","M","M","E","?","R","BOSS","M","?","M","$","M","E","R","E","T","R","E","?","?","?","R","BOSS","BOSS","R","$","E","BOSS"],"items_purchased_type":["Relic","Relic","Relic","Relic","Card","Card","Relic","Relic","Relic","Relic"],"build_version":"2020-12-22","purchased_purges":4,"victory":true,"max_hp_per_floor":[75,75,75,80,80,80,80,80,80,80,80,80,80,80,80,80,80,80,85,85,85,85,85,85,85,85,85,85,85,85,85,85,85,85,85,85,85,85,85,85,85,85,85,85,85,85,95,95,95,95,95,95,95,102,102,102],"relic_stats":{"Lee\u0027s Waffle":7,"Happy Flower":[38],"counters":[28,152],"Self Forming Clay":[126],"Eternal Feather":46,"Bag of Preparation":[38],"Orichalcum":[186],"Burning Blood":162,"Sozu":8,"Blood Vial":6,"OrangePellets":[14],"Lizard Tail":0,"Pandora\u0027s Box":["Rage","Second Wind","Immolate","Wild Strike","Fiend Fire","Brutality","Sentinel","Blood for Blood"],"Art of War":[0],"Champion Belt":[4],"obtain_stats":[{"Incense Burner":11,"Bag of Preparation":20,"Ancient Tea Set":2,"Burning Blood":0,"Sozu":17,"Blood Vial":45,"Lizard Tail":42,"Toolbox":38,"Red Skull":8,"Lee\u0027s Waffle":54,"NeowsBlessing":0,"Happy Flower":22,"Self Forming Clay":24,"Oddly Smooth Stone":26,"Eternal Feather":27,"Thread and Needle":54,"Omamori":40,"Orichalcum":14,"Akabeko":30,"OrangePellets":22,"Pandora\u0027s Box":34,"Art of War":54,"Membership Card":20,"Champion Belt":55,"Meat on the Bone":9},{"Incense Burner":5,"Bag of Preparation":9,"Ancient Tea Set":1,"Burning Blood":0,"Sozu":8,"Blood Vial":22,"Lizard Tail":21,"Toolbox":18,"Red Skull":3,"Lee\u0027s Waffle":26,"NeowsBlessing":0,"Happy Flower":9,"Self Forming Clay":10,"Oddly Smooth Stone":10,"Eternal Feather":11,"Thread and Needle":26,"Omamori":20,"Orichalcum":7,"Akabeko":14,"OrangePellets":9,"Pandora\u0027s Box":15,"Art of War":26,"Membership Card":9,"Champion Belt":27,"Meat on the Bone":3},{"Incense Burner":13,"Bag of Preparation":38,"Ancient Tea Set":1,"Burning Blood":0,"Sozu":34,"Blood Vial":101,"Lizard Tail":97,"Toolbox":84,"Red Skull":5,"Lee\u0027s Waffle":137,"NeowsBlessing":0,"Happy Flower":38,"Self Forming Clay":44,"Oddly Smooth Stone":44,"Eternal Feather":47,"Thread and Needle":137,"Omamori":94,"Orichalcum":22,"Akabeko":59,"OrangePellets":38,"Pandora\u0027s Box":74,"Art of War":137,"Membership Card":38,"Champion Belt":143,"Meat on the Bone":5}],"Meat on the Bone":120},"card_choices":[{"not_picked":["Burning Pact","Shrug It Off"],"picked":"Shockwave","floor":1.0},{"not_picked":["Anger","Clothesline"],"picked":"Uppercut","floor":5.0},{"not_picked":["Twin Strike","Clothesline"],"picked":"Shrug It Off","floor":10.0},{"not_picked":["Heavy Blade","Pummel"],"picked":"Immolate","floor":11.0},{"not_picked":["Pummel","Ghostly Armor","Shrug It Off"],"picked":"SKIP","floor":13.0},{"not_picked":["Ghostly Armor","Shrug It Off","Flex"],"picked":"SKIP","floor":14.0},{"not_picked":["Demon Form","Impervious"],"picked":"Double Tap","floor":16.0},{"not_picked":["Sword Boomerang","Wild Strike+1","Perfected Strike"],"picked":"SKIP","floor":18.0},{"not_picked":["Blood for Blood","Heavy Blade","Flex"],"picked":"SKIP","floor":24.0},{"not_picked":["Wild Strike","Heavy Blade"],"picked":"Disarm+1","floor":27.0},{"not_picked":["Clothesline","Dual Wield"],"picked":"Battle Trance","floor":28.0},{"not_picked":["Sword Boomerang","Warcry"],"picked":"Second Wind","floor":29.0},{"not_picked":["Juggernaut","Spot Weakness"],"picked":"Burning Pact","floor":30.0},{"not_picked":["Whirlwind+1","Clash","Twin Strike"],"picked":"SKIP","floor":35.0},{"not_picked":["Shrug It Off","Iron Wave+1","Wild Strike"],"picked":"SKIP","floor":36.0},{"not_picked":["Sword Boomerang","Searing Blow+1"],"picked":"Pommel Strike+1","floor":37.0},{"not_picked":["Cleave","Rupture","Twin Strike"],"picked":"SKIP","floor":39.0},{"not_picked":["Searing Blow","Bludgeon","Cleave"],"picked":"SKIP","floor":40.0},{"not_picked":["Sword Boomerang","True Grit","Heavy Blade"],"picked":"SKIP","floor":42.0},{"not_picked":["True Grit","Dual Wield"],"picked":"Feel No Pain","floor":45.0},{"not_picked":["Armaments","Reckless Charge+1"],"picked":"Barricade","floor":46},{"not_picked":["Clash+1","True Grit"],"picked":"Dual Wield","floor":48},{"not_picked":["Shrug It Off","Rampage","Hemokinesis+1"],"picked":"SKIP","floor":55}],"player_experience":3422119,"relics_obtained":[{"floor":8.0,"key":"Red Skull"},{"floor":9.0,"key":"Meat on the Bone"},{"floor":11.0,"key":"Incense Burner"},{"floor":14.0,"key":"Orichalcum"},{"floor":24.0,"key":"Self Forming Clay"},{"floor":26.0,"key":"Oddly Smooth Stone"},{"floor":27.0,"key":"Eternal Feather"},{"floor":30.0,"key":"Akabeko"},{"floor":40.0,"key":"Omamori"},{"floor":42.0,"key":"Lizard Tail"},{"floor":45.0,"key":"Blood Vial"},{"floor":55,"key":"Champion Belt"}],"event_choices":[{"damage_healed":0.0,"max_hp_gain":0.0,"max_hp_loss":0.0,"gold_gain":0.0,"event_name":"Scrap Ooze","player_choice":"Success","floor":2.0,"gold_loss":0.0,"damage_taken":11.0,"relics_obtained":["Ancient Tea Set"]},{"damage_healed":0.0,"max_hp_gain":0.0,"max_hp_loss":0.0,"gold_gain":150.0,"event_name":"Liars Game","player_choice":"AGREE","floor":3.0,"gold_loss":0.0,"damage_taken":0.0,"cards_obtained":["Doubt"]},{"damage_healed":0.0,"max_hp_gain":5.0,"max_hp_loss":0.0,"gold_gain":0.0,"event_name":"Big Fish","player_choice":"Donut","floor":4.0,"gold_loss":0.0,"damage_taken":0.0},{"damage_healed":0.0,"max_hp_gain":0.0,"max_hp_loss":0.0,"gold_gain":0.0,"event_name":"Shining Light","player_choice":"Entered Light","floor":7.0,"gold_loss":0.0,"damage_taken":24.0,"cards_upgraded":["Strike_R","Defend_R"]},{"damage_healed":0.0,"max_hp_gain":5.0,"max_hp_loss":0.0,"gold_gain":0.0,"event_name":"Forgotten Altar","player_choice":"Shed Blood","floor":19.0,"gold_loss":0.0,"damage_taken":28.0},{"damage_healed":0.0,"max_hp_gain":0.0,"max_hp_loss":0.0,"gold_gain":50.0,"event_name":"Nest","player_choice":"Stole From Cult","floor":21.0,"gold_loss":0.0,"damage_taken":0.0},{"damage_healed":0.0,"max_hp_gain":0.0,"max_hp_loss":0.0,"gold_gain":275.0,"event_name":"Golden Shrine","player_choice":"Desecrate","floor":31.0,"gold_loss":0.0,"damage_taken":0.0,"cards_obtained":["Regret"]},{"cards_removed":["Brutality"],"damage_healed":4,"gold_gain":0,"player_choice":"Offered Rare","damage_taken":0,"max_hp_gain":10,"max_hp_loss":0,"event_name":"Bonfire Elementals","floor":47,"gold_loss":0}],"is_beta":false,"boss_relics":[{"not_picked":["Ectoplasm","Runic Dome"],"picked":"Sozu"},{"not_picked":["Empty Cage","Velvet Choker"],"picked":"Pandora\u0027s Box"}],"items_purged_floors":[20,22,38,54],"is_endless":false,"potions_floor_spawned":[1,10,14,16,27,28,29,30,36,40,46,48],"ascension_level":20}}