{"host":"l60rmjjsfi0fipmi","time":1610407206,"event":{"mods":["BaseMod","Colored Map","DeckTracker","Highlight Path","Minty Spire (QoL Compilation)"],"gold_per_floor":[117,137,97,116,126,126,126,157,181,201,2,2,25,44,44,146,146,157,174,174,190,215,227,244,244,244],"floor_reached":25,"playtime":1640,"items_purged":[],"score":263,"play_id":"04bea3d0-031d-4c4f-81df-92ea76c99f0b","local_time":"20210111182006","is_ascension_mode":true,"campfire_choices":[{"data":"Zap","floor":6,"key":"SMITH"},{"data":"Hologram","floor":12,"key":"SMITH"},{"data":"Defragment","floor":15,"key":"SMITH"}],"circlet_count":0,"master_deck":["Strike_B","Strike_B","Defend_B","Defend_B","Zap+1","Dualcast","Capacitor","Glacier","Compile Driver","Defragment","Go for the Eyes","Defragment+1","Cold Snap","Conserve Battery","Hologram+1","Gash","Rainbow","Machine Learning+1","Biased Cognition+1","Meteor Strike+1","Cold Snap+1","Coolheaded+1"],"relics":["Cracked Core","Smiling Mask","Tiny Chest","Lee\u0027s Waffle","Centennial Puzzle","Astrolabe","Strawberry"],"acts_visited":["Exordium","TheCity"],"potions_floor_usage":[21,24,24,24],"damage_taken":[{"damage":14,"enemies":"2 Louse","floor":1,"turns":3},{"damage":0,"enemies":"Cultist","floor":2,"turns":4},{"damage":2,"enemies":"Jaw Worm","floor":4,"turns":6},{"damage":9,"enemies":"Exordium Thugs","floor":5,"turns":5},{"damage":14,"enemies":"3 Sentries","floor":8,"turns":7},{"damage":5,"enemies":"2 Fungi Beasts","floor":10,"turns":4},{"damage":7,"enemies":"Red Slaver","floor":14,"turns":3},{"damage":13,"enemies":"Hexaghost","floor":16,"turns":10},{"damage":21,"enemies":"3 Byrds","floor":18,"turns":6},{"damage":12,"enemies":"Spheric Guardian","floor":19,"turns":5},{"damage":4,"enemies":"Snake Plant","floor":21,"turns":5},{"damage":19,"enemies":"Centurion and Healer","floor":23,"turns":5},{"damage":8,"enemies":"Cultist and Chosen","floor":24,"turns":5},{"damage":30,"enemies":"Chosen and Byrds","floor":25,"turns":4}],"seed_played":"-842020684837947168","potions_obtained":[{"floor":2,"key":"FocusPotion"},{"floor":8,"key":"EssenceOfDarkness"},{"floor":14,"key":"LiquidMemories"},{"floor":19,"key":"Fire Potion"},{"floor":21,"key":"Fire Potion"}],"is_trial":false,"path_per_floor":["M","M","$","M","M","R","?","E","T","M","$","R","T","M","R","B",null,"M","M","?","M","T","M","M","M"],"character_chosen":"DEFECT","items_purchased":["Defragment","Hologram","Lee\u0027s Waffle"],"campfire_rested":0,"item_purchase_floors":[3,11,11],"current_hp_per_floor":[61,61,61,59,50,50,50,36,36,31,82,82,82,75,75,62,82,61,49,33,29,36,17,9,0,0],"gold":244,"neow_bonus":"THREE_CARDS","is_daily":false,"chose_seed":false,"campfire_upgraded":3,"win_rate":0.0,"timestamp":1610407206,"path_taken":["M","M","$","M","M","R","?","E","T","M","?","R","?","M","R","BOSS","M","M","?","M","?","M","M","?"],"items_purchased_type":["Card","Card","Relic"],"build_version":"2020-12-22","purchased_purges":0,"victory":false,"max_hp_per_floor":[75,75,75,75,75,75,75,75,75,75,82,82,82,82,82,82,82,82,82,87,87,94,94,94,94,94],"card_choices":[{"not_picked":["Steam Power","Double Energy"],"picked":"Capacitor","floor":0},{"not_picked":["Go for the Eyes","Capacitor"],"picked":"Glacier","floor":1},{"not_picked":["Double Energy","Ball Lightning"],"picked":"Compile Driver","floor":2},{"not_picked":["Barrage","Steam","Double Energy"],"picked":"SKIP","floor":4},{"not_picked":["Double Energy","Lockon"],"picked":"Go for the Eyes","floor":5},{"not_picked":["Turbo","Go for the Eyes"],"picked":"Cold Snap","floor":8},{"not_picked":["Sweeping Beam","Force Field"],"picked":"Conserve Battery","floor":10},{"not_picked":["Chill","Turbo"],"picked":"Gash","floor":14},{"not_picked":["Biased Cognition","Thunder Strike"],"picked":"Rainbow","floor":16},{"not_picked":["Sweeping Beam","Streamline"],"picked":"Cold Snap+1","floor":18},{"not_picked":["Turbo","Barrage"],"picked":"Coolheaded+1","floor":19},{"not_picked":["Hologram","Ball Lightning+1","Hello World"],"picked":"SKIP","floor":21},{"not_picked":["Rip and Tear+1","Steam","Cold Snap+1"],"picked":"SKIP","floor":23},{"not_picked":["Coolheaded+1","Hello World","Cold Snap"],"picked":"SKIP","floor":24}],"player_experience":340170,"relics_obtained":[{"floor":8,"key":"Smiling Mask"},{"floor":9,"key":"Tiny Chest"},{"floor":13,"key":"Centennial Puzzle"},{"floor":22,"key":"Strawberry"}],"event_choices":[{"damage_healed":0,"gold_gain":0,"cards_transformed":["Strike_B"],"player_choice":"Transformed","damage_taken":0,"max_hp_gain":0,"max_hp_loss":0,"event_name":"Transmorgrifier","floor":7,"gold_loss":0,"cards_obtained":["Defragment"]},{"damage_healed":0,"gold_gain":0,"player_choice":"Shed Blood","damage_taken":21,"max_hp_gain":5,"max_hp_loss":0,"event_name":"Forgotten Altar","floor":20,"gold_loss":0}],"is_beta":false,"boss_relics":[{"not_picked":["Cursed Key","Runic Pyramid"],"picked":"Astrolabe"}],"items_purged_floors":[],"is_endless":false,"potions_floor_spawned":[2,8,14,19,21],"killed_by":"Chosen and Byrds","ascension_level":3}}