{"host":"Kdaddybrian","time":1610332172,"event":{"mods":["AchievementEnabler","BaseMod","Bestiary","Colored Powertips","Minty Spire (QoL Compilation)","Potion Indicator Mod","Quick Restart","Rare Cards Sparkle","Relic Stats","StSLib","Uncapped"],"gold_per_floor":[116,129,304,316,328,362,379,379,379,379,411,426,426,54,54,158,158,174,193,193,193],"floor_reached":20,"playtime":2271,"items_purged":[],"score":279,"play_id":"123e03b4-7428-4691-880b-56b6d411daea","local_time":"20210110212932","is_ascension_mode":true,"campfire_choices":[{"floor":8,"key":"REST"},{"data":"Loop","floor":10,"key":"SMITH"},{"floor":13,"key":"REST"},{"floor":15,"key":"REST"}],"circlet_count":0,"master_deck":["AscendersBane","Strike_B","Strike_B","Strike_B","Strike_B","Defend_B","Defend_B","Defend_B","Defend_B","Zap","Dualcast","Ball Lightning","Streamline","Doubt","Hologram","Compile Driver","Loop+1","Barrage","Sunder","Creative AI","Doom and Gloom","Buffer","Static Discharge"],"relics":["Cracked Core","NeowsBlessing","Orichalcum","Singing Bowl","Mercury Hourglass","Medical Kit","Snecko Eye"],"acts_visited":["Exordium","TheCity"],"potions_floor_usage":[7,16,19],"damage_taken":[{"damage":0,"enemies":"Jaw Worm","floor":1,"turns":1},{"damage":0,"enemies":"2 Louse","floor":2,"turns":1},{"damage":0,"enemies":"Cultist","floor":4,"turns":1},{"damage":22,"enemies":"Exordium Wildlife","floor":5,"turns":6},{"damage":34,"enemies":"Gremlin Nob","floor":6,"turns":4},{"damage":0,"enemies":"Large Slime","floor":7,"turns":4},{"damage":31,"enemies":"3 Sentries","floor":11,"turns":6},{"damage":2,"enemies":"Lots of Slimes","floor":12,"turns":2},{"damage":40,"enemies":"Hexaghost","floor":16,"turns":8},{"damage":0,"enemies":"Spheric Guardian","floor":18,"turns":3},{"damage":37,"enemies":"3 Byrds","floor":19,"turns":4},{"damage":53,"enemies":"Masked Bandits","floor":20,"turns":3}],"seed_played":"-403497731034815250","potions_obtained":[{"floor":1,"key":"SkillPotion"},{"floor":4,"key":"BlessingOfTheForge"},{"floor":6,"key":"CultistPotion"},{"floor":16,"key":"Ancient Potion"}],"is_trial":false,"path_per_floor":["M","M","?","M","M","E","M","R","T","R","E","M","R","$","R","B",null,"M","M","?"],"character_chosen":"DEFECT","items_purchased":["Regen Potion","Creative AI","Medical Kit","Doom and Gloom"],"campfire_rested":3,"item_purchase_floors":[14,14,14,14],"current_hp_per_floor":[68,68,68,68,46,12,12,34,34,34,3,3,26,26,49,9,60,60,37,0,0],"gold":193,"neow_bonus":"THREE_ENEMY_KILL","is_daily":false,"chose_seed":false,"campfire_upgraded":1,"win_rate":0.0,"timestamp":1610332172,"path_taken":["M","M","?","M","M","E","M","R","T","R","E","M","R","$","R","BOSS","M","M","?"],"items_purchased_type":["Potion","Card","Relic","Card"],"build_version":"2020-12-18","purchased_purges":0,"victory":false,"max_hp_per_floor":[75,75,75,75,75,75,75,75,75,75,75,77,77,77,77,77,77,77,79,79,79],"relic_stats":{"Singing Bowl":4,"counters":[12,42],"Snecko Eye":[16,15,15,12],"Orichalcum":[42],"Medical Kit":[1],"obtain_stats":[{"NeowsBlessing":0,"Singing Bowl":9,"Snecko Eye":17,"Orichalcum":6,"Cracked Core":0,"Medical Kit":14,"Mercury Hourglass":11},{"NeowsBlessing":0,"Singing Bowl":6,"Snecko Eye":9,"Orichalcum":5,"Cracked Core":0,"Medical Kit":8,"Mercury Hourglass":7},{"NeowsBlessing":0,"Singing Bowl":17,"Snecko Eye":33,"Orichalcum":13,"Cracked Core":0,"Medical Kit":25,"Mercury Hourglass":23}],"Mercury Hourglass":[96]},"card_choices":[{"not_picked":["Heatsinks","Gash"],"picked":"Ball Lightning","floor":1},{"not_picked":["Beam Cell","Coolheaded"],"picked":"Streamline","floor":2},{"not_picked":["Gash","Hello World"],"picked":"Hologram","floor":4},{"not_picked":["Chaos","Hologram"],"picked":"Compile Driver","floor":5},{"not_picked":["Chill","Steam"],"picked":"Loop","floor":6},{"not_picked":["Reboot","Turbo"],"picked":"Barrage","floor":7},{"not_picked":["Lockon","Hologram"],"picked":"Sunder","floor":11},{"not_picked":["Rip and Tear","White Noise","Go for the Eyes"],"picked":"Singing Bowl","floor":12},{"not_picked":["Amplify","Thunder Strike"],"picked":"Buffer","floor":16},{"not_picked":["Ball Lightning","Go for the Eyes"],"picked":"Static Discharge","floor":18},{"not_picked":["Blizzard+1","Leap","Gash"],"picked":"Singing Bowl","floor":19}],"player_experience":2953094,"relics_obtained":[{"floor":6,"key":"Orichalcum"},{"floor":9,"key":"Singing Bowl"},{"floor":11,"key":"Mercury Hourglass"}],"event_choices":[{"damage_healed":0,"gold_gain":175,"player_choice":"AGREE","damage_taken":0,"max_hp_gain":0,"max_hp_loss":0,"event_name":"Liars Game","floor":3,"gold_loss":0,"cards_obtained":["Doubt"]},{"damage_healed":0,"gold_gain":0,"player_choice":"Fought Bandits","damage_taken":0,"max_hp_gain":0,"max_hp_loss":0,"event_name":"Masked Bandits","floor":20,"gold_loss":0}],"is_beta":true,"boss_relics":[{"not_picked":["Fusion Hammer","SlaversCollar"],"picked":"Snecko Eye"}],"items_purged_floors":[],"is_endless":false,"potions_floor_spawned":[1,4,6,16,18],"killed_by":"Masked Bandits","ascension_level":10}}