{"host":"pvf7uj918he10jir","time":1610342261,"event":{"mods":["AchievementEnabler","BaseMod","Colored Map","Colored Powertips","Highlight Path","Minty Spire (QoL Compilation)","Relic Stats","Slay the Relics Exporter","everything is the same but u backflip on backflip"],"gold_per_floor":[119,119,119,136,136,136,165,8,8,8,33,46,46,63,63,159,159,176,193,193,193,2,2,15,15,67,0,0,0,0,0],"floor_reached":30,"playtime":1730,"items_purged":["Regret"],"score":281,"play_id":"615966a0-3fcc-465b-a093-3dc4f1890fc0","local_time":"20210111001741","is_ascension_mode":true,"campfire_choices":[{"floor":6,"key":"REST"},{"floor":10,"key":"REST"},{"floor":13,"key":"REST"},{"floor":15,"key":"REST"},{"data":"Hologram","floor":23,"key":"SMITH"},{"data":"Zap","floor":25,"key":"SMITH"},{"data":"Dualcast","floor":28,"key":"SMITH"}],"circlet_count":0,"master_deck":["Strike_B","Strike_B+1","Strike_B","Defend_B","Defend_B","Defend_B","Defend_B","Zap+1","Dualcast+1","Seek","Gash+1","Rebound","Hologram+1","Self Repair+1","Conserve Battery","Core Surge+1","Double Energy","RitualDagger+1","Rebound+1","Scrape+1"],"relics":["Cracked Core","Tiny Chest","Frozen Egg 2","Molten Egg 2","Centennial Puzzle","Runic Pyramid","Strawberry","Lee\u0027s Waffle","Bag of Preparation"],"acts_visited":["Exordium","TheCity"],"potions_floor_usage":[16,24,24,30],"damage_taken":[{"damage":7,"enemies":"Small Slimes","floor":1,"turns":3},{"damage":3,"enemies":"Jaw Worm","floor":4,"turns":3},{"damage":34,"enemies":"3 Sentries","floor":7,"turns":8},{"damage":30,"enemies":"Lagavulin","floor":11,"turns":5},{"damage":0,"enemies":"2 Louse","floor":12,"turns":2},{"damage":6,"enemies":"Blue Slaver","floor":14,"turns":3},{"damage":39,"enemies":"The Guardian","floor":16,"turns":11},{"damage":25,"enemies":"Shell Parasite","floor":18,"turns":6},{"damage":18,"enemies":"Spheric Guardian","floor":19,"turns":4},{"damage":24,"enemies":"Chosen and Byrds","floor":24,"turns":4},{"damage":81,"enemies":"Gremlin Leader","floor":30,"turns":5}],"seed_played":"893663109201857871","potions_obtained":[{"floor":1,"key":"ColorlessPotion"},{"floor":12,"key":"Strength Potion"},{"floor":16,"key":"Explosive Potion"},{"floor":18,"key":"EssenceOfSteel"}],"is_trial":false,"path_per_floor":["M","?","?","M","?","R","E","$","T","R","E","M","R","M","R","B",null,"M","M","?","T","$","R","M","R","T","?","R","$","E"],"character_chosen":"DEFECT","items_purchased":["Self Repair+1","Rebound+1","Lee\u0027s Waffle"],"campfire_rested":4,"item_purchase_floors":[8,22,22],"current_hp_per_floor":[47,47,40,37,22,44,10,10,10,32,12,12,34,38,60,31,75,60,52,46,53,89,89,65,65,65,65,65,65,0,0],"gold":0,"neow_bonus":"THREE_RARE_CARDS","is_daily":false,"chose_seed":false,"campfire_upgraded":3,"win_rate":0.0,"timestamp":1610342261,"path_taken":["M","?","?","M","?","R","E","$","T","R","E","M","R","M","R","BOSS","M","M","?","?","$","R","M","R","T","?","R","?","E"],"items_purchased_type":["Card","Card","Relic"],"build_version":"2020-12-22","purchased_purges":1,"victory":false,"max_hp_per_floor":[75,75,75,75,75,75,75,75,75,75,75,75,75,75,75,75,75,75,75,75,82,89,89,89,89,89,89,89,89,89,89],"relic_stats":{"Centennial Puzzle":[18],"Lee\u0027s Waffle":36,"counters":[11,54],"Tiny Chest":1,"Bag of Preparation":[2],"obtain_stats":[{"Centennial Puzzle":11,"Lee\u0027s Waffle":22,"Strawberry":21,"Tiny Chest":2,"Molten Egg 2":9,"Bag of Preparation":26,"Frozen Egg 2":7,"Cracked Core":0,"Runic Pyramid":17},{"Centennial Puzzle":4,"Lee\u0027s Waffle":9,"Strawberry":9,"Tiny Chest":1,"Molten Egg 2":3,"Bag of Preparation":10,"Frozen Egg 2":3,"Cracked Core":0,"Runic Pyramid":7},{"Centennial Puzzle":19,"Lee\u0027s Waffle":45,"Strawberry":45,"Tiny Chest":3,"Molten Egg 2":14,"Bag of Preparation":49,"Frozen Egg 2":14,"Cracked Core":0,"Runic Pyramid":35}]},"card_choices":[{"not_picked":["Biased Cognition","Hyperbeam"],"picked":"Seek","floor":0},{"not_picked":["Melter","Stack"],"picked":"Gash","floor":1},{"not_picked":["Turbo","Steam"],"picked":"Rebound","floor":4},{"not_picked":["Go for the Eyes","Cold Snap"],"picked":"Hologram","floor":7},{"not_picked":["Tempest","Sweeping Beam+1"],"picked":"Conserve Battery","floor":11},{"not_picked":["Steam","Double Energy","Biased Cognition+1"],"picked":"SKIP","floor":12},{"not_picked":["Go for the Eyes+1","Sunder+1","Static Discharge+1"],"picked":"SKIP","floor":14},{"not_picked":["Hyperbeam+1","Fission"],"picked":"Core Surge+1","floor":16},{"not_picked":["Cold Snap+1","Force Field","Ball Lightning+1"],"picked":"SKIP","floor":18},{"not_picked":["Force Field","Defragment+1"],"picked":"Double Energy","floor":19},{"not_picked":["Chaos","Glacier"],"picked":"Scrape+1","floor":24}],"player_experience":138430,"relics_obtained":[{"floor":7,"key":"Frozen Egg 2"},{"floor":9,"key":"Molten Egg 2"},{"floor":11,"key":"Centennial Puzzle"},{"floor":21,"key":"Strawberry"},{"floor":26,"key":"Bag of Preparation"}],"event_choices":[{"damage_healed":0,"gold_gain":0,"player_choice":"Box","damage_taken":0,"relics_obtained":["Tiny Chest"],"max_hp_gain":0,"max_hp_loss":0,"event_name":"Big Fish","floor":2,"gold_loss":0,"cards_obtained":["Regret"]},{"cards_removed":["Strike_B"],"damage_healed":0,"gold_gain":0,"player_choice":"Card Removal","damage_taken":7,"max_hp_gain":0,"max_hp_loss":0,"event_name":"Golden Wing","floor":3,"gold_loss":0},{"damage_healed":0,"gold_gain":0,"player_choice":"Entered Light","damage_taken":15,"max_hp_gain":0,"max_hp_loss":0,"event_name":"Shining Light","floor":5,"gold_loss":0,"cards_upgraded":["Gash","Strike_B"]},{"damage_healed":0,"gold_gain":0,"player_choice":"Joined the Cult","damage_taken":6,"max_hp_gain":0,"max_hp_loss":0,"event_name":"Nest","floor":20,"gold_loss":0,"cards_obtained":["RitualDagger"]},{"damage_healed":0,"gold_gain":0,"player_choice":"Paid Fearfully","damage_taken":0,"max_hp_gain":0,"max_hp_loss":0,"event_name":"Masked Bandits","floor":27,"gold_loss":67}],"is_beta":false,"boss_relics":[{"not_picked":["Velvet Choker","Coffee Dripper"],"picked":"Runic Pyramid"}],"items_purged_floors":[8],"is_endless":false,"potions_floor_spawned":[1,12,16,18],"killed_by":"Gremlin Leader","ascension_level":4}}