{"host":"9kesdg97wkrx2bva","time":1610399147,"event":{"mods":["AchievementEnabler","BaseMod","Colored Map","Downfall","GifTheSpireLib","Infinite Spire","Minty Spire (QoL Compilation)","Replay The Spire","StSLib"],"gold_per_floor":[112,131,56,56,56,56,87,99,99,10,26,58,58,58,58,135,135,151,151,151],"floor_reached":19,"playtime":395,"items_purged":["Strike_B"],"score":315,"play_id":"b1a0d952-9955-4390-a8f5-53da3d483a81","local_time":"20210111160547","is_ascension_mode":true,"campfire_choices":[{"data":"Gash","floor":6,"key":"SMITH"},{"floor":13,"key":"REST"},{"data":"ReplayGash","floor":15,"key":"SMITH"}],"circlet_count":0,"master_deck":["AscendersBane","Strike_B","Strike_B","Strike_B","Defend_B","Defend_B","Defend_B","Defend_B","Zap","Dualcast","Gash+1","Gash+1","ReplayGash+1","White Noise","Defragment+1","ReplayGash","Ball Lightning","Machine Learning+1","Beam Cell"],"relics":["Cracked Core","Frozen Egg 2","StrikeDummy","Replay:Towering Pillar of Hats","Philosopher\u0027s Stone"],"acts_visited":["Exordium","TheCity"],"potions_floor_usage":[12,18,19],"damage_taken":[{"damage":9,"enemies":"Small Slimes","floor":1,"turns":3},{"damage":2,"enemies":"Jaw Worm","floor":2,"turns":3},{"damage":25,"enemies":"Lagavulin","floor":7,"turns":5},{"damage":0,"enemies":"2 Louse","floor":8,"turns":2},{"damage":0,"enemies":"Large Slime","floor":11,"turns":4},{"damage":10,"enemies":"3 Sentries","floor":12,"turns":3},{"damage":52,"enemies":"The Guardian","floor":16,"turns":8},{"damage":4,"enemies":"Chosen","floor":18,"turns":4},{"damage":59,"enemies":"Masked Bandits","floor":19,"turns":3}],"seed_played":"7535215373700878041","potions_obtained":[{"floor":1,"key":"SteroidPotion"},{"floor":12,"key":"SpeedPotion"},{"floor":18,"key":"Fire Potion"}],"is_trial":false,"path_per_floor":["M","M","$","?","?","R","E","M","T","$","M","E","R","?","R","B",null,"M","?"],"character_chosen":"DEFECT","items_purchased":["ReplayGash"],"campfire_rested":1,"item_purchase_floors":[10],"current_hp_per_floor":[55,53,53,53,53,53,28,28,28,28,28,18,39,62,62,10,56,52,0,0],"gold":151,"neow_bonus":"THREE_CARDS","is_daily":false,"chose_seed":false,"campfire_upgraded":2,"win_rate":0.0,"timestamp":1610399147,"path_taken":["M","M","$","?","?","R","E","M","T","$","M","E","R","?","R","BOSS","M","?"],"items_purchased_type":["Card"],"build_version":"2020-12-22","purchased_purges":1,"victory":false,"max_hp_per_floor":[71,71,71,71,71,71,71,71,71,71,71,71,71,71,71,71,71,71,71,71],"card_choices":[{"not_picked":["Hello World","Compile Driver"],"picked":"Gash","floor":0},{"not_picked":["Barrage","Compile Driver"],"picked":"Gash","floor":1},{"not_picked":["BasicCrystalCard","Reinforced Body"],"picked":"ReplayGash","floor":2},{"not_picked":["Rip and Tear","Reboot"],"picked":"White Noise","floor":7},{"not_picked":["Rebound","Compile Driver"],"picked":"Defragment+1","floor":8},{"not_picked":["Hologram","Panic Button"],"picked":"Ball Lightning","floor":11},{"not_picked":["Rip and Tear","Sweeping Beam","Steam"],"picked":"SKIP","floor":12},{"not_picked":["Meteor Strike","Mirror Shield"],"picked":"Machine Learning+1","floor":16},{"not_picked":["Conserve Battery","Compile Driver"],"picked":"Beam Cell","floor":18}],"player_experience":926621,"relics_obtained":[{"floor":7,"key":"Frozen Egg 2"},{"floor":9,"key":"StrikeDummy"},{"floor":12,"key":"Replay:Towering Pillar of Hats"}],"event_choices":[{"damage_healed":23,"gold_gain":0,"player_choice":"Banana","damage_taken":0,"max_hp_gain":0,"max_hp_loss":0,"event_name":"Big Fish","floor":14,"gold_loss":0},{"damage_healed":0,"gold_gain":0,"player_choice":"Fought Bandits","damage_taken":0,"max_hp_gain":0,"max_hp_loss":0,"event_name":"Masked Bandits","floor":19,"gold_loss":0}],"is_beta":false,"boss_relics":[{"not_picked":["FrozenCore","Cursed Key"],"picked":"Philosopher\u0027s Stone"}],"items_purged_floors":[3],"is_endless":false,"potions_floor_spawned":[1,12,18],"killed_by":"Masked Bandits","ascension_level":16}}