{"host":"nptej036rrbiurf5","time":1610346732,"event":{"mods":["BaseMod","Colored Map","Colored Powertips","DeckTracker","Minty Spire (QoL Compilation)","StSLib","SuperFastMode"],"gold_per_floor":[14,25,36,46,46,46,46,81,106,106,116,169,169,169,169,169,169],"floor_reached":16,"playtime":363,"items_purged":[],"score":200,"play_id":"2caec5fd-8dfc-4414-9a82-5248fe5896ab","local_time":"20210111153212","is_ascension_mode":true,"campfire_choices":[{"data":"Inflame","floor":6.0,"key":"SMITH"},{"floor":13,"key":"REST"},{"data":"Flame Barrier","floor":15,"key":"SMITH"}],"circlet_count":0,"master_deck":["AscendersBane","Strike_R","Strike_R","Strike_R","Strike_R","Strike_R","Defend_R","Defend_R","Defend_R","Defend_R","Bash+1","Inflame+1","Cleave","Pummel+1","Evolve+1","Flex","Heavy Blade+1","Warcry","Second Wind","Flame Barrier+1","Impervious"],"relics":["Burning Blood","Prayer Wheel","Happy Flower","Whetstone","Strawberry","Tiny Chest"],"acts_visited":["Exordium"],"potions_floor_usage":[16],"damage_taken":[{"damage":14.0,"enemies":"Jaw Worm","floor":1.0,"turns":5.0},{"damage":8.0,"enemies":"2 Louse","floor":2.0,"turns":2.0},{"damage":1.0,"enemies":"Cultist","floor":3.0,"turns":3.0},{"damage":24.0,"enemies":"Exordium Thugs","floor":4.0,"turns":4.0},{"damage":30.0,"enemies":"Lagavulin","floor":8.0,"turns":7.0},{"damage":10.0,"enemies":"3 Louse","floor":11.0,"turns":4.0},{"damage":41,"enemies":"Hexaghost","floor":16,"turns":9}],"seed_played":"-1882862061999418654","potions_obtained":[{"floor":3.0,"key":"Weak Potion"},{"floor":4.0,"key":"Explosive Potion"},{"floor":8.0,"key":"Block Potion"}],"is_trial":false,"path_per_floor":["M","M","M","M","?","R","?","E","T","?","M","T","R","?","R","B"],"character_chosen":"IRONCLAD","items_purchased":[],"campfire_rested":1,"item_purchase_floors":[],"current_hp_per_floor":[60,58,63,45,34,34,34,10,17,17,13,13,37,37,37,0,0],"gold":169,"neow_bonus":"ONE_RARE_RELIC","is_daily":false,"chose_seed":false,"campfire_upgraded":2,"win_rate":0.0,"timestamp":1610346732,"path_taken":["M","M","M","M","?","R","?","E","T","?","?","?","R","?","R","BOSS"],"items_purchased_type":[],"build_version":"2020-12-22","purchased_purges":0,"victory":false,"max_hp_per_floor":[75,75,75,75,75,75,75,75,82,82,82,82,82,82,82,82,82],"card_choices":[{"not_picked":["Armaments","Wild Strike"],"picked":"Inflame","floor":1.0},{"not_picked":["True Grit","Clothesline"],"picked":"Cleave","floor":1.0},{"not_picked":["Cleave","Second Wind"],"picked":"Pummel","floor":2.0},{"not_picked":["Shrug It Off","Havoc"],"picked":"Evolve","floor":2.0},{"not_picked":["Anger","Armaments"],"picked":"Flex","floor":3.0},{"not_picked":["Inflame","Headbutt"],"picked":"Heavy Blade","floor":3.0},{"not_picked":["Twin Strike","Sentinel"],"picked":"Warcry","floor":4.0},{"not_picked":["Uppercut","Havoc"],"picked":"Second Wind","floor":4.0},{"not_picked":["True Grit","Flex","Wild Strike"],"picked":"SKIP","floor":8.0},{"not_picked":["Sword Boomerang","Flex"],"picked":"Flame Barrier","floor":11.0},{"not_picked":["Shockwave","Sentinel"],"picked":"Impervious","floor":11.0}],"player_experience":890960,"relics_obtained":[{"floor":8.0,"key":"Whetstone"},{"floor":9.0,"key":"Strawberry"},{"floor":12,"key":"Tiny Chest"}],"event_choices":[{"damage_healed":0.0,"max_hp_gain":0.0,"max_hp_loss":0.0,"gold_gain":0.0,"event_name":"Scrap Ooze","player_choice":"Success","floor":5.0,"gold_loss":0.0,"damage_taken":11.0,"relics_obtained":["Happy Flower"]},{"damage_healed":0.0,"max_hp_gain":0.0,"max_hp_loss":0.0,"gold_gain":0.0,"event_name":"Liars Game","player_choice":"Ignored","floor":7.0,"gold_loss":0.0,"damage_taken":0.0},{"damage_healed":0.0,"max_hp_gain":0.0,"max_hp_loss":0.0,"gold_gain":0.0,"event_name":"Upgrade Shrine","player_choice":"Upgraded","floor":10.0,"gold_loss":0.0,"damage_taken":0.0,"cards_upgraded":["Heavy Blade"]},{"damage_healed":0,"gold_gain":0,"player_choice":"Grow","damage_taken":0,"max_hp_gain":0,"max_hp_loss":0,"event_name":"Living Wall","floor":14,"gold_loss":0,"cards_upgraded":["Evolve"]}],"is_beta":false,"boss_relics":[],"items_purged_floors":[],"is_endless":false,"potions_floor_spawned":[3,4,8],"killed_by":"Hexaghost","ascension_level":20}}