{"host":"t7mx8yfj1no5p62f","time":1610338734,"event":{"mods":["BaseMod","Bestiary","Colored Map","Colored Powertips","Minty Spire (QoL Compilation)","Relic Stats","StSLib"],"gold_per_floor":[111,124,140,153,173,173,191,191,216,216,251,251,271,303,315,404,416,439,428,455,467,498,542,554,600,612,624,652,234,234,261,261,335,335,346,357,1356,1356,1368,1368,1368,761,834,834,863,150,161,190,190,190,190,190,190,32,59,59],"floor_reached":57,"playtime":3577,"items_purged":["Strike_G","Normality","Normality"],"score":2989,"play_id":"c2e9157e-d1f8-4854-82b5-61d1e2627924","local_time":"20210110231854","is_ascension_mode":true,"campfire_choices":[{"data":"Dagger Spray","floor":6.0,"key":"SMITH"},{"data":"Acrobatics","floor":8.0,"key":"SMITH"},{"data":"Flying Knee","floor":10.0,"key":"SMITH"},{"data":"Sucker Punch","floor":12.0,"key":"SMITH"},{"data":"Deadly Poison","floor":15.0,"key":"SMITH"},{"floor":24.0,"key":"REST"},{"data":"Dash","floor":27.0,"key":"SMITH"},{"data":"Riddle With Holes","floor":30.0,"key":"SMITH"},{"data":"Acrobatics","floor":32.0,"key":"SMITH"},{"data":"Blur","floor":40.0,"key":"SMITH"},{"data":"Outmaneuver","floor":41.0,"key":"SMITH"},{"floor":44.0,"key":"RECALL"},{"data":"Malaise","floor":49,"key":"SMITH"},{"data":"Acrobatics","floor":53,"key":"SMITH"}],"circlet_count":0,"master_deck":["AscendersBane","Strike_G","Defend_G","Defend_G","Defend_G","Defend_G","Defend_G","Survivor","Neutralize","Flying Knee+1","Acrobatics+1","Dagger Spray+1","Bullet Time","Blur+1","Backflip","Sucker Punch+1","Underhanded Strike","Deadly Poison+1","After Image","Blur+1","Glass Knife+1","Dagger Spray+1","Dash+1","Outmaneuver+1","Acrobatics+1","Outmaneuver+1","Backflip","Acrobatics+1","Riddle With Holes+1","After Image+1","CurseOfTheBell","Underhanded Strike+1","Leg Sweep","Eviscerate+1","Well Laid Plans+1","Crippling Poison","Malaise+1","Acrobatics+1","Footwork+1","Noxious Fumes+1","Night Terror"],"relics":["Snecko Eye","Bag of Preparation","Sundial","MawBank","Astrolabe","Potion Belt","Frozen Egg 2","WingedGreaves","Eternal Feather","Dead Branch","Calling Bell","Vajra","Tingsha","Medical Kit","Toy Ornithopter","Mummified Hand","TwistedFunnel","Bag of Marbles","Lantern","Anchor","Nunchaku"],"acts_visited":["Exordium","TheCity","TheBeyond","TheEnding"],"potions_floor_usage":[48,56,56,56,56],"damage_taken":[{"damage":0.0,"enemies":"Cultist","floor":1.0,"turns":3.0},{"damage":0.0,"enemies":"Small Slimes","floor":2.0,"turns":3.0},{"damage":7.0,"enemies":"2 Louse","floor":3.0,"turns":3.0},{"damage":2.0,"enemies":"Looter","floor":4.0,"turns":4.0},{"damage":0.0,"enemies":"2 Fungi Beasts","floor":5.0,"turns":3.0},{"damage":12.0,"enemies":"Exordium Thugs","floor":7.0,"turns":6.0},{"damage":15.0,"enemies":"Lagavulin","floor":11.0,"turns":6.0},{"damage":0.0,"enemies":"Looter","floor":13.0,"turns":2.0},{"damage":0.0,"enemies":"Gremlin Nob","floor":14.0,"turns":3.0},{"damage":3.0,"enemies":"The Guardian","floor":16.0,"turns":11.0},{"damage":0.0,"enemies":"Shell Parasite","floor":18.0,"turns":4.0},{"damage":22.0,"enemies":"2 Thieves","floor":19.0,"turns":5.0},{"damage":0.0,"enemies":"Snake Plant","floor":20.0,"turns":3.0},{"damage":9.0,"enemies":"3 Cultists","floor":22.0,"turns":5.0},{"damage":6.0,"enemies":"Gremlin Leader","floor":23.0,"turns":10.0},{"damage":22.0,"enemies":"Slavers","floor":25.0,"turns":11.0},{"damage":0.0,"enemies":"Cultist and Chosen","floor":28.0,"turns":4.0},{"damage":28.0,"enemies":"Book of Stabbing","floor":31.0,"turns":6.0},{"damage":21.0,"enemies":"Automaton","floor":33.0,"turns":12.0},{"damage":0.0,"enemies":"3 Darklings","floor":35.0,"turns":4.0},{"damage":9.0,"enemies":"Orb Walker","floor":36.0,"turns":4.0},{"damage":32.0,"enemies":"Jaw Worm Horde","floor":39.0,"turns":6.0},{"damage":0,"enemies":"Nemesis","floor":45,"turns":5},{"damage":0,"enemies":"3 Darklings","floor":47,"turns":3},{"damage":0,"enemies":"Reptomancer","floor":48,"turns":5},{"damage":23,"enemies":"Awakened One","floor":50,"turns":16},{"damage":37,"enemies":"Time Eater","floor":51,"turns":15},{"damage":2,"enemies":"Shield and Spear","floor":55,"turns":4},{"damage":27,"enemies":"The Heart","floor":56,"turns":8}],"seed_played":"7323046955509710903","potions_obtained":[{"floor":4.0,"key":"Strength Potion"},{"floor":5.0,"key":"FearPotion"},{"floor":13.0,"key":"BlessingOfTheForge"},{"floor":16.0,"key":"GhostInAJar"},{"floor":22.0,"key":"CultistPotion"},{"floor":23.0,"key":"FairyPotion"},{"floor":28.0,"key":"DuplicationPotion"},{"floor":31.0,"key":"Fire Potion"},{"floor":39.0,"key":"FearPotion"},{"floor":45,"key":"DistilledChaos"},{"floor":47,"key":"PowerPotion"},{"floor":55,"key":"Ancient Potion"}],"is_trial":false,"path_per_floor":["M","M","M","M","M","R","M","R","T","R","E","R","M","E","R","B",null,"M","M","M","?","M","E","R","E","T","R","M","$","R","E","R","B",null,"M","M","?","?","M","R","R","$","T","R","E","$","M","E","R","B","B",null,"R","$","E","B",null],"character_chosen":"THE_SILENT","items_purchased":["Riddle With Holes","Eternal Feather","Medical Kit","Well Laid Plans+1","Crippling Poison","Toy Ornithopter","TwistedFunnel","Bag of Marbles","Lantern","Acrobatics","Footwork+1","Night Terror"],"campfire_rested":1,"item_purchase_floors":[29,29,42,42,42,42,46,46,46,46,46,54],"current_hp_per_floor":[59,59,52,50,50,50,38,38,38,38,23,23,23,23,23,20,55,55,33,33,33,24,18,37,15,15,15,15,15,30,2,17,16,54,54,45,45,45,13,34,55,55,55,66,66,66,66,66,66,43,6,51,66,66,64,49],"gold":59,"neow_bonus":"BOSS_RELIC","is_daily":false,"chose_seed":false,"campfire_upgraded":12,"win_rate":0.0,"timestamp":1610338734,"path_taken":["M","M","M","?","M","R","M","R","T","R","E","R","M","E","R","BOSS","M","M","M","?","M","E","R","E","T","R","?","$","R","E","R","BOSS","M","?","?","?","M","R","R","$","T","R","E","$","M","E","R","BOSS","BOSS","R","$","E","BOSS"],"items_purchased_type":["Card","Relic","Relic","Card","Card","Relic","Relic","Relic","Relic","Card","Card","Card"],"build_version":"2020-12-22","purchased_purges":3,"victory":true,"max_hp_per_floor":[66,66,66,66,66,66,66,66,66,66,66,66,66,66,66,66,66,66,66,66,66,66,66,66,66,66,66,66,66,66,66,66,66,66,66,66,66,66,66,66,66,66,66,66,66,66,66,66,66,66,66,66,66,66,66,66],"relic_stats":{"counters":[29,174],"Astrolabe":["Blur","Glass Knife","Dagger Spray"],"Dead Branch":[57],"Eternal Feather":98,"Tingsha":[161],"Bag of Preparation":[46],"MawBank":180,"Medical Kit":[13],"Nunchaku":[2],"Sundial":[26],"Mummified Hand":[63],"Snecko Eye":[390,356,396,402],"obtain_stats":[{"Potion Belt":23,"TwistedFunnel":46,"Lantern":46,"Astrolabe":17,"Dead Branch":31,"Vajra":34,"Eternal Feather":29,"Tingsha":34,"Bag of Preparation":9,"Frozen Egg 2":25,"MawBank":14,"Medical Kit":42,"Calling Bell":34,"Anchor":48,"Nunchaku":55,"Sundial":11,"Mummified Hand":45,"Snecko Eye":0,"WingedGreaves":26,"Bag of Marbles":46,"Toy Ornithopter":42,"Ring of the Snake":0},{"Potion Belt":15,"TwistedFunnel":23,"Lantern":23,"Astrolabe":10,"Dead Branch":18,"Vajra":19,"Eternal Feather":17,"Tingsha":19,"Bag of Preparation":6,"Frozen Egg 2":16,"MawBank":9,"Medical Kit":22,"Calling Bell":19,"Anchor":25,"Nunchaku":28,"Sundial":7,"Mummified Hand":23,"Snecko Eye":0,"WingedGreaves":16,"Bag of Marbles":23,"Toy Ornithopter":22,"Ring of the Snake":0},{"Potion Belt":71,"TwistedFunnel":123,"Lantern":123,"Astrolabe":44,"Dead Branch":92,"Vajra":104,"Eternal Feather":86,"Tingsha":104,"Bag of Preparation":22,"Frozen Egg 2":82,"MawBank":33,"Medical Kit":118,"Calling Bell":104,"Anchor":131,"Nunchaku":166,"Sundial":28,"Mummified Hand":123,"Snecko Eye":0,"WingedGreaves":82,"Bag of Marbles":123,"Toy Ornithopter":118,"Ring of the Snake":0}],"Toy Ornithopter":12},"card_choices":[{"not_picked":["Blade Dance","Setup"],"picked":"Flying Knee","floor":1.0},{"not_picked":["Deadly Poison","Dagger Spray"],"picked":"Acrobatics","floor":2.0},{"not_picked":["Blade Dance","Poisoned Stab"],"picked":"Dagger Spray","floor":3.0},{"not_picked":["Bane","Underhanded Strike"],"picked":"Bullet Time","floor":4.0},{"not_picked":["Prepared","Deflect"],"picked":"Blur","floor":5.0},{"not_picked":["Endless Agony","Cloak And Dagger"],"picked":"Backflip","floor":7.0},{"not_picked":["Accuracy","Poisoned Stab"],"picked":"Sucker Punch","floor":11.0},{"not_picked":["Slice","Blade Dance"],"picked":"Underhanded Strike","floor":13.0},{"not_picked":["Flying Knee","Quick Slash"],"picked":"Deadly Poison","floor":14.0},{"not_picked":["Phantasmal Killer","Glass Knife"],"picked":"After Image","floor":16.0},{"not_picked":["Flechettes","Masterful Stab","Bane"],"picked":"SKIP","floor":18.0},{"not_picked":["Bouncing Flask","Dagger Throw"],"picked":"Dash","floor":19.0},{"not_picked":["Well Laid Plans","Acrobatics"],"picked":"Outmaneuver+1","floor":20.0},{"not_picked":["Infinite Blades","Prepared+1","Quick Slash"],"picked":"SKIP","floor":22.0},{"not_picked":["Adrenaline","Caltrops"],"picked":"Outmaneuver","floor":23.0},{"not_picked":["Dodge and Roll","All Out Attack"],"picked":"Backflip","floor":25.0},{"not_picked":["Flying Knee","Adrenaline"],"picked":"Acrobatics","floor":28.0},{"not_picked":["Setup+1","Deadly Poison","Flechettes"],"picked":"SKIP","floor":31.0},{"not_picked":["Grand Finale","Die Die Die"],"picked":"After Image+1","floor":33.0},{"not_picked":["Flying Knee","Infinite Blades+1"],"picked":"Underhanded Strike+1","floor":35.0},{"not_picked":["Tools of the Trade+1","Flying Knee"],"picked":"Leg Sweep","floor":36.0},{"not_picked":["Poisoned Stab","Predator"],"picked":"Eviscerate+1","floor":39.0},{"not_picked":["Deflect","Dagger Spray"],"picked":"Malaise","floor":45},{"not_picked":["Acrobatics","Deadly Poison"],"picked":"Noxious Fumes+1","floor":47},{"not_picked":["Dagger Throw+1","Escape Plan+1","Outmaneuver+1"],"picked":"SKIP","floor":48},{"not_picked":["Distraction","Deflect","Endless Agony"],"picked":"SKIP","floor":55}],"player_experience":1719259,"relics_obtained":[{"floor":9.0,"key":"Bag of Preparation"},{"floor":11.0,"key":"Sundial"},{"floor":14.0,"key":"MawBank"},{"floor":23.0,"key":"Potion Belt"},{"floor":25.0,"key":"Frozen Egg 2"},{"floor":26.0,"key":"WingedGreaves"},{"floor":31.0,"key":"Dead Branch"},{"floor":34.0,"key":"Vajra"},{"floor":34.0,"key":"Tingsha"},{"floor":45,"key":"Mummified Hand"},{"floor":48,"key":"Anchor"},{"floor":55,"key":"Nunchaku"}],"event_choices":[{"damage_healed":0.0,"max_hp_gain":0.0,"max_hp_loss":0.0,"gold_gain":0.0,"event_name":"Duplicator","player_choice":"Copied","floor":21.0,"gold_loss":0.0,"damage_taken":0.0,"cards_obtained":["Acrobatics"]},{"damage_healed":0.0,"max_hp_gain":0.0,"max_hp_loss":0.0,"gold_gain":999.0,"event_name":"MindBloom","player_choice":"Gold","floor":37.0,"gold_loss":0.0,"damage_taken":0.0,"cards_obtained":["Normality","Normality"]},{"damage_healed":0.0,"max_hp_gain":0.0,"max_hp_loss":0.0,"gold_gain":0.0,"event_name":"SensoryStone","player_choice":"Memory 1","floor":38.0,"gold_loss":0.0,"damage_taken":0.0}],"is_beta":false,"boss_relics":[{"not_picked":["Sozu","Black Star"],"picked":"Astrolabe"},{"not_picked":["Tiny House","Velvet Choker"],"picked":"Calling Bell"}],"items_purged_floors":[29,42,46],"is_endless":false,"potions_floor_spawned":[4,5,13,16,22,23,28,31,39,45,47,55],"ascension_level":20}}