{"host":"fx1msjnmzlhlr397","time":1610383317,"event":{"mods":["AchievementEnabler","Act Like it!","Astrologer","BaseMod","Better Third Choice","Colored Map","Colored Powertips","Downfall","Duelist Mod","Friendly Minions","Gensokyo","GifTheSpireLib","Googly Eyes","Hermit","Highlight Path","LagranYue(???·?)","Marisa????????","Minty Spire (QoL Compilation)","Permanent Neow","Prisma Mod","Quick Restart","Rare Cards Sparkle","Replay The Spire","SOS???????","Shop Mod","StSLib","SuperFastMode","Td1madao Mod","The Alterego","The Animator","The Hierophant","The Jungle","The Wild Card"],"gold_per_floor":[114,129,129,13,13,13,43,99,99,178,190,58,58,76,76,174,174,193,208,208,220,232,232,246,260,284,284,312,322,322,334,334,430,430,443,204,204,230,243,243,243,258,258,258,271,271,37,62,62,62,62],"floor_reached":50,"playtime":2273,"items_purged":[],"score":494,"play_id":"f816597a-cad4-44d5-ae4d-7d372f4ebb79","local_time":"20210111114157","is_ascension_mode":false,"campfire_choices":[{"data":"animator:Scar","floor":6,"key":"SMITH"},{"floor":15,"key":"REST"},{"floor":23,"key":"REST"},{"floor":32,"key":"REST"},{"data":"animator:Berserker","floor":40,"key":"SMITH"},{"data":"animator:YunYun","floor":44,"key":"SMITH"},{"floor":46,"key":"REST"},{"data":"animator:Gilgamesh+3","floor":49,"key":"SMITH"}],"circlet_count":0,"master_deck":["animator:Defend_Konosuba+1","animator:Defend+1","animator:Defend+1","animator:Defend+1","animator:Kazuma+1","animator:Aqua+1","animator:Greed+1","animator:TsurugaMeisai+1","animator:LizardPriest+1","animator:Scar+1","animator:CowGirl+1","animator:YunYun+1","animator:Biyorigo+1","animator:HigakiRinne+1","animator:Konayuki+1","animator:EmiyaShirou+1","animator:Archer+1","animator:Archer+1","animator:EmiyaShirou+1","animator:Saitama+1","animator:Konayuki+1","animator:Berserker+1","animator:Konayuki+1","animator:Alexander+1","animator:Togame+1","animator:Rider+1","animator:Lancer+1","animator:Mitsurugi+1","animator:RinTohsaka+1","Bite+1","Bite+1","Bite+1","Bite+1","animator:Assassin+1","animator:HigakiRinne+1","animator:Caster+1","animator:HigakiRinne+1","animator:Assassin+1","animator:YunYun+1","animator:Alexander+1","animator:Gilgamesh+4"],"relics":["animator:LivingPicture","animator:TheMissingPiece","LagranYue:RandomDrawCardRelic","LagranYue:MagicReflectiveArmorRelic","War Paint","Replay:Wax Seal","ReplayTheSpireMod:Shallot","Philosopher\u0027s Stone","Bag of Marbles","Runic Dome","Iron Hammer","Happy Flower","Golden Egg","TwistedFunnel","Mark of the Bloom"],"acts_visited":["Exordium","TheCity","TheBeyond"],"potions_floor_usage":[14],"damage_taken":[{"damage":11,"enemies":"Jaw Worm","floor":1,"turns":6},{"damage":11,"enemies":"2 Louse","floor":2,"turns":5},{"damage":26,"enemies":"Lagavulin","floor":7,"turns":7},{"damage":21,"enemies":"3 Sentries","floor":8,"turns":5},{"damage":0,"enemies":"Small Slimes","floor":11,"turns":4},{"damage":0,"enemies":"Looter","floor":14,"turns":3},{"damage":33,"enemies":"The Guardian","floor":16,"turns":14},{"damage":15,"enemies":"3 Byrds","floor":18,"turns":5},{"damage":8,"enemies":"Shell Parasite","floor":19,"turns":7},{"damage":16,"enemies":"Shelled Parasite and Fungi","floor":21,"turns":5},{"damage":11,"enemies":"Snecko","floor":22,"turns":6},{"damage":26,"enemies":"Sentry and Sphere","floor":24,"turns":5},{"damage":14,"enemies":"Centurion and Healer","floor":25,"turns":8},{"damage":21,"enemies":"Snake Plant","floor":28,"turns":4},{"damage":5,"enemies":"Sentry and Sphere","floor":29,"turns":5},{"damage":5,"enemies":"Shelled Parasite and Fungi","floor":31,"turns":5},{"damage":13,"enemies":"Champ","floor":33,"turns":13},{"damage":8,"enemies":"3 Darklings","floor":35,"turns":6},{"damage":7,"enemies":"Orb Walker","floor":39,"turns":3},{"damage":0,"enemies":"Sphere and 2 Shapes","floor":42,"turns":3},{"damage":30,"enemies":"Writhing Mass","floor":45,"turns":5},{"damage":43,"enemies":"Awakened One","floor":50,"turns":3}],"seed_played":"7924288609557120928","potions_obtained":[{"floor":1,"key":"champ:CounterPotion"},{"floor":7,"key":"Elixir"},{"floor":11,"key":"Fruit Juice"},{"floor":14,"key":"Regen Potion"},{"floor":21,"key":"DuplicationPotion"},{"floor":22,"key":"FairyPotion"},{"floor":28,"key":"Strength Potion"},{"floor":35,"key":"FairyPotion"}],"is_trial":false,"path_per_floor":["M","M","?","$","?","R","E","?","T","T","M","$","?","M","R","B",null,"M","M","?","M","M","R","M","M","T","?","M","M","?","M","R","B",null,"M","$","?","T","M","R","?","M","T","R","M","R","$","?","R","B"],"character_chosen":"THE_ANIMATOR","items_purchased":["animator:Scar","animator:CowGirl","animator:EmiyaShirou","animator:Archer","Iron Hammer","animator:Gilgamesh","TwistedFunnel"],"campfire_rested":4,"item_purchase_floors":[4,4,12,12,36,47,47],"current_hp_per_floor":[57,48,48,48,48,48,24,5,5,5,7,7,29,36,57,26,71,58,52,52,38,29,50,27,15,15,2,6,3,3,8,23,33,53,50,50,43,43,43,43,43,46,46,46,26,41,41,41,41,0,0],"gold":62,"neow_bonus":"ONE_RANDOM_RARE_CARD","is_daily":false,"chose_seed":false,"campfire_upgraded":4,"win_rate":0.0,"timestamp":1610383317,"path_taken":["M","M","?","$","?","R","E","?","T","?","M","$","?","M","R","BOSS","M","M","?","?","M","R","M","M","T","?","M","M","?","M","R","BOSS","M","$","?","?","M","R","?","M","T","R","M","R","$","?","R","BOSS"],"items_purchased_type":["Card","Card","Card","Card","Relic","Card","Relic"],"build_version":"2020-12-22","purchased_purges":0,"victory":false,"max_hp_per_floor":[66,66,66,66,66,66,66,66,66,66,66,66,66,71,71,71,71,71,71,71,71,71,71,71,71,71,76,76,76,53,53,53,53,53,53,53,53,53,53,53,53,53,53,53,53,53,53,53,53,53,53],"card_choices":[{"not_picked":["animator:ElricAlphonse","animator:Raven"],"picked":"animator:TsurugaMeisai","floor":1},{"not_picked":["animator:Vanir","animator:Sonic"],"picked":"animator:LizardPriest","floor":2},{"not_picked":["animator:WinryRockbell","animator:Priestess"],"picked":"animator:Biyorigo","floor":7},{"not_picked":["animator:Shichika","animator:ZankiKiguchi"],"picked":"animator:HigakiRinne","floor":8},{"not_picked":["animator:Verdia","animator:Megumin"],"picked":"animator:Konayuki","floor":11},{"not_picked":["animator:ElricEdward","animator:Ara"],"picked":"animator:EmiyaShirou","floor":14},{"not_picked":["animator:GoblinSlayer","animator:SwordMaiden"],"picked":"animator:Saitama","floor":16},{"not_picked":["animator:Azekura","animator:ElricEdward"],"picked":"animator:Konayuki","floor":18},{"not_picked":["animator:ShinjiMatou","animator:Alexander"],"picked":"animator:Berserker","floor":19},{"not_picked":["animator:Chung","animator:RinTohsaka"],"picked":"animator:Alexander","floor":21},{"not_picked":["animator:Spearman","animator:WinryRockbell+1"],"picked":"animator:Togame+1","floor":22},{"not_picked":["animator:Lu","animator:GuildGirl"],"picked":"animator:Rider","floor":24},{"not_picked":["animator:EmiyaShirou","animator:Alexander"],"picked":"animator:Lancer","floor":25},{"not_picked":["animator:Togame","animator:Genos"],"picked":"animator:Mitsurugi+1","floor":28},{"not_picked":["animator:MaesHughes","animator:Geryuganshoop"],"picked":"animator:RinTohsaka+1","floor":29},{"not_picked":["animator:Pride","animator:Witch"],"picked":"animator:Assassin","floor":31},{"not_picked":["animator:Wiz","animator:Elesis"],"picked":"animator:HigakiRinne","floor":33},{"not_picked":["animator:Berserker","animator:Lancer"],"picked":"animator:Caster","floor":35},{"not_picked":["animator:LizardPriest+1","animator:Togame"],"picked":"animator:Assassin+1","floor":39},{"not_picked":["animator:Gluttony","animator:Priestess"],"picked":"animator:YunYun","floor":42},{"not_picked":["animator:Raven+1","animator:Ciel"],"picked":"animator:Alexander+1","floor":45}],"player_experience":8885,"relics_obtained":[{"floor":7,"key":"LagranYue:MagicReflectiveArmorRelic"},{"floor":8,"key":"War Paint"},{"floor":9,"key":"Replay:Wax Seal"},{"floor":10,"key":"ReplayTheSpireMod:Shallot"},{"floor":26,"key":"Bag of Marbles"},{"floor":38,"key":"Happy Flower"},{"floor":43,"key":"Golden Egg"}],"event_choices":[{"damage_healed":0,"gold_gain":0,"player_choice":"Searched \u00272\u0027 times","damage_taken":0,"max_hp_gain":0,"max_hp_loss":0,"event_name":"Dead Adventurer","floor":8,"gold_loss":0},{"damage_healed":22,"gold_gain":0,"player_choice":"Banana","damage_taken":0,"max_hp_gain":0,"max_hp_loss":0,"event_name":"Big Fish","floor":13,"gold_loss":0},{"damage_healed":0,"gold_gain":0,"player_choice":"Copied","damage_taken":0,"max_hp_gain":0,"max_hp_loss":0,"event_name":"Duplicator","floor":20,"gold_loss":0,"cards_obtained":["animator:Konayuki"]},{"damage_healed":0,"gold_gain":0,"player_choice":"Shed Blood","damage_taken":18,"max_hp_gain":5,"max_hp_loss":0,"event_name":"Forgotten Altar","floor":27,"gold_loss":0},{"damage_healed":0,"gold_gain":0,"player_choice":"Became a vampire","damage_taken":0,"max_hp_gain":0,"max_hp_loss":23,"event_name":"Vampires","floor":30,"gold_loss":0,"cards_obtained":["Bite","Bite","Bite","Bite","Bite"]},{"damage_healed":0,"gold_gain":0,"player_choice":"Embrace Madness","damage_taken":7,"max_hp_gain":0,"max_hp_loss":0,"event_name":"Winding Halls","floor":37,"gold_loss":0,"cards_obtained":["animator:HigakiRinne"]},{"cards_removed":["Bite"],"damage_healed":0,"gold_gain":0,"player_choice":"Removed Attack","damage_taken":0,"max_hp_gain":0,"max_hp_loss":0,"event_name":"Falling","floor":41,"gold_loss":0},{"damage_healed":0,"gold_gain":0,"player_choice":"Upgrade","damage_taken":0,"relics_obtained":["Mark of the Bloom"],"max_hp_gain":0,"max_hp_loss":0,"event_name":"MindBloom","floor":48,"gold_loss":0,"cards_upgraded":["animator:Defend_Konosuba","animator:Defend","animator:Defend","animator:Defend","animator:Aqua","animator:Greed","animator:LizardPriest","animator:CowGirl","animator:Biyorigo","animator:Konayuki","animator:EmiyaShirou","animator:Archer","animator:Archer","animator:EmiyaShirou","animator:Saitama","animator:Konayuki","animator:Konayuki","animator:Alexander","animator:Rider","animator:Lancer","Bite","Bite","Bite","Bite","animator:Assassin","animator:HigakiRinne","animator:Caster","animator:HigakiRinne","animator:Gilgamesh"]}],"is_beta":false,"boss_relics":[{"not_picked":["Painkiller Herb","Tiny House"],"picked":"Philosopher\u0027s Stone"},{"not_picked":["Mark of Pain","animator:CursedBlade"],"picked":"Runic Dome"}],"items_purged_floors":[],"is_endless":false,"potions_floor_spawned":[1,7,11,14,21,22,24,28,35,42,45],"killed_by":"Awakened One","ascension_level":0}}