{"host":"Berg","time":1610398296,"event":{"mods":["AchievementEnabler","BaseMod","Colored Map","Highlight Path","Minty Spire (QoL Compilation)","Relic Stats","StSLib"],"gold_per_floor":[110,110,120,120,120,120,148,176,176,206,218,218,293,303,303,408,408,420,345,361,361,380,380,408,408,456,468,480,492,516,528,540,653,665,692,704,766,161,212,243,243,243,266,266,266,304,3,46,46,46],"floor_reached":51,"playtime":1325,"items_purged":["Strike_R","Strike_R+1"],"score":971,"play_id":"61e752b1-379e-4622-af41-9b731c971af9","local_time":"20210111155136","is_ascension_mode":true,"campfire_choices":[{"data":"Strike_R","floor":6.0,"key":"SMITH"},{"data":"Offering","floor":12.0,"key":"SMITH"},{"data":"Headbutt","floor":15.0,"key":"SMITH"},{"data":"Perfected Strike","floor":23.0,"key":"SMITH"},{"data":"Carnage","floor":25.0,"key":"SMITH"},{"data":"Double Tap","floor":27.0,"key":"SMITH"},{"data":"Inflame","floor":32.0,"key":"SMITH"},{"floor":41.0,"key":"REST"},{"floor":44.0,"key":"REST"},{"data":"Limit Break","floor":49.0,"key":"SMITH"}],"circlet_count":0,"master_deck":["Strike_R+1","Strike_R+1","Strike_R+1","Defend_R+1","Defend_R+1","Defend_R+1","Defend_R+1","Bash+1","Cleave+1","Headbutt+1","Offering+1","Double Tap+1","Carnage+1","Perfected Strike+1","Inflame+1","Demon Form","Limit Break+1","Perfected Strike","Flash of Steel","Disarm+1","Flex+1","Pummel","Dual Wield+1"],"relics":["Burning Blood","Matryoshka","Odd Mushroom","Thread and Needle","Paper Frog","FossilizedHelix","Blood Vial","Snecko Eye","Blue Candle","MawBank","Lantern","Bottled Flame","Philosopher\u0027s Stone","Bird Faced Urn","Brimstone","HornCleat","WingedGreaves","Mummified Hand","MealTicket","CeramicFish","Unceasing Top","ClockworkSouvenir","Sundial"],"acts_visited":["Exordium","TheCity","TheBeyond"],"potions_floor_usage":[50,50,50],"damage_taken":[{"damage":11.0,"enemies":"Jaw Worm","floor":1.0,"turns":3.0},{"damage":7.0,"enemies":"Small Slimes","floor":3.0,"turns":4.0},{"damage":13.0,"enemies":"The Mushroom Lair","floor":7.0,"turns":3.0},{"damage":24.0,"enemies":"Lagavulin","floor":8.0,"turns":5.0},{"damage":5.0,"enemies":"3 Sentries","floor":10.0,"turns":6.0},{"damage":0.0,"enemies":"2 Louse","floor":11.0,"turns":1.0},{"damage":0.0,"enemies":"2 Fungi Beasts","floor":14.0,"turns":2.0},{"damage":0.0,"enemies":"Slime Boss","floor":16.0,"turns":6.0},{"damage":11.0,"enemies":"3 Byrds","floor":18.0,"turns":4.0},{"damage":6.0,"enemies":"2 Thieves","floor":20.0,"turns":2.0},{"damage":3.0,"enemies":"3 Cultists","floor":22.0,"turns":4.0},{"damage":39.0,"enemies":"Gremlin Leader","floor":24.0,"turns":5.0},{"damage":6.0,"enemies":"Centurion and Healer","floor":30.0,"turns":4.0},{"damage":0.0,"enemies":"Champ","floor":33.0,"turns":4.0},{"damage":0.0,"enemies":"3 Darklings","floor":35.0,"turns":3.0},{"damage":30.0,"enemies":"Mind Bloom Boss Battle","floor":37.0,"turns":3.0},{"damage":13.0,"enemies":"2 Orb Walkers","floor":39.0,"turns":2.0},{"damage":51.0,"enemies":"Reptomancer","floor":40.0,"turns":4.0},{"damage":18.0,"enemies":"Giant Head","floor":46.0,"turns":5.0},{"damage":0.0,"enemies":"Reptomancer","floor":48.0,"turns":3.0},{"damage":29,"enemies":"Awakened One","floor":50,"turns":5}],"seed_played":"8533722651542742560","potions_obtained":[{"floor":3.0,"key":"Block Potion"},{"floor":11.0,"key":"Explosive Potion"},{"floor":14.0,"key":"Swift Potion"},{"floor":16.0,"key":"Strength Potion"},{"floor":20.0,"key":"Energy Potion"},{"floor":24.0,"key":"Swift Potion"},{"floor":30.0,"key":"Fire Potion"},{"floor":35.0,"key":"PowerPotion"},{"floor":37.0,"key":"SteroidPotion"}],"is_trial":false,"path_per_floor":["M","?","M","T","?","R","?","E","T","E","M","R","?","M","R","B",null,"M","$","M","?","M","R","E","R","T","R","?","$","M","T","R","B",null,"M","?","?","$","?","E","R","T","T","R","?","E","$","E","R","B",null],"character_chosen":"IRONCLAD","items_purchased":["Brimstone","Limit Break","Perfected Strike","Flash of Steel","HornCleat","ClockworkSouvenir","BlessingOfTheForge"],"campfire_rested":2,"item_purchase_floors":[38,38,38,38,38,47,47],"current_hp_per_floor":[75,59,58,58,58,58,51,33,33,34,42,42,31,39,39,47,80,75,75,77,77,80,80,47,47,47,47,47,47,49,49,49,57,80,80,80,56,56,53,12,36,36,36,60,60,54,69,76,76,55],"gold":46,"neow_bonus":"UPGRADE_CARD","is_daily":false,"chose_seed":false,"campfire_upgraded":8,"win_rate":0.0,"timestamp":1610398296,"path_taken":["M","?","M","?","?","R","?","E","T","E","?","R","?","M","R","BOSS","M","$","M","?","M","R","E","R","T","R","?","?","M","?","R","BOSS","M","?","?","$","?","E","R","?","T","R","?","E","?","E","R","BOSS"],"items_purchased_type":["Relic","Card","Card","Card","Relic","Relic","Potion"],"build_version":"2020-12-18","purchased_purges":2,"victory":true,"max_hp_per_floor":[80,80,80,80,80,80,80,80,80,80,80,80,80,80,80,80,80,80,80,80,80,80,80,80,80,80,80,80,80,80,80,80,80,80,80,80,80,80,80,80,80,80,80,80,76,76,76,76,76,76],"relic_stats":{"counters":[21,78],"Blue Candle":[0],"CeramicFish":18,"MawBank":144,"Burning Blood":117,"Blood Vial":22,"Mummified Hand":[10],"Sundial":[0],"Bird Faced Urn":[10],"Snecko Eye":[97,99,97,94],"MealTicket":15,"obtain_stats":[{"Lantern":26,"Blue Candle":24,"CeramicFish":43,"Thread and Needle":8,"Odd Mushroom":7,"MawBank":26,"Burning Blood":0,"ClockworkSouvenir":47,"Blood Vial":10,"Bottled Flame":31,"Matryoshka":4,"HornCleat":38,"Brimstone":38,"Mummified Hand":40,"Sundial":48,"Bird Faced Urn":37,"Snecko Eye":17,"Philosopher\u0027s Stone":34,"MealTicket":42,"WingedGreaves":39,"FossilizedHelix":9,"Unceasing Top":46,"Paper Frog":9},{"Lantern":12,"Blue Candle":12,"CeramicFish":18,"Thread and Needle":4,"Odd Mushroom":3,"MawBank":12,"Burning Blood":0,"ClockworkSouvenir":19,"Blood Vial":5,"Bottled Flame":13,"Matryoshka":2,"HornCleat":16,"Brimstone":16,"Mummified Hand":18,"Sundial":20,"Bird Faced Urn":16,"Snecko Eye":8,"Philosopher\u0027s Stone":14,"MealTicket":18,"WingedGreaves":17,"FossilizedHelix":4,"Unceasing Top":19,"Paper Frog":4},{"Lantern":45,"Blue Candle":45,"CeramicFish":65,"Thread and Needle":15,"Odd Mushroom":10,"MawBank":45,"Burning Blood":0,"ClockworkSouvenir":70,"Blood Vial":21,"Bottled Flame":49,"Matryoshka":7,"HornCleat":59,"Brimstone":59,"Mummified Hand":65,"Sundial":73,"Bird Faced Urn":59,"Snecko Eye":30,"Philosopher\u0027s Stone":53,"MealTicket":65,"WingedGreaves":61,"FossilizedHelix":15,"Unceasing Top":70,"Paper Frog":15}],"Unceasing Top":[0]},"card_choices":[{"not_picked":["Body Slam","Flame Barrier","Thunderclap"],"picked":"SKIP","floor":1.0},{"not_picked":["Dark Embrace","Clothesline"],"picked":"Cleave","floor":3.0},{"not_picked":["Fire Breathing","Dual Wield"],"picked":"Headbutt","floor":7.0},{"not_picked":["Clash","Flex","Juggernaut"],"picked":"SKIP","floor":8.0},{"not_picked":["Armaments","Seeing Red"],"picked":"Offering","floor":10.0},{"not_picked":["Armaments","Shrug It Off","Body Slam"],"picked":"SKIP","floor":11.0},{"not_picked":["Heavy Blade","Flex","Thunderclap"],"picked":"SKIP","floor":14.0},{"not_picked":["Corruption","Brutality"],"picked":"Double Tap","floor":16.0},{"not_picked":["Flex","Warcry"],"picked":"Carnage","floor":18.0},{"not_picked":["Dropkick","Clash+1","Body Slam"],"picked":"SKIP","floor":20.0},{"not_picked":["Twin Strike","Body Slam"],"picked":"Perfected Strike","floor":22.0},{"not_picked":["Reckless Charge","Thunderclap","Pummel"],"picked":"SKIP","floor":24.0},{"not_picked":["Headbutt","Flex"],"picked":"Inflame","floor":30.0},{"not_picked":["Impervious","Reaper"],"picked":"Demon Form","floor":33.0},{"not_picked":["Sword Boomerang+1","Thunderclap+1","Warcry+1"],"picked":"SKIP","floor":35.0},{"not_picked":["Thunderclap+1","Twin Strike"],"picked":"Disarm+1","floor":39.0},{"not_picked":["Evolve+1","Berserk"],"picked":"Flex+1","floor":40.0},{"not_picked":["Flex+1","Dual Wield+1"],"picked":"Pummel","floor":46.0},{"not_picked":["Inflame+1","Combust+1"],"picked":"Dual Wield+1","floor":48.0}],"player_experience":1336257,"relics_obtained":[{"floor":4.0,"key":"Matryoshka"},{"floor":7.0,"key":"Odd Mushroom"},{"floor":8.0,"key":"Thread and Needle"},{"floor":9.0,"key":"Paper Frog"},{"floor":9.0,"key":"FossilizedHelix"},{"floor":10.0,"key":"Blood Vial"},{"floor":24.0,"key":"Blue Candle"},{"floor":26.0,"key":"MawBank"},{"floor":26.0,"key":"Lantern"},{"floor":31.0,"key":"Bottled Flame"},{"floor":37.0,"key":"Bird Faced Urn"},{"floor":39.0,"key":"WingedGreaves"},{"floor":40.0,"key":"Mummified Hand"},{"floor":42.0,"key":"MealTicket"},{"floor":43.0,"key":"CeramicFish"},{"floor":46.0,"key":"Unceasing Top"},{"floor":48.0,"key":"Sundial"}],"event_choices":[{"damage_healed":0.0,"max_hp_gain":0.0,"max_hp_loss":0.0,"gold_gain":0.0,"event_name":"Shining Light","player_choice":"Entered Light","floor":2.0,"gold_loss":0.0,"damage_taken":16.0,"cards_upgraded":["Strike_R","Defend_R"]},{"damage_healed":0.0,"max_hp_gain":0.0,"max_hp_loss":0.0,"gold_gain":0.0,"event_name":"Living Wall","player_choice":"Grow","floor":5.0,"gold_loss":0.0,"damage_taken":0.0,"cards_upgraded":["Cleave"]},{"damage_healed":0.0,"max_hp_gain":0.0,"max_hp_loss":0.0,"gold_gain":0.0,"event_name":"Mushrooms","player_choice":"Fought Mushrooms","floor":7.0,"gold_loss":0.0,"damage_taken":0.0},{"damage_healed":0.0,"max_hp_gain":0.0,"max_hp_loss":0.0,"gold_gain":75.0,"event_name":"World of Goop","player_choice":"Gather Gold","floor":13.0,"gold_loss":0.0,"damage_taken":11.0},{"damage_healed":0.0,"max_hp_gain":0.0,"max_hp_loss":0.0,"gold_gain":0.0,"event_name":"Vampires","player_choice":"Ignored","floor":21.0,"gold_loss":0.0,"damage_taken":0.0},{"damage_healed":0.0,"max_hp_gain":0.0,"max_hp_loss":0.0,"gold_gain":0.0,"event_name":"Back to Basics","player_choice":"Simplicity","floor":28.0,"gold_loss":0.0,"damage_taken":0.0,"cards_upgraded":["Strike_R","Strike_R","Defend_R","Defend_R","Defend_R"]},{"damage_healed":0.0,"max_hp_gain":0.0,"max_hp_loss":0.0,"gold_gain":0.0,"event_name":"Tomb of Lord Red Mask","player_choice":"Ignored","floor":36.0,"gold_loss":0.0,"damage_taken":0.0},{"damage_healed":0.0,"max_hp_gain":0.0,"max_hp_loss":0.0,"gold_gain":0.0,"event_name":"MindBloom","player_choice":"Fight","floor":37.0,"gold_loss":0.0,"damage_taken":0.0},{"damage_healed":0.0,"max_hp_gain":0.0,"max_hp_loss":0.0,"gold_gain":0.0,"event_name":"Mysterious Sphere","player_choice":"Fight","floor":39.0,"gold_loss":0.0,"damage_taken":0.0},{"damage_healed":0.0,"max_hp_gain":0.0,"max_hp_loss":4.0,"gold_gain":0.0,"event_name":"Winding Halls","player_choice":"Max HP","floor":45.0,"gold_loss":0.0,"damage_taken":0.0}],"is_beta":true,"boss_relics":[{"not_picked":["Cursed Key","Mark of Pain"],"picked":"Snecko Eye"},{"not_picked":["Runic Cube","Coffee Dripper"],"picked":"Philosopher\u0027s Stone"}],"items_purged_floors":[19,47],"is_endless":false,"potions_floor_spawned":[3,11,14,16,20,24,30,35,37],"ascension_level":1}}