{"host":"7v9v7e0ijfujyvc8","time":1610406303,"event":{"mods":["BaseMod","Better Altar","Better Note","Better Skull","Better Third Choice","BetterRewards","Challenge The Spire","Evolution","Gold Saver","Highlight Path","Minty Spire (QoL Compilation)","RNG Fix","Rare Cards Sparkle","Shop Mod","Spicy Shops","StSLib","SuperFastMode","The Exordian Avenger","Thieving Mod"],"gold_per_floor":[1282,1282,1296,1296,896,915,499,499,499,522,522,522,542,575,575,700,700,714,738,751,570,570,570,373,423,423,236,151,189,189,259,259,390,390,408,431,209,227,297,338,403,423,493,534,534,554,558,593,593,593],"floor_reached":51,"playtime":4968,"items_purged":["Parasite"],"score":882,"play_id":"5f0b57ba-914e-4414-8f44-cbc9199d9e26","local_time":"20210112000503","is_ascension_mode":false,"campfire_choices":[{"data":"Noxious Fumes","floor":8.0,"key":"SMITH"},{"data":"Neutralize","floor":11.0,"key":"SMITH"},{"data":"Phantasmal Killer","floor":15.0,"key":"SMITH"},{"data":"A Thousand Cuts","floor":23.0,"key":"SMITH"},{"data":"Noxious Fumes","floor":30.0,"key":"SMITH"},{"floor":32.0,"key":"REST"},{"data":"1","floor":45,"key":"LIFT"},{"data":"2","floor":49,"key":"LIFT"}],"circlet_count":0,"master_deck":["Strike_G","Strike_G","Defend_G","Defend_G","Defend_G+1","Defend_G","Survivor","Neutralize+1","Slice","Blur","Noxious Fumes+1","Blade Dance","Phantasmal Killer+1","A Thousand Cuts+1","Noxious Fumes+1","A Thousand Cuts+1","Blade Dance+1","Adrenaline","Finisher","Blade Dance","Finisher","Calculated Gamble+1","Prepared+1"],"relics":["EVO:Axolotl","Tiny House","Golden Idol","The Specimen","White Beast Statue","TwistedFunnel","Lantern","Nunchaku","Sling","MerchantsRug","InkBottle","Toy Ornithopter","Empty Cage","Ninja Scroll","Bag of Preparation","Membership Card","SsserpentHead","Question Card","DollysMirror","Bronze Scales","Snake Skull","Mercury Hourglass","PreservedInsect","Prayer Wheel","WristBlade","Girya","Lizard Tail","Molten Egg 2","Toxic Egg 2","Vajra","Kunai"],"acts_visited":["Exordium","TheCity","TheBeyond"],"potions_floor_usage":[],"damage_taken":[{"damage":0.0,"enemies":"Small Slimes","floor":1.0,"turns":3.0},{"damage":0.0,"enemies":"Jaw Worm","floor":3.0,"turns":7.0},{"damage":0.0,"enemies":"2 Louse","floor":6.0,"turns":2.0},{"damage":0.0,"enemies":"Gremlin Gang","floor":10.0,"turns":3.0},{"damage":0.0,"enemies":"Lots of Slimes","floor":13.0,"turns":3.0},{"damage":13.0,"enemies":"3 Sentries","floor":14.0,"turns":5.0},{"damage":23.0,"enemies":"Slime Boss","floor":16.0,"turns":10.0},{"damage":14.0,"enemies":"3 Byrds","floor":18.0,"turns":3.0},{"damage":17.0,"enemies":"Spheric Guardian","floor":19.0,"turns":5.0},{"damage":5.0,"enemies":"Cultist and Chosen","floor":20.0,"turns":5.0},{"damage":12.0,"enemies":"Gremlin Leader","floor":29.0,"turns":2.0},{"damage":0.0,"enemies":"Sentry and Sphere","floor":31.0,"turns":3.0},{"damage":31.0,"enemies":"Automaton","floor":33.0,"turns":7.0},{"damage":0.0,"enemies":"3 Darklings","floor":35.0,"turns":2.0},{"damage":12.0,"enemies":"3 Shapes","floor":36.0,"turns":1.0},{"damage":11,"enemies":"Sphere and 2 Shapes","floor":38,"turns":3},{"damage":0,"enemies":"Spire Growth","floor":39,"turns":2},{"damage":0,"enemies":"Giant Head","floor":40,"turns":3},{"damage":10,"enemies":"Writhing Mass","floor":41,"turns":2},{"damage":1,"enemies":"Maw","floor":42,"turns":4},{"damage":0,"enemies":"Nemesis","floor":44,"turns":2},{"damage":19,"enemies":"Transient","floor":46,"turns":5},{"damage":0,"enemies":"Reptomancer","floor":48,"turns":1},{"damage":73,"enemies":"Time Eater","floor":50,"turns":7}],"seed_played":"9168970227812000875","potions_obtained":[{"floor":0.0,"key":"LiquidMemories"},{"floor":3.0,"key":"LiquidBronze"},{"floor":6.0,"key":"Ancient Potion"},{"floor":10.0,"key":"Swift Potion"},{"floor":13.0,"key":"SteroidPotion"},{"floor":14.0,"key":"BlessingOfTheForge"},{"floor":16.0,"key":"PowerPotion"},{"floor":29.0,"key":"GamblersBrew"},{"floor":31.0,"key":"Strength Potion"},{"floor":33.0,"key":"Regen Potion"},{"floor":46,"key":"FairyPotion"},{"floor":48,"key":"AttackPotion"}],"is_trial":false,"path_per_floor":["M","?","M","?","$","M","$","R","T","M","R","?","M","E","R","B",null,"M","M","M","$","?","R","$","?","T","$","?","E","R","M","R","B",null,"M","M","$","M","M","E","M","M","T","E","R","M","$","E","R","B",null],"character_chosen":"THE_SILENT","items_purchased":["White Beast Statue","TwistedFunnel","Noxious Fumes","Nunchaku","Sling","MerchantsRug","Bag of Preparation","Membership Card","Question Card","DollysMirror","Snake Skull","Mercury Hourglass","Blade Dance","Finisher","Girya","Vajra"],"campfire_rested":1,"item_purchase_floors":[5,5,7,7,7,7,21,21,24,24,27,27,37,37,37,47],"current_hp_per_floor":[75,57,57,57,57,57,57,57,57,57,57,50,50,37,37,19,75,61,44,39,39,39,39,39,39,39,39,39,27,27,27,48,17,72,72,60,60,49,49,49,39,38,38,38,38,19,19,19,19,8],"gold":593,"neow_bonus":"BOSS_RELIC","is_daily":false,"chose_seed":false,"campfire_upgraded":5,"win_rate":0.0,"timestamp":1610406303,"path_taken":["M","?","M","?","$","M","$","R","T","?","R","?","M","E","R","BOSS","M","M","M","$","?","R","$","?","T","$","?","E","R","?","R","BOSS","M","M","$","M","?","E","?","M","T","E","R","M","$","E","R","BOSS"],"items_purchased_type":["Relic","Relic","Card","Relic","Relic","Relic","Relic","Relic","Relic","Relic","Relic","Relic","Card","Card","Relic","Relic"],"build_version":"2020-12-22","purchased_purges":1,"victory":true,"max_hp_per_floor":[75,75,75,75,75,75,75,75,75,75,75,75,75,75,75,75,75,75,75,75,75,75,75,75,75,75,72,72,72,72,72,72,72,72,72,72,72,72,72,72,72,72,72,72,72,72,72,72,72,72],"card_choices":[{"not_picked":["Sucker Punch","Outmaneuver"],"picked":"Slice","floor":0.0},{"not_picked":["Quick Slash","Flying Knee"],"picked":"Blur","floor":1.0},{"not_picked":["Poisoned Stab","Dagger Throw","Terror"],"picked":"SKIP","floor":3.0},{"not_picked":["Riddle With Holes","Quick Slash","Flechettes"],"picked":"SKIP","floor":6.0},{"not_picked":["Deflect","Well Laid Plans","Outmaneuver"],"picked":"SKIP","floor":10.0},{"not_picked":["Underhanded Strike","Quick Slash"],"picked":"Blade Dance","floor":13.0},{"not_picked":["Wraith Form v2","Predator"],"picked":"Phantasmal Killer","floor":14.0},{"not_picked":["Malaise","Venomology"],"picked":"A Thousand Cuts","floor":16.0},{"not_picked":["Outmaneuver+1","Crippling Poison"],"picked":"Noxious Fumes","floor":18.0},{"not_picked":["Dagger Spray+1","Escape Plan","Acrobatics"],"picked":"SKIP","floor":19.0},{"not_picked":["Dagger Throw","Acrobatics","Underhanded Strike+1"],"picked":"SKIP","floor":20.0},{"not_picked":["Heel Hook","Deflect","Skewer","All Out Attack"],"picked":"SKIP","floor":29.0},{"not_picked":["Bouncing Flask","Sucker Punch","Backstab+1"],"picked":"Blade Dance+1","floor":31.0},{"not_picked":["Quick Slash","Dagger Spray","Sucker Punch+1","Slice"],"picked":"SKIP","floor":31.0},{"not_picked":["Envenom","Phantasmal Killer","A Thousand Cuts"],"picked":"Adrenaline","floor":33.0},{"not_picked":["Riddle With Holes+1","Dagger Throw","Dash"],"picked":"Finisher","floor":35.0},{"not_picked":["Quick Slash","Flying Knee","Tactician+1","Prepared"],"picked":"SKIP","floor":35.0},{"not_picked":["Poisoned Stab","Masterful Stab","Bouncing Flask+1","Underhanded Strike"],"picked":"SKIP","floor":36.0},{"not_picked":["Venomology","Dagger Spray","Dodge and Roll+1","Expertise"],"picked":"SKIP","floor":36.0},{"not_picked":["Flying Knee","Expertise+1","Choke"],"picked":"Calculated Gamble+1","floor":38},{"not_picked":["Prepared+1","Dagger Spray","Dodge and Roll+1","Blade Dance"],"picked":"SKIP","floor":38},{"not_picked":["Backflip+1","Reflex","Calculated Gamble+1","Skewer+1"],"picked":"SKIP","floor":39},{"not_picked":["Blade Dance","Flying Knee","Slice","Quick Slash"],"picked":"SKIP","floor":39},{"not_picked":["Poisoned Stab+1","All Out Attack+1","Prepared","Wraith Form v2"],"picked":"SKIP","floor":40},{"not_picked":["Deflect+1","Sucker Punch","Backflip","Prepared+1"],"picked":"SKIP","floor":41},{"not_picked":["Prepared+1","PiercingWail+1","Dagger Throw","Dagger Spray"],"picked":"SKIP","floor":41},{"not_picked":["Dodge and Roll","Footwork","PiercingWail+1","Tactician+1"],"picked":"SKIP","floor":42},{"not_picked":["Dagger Spray+1","Dagger Throw","Backflip","Wraith Form v2"],"picked":"SKIP","floor":42},{"not_picked":["Backflip+1","Underhanded Strike+1","Dagger Throw+1","Eviscerate+1"],"picked":"SKIP","floor":44},{"not_picked":["Dagger Throw+1","Underhanded Strike+1","Quick Slash+1","Deflect+1"],"picked":"SKIP","floor":46},{"not_picked":["Predator+1","Endless Agony+1","Distraction+1","Deflect+1"],"picked":"SKIP","floor":46},{"not_picked":["Quick Slash+1","Deflect+1","Outmaneuver+1"],"picked":"Prepared+1","floor":48}],"player_experience":55258,"relics_obtained":[{"floor":9.0,"key":"InkBottle"},{"floor":14.0,"key":"Toy Ornithopter"},{"floor":26.0,"key":"Bronze Scales"},{"floor":29.0,"key":"Prayer Wheel"},{"floor":40,"key":"Lizard Tail"},{"floor":43,"key":"Molten Egg 2"},{"floor":44,"key":"Toxic Egg 2"},{"floor":48,"key":"Kunai"}],"event_choices":[{"damage_healed":0.0,"max_hp_gain":0.0,"max_hp_loss":0.0,"gold_gain":0.0,"event_name":"Golden Idol","player_choice":"Take Damage","floor":2.0,"gold_loss":0.0,"damage_taken":18.0,"relics_obtained":["Golden Idol"]},{"cards_removed":["Strike_G"],"damage_healed":0.0,"max_hp_gain":0.0,"max_hp_loss":0.0,"gold_gain":0.0,"event_name":"Purifier","player_choice":"Purged","floor":4.0,"gold_loss":0.0,"damage_taken":0.0},{"cards_removed":["Strike_G"],"damage_healed":0.0,"max_hp_gain":0.0,"max_hp_loss":0.0,"gold_gain":0.0,"event_name":"Golden Wing","player_choice":"Card Removal","floor":12.0,"gold_loss":0.0,"damage_taken":7.0},{"damage_healed":0.0,"max_hp_gain":0.0,"max_hp_loss":0.0,"gold_gain":0.0,"event_name":"FaceTrader","player_choice":"Trade","floor":22.0,"gold_loss":0.0,"damage_taken":0.0,"relics_obtained":["SsserpentHead"]},{"damage_healed":0.0,"max_hp_gain":0.0,"max_hp_loss":0.0,"gold_gain":0.0,"event_name":"N\u0027loth","player_choice":"Ignored","floor":25.0,"gold_loss":0.0,"damage_taken":0.0},{"damage_healed":0.0,"max_hp_gain":0.0,"max_hp_loss":0.0,"gold_gain":0.0,"event_name":"WeMeetAgain","player_choice":"Paid Gold","floor":28.0,"gold_loss":135.0,"damage_taken":0.0,"relics_obtained":["PreservedInsect"]}],"is_beta":false,"boss_relics":[{"not_picked":["Fusion Hammer","Astrolabe"],"picked":"Empty Cage"},{"not_picked":["Calling Bell","Runic Dome"],"picked":"WristBlade"}],"items_purged_floors":[27],"is_endless":false,"potions_floor_spawned":[3,6,10,13,14,16,18,19,20,29,31,33,35,36,38,39,40,41,42,44,46,48],"ascension_level":0}}