{"host":"64h6jdpsiwrne03s","time":1610368162,"event":{"mods":["Act Like it!","BaseMod","Bestiary","Colored Powertips","Gensokyo","Marisa£®ÏF”Í°°ƒß¿Ì…≥£©","Minty Spire (QoL Compilation)","Reimu£®≤©¿ˆ¡È√Œ£©","Remilia£®¿Ÿ√◊¿Ú—«£©","StSLib","The Servant 0.9.4","Youmu£®ªÍ∆«—˝√Œ£©"],"gold_per_floor":[111,211,223,153,153,153,166,166,193,193,204,239,239,264,264,343,343,355,368,378,378,390,390,390,390,414,71,71,91,120,138,138,213,213,225,225,225,239,255,287,287,327,327,336,353,353,353],"floor_reached":46,"playtime":3387,"items_purged":["KyokaiOfKami:ReiMu"],"score":948,"play_id":"3fa823ac-76ba-4f16-967b-2452dd4a4be8","local_time":"20210111202922","is_ascension_mode":true,"campfire_choices":[{"data":"NB:ReiMu","floor":6.0,"key":"SMITH"},{"data":"SubAcupoint:ReiMu","floor":15.0,"key":"SMITH"},{"data":"FoulBorder2:ReiMu","floor":23.0,"key":"SMITH"},{"data":"DependentForm:ReiMu","floor":32.0,"key":"SMITH"},{"data":"FoulBorder2:ReiMu","floor":41,"key":"SMITH"}],"circlet_count":0,"master_deck":["AscendersBane","NB:ReiMu+1","Stagnation:ReiMu","RainPray2:ReiMu","SubAcupoint:ReiMu+1","TightArray:ReiMu+1","ShadowOfCrow2:ReiMu","TightArray:ReiMu","FoulBorder2:ReiMu+1","AirManeuver:ReiMu","DoubleButterfly:ReiMu","Revelation:ReiMu","DependentForm:ReiMu+1","MountainWay:ReiMu+1","OctopathBindingBorder2:ReiMu","PhosphorusFlame:ReiMu","Writhe","ShadowOfCrow2:ReiMu+1","Determination:ReiMu","FoulBorder2:ReiMu+1","Gensokyo:Taser","RainPray2:ReiMu","Gensokyo:UnhurriedMind+1"],"relics":["ShineYinYang:ReiMu","NeowsBlessing","Gensokyo:YoukaiFlower","Toy Ornithopter","RuthlessExorcism:ReiMu","Strawberry","Potion Belt","Pandora\u0027s Box","Bottled Flame","ScarletDevilRocket","FadedRune:ReiMu","Matryoshka","Bag of Marbles","Gensokyo:EmptyGrave","Bow_fan:ReiMu","CeramicFish","Mastiff:ReiMu","Ice Cream"],"acts_visited":["Gensokyo:Gensokyo","Gensokyo:Gensokyoer","Gensokyo:Gensokyoest"],"potions_floor_usage":[46],"damage_taken":[{"damage":0.0,"enemies":"Gensokyo:Python","floor":1.0,"turns":1.0},{"damage":0.0,"enemies":"Gensokyo:Gryphon","floor":3.0,"turns":1.0},{"damage":0.0,"enemies":"Gensokyo:2_Kodama","floor":7.0,"turns":1.0},{"damage":5.0,"enemies":"Gensokyo:2_Rabbits","floor":11.0,"turns":5.0},{"damage":2.0,"enemies":"Gensokyo:Mamizou","floor":12.0,"turns":9.0},{"damage":10.0,"enemies":"Gensokyo:Aya","floor":14.0,"turns":6.0},{"damage":18.0,"enemies":"Gensokyo:Yukari","floor":16.0,"turns":9.0},{"damage":0.0,"enemies":"Gensokyo:AngelMirror","floor":18.0,"turns":2.0},{"damage":9.0,"enemies":"Gensokyo:CosmicMonolith","floor":19.0,"turns":5.0},{"damage":0.0,"enemies":"Gensokyo:Wraith","floor":20.0,"turns":6.0},{"damage":13.0,"enemies":"Gensokyo:Slime_Group","floor":22.0,"turns":7.0},{"damage":1.0,"enemies":"Gensokyo:Chomper_and_Gloop","floor":29.0,"turns":7.0},{"damage":2.0,"enemies":"Gensokyo:Tenshi","floor":30.0,"turns":5.0},{"damage":4.0,"enemies":"Gensokyo:Wraith","floor":31.0,"turns":6.0},{"damage":5.0,"enemies":"Gensokyo:Eiki","floor":33.0,"turns":8.0},{"damage":15.0,"enemies":"Gensokyo:3_Bats","floor":35.0,"turns":5.0},{"damage":1.0,"enemies":"Gensokyo:AncientGuardian","floor":38.0,"turns":5.0},{"damage":23.0,"enemies":"Gensokyo:4_Bats","floor":39.0,"turns":3.0},{"damage":18,"enemies":"Gensokyo:Marisa","floor":40,"turns":7},{"damage":6,"enemies":"Gensokyo:Doremy","floor":42,"turns":6},{"damage":0,"enemies":"Gensokyo:Doremy","floor":44,"turns":8},{"damage":1,"enemies":"Gensokyo:AtlasGolem","floor":45,"turns":5},{"damage":23,"enemies":"Gensokyo:Kasen","floor":46,"turns":2}],"seed_played":"7590100993285238782","potions_obtained":[{"floor":3.0,"key":"SpeedPotion"},{"floor":7.0,"key":"Dexterity Potion"},{"floor":19.0,"key":"HakureiPotion:ReiMu"},{"floor":22.0,"key":"Ancient Potion"},{"floor":30.0,"key":"Dexterity Potion"},{"floor":35.0,"key":"Ancient Potion"},{"floor":40,"key":"PinkPotion:ReiMu"},{"floor":45,"key":"LiquidMemories"}],"is_trial":false,"path_per_floor":["M","?","M","?","T","R","M","?","T","?","M","E","?","E","R","B",null,"M","M","M","T","M","R","?","?","T","$","T","M","E","M","R","B",null,"M","?","?","M","M","E","R","E","T","?","M","E"],"character_chosen":"REIMU","items_purchased":["FadedRune:ReiMu"],"campfire_rested":0,"item_purchase_floors":[27],"current_hp_per_floor":[54,54,54,54,54,54,54,54,54,54,49,47,40,35,35,17,55,55,46,46,46,33,33,33,33,33,33,33,32,30,26,26,21,56,41,41,41,40,38,20,20,14,14,14,13,0,0],"gold":353,"neow_bonus":"THREE_ENEMY_KILL","is_daily":false,"chose_seed":false,"campfire_upgraded":5,"win_rate":0.0,"timestamp":1610368162,"path_taken":["M","?","?","?","?","R","M","?","T","?","?","E","?","E","R","BOSS","M","M","?","?","?","R","?","?","T","$","?","?","E","M","R","BOSS","M","?","?","M","M","E","R","E","T","?","?","E"],"items_purchased_type":["Relic"],"build_version":"2020-12-22","purchased_purges":1,"victory":false,"max_hp_per_floor":[60,60,60,60,60,60,60,60,60,60,60,60,67,67,67,67,67,67,67,67,67,67,67,67,67,67,67,67,67,67,67,67,67,67,67,61,61,61,61,61,61,61,61,61,61,61,61],"card_choices":[{"not_picked":["Mountainwind:ReiMu","AirStrike:ReiMu"],"picked":"RainPray2:ReiMu","floor":1.0},{"not_picked":["SpreadBorder2:ReiMu","RainPray2:ReiMu"],"picked":"SubAcupoint:ReiMu","floor":3.0},{"not_picked":["PayForSelf:ReiMu","SubcavityInstant:ReiMu"],"picked":"Conquer:ReiMu","floor":7.0},{"not_picked":["TightArray:ReiMu","SpreadBorder2:ReiMu"],"picked":"ShadowOfCrow2:ReiMu","floor":11.0},{"not_picked":["InherentArray:ReiMu","CareerPray:ReiMu","SubAcupoint:ReiMu"],"picked":"SKIP","floor":12.0},{"not_picked":["Meditation:ReiMu","SpreadBorder2:ReiMu","CareerPray:ReiMu"],"picked":"SKIP","floor":14.0},{"not_picked":["CeremonyResonance:ReiMu","BlastKick2:ReiMu"],"picked":"KyokaiOfKami:ReiMu","floor":16.0},{"not_picked":["Intuition:ReiMu","SubcavityInstant:ReiMu","ForcedLanding:ReiMu"],"picked":"SKIP","floor":18.0},{"not_picked":["SpreadBorder2:ReiMu","Enchanting:ReiMu+1"],"picked":"MountainWay:ReiMu+1","floor":19.0},{"not_picked":["Conquer:ReiMu+1","SubAcupoint:ReiMu","LovePray:ReiMu"],"picked":"SKIP","floor":20.0},{"not_picked":["Revelation:ReiMu","RainPray2:ReiMu"],"picked":"OctopathBindingBorder2:ReiMu","floor":22.0},{"not_picked":["EmergencyTakeOff:ReiMu","Revelation:ReiMu"],"picked":"ShadowOfCrow2:ReiMu+1","floor":29.0},{"not_picked":["UpKicking:ReiMu","PrepareRite:ReiMu+1"],"picked":"FantasyMoon:ReiMu+1","floor":30.0},{"not_picked":["WonderfulDomain:ReiMu","TightArray:ReiMu","CareerPray:ReiMu"],"picked":"SKIP","floor":31.0},{"not_picked":["CleanRite:ReiMu","Dreaming:ReiMu"],"picked":"Determination:ReiMu","floor":33.0},{"not_picked":["Amulet:ReiMu","OrbThrow:ReiMu"],"picked":"FoulBorder2:ReiMu","floor":35.0},{"not_picked":["ManaGlint:ReiMu","AlertArray:ReiMu","Meditation:ReiMu"],"picked":"SKIP","floor":38.0},{"not_picked":["SubcavityInstant:ReiMu","CareerPray:ReiMu+1","SpringWay:ReiMu+1"],"picked":"SKIP","floor":39.0},{"not_picked":["SpreadBorder2:ReiMu","AlertArray:ReiMu","PrepareRite:ReiMu"],"picked":"SKIP","floor":40},{"not_picked":["CollectionFlower2:ReiMu","LovePray:ReiMu"],"picked":"RainPray2:ReiMu","floor":42},{"not_picked":["Gensokyo:MorningStar+1","Gensokyo:UnlikelyAid+1"],"picked":"Gensokyo:UnhurriedMind+1","floor":44},{"not_picked":["ManaGlint:ReiMu","AlertArray:ReiMu","WonderfulDomain:ReiMu"],"picked":"SKIP","floor":45}],"player_experience":393451,"relics_obtained":[{"floor":9.0,"key":"Toy Ornithopter"},{"floor":12.0,"key":"RuthlessExorcism:ReiMu"},{"floor":14.0,"key":"Potion Belt"},{"floor":21.0,"key":"Bottled Flame"},{"floor":26.0,"key":"ScarletDevilRocket"},{"floor":28.0,"key":"Matryoshka"},{"floor":30.0,"key":"Bag of Marbles"},{"floor":40,"key":"Bow_fan:ReiMu"},{"floor":42,"key":"CeramicFish"},{"floor":43,"key":"Mastiff:ReiMu"},{"floor":43,"key":"Ice Cream"}],"event_choices":[],"is_beta":false,"boss_relics":[{"not_picked":["Runic Pyramid","Fusion Hammer"],"picked":"Pandora\u0027s Box"},{"not_picked":["Cursed Key","Snecko Eye"],"picked":"ShineYinYang:ReiMu"}],"items_purged_floors":[27],"is_endless":false,"potions_floor_spawned":[3,7,19,22,30,35,38,40,45],"killed_by":"Gensokyo:Kasen","ascension_level":18}}