{"host":"jfbo3eu2ui08ej1u","time":1610369569,"event":{"mods":["2.2 Compatiblity","AchievementEnabler","Act Like it!","Aspiration","BaseMod","Better Altar","Better Match","Better Note","Better Sensory Stone","Better Skull","Better Third Choice","Block Reminder","Colored Map","Colored Powertips","Conspire","DeckTracker","Displayed Cursed Tome","Downfall","Energized Spire","Fox Events","GifTheSpireLib","Hermit","Hubris","Infinite Spire","Marked Mod","Minty Spire (QoL Compilation)","Pale of the Ancients","Quick Restart","RRrroohrrRGHHhhh!!","Relic Filter","Reorder Act Four","Replay The Spire","Shop Mod","Spicy Shops","StSLib","Stuff the Spire","The Blue Laboratory","The Disciple","The Forsaken","The Hierophant","The Marked","Uncapped","Unceasing Turn Reminder","Wandering Minibosses"],"gold_per_floor":[110,124,138,32,32,32,148,148,148,148,73,85,219,231,231,302,302,314,314,314,314,360,360,360],"floor_reached":23,"playtime":900,"items_purged":["Strike_B"],"score":368,"play_id":"4e656477-e45b-4567-9a0c-dafe66f8ea58","local_time":"20210111075249","is_ascension_mode":true,"campfire_choices":[{"floor":6,"key":"REST"},{"data":"Zap","floor":8,"key":"SMITH"},{"data":"Capacitor","floor":10,"key":"SMITH"},{"data":"Dualcast","floor":15,"key":"SMITH"}],"circlet_count":0,"master_deck":["AscendersBane","Strike_B+1","Strike_B+1","Defend_B+1","Defend_B+1","Defend_B+1","Defend_B+1","Zap+1","Dualcast+1","rorgmod:Leap","Capacitor+1","Rebound","Ball Lightning","Ball Lightning","Glacier","Reinforced Body","Blizzard","Echo Form","rorgmod:Zing-Zap+1","Glacier","Panic Button+1"],"relics":["Cracked Core","rorgmod:Ceramic Fish","Symbiotic Virus","Bottled Tornado","Onion Ring","StuffTheSpire:ModemDavis"],"acts_visited":["Exordium","TheCity"],"potions_floor_usage":[13,23,23],"damage_taken":[{"damage":3,"enemies":"2 Louse","floor":1,"turns":3},{"damage":6,"enemies":"Cultist","floor":2,"turns":4},{"damage":4,"enemies":"Small Slimes","floor":3,"turns":5},{"damage":16,"enemies":"Replay:BlueRogue","floor":7,"turns":8},{"damage":0,"enemies":"conspire:2 RoseBushes","floor":12,"turns":5},{"damage":11,"enemies":"Lagavulin","floor":13,"turns":4},{"damage":11,"enemies":"3 Louse","floor":14,"turns":3},{"damage":26,"enemies":"Hexaghost","floor":16,"turns":10},{"damage":4,"enemies":"3 Byrds","floor":18,"turns":4},{"damage":6,"enemies":"Spheric Guardian","floor":22,"turns":5},{"damage":55,"enemies":"Gremlin Leader","floor":23,"turns":6}],"seed_played":"1096472227579991907","potions_obtained":[{"floor":3,"key":"Fire Potion"},{"floor":7,"key":"Energy Potion"},{"floor":14,"key":"blueLaboratory:BottleOfRum"},{"floor":16,"key":"Explosive Potion"}],"is_trial":false,"path_per_floor":["M","M","M","$","?","R","E","R","T","R","$","M","E","M","R","B",null,"M","?","?","?","M","E"],"character_chosen":"DEFECT","items_purchased":["Ball Lightning","rorgmod:Ceramic Fish"],"campfire_rested":1,"item_purchase_floors":[4,4],"current_hp_per_floor":[68,62,58,58,58,78,62,62,62,62,62,62,51,40,40,14,62,58,58,58,58,52,0,0],"gold":360,"neow_bonus":"TEN_PERCENT_HP_BONUS","is_daily":false,"chose_seed":false,"campfire_upgraded":3,"win_rate":0.0,"timestamp":1610369569,"path_taken":["M","M","M","$","?","R","E","R","T","R","$","?","E","M","R","BOSS","M","?","?","?","M","E"],"items_purchased_type":["Card","Relic"],"build_version":"2020-12-22","purchased_purges":1,"victory":false,"max_hp_per_floor":[78,78,78,78,78,78,78,78,78,78,78,78,78,78,78,78,78,78,78,78,78,78,78,78],"card_choices":[{"not_picked":["Stack","Sweeping Beam"],"picked":"rorgmod:Leap","floor":1},{"not_picked":["Cold Snap","Compile Driver"],"picked":"Capacitor","floor":2},{"not_picked":["StuffTheSpire:ShieldGenerator","rorgmod:Claw"],"picked":"Rebound","floor":3},{"not_picked":["rorgmod:Neutron Shower","rorgmod:Go for the Eyes"],"picked":"Ball Lightning","floor":7},{"not_picked":["Sweeping Beam","Streamline"],"picked":"Glacier","floor":12},{"not_picked":["Crystallizer","Capacitor"],"picked":"Reinforced Body","floor":13},{"not_picked":["Stack","rorgmod:Claw"],"picked":"Blizzard","floor":14},{"not_picked":["rorgmod:Neutron Shower","Seek"],"picked":"Echo Form","floor":16},{"not_picked":["rorgmod:Overheat+1","rorgmod:Malware"],"picked":"rorgmod:Zing-Zap","floor":18},{"not_picked":["Redo","Heatsinks"],"picked":"Panic Button+1","floor":22}],"player_experience":1192401,"relics_obtained":[{"floor":7,"key":"Symbiotic Virus"},{"floor":9,"key":"Bottled Tornado"},{"floor":13,"key":"Onion Ring"}],"event_choices":[{"cards_removed":["Strike_B"],"damage_healed":0,"gold_gain":0,"player_choice":"Purged","damage_taken":0,"max_hp_gain":0,"max_hp_loss":0,"event_name":"Purifier","floor":5,"gold_loss":0},{"damage_healed":0,"gold_gain":0,"player_choice":"Simplicity","damage_taken":0,"max_hp_gain":0,"max_hp_loss":6,"event_name":"betterThird:BetterWriting","floor":19,"gold_loss":0},{"damage_healed":0,"gold_gain":0,"player_choice":"Copied","damage_taken":0,"max_hp_gain":0,"max_hp_loss":0,"event_name":"Duplicator","floor":21,"gold_loss":0,"cards_obtained":["Glacier"]}],"is_beta":false,"boss_relics":[{"not_picked":["aspiration:WatcherSkillbook","Replay:Drink Me"],"picked":"StuffTheSpire:ModemDavis"}],"items_purged_floors":[11],"is_endless":false,"potions_floor_spawned":[3,7,14,16,22],"killed_by":"Gremlin Leader","ascension_level":17}}