{"host":"g200jza2br9hmesm","time":1610336350,"event":{"mods":["AchievementEnabler","BaseMod","Colored Map","Downfall","Minty Spire (QoL Compilation)","Quick Restart","Relic Stats","StSLib"],"gold_per_floor":[111,386,386,386,386,386,419,419,442,442,454,486,151,178,178,282,282,295,308,308,101,121,121,121,121],"floor_reached":24,"playtime":775,"items_purged":["Strike_B","Strike_B"],"score":296,"play_id":"6f871af6-a7e3-4ff8-8671-d2f3a9f0ee67","local_time":"20210110223910","is_ascension_mode":true,"campfire_choices":[{"data":"Zap","floor":6,"key":"SMITH"},{"data":"Dualcast","floor":10,"key":"SMITH"},{"data":"Storm","floor":15,"key":"SMITH"},{"floor":23,"key":"REST"}],"circlet_count":0,"master_deck":["Strike_B","Defend_B","Defend_B","Defend_B","Defend_B","Zap+1","Dualcast+1","Self Repair","Storm+1","Hello World","Creative AI","Self Repair","Capacitor","Genetic Algorithm"],"relics":["Cracked Core","NeowsBlessing","DataDisk","Smiling Mask","Nunchaku","Centennial Puzzle","Symbiotic Virus","Pear","Pantograph","Inserter"],"acts_visited":["Exordium","TheCity"],"potions_floor_usage":[14,22,24],"damage_taken":[{"damage":0,"enemies":"2 Louse","floor":1,"turns":1},{"damage":0,"enemies":"Cultist","floor":3,"turns":1},{"damage":0,"enemies":"3 Sentries","floor":7,"turns":1},{"damage":7,"enemies":"Jaw Worm","floor":11,"turns":2},{"damage":15,"enemies":"Lagavulin","floor":12,"turns":7},{"damage":18,"enemies":"Gremlin Nob","floor":14,"turns":3},{"damage":36,"enemies":"The Guardian","floor":16,"turns":8},{"damage":10,"enemies":"Spheric Guardian","floor":18,"turns":4},{"damage":23,"enemies":"Shell Parasite","floor":19,"turns":5},{"damage":53,"enemies":"Shelled Parasite and Fungi","floor":22,"turns":6},{"damage":58,"enemies":"Gremlin Leader","floor":24,"turns":2}],"seed_played":"-1764012743069530137","potions_obtained":[{"floor":7,"key":"sneckomod:MuddlingPotion"},{"floor":11,"key":"AttackPotion"},{"floor":16,"key":"Block Potion"},{"floor":22,"key":"SpeedPotion"}],"is_trial":false,"path_per_floor":["M","?","M","?","T","R","E","?","T","R","M","E","$","E","R","B",null,"M","M","?","$","M","R","E"],"character_chosen":"DEFECT","items_purchased":["Hello World","Pear","Capacitor","Genetic Algorithm"],"campfire_rested":1,"item_purchase_floors":[13,13,21,21],"current_hp_per_floor":[75,75,75,68,68,68,68,68,68,68,61,53,63,52,52,48,76,73,64,64,64,25,50,0,0],"gold":121,"neow_bonus":"THREE_ENEMY_KILL","is_daily":false,"chose_seed":false,"campfire_upgraded":3,"win_rate":0.0,"timestamp":1610336350,"path_taken":["M","?","?","?","?","R","E","?","T","R","?","E","$","E","R","BOSS","M","M","?","$","M","R","E"],"items_purchased_type":["Card","Relic","Card","Card"],"build_version":"2020-12-22","purchased_purges":2,"victory":false,"max_hp_per_floor":[75,75,75,75,75,75,75,75,75,75,75,75,85,85,85,85,85,85,85,85,85,85,85,85,85],"relic_stats":{"Nunchaku":[3],"Centennial Puzzle":[24],"Inserter":[8],"counters":[11,40],"Pantograph":25,"Smiling Mask":75,"obtain_stats":[{"DataDisk":5,"Nunchaku":8,"Centennial Puzzle":9,"Pear":13,"Inserter":17,"NeowsBlessing":0,"Pantograph":14,"Cracked Core":0,"Smiling Mask":7,"Symbiotic Virus":12},{"DataDisk":2,"Nunchaku":3,"Centennial Puzzle":3,"Pear":5,"Inserter":7,"NeowsBlessing":0,"Pantograph":6,"Cracked Core":0,"Smiling Mask":3,"Symbiotic Virus":5},{"DataDisk":2,"Nunchaku":3,"Centennial Puzzle":3,"Pear":12,"Inserter":23,"NeowsBlessing":0,"Pantograph":15,"Cracked Core":0,"Smiling Mask":3,"Symbiotic Virus":12}]},"card_choices":[{"not_picked":["Turbo","Rip and Tear","Beam Cell"],"picked":"SKIP","floor":1},{"not_picked":["Double Energy","Static Discharge","Capacitor"],"picked":"SKIP","floor":3},{"not_picked":["Gash","Hologram","Double Energy"],"picked":"SKIP","floor":7},{"not_picked":["Rip and Tear","Turbo"],"picked":"Self Repair","floor":11},{"not_picked":["Leap","Rip and Tear"],"picked":"Storm","floor":12},{"not_picked":["Chaos","Barrage","Turbo"],"picked":"SKIP","floor":14},{"not_picked":["Seek","Core Surge"],"picked":"Creative AI","floor":16},{"not_picked":["Barrage+1","Ball Lightning"],"picked":"Self Repair","floor":18},{"not_picked":["Ball Lightning","Beam Cell","Fusion"],"picked":"SKIP","floor":19},{"not_picked":["Reprogram+1","Steam","Undo"],"picked":"SKIP","floor":22}],"player_experience":515729,"relics_obtained":[{"floor":5,"key":"DataDisk"},{"floor":7,"key":"Smiling Mask"},{"floor":9,"key":"Centennial Puzzle"},{"floor":12,"key":"Symbiotic Virus"},{"floor":14,"key":"Pantograph"}],"event_choices":[{"damage_healed":0,"gold_gain":275,"player_choice":"Desecrate","damage_taken":0,"max_hp_gain":0,"max_hp_loss":0,"event_name":"Golden Shrine","floor":2,"gold_loss":0,"cards_obtained":["Regret"]},{"cards_removed":["Regret"],"damage_healed":0,"gold_gain":0,"player_choice":"Card Removal","damage_taken":7,"max_hp_gain":0,"max_hp_loss":0,"event_name":"Golden Wing","floor":4,"gold_loss":0},{"damage_healed":0,"gold_gain":0,"player_choice":"Gave Potion","damage_taken":0,"relics_obtained":["Nunchaku"],"max_hp_gain":0,"max_hp_loss":0,"event_name":"WeMeetAgain","floor":8,"gold_loss":0},{"cards_removed":["Strike_B"],"damage_healed":0,"gold_gain":0,"player_choice":"Offered Basic","damage_taken":0,"max_hp_gain":0,"max_hp_loss":0,"event_name":"Bonfire Elementals","floor":20,"gold_loss":0}],"is_beta":false,"boss_relics":[{"not_picked":["SacredBark","Astrolabe"],"picked":"Inserter"}],"items_purged_floors":[13,21],"is_endless":false,"potions_floor_spawned":[7,11,16,22],"killed_by":"Gremlin Leader","ascension_level":5}}