{"host":"pvf7uj918he10jir","time":1610340500,"event":{"mods":["AchievementEnabler","BaseMod","Colored Map","Colored Powertips","Highlight Path","Minty Spire (QoL Compilation)","Relic Stats","Slay the Relics Exporter","everything is the same but u backflip on backflip"],"gold_per_floor":[117,48,71,82,82,82,108,108,108,124,124,124,143,159,159,257,257,275,275,288,34,49,49,76,90,90,122,122,134,134,152,152,152,152],"floor_reached":33,"playtime":1938,"items_purged":["Strike_B"],"score":404,"play_id":"3dbbed72-2a35-46c4-afd1-8f3278b21cd7","local_time":"20210110234820","is_ascension_mode":true,"campfire_choices":[{"data":"Zap","floor":6,"key":"SMITH"},{"data":"1","floor":8,"key":"LIFT"},{"data":"2","floor":12,"key":"LIFT"},{"data":"3","floor":15,"key":"LIFT"},{"data":"Hologram","floor":23,"key":"SMITH"},{"floor":32,"key":"REST"}],"circlet_count":0,"master_deck":["Strike_B","Strike_B","Defend_B","Defend_B","Defend_B+1","Defend_B+1","Zap+1","Dualcast","Gash","FTL","Conserve Battery","FTL","Hologram","Hologram+1","Gash","Gash","Rebound","Violence","Skim","Normality","Hologram"],"relics":["Cracked Core","NeowsBlessing","Strawberry","Girya","War Paint","White Beast Statue","Cursed Key","Akabeko","Darkstone Periapt","Molten Egg 2"],"acts_visited":["Exordium","TheCity"],"potions_floor_usage":[33],"damage_taken":[{"damage":0,"enemies":"Cultist","floor":1,"turns":1},{"damage":0,"enemies":"2 Louse","floor":4,"turns":1},{"damage":0,"enemies":"Gremlin Nob","floor":7,"turns":1},{"damage":0,"enemies":"Jaw Worm","floor":10,"turns":2},{"damage":0,"enemies":"Lots of Slimes","floor":13,"turns":3},{"damage":0,"enemies":"Looter","floor":14,"turns":3},{"damage":35,"enemies":"The Guardian","floor":16,"turns":8},{"damage":2,"enemies":"Shell Parasite","floor":18,"turns":4},{"damage":4,"enemies":"Chosen","floor":20,"turns":3},{"damage":20,"enemies":"Snecko","floor":22,"turns":4},{"damage":0,"enemies":"Gremlin Leader","floor":24,"turns":5},{"damage":8,"enemies":"Shelled Parasite and Fungi","floor":25,"turns":3},{"damage":29,"enemies":"Slavers","floor":27,"turns":5},{"damage":4,"enemies":"Cultist and Chosen","floor":29,"turns":4},{"damage":10,"enemies":"Snecko","floor":31,"turns":5},{"damage":78,"enemies":"Automaton","floor":33,"turns":6}],"seed_played":"4735236089283700296","potions_obtained":[{"floor":1,"key":"Strength Potion"},{"floor":4,"key":"SmokeBomb"},{"floor":10,"key":"Swift Potion"},{"floor":13,"key":"Block Potion"}],"is_trial":false,"path_per_floor":["M","$","T","M","?","R","E","R","T","M","T","R","M","M","R","B",null,"M","?","M","$","M","R","E","M","T","E","?","M","?","M","R","B"],"character_chosen":"DEFECT","items_purchased":["FTL","Violence"],"campfire_rested":1,"item_purchase_floors":[2,21],"current_hp_per_floor":[75,75,82,82,75,75,75,75,75,75,75,75,75,75,75,40,82,80,80,76,76,56,56,56,48,48,19,19,15,15,5,29,0,0],"gold":152,"neow_bonus":"THREE_ENEMY_KILL","is_daily":false,"chose_seed":false,"campfire_upgraded":2,"win_rate":0.0,"timestamp":1610340500,"path_taken":["M","$","?","M","?","R","E","R","T","M","?","R","?","M","R","BOSS","M","?","M","$","?","R","E","M","T","E","?","M","?","M","R","BOSS"],"items_purchased_type":["Card","Card"],"build_version":"2020-12-22","purchased_purges":1,"victory":false,"max_hp_per_floor":[75,75,82,82,82,82,82,82,82,82,82,82,82,82,82,82,82,82,82,82,82,82,82,82,82,82,82,82,82,82,82,82,82,82],"relic_stats":{"Darkstone Periapt":0,"counters":[16,58],"War Paint":["Defend_B","Defend_B"],"Cursed Key":1,"obtain_stats":[{"Darkstone Periapt":26,"Girya":7,"NeowsBlessing":0,"Strawberry":3,"Molten Egg 2":27,"War Paint":9,"Cracked Core":0,"Cursed Key":17,"White Beast Statue":11,"Akabeko":24},{"Darkstone Periapt":12,"Girya":3,"NeowsBlessing":0,"Strawberry":1,"Molten Egg 2":13,"War Paint":3,"Cracked Core":0,"Cursed Key":7,"White Beast Statue":4,"Akabeko":11},{"Darkstone Periapt":38,"Girya":3,"NeowsBlessing":0,"Strawberry":1,"Molten Egg 2":43,"War Paint":3,"Cracked Core":0,"Cursed Key":19,"White Beast Statue":5,"Akabeko":35}]},"card_choices":[{"not_picked":["Chill","Recycle"],"picked":"Gash","floor":1},{"not_picked":["Beam Cell","Reinforced Body"],"picked":"Conserve Battery","floor":4},{"not_picked":["Cold Snap","Steam"],"picked":"FTL","floor":7},{"not_picked":["Redo","Steam Power","Conserve Battery"],"picked":"SKIP","floor":10},{"not_picked":["Core Surge","Leap"],"picked":"Hologram","floor":13},{"not_picked":["Coolheaded","Ball Lightning"],"picked":"Hologram","floor":14},{"not_picked":["Redo","Steam"],"picked":"Gash","floor":18},{"not_picked":["Ball Lightning","Cold Snap"],"picked":"Rebound","floor":20},{"not_picked":["Biased Cognition","Cold Snap+1"],"picked":"Skim","floor":22},{"not_picked":["Streamline","Coolheaded","Defragment"],"picked":"SKIP","floor":24},{"not_picked":["Compile Driver","Redo","Lockon"],"picked":"SKIP","floor":25},{"not_picked":["Storm","Streamline+1","Coolheaded"],"picked":"SKIP","floor":27},{"not_picked":["Double Energy","FTL+1"],"picked":"Hologram","floor":29},{"not_picked":["Blizzard+1","Leap+1","Streamline+1"],"picked":"SKIP","floor":31}],"player_experience":136492,"relics_obtained":[{"floor":3,"key":"Strawberry"},{"floor":7,"key":"Girya"},{"floor":9,"key":"War Paint"},{"floor":11,"key":"White Beast Statue"},{"floor":24,"key":"Akabeko"},{"floor":26,"key":"Darkstone Periapt"},{"floor":27,"key":"Molten Egg 2"}],"event_choices":[{"cards_removed":["Strike_B"],"damage_healed":0,"gold_gain":0,"player_choice":"Card Removal","damage_taken":7,"max_hp_gain":0,"max_hp_loss":0,"event_name":"Golden Wing","floor":5,"gold_loss":0},{"damage_healed":0,"gold_gain":0,"player_choice":"Copied","damage_taken":0,"max_hp_gain":0,"max_hp_loss":0,"event_name":"Duplicator","floor":19,"gold_loss":0,"cards_obtained":["Gash"]},{"damage_healed":0,"gold_gain":0,"player_choice":"Ignored","damage_taken":0,"max_hp_gain":0,"max_hp_loss":0,"event_name":"Cursed Tome","floor":28,"gold_loss":0},{"damage_healed":0,"gold_gain":0,"player_choice":"Got Potions","damage_taken":0,"max_hp_gain":0,"max_hp_loss":0,"event_name":"Lab","floor":30,"gold_loss":0}],"is_beta":false,"boss_relics":[{"not_picked":["Busted Crown","Fusion Hammer"],"picked":"Cursed Key"}],"items_purged_floors":[21],"is_endless":false,"potions_floor_spawned":[1,4,10,13,14,16,18,20,22,24,25,27,29,31],"killed_by":"Automaton","ascension_level":4}}