{"host":"foq4mrde4mssg7vt","time":1610374253,"event":{"mods":["AchievementEnabler","BaseMod","Colored Map","Colored Powertips","Highlight Path","Minty Spire (QoL Compilation)","Relic Stats","everything is the same but u backflip on backflip"],"gold_per_floor":[15,34,34,50,66,99,99,129,129,129,129,129,147,176,176,176,176],"floor_reached":16,"playtime":516,"items_purged":[],"score":222,"play_id":"e1a480cc-4931-4e4e-b241-d8900340bb7d","local_time":"20210111221053","is_ascension_mode":true,"campfire_choices":[{"floor":7.0,"key":"REST"},{"floor":10.0,"key":"REST"},{"data":"Sweeping Beam","floor":15,"key":"SMITH"}],"circlet_count":0,"master_deck":["AscendersBane","Strike_B","Strike_B","Strike_B","Defend_B","Defend_B","Defend_B","Defend_B","Zap","Dualcast","Gash","Sweeping Beam+1","Streamline","Melter","Reprogram+1","Leap+1"],"relics":["Cracked Core","TungstenRod","Gremlin Horn","Toxic Egg 2","Cables","Kunai"],"acts_visited":["Exordium"],"potions_floor_usage":[],"damage_taken":[{"damage":9.0,"enemies":"Small Slimes","floor":1.0,"turns":4.0},{"damage":5.0,"enemies":"2 Louse","floor":2.0,"turns":3.0},{"damage":5.0,"enemies":"Cultist","floor":4.0,"turns":3.0},{"damage":9.0,"enemies":"Blue Slaver","floor":5.0,"turns":3.0},{"damage":22.0,"enemies":"Gremlin Nob","floor":6.0,"turns":4.0},{"damage":28.0,"enemies":"Lagavulin","floor":8.0,"turns":7.0},{"damage":0.0,"enemies":"2 Fungi Beasts","floor":13.0,"turns":3.0},{"damage":2.0,"enemies":"3 Sentries","floor":14.0,"turns":8.0},{"damage":29,"enemies":"Hexaghost","floor":16,"turns":11}],"seed_played":"1210300439181860662","potions_obtained":[{"floor":1.0,"key":"Explosive Potion"},{"floor":5.0,"key":"EssenceOfDarkness"}],"is_trial":false,"path_per_floor":["M","M","$","M","M","E","R","E","T","R","?","?","M","E","R","B"],"character_chosen":"DEFECT","items_purchased":[],"campfire_rested":2,"item_purchase_floors":[],"current_hp_per_floor":[55,50,50,45,36,14,35,7,7,28,28,28,28,26,26,0,0],"gold":176,"neow_bonus":"ONE_RARE_RELIC","is_daily":false,"chose_seed":false,"campfire_upgraded":1,"win_rate":0.0,"timestamp":1610374253,"path_taken":["M","M","$","M","M","E","R","E","T","R","?","?","?","E","R","BOSS"],"items_purchased_type":[],"build_version":"2020-12-22","purchased_purges":0,"victory":false,"max_hp_per_floor":[71,71,71,71,71,71,71,71,71,71,71,71,71,71,71,71,71],"relic_stats":{"Gremlin Horn":[3,3],"counters":[9,46],"Kunai":[2],"obtain_stats":[{"Gremlin Horn":6,"Kunai":14,"Toxic Egg 2":8,"Cracked Core":0,"TungstenRod":0,"Cables":9},{"Gremlin Horn":5,"Kunai":8,"Toxic Egg 2":6,"Cracked Core":0,"TungstenRod":0,"Cables":6},{"Gremlin Horn":17,"Kunai":35,"Toxic Egg 2":24,"Cracked Core":0,"TungstenRod":0,"Cables":24}],"TungstenRod":22,"Cables":[20,20,0,0,0]},"card_choices":[{"not_picked":["Auto Shields","Steam Power"],"picked":"Gash","floor":1.0},{"not_picked":["Barrage","Undo"],"picked":"Sweeping Beam","floor":2.0},{"not_picked":["Sweeping Beam","Steam"],"picked":"Streamline","floor":4.0},{"not_picked":["Aggregate","Hologram"],"picked":"Melter","floor":5.0},{"not_picked":["Amplify","Sunder","Stack"],"picked":"SKIP","floor":6.0},{"not_picked":["Consume+1","Darkness+1"],"picked":"Reprogram+1","floor":8.0},{"not_picked":["Redo+1","Leap+1","Streamline"],"picked":"SKIP","floor":13.0},{"not_picked":["Compile Driver","Redo+1","Melter"],"picked":"SKIP","floor":14.0}],"player_experience":444933,"relics_obtained":[{"floor":6.0,"key":"Gremlin Horn"},{"floor":8.0,"key":"Toxic Egg 2"},{"floor":9.0,"key":"Cables"},{"floor":14.0,"key":"Kunai"}],"event_choices":[{"damage_healed":0.0,"max_hp_gain":0.0,"max_hp_loss":0.0,"gold_gain":0.0,"event_name":"Liars Game","player_choice":"Ignored","floor":11.0,"gold_loss":0.0,"damage_taken":0.0},{"damage_healed":0.0,"max_hp_gain":0.0,"max_hp_loss":0.0,"gold_gain":0.0,"cards_transformed":["Strike_B"],"event_name":"Transmorgrifier","player_choice":"Transformed","floor":12.0,"gold_loss":0.0,"damage_taken":0.0,"cards_obtained":["Leap"]}],"is_beta":false,"boss_relics":[],"items_purged_floors":[],"is_endless":false,"potions_floor_spawned":[1,5,6,14],"killed_by":"Hexaghost","ascension_level":17}}