{"host":"pno9h1fupbyz205f","time":1610400976,"event":{"mods":["Aspiration","BaseMod","Better Altar","Better Match","Better Note","Better Sensory Stone","Better Skull","Better Third Choice","Colored Map","Colored Powertips","Hubris","Infinite Spire","Jedi Mod","Mad Scientist","Marisa????????","Minty Spire (QoL Compilation)","Permanent Neow","Potionbrewer","Replay The Spire","Shop Mod","Spicy Shops","StSLib","Td1madao Mod","The Blackbeard","The Gatherer","The Hierophant","The Poker Player","The Runesmith","The Servant 0.9.4","thorton","vexMod"],"gold_per_floor":[109,34,34,53,71,71,85,85,139,186,186,204,222,242,242,338,338,353,353,370,370,370,402,402,412,465,485,87,122,122,132,132,237,237,249,266,807,827,827,827,28,28,28,28,46,46,46,46,46],"floor_reached":48,"playtime":1902,"items_purged":["MadScienceMod:Strike_MadScience","MadScienceMod:Strike_MadScience","Injury","Thinking Ahead"],"score":562,"play_id":"68729ad7-577a-48fe-9f5b-01f411061265","local_time":"20210111133616","daily_mods":["Allstar","Heirloom","Time Dilation"],"is_ascension_mode":false,"campfire_choices":[{"data":"Replay:Dark Deal","floor":6,"key":"SMITH"},{"data":"jedi:forcepush","floor":11,"key":"SMITH"},{"floor":15,"key":"REST"},{"data":"Secret Technique","floor":24,"key":"SMITH"},{"floor":32,"key":"REST"},{"floor":40,"key":"REST"}],"circlet_count":0,"master_deck":["MadScienceMod:Defend_MadScience","MadScienceMod:Defend_MadScience","MadScienceMod:Defend_MadScience","MadScienceMod:Defend_MadScience","MadScienceMod:PoweredStrike","jedi:forcepush+1","Secret Technique+1","Replay:Dark Deal+1","Master of Strategy","MadScienceMod:RadioactiveSword","MadScienceMod:OilDrum","MadScienceMod:RadioactiveSword","MadScienceMod:FlexibleSpear","MadScienceMod:ExploreOptions","MadScienceMod:Generator+1","MadScienceMod:FumeBlast","MadScienceMod:Refuel","Pot Of Greed","Pot Of Greed","MadScienceMod:FumeHood+1","MadScienceMod:Lightbulb","Deep Breath+1","Replay:Dark Deal+1","Pot Of Greed","MadScienceMod:Poke+1","MadScienceMod:Redesign","MadScienceMod:Refuel+1","MadScienceMod:ClockworkAssistant+1","MadScienceMod:Automate+1","infinitespire:NeuralNetwork+1","MadScienceMod:Lightbulb","Wraith"],"relics":["MadScienceMod:FuelTank","replay:Trail_Library","vexMod:HeadHunter","Frozen Egg 2","hubris:Icosahedron","Bronze Scales","HornCleat","Black Star","Centennial Puzzle","aspiration:PoetsPen_weak","hubris:DeckOfHolding","The Courier","Juzu Bracelet","Grinning Jar","Golden Egg","jedi:shrinkray","ReplayTheSpireMod:Ninjato","Empty Cage","Blood Vial","SlaversCollar","ClockworkSouvenir","aspiration:SeaSaltIceCream","aspiration:Nostalgia","Uniform","Runesmith:AutoHammer","Bottled Tornado","hubris:Towel","vexMod:ConsolationPrize"],"acts_visited":["Exordium","TheCity","TheBeyond"],"potions_floor_usage":[16,16,16,23,46],"damage_taken":[{"damage":1,"enemies":"Jaw Worm","floor":1,"turns":3},{"damage":4,"enemies":"Small Slimes","floor":4,"turns":3},{"damage":0,"enemies":"Cultist","floor":5,"turns":1},{"damage":8,"enemies":"2 Fungi Beasts","floor":7,"turns":4},{"damage":6,"enemies":"Large Slime","floor":12,"turns":4},{"damage":2,"enemies":"Exordium Wildlife","floor":13,"turns":2},{"damage":0,"enemies":"2 Fungi Beasts","floor":14,"turns":2},{"damage":0,"enemies":"Hexaghost","floor":16,"turns":7},{"damage":8,"enemies":"Spheric Guardian","floor":18,"turns":5},{"damage":8,"enemies":"2 Thieves","floor":20,"turns":3},{"damage":0,"enemies":"Nightmare","floor":23,"turns":3},{"damage":1,"enemies":"Cultist and Chosen","floor":25,"turns":3},{"damage":0,"enemies":"Chosen and Byrds","floor":27,"turns":1},{"damage":30,"enemies":"Slavers","floor":29,"turns":4},{"damage":0,"enemies":"Snecko","floor":31,"turns":1},{"damage":0,"enemies":"Champ","floor":33,"turns":2},{"damage":5,"enemies":"3 Shapes","floor":35,"turns":2},{"damage":0,"enemies":"3 Darklings","floor":36,"turns":2},{"damage":0,"enemies":"Sphere and 2 Shapes","floor":38,"turns":1},{"damage":0,"enemies":"Transient","floor":45,"turns":4},{"damage":0,"enemies":"3 Darklings","floor":48,"turns":1}],"seed_played":"-97577343682980134","potions_obtained":[{"floor":1,"key":"LiquidBronze"},{"floor":4,"key":"Venom Potion"},{"floor":14,"key":"FearPotion"},{"floor":16,"key":"jedi:tentaclejuice"},{"floor":18,"key":"Elixir"},{"floor":20,"key":"jedi:wingpotion"},{"floor":22,"key":"potionbrewer:ToxicPotion"},{"floor":27,"key":"potionbrewer:ToxicPotion"},{"floor":29,"key":"potionbrewer:CleansingPotion"},{"floor":38,"key":"SteroidPotion"},{"floor":45,"key":"jedi:mysterypotion"}],"is_trial":true,"path_per_floor":["M","$","?","M","M","R","M","?","T","?","R","M","M","M","R","B",null,"M","AVR","M","?","?","NM","R","M","T","M","$","E","?","M","R","B",null,"M","M","?","M","AVR","R","$","?","T","?","M","?","?","M"],"character_chosen":"MAD_SCIENTIST","items_purchased":["Grinning Jar","Golden Egg","ClockworkSouvenir","aspiration:SeaSaltIceCream","MadScienceMod:Refuel","Runesmith:AutoHammer","Bottled Tornado","MadScienceMod:ClockworkAssistant+1"],"campfire_rested":3,"item_purchase_floors":[28,28,41,41,41,41,41,41],"current_hp_per_floor":[74,74,74,70,70,70,62,62,62,44,44,38,36,36,58,58,75,67,67,59,59,59,59,59,58,58,58,58,28,28,28,50,50,75,70,70,24,24,24,46,46,46,46,28,40,40,40,40,40],"gold":46,"neow_bonus":"","is_daily":false,"chose_seed":false,"campfire_upgraded":3,"win_rate":0.0,"timestamp":1610400976,"path_taken":["M","$","?","M","M","R","M","?","T","?","R","M","M","M","R","BOSS","M","AVR","M","?","?","NM","R","?","T","M","$","E","?","M","R","BOSS","M","M","?","M","AVR","R","$","?","T","?","M","?","?","M"],"items_purchased_type":["Relic","Relic","Relic","Relic","Card","Relic","Relic","Card"],"build_version":"2020-12-22","purchased_purges":4,"victory":false,"max_hp_per_floor":[75,75,75,75,75,75,75,75,75,75,75,75,75,75,75,75,75,75,75,75,75,75,75,75,75,75,75,75,75,75,75,75,75,75,75,75,75,75,75,75,75,75,75,75,75,75,75,75,75],"card_choices":[{"not_picked":["MadScienceMod:NowOrNever","MadScienceMod:LightOnFire"],"picked":"MadScienceMod:RadioactiveSword","floor":1},{"not_picked":["MadScienceMod:Sprocket","MadScienceMod:Detonate"],"picked":"MadScienceMod:OilDrum","floor":4},{"not_picked":["MadScienceMod:FlameThrower","MadScienceMod:NowOrNever"],"picked":"MadScienceMod:RadioactiveSword","floor":5},{"not_picked":["MadScienceMod:Refuel","MadScienceMod:Probe","MadScienceMod:AssemblyLine+1"],"picked":"SKIP","floor":7},{"not_picked":["MadScienceMod:MinatureWeapons+1","MadScienceMod:OilDrum","MadScienceMod:Virus"],"picked":"SKIP","floor":12},{"not_picked":["MadScienceMod:Probe","MadScienceMod:NowOrNever"],"picked":"MadScienceMod:ExploreOptions","floor":13},{"not_picked":["MadScienceMod:Strafe","MadScienceMod:EnergyBarrier","MadScienceMod:FlexibleSpear"],"picked":"SKIP","floor":14},{"not_picked":["MadScienceMod:Reconstitute","MadScienceMod:Assemble"],"picked":"MadScienceMod:Generator+1","floor":16},{"not_picked":["MadScienceMod:LightOnFire","MadScienceMod:Retarget","MadScienceMod:MakeOrBreak+1"],"picked":"SKIP","floor":18},{"not_picked":["MadScienceMod:AutoStrike","MadScienceMod:OmniHammer","MadScienceMod:NowOrNever+1"],"picked":"SKIP","floor":20},{"not_picked":["MadScienceMod:GoldenGun","MadScienceMod:ArtilleryShot","MadScienceMod:GatherParts"],"picked":"SKIP","floor":23},{"not_picked":["MadScienceMod:NowOrNever","MadScienceMod:LightOnFire","MadScienceMod:MechanicalClaw+1"],"picked":"SKIP","floor":23},{"not_picked":["MadScienceMod:Virus","MadScienceMod:JunkLaser+1","MadScienceMod:BoxOfScraps"],"picked":"SKIP","floor":25},{"not_picked":["MadScienceMod:AutoStrike","MadScienceMod:FumeBlast","MadScienceMod:Refuel"],"picked":"SKIP","floor":27},{"not_picked":["MadScienceMod:AutoStrike","MadScienceMod:FumeBlast"],"picked":"MadScienceMod:Refuel","floor":27},{"not_picked":["MadScienceMod:Postpone","MadScienceMod:ArtilleryShot"],"picked":"MadScienceMod:FumeHood","floor":29},{"not_picked":["MadScienceMod:Bayonet","MadScienceMod:JunkLaser"],"picked":"MadScienceMod:Lightbulb","floor":29},{"not_picked":["MadScienceMod:FumeBlast","MadScienceMod:MechanicalClaw","MadScienceMod:FlameCannon"],"picked":"SKIP","floor":31},{"not_picked":["MadScienceMod:ParticleBeam+1","MadScienceMod:RadioactiveSword+1"],"picked":"MadScienceMod:Poke+1","floor":35},{"not_picked":["MadScienceMod:AcidSpray","MadScienceMod:ExtractOil","MadScienceMod:Tune"],"picked":"SKIP","floor":36},{"not_picked":["MadScienceMod:Sprocket","MadScienceMod:AcidSpray"],"picked":"MadScienceMod:Redesign","floor":38},{"not_picked":["infinitespire:Menacing","hubris:Fate"],"picked":"infinitespire:NeuralNetwork","floor":44},{"not_picked":["MadScienceMod:CaptureMomentum","MadScienceMod:Redesign+1","MadScienceMod:OmniHammer+1"],"picked":"SKIP","floor":45}],"player_experience":155826,"relics_obtained":[{"floor":9,"key":"Bronze Scales"},{"floor":10,"key":"HornCleat"},{"floor":23,"key":"hubris:DeckOfHolding"},{"floor":23,"key":"The Courier"},{"floor":26,"key":"Juzu Bracelet"},{"floor":29,"key":"jedi:shrinkray"},{"floor":29,"key":"ReplayTheSpireMod:Ninjato"},{"floor":43,"key":"vexMod:ConsolationPrize"}],"event_choices":[{"damage_healed":0,"gold_gain":0,"cards_transformed":["MadScienceMod:Strike_MadScience"],"player_choice":"Transformed","damage_taken":0,"max_hp_gain":0,"max_hp_loss":0,"event_name":"Transmorgrifier","floor":21,"gold_loss":0,"cards_obtained":["MadScienceMod:FumeBlast"]},{"damage_healed":0,"gold_gain":0,"player_choice":"Got Potions","damage_taken":0,"max_hp_gain":0,"max_hp_loss":0,"event_name":"Lab","floor":22,"gold_loss":0},{"damage_healed":0,"gold_gain":541,"player_choice":"GO GO GO GO GO ","damage_taken":51,"relics_obtained":[],"max_hp_gain":0,"max_hp_loss":0,"event_name":"betterSkull:BetterSkull","floor":37,"gold_loss":0,"cards_upgraded":[]},{"damage_healed":0,"gold_gain":0,"player_choice":"Copied","damage_taken":0,"max_hp_gain":0,"max_hp_loss":0,"event_name":"Duplicator","floor":46,"gold_loss":0,"cards_obtained":["MadScienceMod:Lightbulb"]},{"damage_healed":0,"gold_gain":0,"player_choice":"Ignored","damage_taken":0,"max_hp_gain":0,"max_hp_loss":0,"event_name":"OrinTheCat","floor":47,"gold_loss":0}],"is_beta":false,"boss_relics":[{"not_picked":["hubris:HollowSoul","Kintsugi"],"picked":"Black Star"},{"not_picked":["vexMod:EndlessSickness","aspiration:ServantSkillbook"],"picked":"Empty Cage"}],"items_purged_floors":[2,19,28,39],"is_endless":true,"potions_floor_spawned":[1,4,14,16,18,20,27,29,38,45],"killed_by":"3 Darklings","ascension_level":0}}