{"host":"g200jza2br9hmesm","time":1610331812,"event":{"mods":["AchievementEnabler","BaseMod","Colored Map","Downfall","Minty Spire (QoL Compilation)","Quick Restart","Relic Stats","StSLib"],"gold_per_floor":[117,67,84,157,332,362,362,381,433,433,450,220,250,269,269,269,269],"floor_reached":16,"playtime":503,"items_purged":["Doubt"],"score":203,"play_id":"9bd49e56-b460-4b90-9ed0-27ab8035802d","local_time":"20210110212332","is_ascension_mode":true,"campfire_choices":[{"data":"Barricade","floor":7,"key":"SMITH"},{"data":"Rampage","floor":10,"key":"SMITH"},{"data":"Heavy Blade","floor":15,"key":"SMITH"}],"circlet_count":0,"master_deck":["AscendersBane","Strike_R","Strike_R","Strike_R","Strike_R","Strike_R","Defend_R","Defend_R","Defend_R","Bash","Flex","Heavy Blade+1","Barricade+1","Rampage+1"],"relics":["Burning Blood","NeowsBlessing","MealTicket","Dream Catcher","Brimstone","StrikeDummy"],"acts_visited":["Exordium"],"potions_floor_usage":[8,11],"damage_taken":[{"damage":0,"enemies":"Small Slimes","floor":1,"turns":1},{"damage":0,"enemies":"Jaw Worm","floor":3,"turns":1},{"damage":0,"enemies":"Gremlin Nob","floor":6,"turns":1},{"damage":10,"enemies":"Cultist","floor":8,"turns":5},{"damage":19,"enemies":"Exordium Wildlife","floor":11,"turns":5},{"damage":14,"enemies":"Lagavulin","floor":13,"turns":5},{"damage":19,"enemies":"Large Slime","floor":14,"turns":4},{"damage":67,"enemies":"Hexaghost","floor":16,"turns":5}],"seed_played":"-9019501049511146881","potions_obtained":[{"floor":3,"key":"Dexterity Potion"},{"floor":6,"key":"SkillPotion"},{"floor":13,"key":"SpeedPotion"}],"is_trial":false,"path_per_floor":["M","?","M","?","?","E","R","M","T","R","M","$","E","M","R","B"],"character_chosen":"IRONCLAD","items_purchased":["Brimstone"],"campfire_rested":0,"item_purchase_floors":[12],"current_hp_per_floor":[78,78,80,80,80,80,80,76,76,76,63,78,70,57,57,0,0],"gold":269,"neow_bonus":"THREE_ENEMY_KILL","is_daily":false,"chose_seed":false,"campfire_upgraded":3,"win_rate":0.0,"timestamp":1610331812,"path_taken":["M","?","M","?","?","E","R","M","T","R","M","$","E","M","R","BOSS"],"items_purchased_type":["Relic"],"build_version":"2020-12-22","purchased_purges":1,"victory":false,"max_hp_per_floor":[80,80,80,80,80,80,80,80,80,80,80,80,80,80,80,80,80],"relic_stats":{"Dream Catcher":0,"counters":[8,27],"MealTicket":15,"obtain_stats":[{"Dream Catcher":9,"NeowsBlessing":0,"Brimstone":12,"MealTicket":6,"StrikeDummy":13,"Burning Blood":0},{"Dream Catcher":4,"NeowsBlessing":0,"Brimstone":5,"MealTicket":3,"StrikeDummy":6,"Burning Blood":0},{"Dream Catcher":8,"NeowsBlessing":0,"Brimstone":13,"MealTicket":3,"StrikeDummy":18,"Burning Blood":0}],"Burning Blood":32},"card_choices":[{"not_picked":["Thunderclap","Headbutt"],"picked":"Flex","floor":1},{"not_picked":["Bloodletting","Body Slam"],"picked":"Heavy Blade","floor":3},{"not_picked":["Dual Wield","Perfected Strike"],"picked":"Barricade","floor":6},{"not_picked":["Headbutt","Anger"],"picked":"Rampage","floor":8},{"not_picked":["Shrug It Off","Pommel Strike","Dropkick"],"picked":"SKIP","floor":11},{"not_picked":["Searing Blow","Impervious","Bloodletting"],"picked":"SKIP","floor":13},{"not_picked":["Reckless Charge","Inflame","Flame Barrier"],"picked":"SKIP","floor":14}],"player_experience":511097,"relics_obtained":[{"floor":6,"key":"MealTicket"},{"floor":9,"key":"Dream Catcher"},{"floor":13,"key":"StrikeDummy"}],"event_choices":[{"cards_removed":["Defend_R"],"damage_healed":0,"gold_gain":0,"player_choice":"Card Removal","damage_taken":0,"max_hp_gain":0,"max_hp_loss":0,"event_name":"The Cleric","floor":2,"gold_loss":50},{"damage_healed":0,"gold_gain":73,"player_choice":"Gained Gold","damage_taken":0,"max_hp_gain":0,"max_hp_loss":0,"event_name":"Golden Wing","floor":4,"gold_loss":0},{"damage_healed":0,"gold_gain":175,"player_choice":"AGREE","damage_taken":0,"max_hp_gain":0,"max_hp_loss":0,"event_name":"Liars Game","floor":5,"gold_loss":0,"cards_obtained":["Doubt"]}],"is_beta":false,"boss_relics":[],"items_purged_floors":[12],"is_endless":false,"potions_floor_spawned":[3,6,13],"killed_by":"Hexaghost","ascension_level":10}}