{"host":"dwyzfvnzfcqffr30","time":1610326814,"event":{"mods":["2.2 Compatiblity","Act Like it!","BaseMod","Beaked The Cultist","Better Altar","Better Match","Better Note","Better Sensory Stone","Better Skull","Better Third Choice","Clockwork Mod","Colored Map","Colored Powertips","Conspire","Downfall","Elementarium","GifTheSpireLib","Halation","Hermit","Hubris","Infinite Spire","Ironclad Rager","Jedi Mod","Menagerie","Mimic Mod","Minty Spire (QoL Compilation)","Permanent Neow","Random Character Button","Replay The Spire","Spicy Shops","Spikes Relics","StSLib","Stuff the Spire","The Construct","The Disciple","The Druid","The Marked","TheFirefly","Trackpad","vexMod"],"gold_per_floor":[114,132,32,44,58,92,109,141,141,160,178,226,226,226,226],"floor_reached":14,"playtime":1763,"items_purged":["Strike_B+1"],"score":219,"play_id":"4eef8f90-d4bb-4a65-bbb5-10ec0e21712e","local_time":"20210110170014","is_ascension_mode":true,"campfire_choices":[],"circlet_count":0,"master_deck":["AscendersBane","Strike_B+1","Strike_B+1","Strike_B+1","Defend_B+1","Defend_B+1","Defend_B+1","Defend_B+1","Zap+1","Apotheosis+1","MasterReality+1","jedi:meditation+1","Lockon+1","jedi:BurstLightning+1","DiskWipe+1","jedi:BurstFrost+1","BasicCrystalCard+1","jedi:markofdeath+1","Voices"],"relics":["Cracked Core","Bottled Tornado","conspire:InfiniteJournal","Quantum Egg","Molten Egg 2","Toxic Egg 2","Frozen Egg 2","StuffTheSpire:Gunfinga","hubris:TenFootPole","trackpad:BottledShadow","Guide Book","Shuriken","Geode","Nunchaku","ReplayTheSpireMod:Ring of Collecting","Ring of Fury"],"acts_visited":["Exordium"],"potions_floor_usage":[],"damage_taken":[{"damage":0,"enemies":"Cultist","floor":1,"turns":3},{"damage":4,"enemies":"Jaw Worm","floor":2,"turns":2},{"damage":0,"enemies":"Small Slimes","floor":4,"turns":2},{"damage":13,"enemies":"Blue Slaver","floor":5,"turns":3},{"damage":10,"enemies":"3 Sentries","floor":6,"turns":5},{"damage":0,"enemies":"Looter","floor":7,"turns":3},{"damage":0,"enemies":"Replay:BlueRogue","floor":8,"turns":5},{"damage":13,"enemies":"3 Louse","floor":10,"turns":2},{"damage":8,"enemies":"Exordium Thugs","floor":11,"turns":4},{"damage":20,"enemies":"Lagavulin","floor":14,"turns":4}],"seed_played":"7484047948674927013","potions_obtained":[{"floor":6,"key":"AttackPotion"},{"floor":8,"key":"FocusPotion"},{"floor":10,"key":"jedi:coolantleak"}],"is_trial":false,"path_per_floor":["M","M","$","M","M","E","M","E","T","M","M","T","?","E"],"character_chosen":"DEFECT","items_purchased":["StuffTheSpire:Gunfinga","hubris:TenFootPole","trackpad:BottledShadow","Guide Book"],"campfire_rested":0,"item_purchase_floors":[3,3,3,3],"current_hp_per_floor":[64,60,60,60,47,37,37,37,37,24,16,16,16,0,0],"gold":226,"neow_bonus":"REMOVE_CARD","is_daily":false,"chose_seed":false,"campfire_upgraded":0,"win_rate":0.0,"timestamp":1610326814,"path_taken":["M","M","?","M","M","E","M","E","T","M","M","?","?","E"],"items_purchased_type":["Relic","Relic","Relic","Relic"],"build_version":"2020-12-22","purchased_purges":1,"victory":false,"max_hp_per_floor":[71,71,71,71,71,71,71,71,71,71,71,71,71,71,71],"card_choices":[{"not_picked":["Rebound+1","Barrage+1"],"picked":"Lockon+1","floor":1},{"not_picked":["Steam+1","Stack+1"],"picked":"jedi:BurstLightning+1","floor":2},{"not_picked":["Heatsinks+1","jedi:locknload+1"],"picked":"DiskWipe+1","floor":4},{"not_picked":["Hologram+1","StuffTheSpire:GlassShard+1"],"picked":"jedi:BurstFrost+1","floor":5},{"not_picked":["Barrage+1","jedi:blockon+1"],"picked":"BasicCrystalCard+1","floor":6},{"not_picked":["StuffTheSpire:LoadUp+1","Barrage+1"],"picked":"jedi:markofdeath+1","floor":7},{"not_picked":["Steam+1","StuffTheSpire:SnapShoot+1","Go for the Eyes+1"],"picked":"SKIP","floor":8},{"not_picked":["BootSequence+1","Go for the Eyes+1","jedi:locknload+1"],"picked":"SKIP","floor":10},{"not_picked":["Compile Driver+1","Reinforced Body+1","Mirror Shield+1"],"picked":"SKIP","floor":11}],"player_experience":2696284,"relics_obtained":[{"floor":6,"key":"Shuriken"},{"floor":8,"key":"Geode"},{"floor":12,"key":"Nunchaku"},{"floor":13,"key":"ReplayTheSpireMod:Ring of Collecting"},{"floor":13,"key":"Ring of Fury"}],"event_choices":[{"damage_healed":0,"gold_gain":0,"player_choice":"Simplicity","damage_taken":0,"max_hp_gain":0,"max_hp_loss":8,"event_name":"betterThird:BetterWriting","floor":0,"gold_loss":0}],"is_beta":false,"boss_relics":[],"items_purged_floors":[3],"is_endless":false,"potions_floor_spawned":[2,6,8,10,11],"killed_by":"Lagavulin","ascension_level":14}}