{"host":"ovxa65d68iy9l57e","time":1610404158,"event":{"mods":["AchievementEnabler","BaseMod","Better Altar","Better Skull","Better Vampires","Colored Map","Curses Come First","Minty Spire (QoL Compilation)","Relic Stats","StSLib"],"gold_per_floor":[112,129,140,155,169,196,208,238,275,305,317,329,355,75,75,178,178,193,206,206,217,217,217,217,217],"floor_reached":24,"playtime":1556,"items_purged":["Strike_B"],"score":290,"play_id":"2cfa2122-9199-46b3-94bb-1c9cea4e90d0","local_time":"20210111232918","is_ascension_mode":true,"campfire_choices":[{"data":"Dualcast","floor":7,"key":"SMITH"},{"floor":11,"key":"REST"},{"floor":15,"key":"REST"},{"data":"RitualDagger","floor":23,"key":"SMITH"}],"circlet_count":0,"master_deck":["Zap","Dualcast+1","Ball Lightning","Streamline","Ball Lightning","Tempest","Doom and Gloom","Redo","BootSequence","Sunder","Core Surge","Undo","Seek","Defragment","Turbo","Leap","Multi-Cast","Beam Cell","Skim","Doom and Gloom","Genetic Algorithm","Rainbow","Stack","Capacitor","Redo","Leap","RitualDagger+1"],"relics":["Cracked Core","MawBank","DataDisk","Orrery","Pandora\u0027s Box"],"acts_visited":["Exordium","TheCity"],"potions_floor_usage":[4,8,16,24],"damage_taken":[{"damage":0,"enemies":"Cultist","floor":1,"turns":4},{"damage":2,"enemies":"Jaw Worm","floor":2,"turns":3},{"damage":14,"enemies":"2 Louse","floor":3,"turns":2},{"damage":10,"enemies":"Large Slime","floor":4,"turns":5},{"damage":7,"enemies":"Looter","floor":5,"turns":3},{"damage":30,"enemies":"3 Sentries","floor":6,"turns":6},{"damage":14,"enemies":"Lots of Slimes","floor":8,"turns":3},{"damage":1,"enemies":"3 Louse","floor":10,"turns":3},{"damage":0,"enemies":"Blue Slaver","floor":13,"turns":2},{"damage":0,"enemies":"Slime Boss","floor":16,"turns":6},{"damage":1,"enemies":"Chosen","floor":18,"turns":3},{"damage":15,"enemies":"3 Byrds","floor":19,"turns":4},{"damage":27,"enemies":"Sentry and Sphere","floor":21,"turns":4},{"damage":37,"enemies":"Slavers","floor":24,"turns":3}],"seed_played":"-2271067307712769775","potions_obtained":[{"floor":1,"key":"Strength Potion"},{"floor":3,"key":"FocusPotion"},{"floor":6,"key":"Dexterity Potion"},{"floor":13,"key":"Weak Potion"}],"is_trial":false,"path_per_floor":["M","M","M","M","M","E","R","M","T","M","R","?","M","$","R","B",null,"M","M","?","M","?","R","E"],"character_chosen":"DEFECT","items_purchased":["Core Surge","Orrery"],"campfire_rested":2,"item_purchase_floors":[14,14],"current_hp_per_floor":[82,80,66,56,49,19,19,5,5,4,28,28,28,28,52,52,82,81,66,66,39,33,33,0,0],"gold":217,"neow_bonus":"TEN_PERCENT_HP_BONUS","is_daily":false,"chose_seed":false,"campfire_upgraded":2,"win_rate":0.0,"timestamp":1610404158,"path_taken":["M","M","M","M","M","E","R","M","T","?","R","?","?","?","R","BOSS","M","M","?","M","?","R","E"],"items_purchased_type":["Card","Relic"],"build_version":"2020-12-22","purchased_purges":1,"victory":false,"max_hp_per_floor":[82,82,82,82,82,82,82,82,82,82,82,82,82,82,82,82,82,82,82,82,82,82,82,82,82],"relic_stats":{"counters":[14,51],"Pandora\u0027s Box":["Beam Cell","Skim","Doom and Gloom","Genetic Algorithm","Rainbow","Stack"],"MawBank":96,"obtain_stats":[{"DataDisk":9,"Orrery":14,"Pandora\u0027s Box":17,"Cracked Core":0,"MawBank":6},{"DataDisk":7,"Orrery":9,"Pandora\u0027s Box":10,"Cracked Core":0,"MawBank":6},{"DataDisk":26,"Orrery":31,"Pandora\u0027s Box":37,"Cracked Core":0,"MawBank":23}]},"card_choices":[{"not_picked":["Aggregate","Steam Power","Go for the Eyes"],"picked":"SKIP","floor":1},{"not_picked":["Capacitor","Redo"],"picked":"Ball Lightning","floor":2},{"not_picked":["Ball Lightning","Sweeping Beam"],"picked":"Streamline","floor":3},{"not_picked":["Go for the Eyes","Streamline"],"picked":"Ball Lightning","floor":4},{"not_picked":["Barrage","Gash"],"picked":"Tempest","floor":5},{"not_picked":["BootSequence","Rip and Tear"],"picked":"Doom and Gloom","floor":6},{"not_picked":["Barrage","Stack","Storm"],"picked":"SKIP","floor":8},{"not_picked":["Beam Cell","Steam Power"],"picked":"Redo","floor":10},{"not_picked":["Steam","FTL"],"picked":"Sunder","floor":13},{"not_picked":["Darkness","Consume"],"picked":"Undo","floor":14},{"not_picked":["Chaos","Steam"],"picked":"Seek","floor":14},{"not_picked":["Cold Snap","Barrage"],"picked":"Defragment","floor":14},{"not_picked":["Sweeping Beam","Conserve Battery"],"picked":"Turbo","floor":14},{"not_picked":["Cold Snap","Aggregate"],"picked":"Leap","floor":14},{"not_picked":["Electrodynamics","Hyperbeam"],"picked":"Multi-Cast","floor":16},{"not_picked":["Cold Snap+1","Rebound+1"],"picked":"Capacitor","floor":18},{"not_picked":["Leap","Turbo"],"picked":"Redo","floor":19},{"not_picked":["Reprogram","Static Discharge"],"picked":"Leap","floor":21}],"player_experience":263513,"relics_obtained":[{"floor":6,"key":"MawBank"},{"floor":9,"key":"DataDisk"}],"event_choices":[{"damage_healed":0,"gold_gain":0,"cards_transformed":["Strike_B"],"player_choice":"Transformed","damage_taken":0,"max_hp_gain":0,"max_hp_loss":0,"event_name":"Transmorgrifier","floor":12,"gold_loss":0,"cards_obtained":["BootSequence"]},{"damage_healed":0,"gold_gain":0,"player_choice":"Ignored","damage_taken":0,"max_hp_gain":0,"max_hp_loss":0,"event_name":"Vampires","floor":20,"gold_loss":0},{"damage_healed":0,"gold_gain":0,"player_choice":"Joined the Cult","damage_taken":6,"max_hp_gain":0,"max_hp_loss":0,"event_name":"Nest","floor":22,"gold_loss":0,"cards_obtained":["RitualDagger"]}],"is_beta":false,"boss_relics":[{"not_picked":["Runic Pyramid","FrozenCore"],"picked":"Pandora\u0027s Box"}],"items_purged_floors":[14],"is_endless":false,"potions_floor_spawned":[1,3,6,13],"killed_by":"Slavers","ascension_level":3}}