{"host":"0iqecygl1119txnb","time":1610381771,"event":{"mods":["Act Like it!","BaseMod","Colored Map","Colored Powertips","Gensokyo","Minty Spire (QoL Compilation)","Replay The Spire","StSLib"],"gold_per_floor":[110,124,52,65,65,65,340,340,415,425,438,144,144,161,161,161,161],"floor_reached":16,"playtime":783,"items_purged":["Regret"],"score":92,"play_id":"d77c95ce-74c6-4b33-8253-e7da2d726f13","local_time":"20210112001611","is_ascension_mode":false,"campfire_choices":[{"data":"Capacitor","floor":6.0,"key":"SMITH"},{"data":"Crystallizer","floor":8.0,"key":"SMITH"},{"data":"ReplayTheSpireMod:GoodbyeWorld","floor":15.0,"key":"SMITH"}],"circlet_count":0,"master_deck":["Strike_B","Strike_B","Strike_B","Strike_B","Defend_B","Defend_B","Defend_B","Defend_B","Zap","Dualcast","Panic Button","Crystallizer+1","Capacitor+1","Regret","Heatsinks","Time Bomb","Loop","Steam Power+1","ReplayTheSpireMod:GoodbyeWorld+1"],"relics":["Cracked Core","NeowsBlessing","ReplayTheSpireMod:TigerMarble","Molten Egg 2","Toolbox"],"acts_visited":["Exordium"],"potions_floor_usage":[16],"damage_taken":[{"damage":0.0,"enemies":"2 Louse","floor":1.0,"turns":1.0},{"damage":0.0,"enemies":"Small Slimes","floor":2.0,"turns":1.0},{"damage":0.0,"enemies":"Cultist","floor":4.0,"turns":1.0},{"damage":18.0,"enemies":"Red Slaver","floor":10.0,"turns":4.0},{"damage":19.0,"enemies":"Exordium Wildlife","floor":11.0,"turns":4.0},{"damage":2.0,"enemies":"Blue Slaver","floor":14.0,"turns":2.0},{"damage":39,"enemies":"Hexaghost","floor":16,"turns":4}],"seed_played":"9130371039094234718","potions_obtained":[{"floor":4.0,"key":"Block Potion"},{"floor":11.0,"key":"Venom Potion"}],"is_trial":false,"path_per_floor":["M","M","$","M","?","R","?","R","T","M","M","$","?","M","R","B"],"character_chosen":"DEFECT","items_purchased":["Capacitor","Loop","Toolbox"],"campfire_rested":0,"item_purchase_floors":[3,12,12],"current_hp_per_floor":[75,75,75,75,75,75,75,75,75,57,38,38,38,36,36,0,0],"gold":161,"neow_bonus":"THREE_ENEMY_KILL","is_daily":false,"chose_seed":false,"campfire_upgraded":3,"win_rate":0.0,"timestamp":1610381771,"path_taken":["M","M","$","M","?","R","?","R","T","?","M","?","?","M","R","BOSS"],"items_purchased_type":["Card","Card","Relic"],"build_version":"2020-12-22","purchased_purges":1,"victory":false,"max_hp_per_floor":[75,75,75,75,75,75,75,75,75,75,75,75,75,75,75,75,75],"card_choices":[{"not_picked":["Rebound","Scrape"],"picked":"Panic Button","floor":1.0},{"not_picked":["BasicCrystalCard","Stack"],"picked":"Crystallizer","floor":2.0},{"not_picked":["Force Field","Barrage"],"picked":"Compile Driver","floor":4.0},{"not_picked":["Beam Cell+1","BasicCrystalCard"],"picked":"Heatsinks","floor":10.0},{"not_picked":["Heatsinks","Reprogram"],"picked":"Time Bomb","floor":11.0},{"not_picked":["Rip and Tear+1","ReplayTheSpireMod:Calculation Training"],"picked":"ReplayTheSpireMod:GoodbyeWorld","floor":14.0}],"player_experience":34342,"relics_obtained":[{"floor":9.0,"key":"Molten Egg 2"}],"event_choices":[{"damage_healed":0.0,"max_hp_gain":0.0,"max_hp_loss":0.0,"gold_gain":0.0,"event_name":"Big Fish","player_choice":"Box","floor":5.0,"gold_loss":0.0,"damage_taken":0.0,"relics_obtained":["ReplayTheSpireMod:TigerMarble"],"cards_obtained":["Regret"]},{"damage_healed":0.0,"max_hp_gain":0.0,"max_hp_loss":0.0,"gold_gain":275.0,"event_name":"Golden Shrine","player_choice":"Desecrate","floor":7.0,"gold_loss":0.0,"damage_taken":0.0,"cards_obtained":["Regret"]}],"is_beta":false,"boss_relics":[],"items_purged_floors":[12],"is_endless":false,"potions_floor_spawned":[4,11],"killed_by":"Hexaghost","ascension_level":0}}