{"host":"bmdbvcjofwd14mow","time":1610342998,"event":{"mods":["BaseMod","BetterRewards","GifTheSpireLib","Hermit","Minty Spire (QoL Compilation)","StSLib","The Blackbeard","The Saiyan","The Wild Card"],"gold_per_floor":[115,115,134,27,37,37,69,93,93,93,124,135,153,153,153,153,153],"floor_reached":16,"playtime":1404,"items_purged":[],"score":110,"play_id":"cdbfea67-ac46-482e-a9a7-e4a5f3b430d0","local_time":"20210110232958","is_ascension_mode":false,"campfire_choices":[{"data":"hermit:ItchyTrigger","floor":6,"key":"SMITH"},{"floor":15,"key":"REST"}],"circlet_count":0,"master_deck":["hermit:Strike_Hermit","hermit:Strike_Hermit","hermit:Strike_Hermit","hermit:Strike_Hermit","hermit:Defend_Hermit","hermit:Defend_Hermit","hermit:Defend_Hermit","hermit:Defend_Hermit","hermit:Snapshot+1","hermit:Covet","hermit:ItchyTrigger+1","hermit:Maintenance","hermit:Brawl","hermit:Enervate","hermit:Maintenance","hermit:HighCaliber","hermit:CalledShot","hermit:Ricochet","hermit:Feint","hermit:Glare"],"relics":["hermit:Momento","InkBottle","Odd Mushroom","Blood Vial","hermit:Horseshoe"],"acts_visited":["Exordium"],"potions_floor_usage":[12],"damage_taken":[{"damage":5,"enemies":"Small Slimes","floor":1,"turns":3},{"damage":8,"enemies":"Jaw Worm","floor":3,"turns":4},{"damage":0,"enemies":"2 Louse","floor":5,"turns":2},{"damage":39,"enemies":"Lagavulin","floor":7,"turns":9},{"damage":25,"enemies":"The Mushroom Lair","floor":8,"turns":6},{"damage":20,"enemies":"3 Sentries","floor":11,"turns":8},{"damage":16,"enemies":"Exordium Wildlife","floor":12,"turns":4},{"damage":11,"enemies":"Large Slime","floor":13,"turns":6},{"damage":49,"enemies":"The Guardian","floor":16,"turns":6}],"seed_played":"1105505778343994704","potions_obtained":[{"floor":5,"key":"Regen Potion"},{"floor":8,"key":"BlessingOfTheForge"},{"floor":11,"key":"hermit:Tonic"}],"is_trial":false,"path_per_floor":["M","?","M","$","M","R","E","?","T","?","E","M","M","?","R","B"],"character_chosen":"HERMIT","items_purchased":["hermit:Brawl","hermit:Enervate"],"campfire_rested":1,"item_purchase_floors":[4,4],"current_hp_per_floor":[77,77,69,69,69,69,30,5,5,32,14,12,3,3,27,0,0],"gold":153,"neow_bonus":"TEN_PERCENT_HP_BONUS","is_daily":false,"chose_seed":false,"campfire_upgraded":1,"win_rate":0.0,"timestamp":1610342998,"path_taken":["M","?","M","$","M","R","E","?","T","?","E","M","M","?","R","BOSS"],"items_purchased_type":["Card","Card"],"build_version":"2020-12-22","purchased_purges":0,"victory":false,"max_hp_per_floor":[82,82,82,82,82,82,82,82,82,82,82,82,82,82,82,82,82],"card_choices":[{"not_picked":["hermit:Showdown","hermit:Misfire"],"picked":"hermit:ItchyTrigger","floor":1},{"not_picked":["hermit:HighCaliber","hermit:Feint"],"picked":"hermit:Maintenance","floor":3},{"not_picked":["hermit:BodyArmor","hermit:LoneWolf"],"picked":"hermit:Maintenance","floor":5},{"not_picked":["hermit:Quickdraw","hermit:LoneWolf"],"picked":"hermit:HighCaliber","floor":7},{"not_picked":["hermit:LoneWolf","hermit:HoleUp"],"picked":"hermit:CalledShot","floor":8},{"not_picked":["hermit:Shortfuse","hermit:FullyLoaded"],"picked":"hermit:Ricochet","floor":11},{"not_picked":["hermit:LowProfile","hermit:CalledShot"],"picked":"hermit:Feint","floor":12},{"not_picked":["hermit:Feint","hermit:Spite"],"picked":"hermit:Glare","floor":13}],"player_experience":15787,"relics_obtained":[{"floor":7,"key":"InkBottle"},{"floor":8,"key":"Odd Mushroom"},{"floor":9,"key":"Blood Vial"},{"floor":11,"key":"hermit:Horseshoe"}],"event_choices":[{"damage_healed":0,"gold_gain":0,"player_choice":"Grow","damage_taken":0,"max_hp_gain":0,"max_hp_loss":0,"event_name":"Living Wall","floor":2,"gold_loss":0,"cards_upgraded":["hermit:Snapshot"]},{"damage_healed":0,"gold_gain":0,"player_choice":"Fought Mushrooms","damage_taken":0,"max_hp_gain":0,"max_hp_loss":0,"event_name":"Mushrooms","floor":8,"gold_loss":0},{"damage_healed":27,"gold_gain":0,"player_choice":"Banana","damage_taken":0,"max_hp_gain":0,"max_hp_loss":0,"event_name":"Big Fish","floor":10,"gold_loss":0},{"damage_healed":0,"gold_gain":0,"player_choice":"Ignored","damage_taken":0,"max_hp_gain":0,"max_hp_loss":0,"event_name":"Golden Idol","floor":14,"gold_loss":0}],"is_beta":false,"boss_relics":[],"items_purged_floors":[],"is_endless":false,"potions_floor_spawned":[5,8,11],"killed_by":"The Guardian","ascension_level":0}}