{"host":"zk71suw73lg2r165","time":1610330669,"event":{"mods":["BaseMod","Colored Map","Minty Spire (QoL Compilation)","Permanent Neow","Relic Stats","StSLib"],"gold_per_floor":[112,187,152,164,164,164,176,176,176,39,71,31,57,69,69,148,148,161,194,119,99,114,114,139,152,234,234,234],"floor_reached":27,"playtime":1423,"items_purged":["Venomology"],"score":478,"play_id":"23a0c3b3-19b4-4814-b390-9e8b0bb070d7","local_time":"20210110210429","is_ascension_mode":true,"campfire_choices":[{"data":"Neutralize","floor":6,"key":"SMITH"},{"data":"Skewer","floor":15,"key":"SMITH"},{"floor":23,"key":"REST"}],"circlet_count":0,"master_deck":["AscendersBane","Strike_G","Strike_G","Strike_G","Defend_G","Defend_G","Defend_G","Defend_G","Defend_G","Survivor","Neutralize+1","Leg Sweep","Blur","Malaise","Skewer+1","Footwork","Slice","Dodge and Roll","Dagger Throw","Deflect","Tools of the Trade","Concentrate+1","PiercingWail","Crippling Poison","Acrobatics","Deflect+1"],"relics":["HoveringKite","Pocketwatch","Mango","Unceasing Top","Sozu","Red Mask","Shovel","Darkstone Periapt"],"acts_visited":["Exordium","TheCity"],"potions_floor_usage":[11,12,14,14,16,19],"damage_taken":[{"damage":3,"enemies":"Small Slimes","floor":1,"turns":6},{"damage":0,"enemies":"2 Louse","floor":4,"turns":3},{"damage":0,"enemies":"Cultist","floor":7,"turns":5},{"damage":38,"enemies":"Gremlin Nob","floor":11,"turns":6},{"damage":0,"enemies":"Looter","floor":12,"turns":4},{"damage":13,"enemies":"3 Sentries","floor":13,"turns":15},{"damage":6,"enemies":"Exordium Thugs","floor":14,"turns":7},{"damage":8,"enemies":"The Guardian","floor":16,"turns":15},{"damage":0,"enemies":"Shell Parasite","floor":18,"turns":6},{"damage":58,"enemies":"Masked Bandits","floor":19,"turns":10},{"damage":0,"enemies":"Spheric Guardian","floor":22,"turns":5},{"damage":40,"enemies":"Gremlin Leader","floor":24,"turns":10},{"damage":9,"enemies":"Snake Plant","floor":25,"turns":6},{"damage":5,"enemies":"Cultist and Chosen","floor":27,"turns":2}],"seed_played":"750681817477399226","potions_obtained":[{"floor":7,"key":"EssenceOfSteel"},{"floor":11,"key":"GamblersBrew"},{"floor":16,"key":"Block Potion"}],"is_trial":false,"path_per_floor":["M","?","?","M","?","R","M","?","T","$","E","M","E","M","R","B",null,"M","?","$","?","M","R","E","M","T","M"],"character_chosen":"THE_SILENT","items_purchased":["Footwork","Slice"],"campfire_rested":1,"item_purchase_floors":[10,10],"current_hp_per_floor":[56,45,61,61,61,61,61,61,61,61,37,37,24,18,18,10,63,63,5,5,5,5,29,13,4,4,0,0],"gold":234,"neow_bonus":"BOSS_RELIC","is_daily":false,"chose_seed":false,"campfire_upgraded":2,"win_rate":0.0,"timestamp":1610330669,"path_taken":["M","?","?","M","?","R","M","?","T","$","E","?","E","M","R","BOSS","M","?","$","?","?","R","E","M","T","M"],"items_purchased_type":["Card","Card"],"build_version":"2020-12-22","purchased_purges":1,"victory":false,"max_hp_per_floor":[66,66,66,66,66,66,66,66,66,66,80,80,80,80,80,80,80,80,80,80,80,80,80,80,80,80,80,80],"relic_stats":{"Sozu":4,"Darkstone Periapt":0,"Shovel":0,"counters":[14,100],"HoveringKite":[50],"obtain_stats":[{"Sozu":17,"Darkstone Periapt":26,"Shovel":24,"HoveringKite":0,"Mango":11,"Red Mask":19,"Unceasing Top":13,"Ring of the Snake":0,"Pocketwatch":9},{"Sozu":8,"Darkstone Periapt":13,"Shovel":12,"HoveringKite":0,"Mango":4,"Red Mask":10,"Unceasing Top":6,"Ring of the Snake":0,"Pocketwatch":3},{"Sozu":61,"Darkstone Periapt":98,"Shovel":92,"HoveringKite":0,"Mango":20,"Red Mask":77,"Unceasing Top":39,"Ring of the Snake":0,"Pocketwatch":14}],"Unceasing Top":[71],"Pocketwatch":[99]},"card_choices":[{"not_picked":["Blade Dance","Flying Knee"],"picked":"Leg Sweep","floor":1},{"not_picked":["PiercingWail","Riddle With Holes"],"picked":"Blur","floor":4},{"not_picked":["Deflect","Leg Sweep"],"picked":"Skewer","floor":7},{"not_picked":["Distraction","Acrobatics"],"picked":"Venomology","floor":11},{"not_picked":["Blur","Outmaneuver"],"picked":"Dodge and Roll","floor":12},{"not_picked":["Underhanded Strike","Acrobatics"],"picked":"Dagger Throw","floor":13},{"not_picked":["Bane","Flying Knee"],"picked":"Deflect","floor":14},{"not_picked":["Grand Finale","Storm of Steel"],"picked":"Tools of the Trade","floor":16},{"not_picked":["Poisoned Stab","Blur"],"picked":"Concentrate+1","floor":18},{"not_picked":["Flying Knee","Backstab"],"picked":"PiercingWail","floor":19},{"not_picked":["Backstab+1","Footwork"],"picked":"Crippling Poison","floor":22},{"not_picked":["Dodge and Roll","Infinite Blades"],"picked":"Acrobatics","floor":24},{"not_picked":["Skewer","Sucker Punch"],"picked":"Deflect+1","floor":25}],"player_experience":1334142,"relics_obtained":[{"floor":9,"key":"Pocketwatch"},{"floor":11,"key":"Mango"},{"floor":13,"key":"Unceasing Top"},{"floor":19,"key":"Red Mask"},{"floor":24,"key":"Shovel"},{"floor":26,"key":"Darkstone Periapt"}],"event_choices":[{"damage_healed":0,"gold_gain":75,"player_choice":"Gather Gold","damage_taken":11,"max_hp_gain":0,"max_hp_loss":0,"event_name":"World of Goop","floor":2,"gold_loss":0},{"damage_healed":16,"gold_gain":0,"player_choice":"Healed","damage_taken":0,"max_hp_gain":0,"max_hp_loss":0,"event_name":"The Cleric","floor":3,"gold_loss":35},{"damage_healed":0,"gold_gain":0,"cards_transformed":["Strike_G"],"player_choice":"Change","damage_taken":0,"max_hp_gain":0,"max_hp_loss":0,"event_name":"Living Wall","floor":5,"gold_loss":0,"cards_obtained":["Malaise"]},{"cards_removed":["Strike_G"],"damage_healed":0,"gold_gain":0,"player_choice":"Purged","damage_taken":0,"max_hp_gain":0,"max_hp_loss":0,"event_name":"Purifier","floor":8,"gold_loss":0},{"damage_healed":0,"gold_gain":0,"player_choice":"Fought Bandits","damage_taken":0,"max_hp_gain":0,"max_hp_loss":0,"event_name":"Masked Bandits","floor":19,"gold_loss":0},{"damage_healed":0,"gold_gain":0,"player_choice":"Bought 1 Potion","damage_taken":0,"max_hp_gain":0,"max_hp_loss":0,"event_name":"The Woman in Blue","floor":21,"gold_loss":0}],"is_beta":false,"boss_relics":[{"not_picked":["Empty Cage","SlaversCollar"],"picked":"Sozu"}],"items_purged_floors":[20],"is_endless":false,"potions_floor_spawned":[7,11,16,22,25],"killed_by":"Cultist and Chosen","ascension_level":20}}