{"host":"i0avyit1s6jb1siw","time":1610401725,"event":{"mods":["BaseMod","DeckTracker","Dota2Spire","Highlight Path","Minty Spire (QoL Compilation)","Quick Restart","StSLib","SuperFastMode"],"gold_per_floor":[112,37,53,53,73,73,98,108,133,133,133,161,161,61,61,139,139,150,165,165,175,175,203,220,240,240,271,146,171,171,88,88,166,166,184,184,202,202,215,250,250,279,349,349,22,39,71,81,81,81,81,81,81,81,112,112],"floor_reached":57,"playtime":1509,"items_purged":["Defend_P","Strike_P","Strike_P"],"score":3116,"play_id":"d49862db-70a4-45c2-9276-21aba86a8681","local_time":"20210111224845","is_ascension_mode":true,"campfire_choices":[{"data":"SandsOfTime","floor":6.0,"key":"SMITH"},{"data":"EmptyFist","floor":11.0,"key":"SMITH"},{"data":"CrushJoints","floor":13.0,"key":"SMITH"},{"data":"InnerPeace","floor":15.0,"key":"SMITH"},{"floor":30.0,"key":"RECALL"},{"floor":32.0,"key":"REST"},{"data":"MentalFortress","floor":41.0,"key":"SMITH"},{"floor":44.0,"key":"REST"},{"data":"Vigilance","floor":49.0,"key":"SMITH"},{"floor":53,"key":"REST"}],"circlet_count":0,"master_deck":["AscendersBane","Strike_P+1","Strike_P+1","Defend_P","Defend_P+1","Eruption+1","Vigilance+1","EmptyFist+1","SandsOfTime+1","InnerPeace+1","Adaptation+1","CrushJoints+1","Omniscience+1","MentalFortress","Eruption+1","Protect+1","SandsOfTime+1","LessonLearned","MentalFortress+1","Wallop+1","TalkToTheHand+1","Worship","Adaptation","Ragnarok+1"],"relics":["Snecko Eye","Dota2Spire:PowerTreads","Dota2Spire:EchoSabre","Dota2Spire:ArmletOfMordiggian","Dota2Spire:RefresherOrb","Omamori","Molten Egg 2","Dota2Spire:Dagon","Sundial","Philosopher\u0027s Stone","Bag of Preparation","OrangePellets","Happy Flower","Bronze Scales"],"acts_visited":["Exordium","TheCity","TheBeyond","TheEnding"],"potions_floor_usage":[56,56],"damage_taken":[{"damage":0.0,"enemies":"Cultist","floor":1.0,"turns":3.0},{"damage":0.0,"enemies":"2 Louse","floor":3.0,"turns":2.0},{"damage":0.0,"enemies":"Jaw Worm","floor":5.0,"turns":3.0},{"damage":0.0,"enemies":"Gremlin Nob","floor":7.0,"turns":2.0},{"damage":3.0,"enemies":"Looter","floor":8.0,"turns":2.0},{"damage":15.0,"enemies":"Lagavulin","floor":12.0,"turns":3.0},{"damage":22.0,"enemies":"Hexaghost","floor":16.0,"turns":4.0},{"damage":0.0,"enemies":"Shell Parasite","floor":18.0,"turns":1.0},{"damage":0.0,"enemies":"Spheric Guardian","floor":19.0,"turns":2.0},{"damage":0.0,"enemies":"Chosen and Byrds","floor":21.0,"turns":3.0},{"damage":6.0,"enemies":"Gremlin Leader","floor":23.0,"turns":4.0},{"damage":0.0,"enemies":"Centurion and Healer","floor":24.0,"turns":2.0},{"damage":0.0,"enemies":"Snake Plant","floor":25.0,"turns":3.0},{"damage":18.0,"enemies":"Slavers","floor":27.0,"turns":4.0},{"damage":0.0,"enemies":"Gremlin Leader","floor":29.0,"turns":4.0},{"damage":0.0,"enemies":"Automaton","floor":33.0,"turns":5.0},{"damage":4.0,"enemies":"3 Shapes","floor":35.0,"turns":3.0},{"damage":0.0,"enemies":"Orb Walker","floor":37.0,"turns":2.0},{"damage":14.0,"enemies":"Writhing Mass","floor":39.0,"turns":3.0},{"damage":0.0,"enemies":"Reptomancer","floor":40.0,"turns":4.0},{"damage":14.0,"enemies":"Nemesis","floor":42.0,"turns":3.0},{"damage":0.0,"enemies":"Sphere and 2 Shapes","floor":46.0,"turns":3.0},{"damage":0.0,"enemies":"Giant Head","floor":47.0,"turns":4.0},{"damage":0.0,"enemies":"Maw","floor":48.0,"turns":4.0},{"damage":34.0,"enemies":"Awakened One","floor":50.0,"turns":6.0},{"damage":21,"enemies":"Time Eater","floor":51,"turns":4},{"damage":9,"enemies":"Shield and Spear","floor":55,"turns":6},{"damage":47,"enemies":"The Heart","floor":56,"turns":6}],"seed_played":"5486997177160766254","potions_obtained":[{"floor":3.0,"key":"AttackPotion"},{"floor":7.0,"key":"LiquidBronze"},{"floor":21.0,"key":"PowerPotion"},{"floor":25.0,"key":"DuplicationPotion"},{"floor":37.0,"key":"BlessingOfTheForge"}],"is_trial":false,"path_per_floor":["M","$","M","$","M","R","E","M","T","?","R","E","R","$","R","B",null,"M","M","?","M","?","E","M","M","T","E","$","E","R","$","R","B",null,"M","?","M","?","M","E","R","E","T","R","$","M","E","M","R","B","B",null,"R","$","E","B",null],"character_chosen":"WATCHER","items_purchased":["TalkToTheHand+1","OrangePellets","Happy Flower"],"campfire_rested":3,"item_purchase_floors":[31,45,45],"current_hp_per_floor":[61,61,61,61,61,61,61,58,58,63,63,48,48,48,48,26,61,61,61,61,61,61,55,55,55,55,37,37,37,37,37,58,58,69,65,65,65,65,51,51,51,37,37,58,58,58,58,58,58,24,3,56,73,73,64,17],"gold":112,"neow_bonus":"BOSS_RELIC","is_daily":false,"chose_seed":false,"campfire_upgraded":6,"win_rate":0.0,"timestamp":1610401725,"path_taken":["M","?","M","$","?","R","E","M","T","?","R","E","R","$","R","BOSS","M","M","?","?","?","E","M","M","T","E","$","E","R","?","R","BOSS","M","?","M","?","M","E","R","E","T","R","$","M","E","M","R","BOSS","BOSS","R","$","E","BOSS"],"items_purchased_type":["Card","Relic","Relic"],"build_version":"2020-12-22","purchased_purges":3,"victory":true,"max_hp_per_floor":[68,68,68,68,68,68,68,68,68,73,73,73,73,73,73,73,73,73,73,73,73,73,73,73,73,73,73,73,73,73,73,73,73,73,73,73,73,73,73,73,73,73,73,73,73,73,73,73,73,73,73,73,73,73,73,73],"card_choices":[{"not_picked":["PathToVictory","InnerPeace"],"picked":"EmptyFist","floor":1.0},{"not_picked":["FearNoEvil","WindmillStrike"],"picked":"SandsOfTime","floor":3.0},{"not_picked":["Crescendo","SashWhip"],"picked":"InnerPeace","floor":5.0},{"not_picked":["JustLucky","Establishment","FlurryOfBlows"],"picked":"SKIP","floor":7.0},{"not_picked":["FlurryOfBlows","JustLucky"],"picked":"Adaptation","floor":8.0},{"not_picked":["FollowUp","Consecrate"],"picked":"CrushJoints","floor":12.0},{"not_picked":["SpiritShield","Judgement"],"picked":"Omniscience","floor":16.0},{"not_picked":["DeceiveReality","Prostrate"],"picked":"MentalFortress","floor":18.0},{"not_picked":["JustLucky","Crescendo","Perseverance"],"picked":"SKIP","floor":19.0},{"not_picked":["EmptyBody","BowlingBash"],"picked":"Protect+1","floor":21.0},{"not_picked":["Evaluate","Weave"],"picked":"SandsOfTime","floor":23.0},{"not_picked":["Protect","Fasting2","CrushJoints"],"picked":"SKIP","floor":24.0},{"not_picked":["FollowUp","Crescendo"],"picked":"LessonLearned","floor":25.0},{"not_picked":["ThirdEye+1","Wireheading"],"picked":"MentalFortress","floor":27.0},{"not_picked":["JustLucky+1","BowlingBash+1"],"picked":"Wallop+1","floor":29.0},{"not_picked":["CrushJoints+1","EmptyBody+1","SashWhip+1"],"picked":"SKIP","floor":35.0},{"not_picked":["EmptyBody","Conclude+1","BowlingBash+1"],"picked":"SKIP","floor":37.0},{"not_picked":["Pray+1","InnerPeace"],"picked":"Worship","floor":39.0},{"not_picked":["Conclude+1","Protect","FollowUp+1"],"picked":"SKIP","floor":40.0},{"not_picked":["SandsOfTime+1","DeceiveReality+1","EmptyFist+1"],"picked":"SKIP","floor":42.0},{"not_picked":["Tantrum+1","Adaptation","Halt+1"],"picked":"SKIP","floor":46.0},{"not_picked":["Tantrum+1","Halt+1"],"picked":"Adaptation","floor":46.0},{"not_picked":["InnerPeace","Prostrate","Study"],"picked":"SKIP","floor":47.0},{"not_picked":["WreathOfFlame+1","LikeWater","Meditate"],"picked":"SKIP","floor":48.0},{"not_picked":["Crescendo","ReachHeaven+1"],"picked":"Ragnarok+1","floor":55}],"player_experience":2210839,"relics_obtained":[{"floor":7.0,"key":"Dota2Spire:PowerTreads"},{"floor":9.0,"key":"Dota2Spire:EchoSabre"},{"floor":12.0,"key":"Dota2Spire:ArmletOfMordiggian"},{"floor":23.0,"key":"Omamori"},{"floor":26.0,"key":"Molten Egg 2"},{"floor":27.0,"key":"Dota2Spire:Dagon"},{"floor":29.0,"key":"Sundial"},{"floor":40.0,"key":"Bag of Preparation"},{"floor":55,"key":"Bronze Scales"}],"event_choices":[{"damage_healed":0.0,"max_hp_gain":5.0,"max_hp_loss":0.0,"gold_gain":0.0,"event_name":"Big Fish","player_choice":"Donut","floor":10.0,"gold_loss":0.0,"damage_taken":0.0},{"damage_healed":0.0,"max_hp_gain":0.0,"max_hp_loss":0.0,"gold_gain":0.0,"event_name":"Match and Keep!","player_choice":"1 cards matched","floor":20.0,"gold_loss":0.0,"damage_taken":0.0,"cards_obtained":["Eruption"]},{"damage_healed":0.0,"max_hp_gain":0.0,"max_hp_loss":0.0,"gold_gain":0.0,"event_name":"Vampires","player_choice":"Ignored","floor":22.0,"gold_loss":0.0,"damage_taken":0.0},{"cards_removed":["Defend_P"],"damage_healed":0.0,"max_hp_gain":0.0,"max_hp_loss":0.0,"gold_gain":0.0,"event_name":"Falling","player_choice":"Removed Skill","floor":36.0,"gold_loss":0.0,"damage_taken":0.0},{"damage_healed":0.0,"max_hp_gain":0.0,"max_hp_loss":0.0,"gold_gain":0.0,"event_name":"Tomb of Lord Red Mask","player_choice":"Ignored","floor":38.0,"gold_loss":0.0,"damage_taken":0.0}],"is_beta":false,"boss_relics":[{"not_picked":["SlaversCollar","Dota2Spire:Bloodstone"],"picked":"Dota2Spire:RefresherOrb"},{"not_picked":["Cursed Key","Runic Dome"],"picked":"Philosopher\u0027s Stone"}],"items_purged_floors":[2,14,28],"is_endless":false,"potions_floor_spawned":[3,7,8,12,16,19,21,25,27,37,39,48],"ascension_level":20}}