{"host":"eu5wvbbtjeiar27l","time":1610401483,"event":{"mods":["BaseMod","Colored Powertips","Conspire","Hubris","Infinite Spire","Minty Spire (QoL Compilation)","Rare Cards Sparkle","StSLib","vexMod"],"gold_per_floor":[114,114,61,136,84,111,111,142,142,159,170,185,185,185,185,185,185],"floor_reached":16,"playtime":839,"items_purged":[],"score":108,"play_id":"612d0855-22f7-4997-9c55-5a6de4d62735","local_time":"20210111214443","is_ascension_mode":false,"campfire_choices":[{"data":"Fusion","floor":7,"key":"SMITH"},{"floor":13,"key":"REST"},{"data":"Coolheaded","floor":15,"key":"SMITH"}],"circlet_count":0,"master_deck":["Strike_B","Strike_B","Strike_B","Defend_B","Defend_B","Defend_B","Defend_B","Zap","Dualcast","Fusion+1","Barrage","Coolheaded+1","Conserve Battery","Streamline","Barrage","Redo","Hello World"],"relics":["Ring of the Snake","infinitespire:Cubic Diamond","Ginger","Potion Belt","hubris:AstralHammer","Smiling Mask","TungstenRod"],"acts_visited":["Exordium"],"potions_floor_usage":[16],"damage_taken":[{"damage":5,"enemies":"2 Louse","floor":1,"turns":4},{"damage":28,"enemies":"3 Sentries","floor":6,"turns":9},{"damage":14,"enemies":"Lagavulin","floor":8,"turns":9},{"damage":0,"enemies":"Small Slimes","floor":10,"turns":3},{"damage":0,"enemies":"Cultist","floor":11,"turns":4},{"damage":15,"enemies":"Exordium Wildlife","floor":12,"turns":5},{"damage":27,"enemies":"Slime Boss","floor":16,"turns":3}],"seed_played":"4000827689588798176","potions_obtained":[{"floor":11,"key":"Strength Potion"},{"floor":12,"key":"infinitespire:BlackPotion"}],"is_trial":false,"path_per_floor":["M","?","$","?","?","E","R","E","T","M","M","M","R","T","R","B"],"character_chosen":"DEFECT","items_purchased":["Coolheaded"],"campfire_rested":1,"item_purchase_floors":[3],"current_hp_per_floor":[70,70,70,59,59,31,31,17,17,17,17,2,24,24,24,0,0],"gold":185,"neow_bonus":"TRANSFORM_CARD","is_daily":false,"chose_seed":false,"campfire_upgraded":2,"win_rate":0.0,"timestamp":1610401483,"path_taken":["M","?","$","?","?","E","R","E","T","?","M","M","R","?","R","BOSS"],"items_purchased_type":["Card"],"build_version":"2020-12-22","purchased_purges":0,"victory":false,"max_hp_per_floor":[75,75,75,75,75,75,75,75,75,75,75,75,75,75,75,75,75],"card_choices":[{"not_picked":["Compile Driver","Coolheaded"],"picked":"Barrage","floor":1},{"not_picked":["Stack","Redo"],"picked":"Conserve Battery","floor":6},{"not_picked":["Scrape","Steam"],"picked":"Streamline","floor":8},{"not_picked":["Chill","Rip and Tear"],"picked":"Barrage","floor":10},{"not_picked":["Go for the Eyes","Rebound"],"picked":"Redo","floor":11},{"not_picked":["Leap","Gash"],"picked":"Hello World","floor":12}],"player_experience":78412,"relics_obtained":[{"floor":6,"key":"Potion Belt"},{"floor":8,"key":"hubris:AstralHammer"},{"floor":9,"key":"Smiling Mask"},{"floor":14,"key":"TungstenRod"}],"event_choices":[{"damage_healed":0,"gold_gain":75,"player_choice":"Gather Gold","damage_taken":11,"max_hp_gain":0,"max_hp_loss":0,"event_name":"World of Goop","floor":4,"gold_loss":0},{"damage_healed":0,"gold_gain":0,"player_choice":"Paid Gold","damage_taken":0,"relics_obtained":["Ginger"],"max_hp_gain":0,"max_hp_loss":0,"event_name":"WeMeetAgain","floor":5,"gold_loss":52}],"is_beta":false,"boss_relics":[],"items_purged_floors":[],"is_endless":false,"potions_floor_spawned":[11,12],"killed_by":"Slime Boss","ascension_level":0}}