{"host":"dwyzfvnzfcqffr30","time":1610324585,"event":{"mods":["2.2 Compatiblity","Act Like it!","BaseMod","Beaked The Cultist","Better Altar","Better Match","Better Note","Better Sensory Stone","Better Skull","Better Third Choice","Clockwork Mod","Colored Map","Colored Powertips","Conspire","Downfall","Elementarium","GifTheSpireLib","Halation","Hermit","Hubris","Infinite Spire","Ironclad Rager","Jedi Mod","Menagerie","Mimic Mod","Minty Spire (QoL Compilation)","Permanent Neow","Random Character Button","Replay The Spire","Spicy Shops","StSLib","Stuff the Spire","The Construct","The Disciple","The Druid","The Marked","TheFirefly","Trackpad","vexMod"],"gold_per_floor":[11,29,39,54,54,80,80,109,109,135,147,8,8,27,27,106,106,116,106,117,131,131,131],"floor_reached":22,"playtime":1835,"items_purged":["Strike_B+1"],"score":396,"play_id":"1cf47d40-8101-41a1-bd9d-ade6d71e5ef0","local_time":"20210110162305","is_ascension_mode":true,"campfire_choices":[{"floor":7,"key":"RECALL"},{"floor":13,"key":"REST"},{"floor":15,"key":"REST"}],"circlet_count":0,"master_deck":["AscendersBane","Strike_B+1","Strike_B+1","Strike_B+1","Defend_B+1","Defend_B+1","Defend_B+1","Defend_B+1","Zap+1","jedi:meditation+1","MasterReality+1","Apotheosis+1","StuffTheSpire:Plugnplay+1","Conserve Battery+1","FIFO Queue+1","jedi:BurstLightning+1","ReplayRNGCard+1","jedi:markofdeath+1","jedi:BurstFrost+1","Cold Snap+1","Amplify+1","Elementarium:GildedEssence+1","Elementarium:StickyTar","ICR:Cyclone+1"],"relics":["Cracked Core","Frozen Egg 2","Toxic Egg 2","Molten Egg 2","Quantum Egg","conspire:InfiniteJournal","Bottled Tornado","halation:PromiseList","conspire:IceCreamScoop","Blue Doll","Prayer Wheel"],"acts_visited":["Exordium","Elementarium:Elementarium"],"potions_floor_usage":[4,10,10,16,17,21,22],"damage_taken":[{"damage":0,"enemies":"Small Slimes","floor":1,"turns":4},{"damage":12,"enemies":"Jaw Worm","floor":2,"turns":4},{"damage":0,"enemies":"2 Louse","floor":3,"turns":2},{"damage":3,"enemies":"Large Slime","floor":4,"turns":6},{"damage":9,"enemies":"Lagavulin","floor":6,"turns":7},{"damage":17,"enemies":"3 Sentries","floor":8,"turns":7},{"damage":9,"enemies":"Gremlin Nob","floor":10,"turns":4},{"damage":11,"enemies":"Exordium Thugs","floor":11,"turns":2},{"damage":6,"enemies":"Looter","floor":14,"turns":4},{"damage":25,"enemies":"The Guardian","floor":16,"turns":7},{"damage":0,"enemies":"Elementarium:Cyclone","floor":18,"turns":5},{"damage":10,"enemies":"Elementarium:MUD_AND_TAR_GOLEMS","floor":20,"turns":5},{"damage":38,"enemies":"Elementarium:RubyGolem","floor":21,"turns":9},{"damage":13,"enemies":"Elementarium:STONE_GOLEMS","floor":22,"turns":1}],"seed_played":"7653531864935975905","potions_obtained":[{"floor":2,"key":"Weak Potion"},{"floor":3,"key":"FocusPotion"},{"floor":6,"key":"FearPotion"},{"floor":16,"key":"EntropicBrew"},{"floor":21,"key":"SkillPotion"}],"is_trial":false,"path_per_floor":["M","M","M","M","?","E","R","E","T","E","M","$","R","M","R","B",null,"M","?","M","M","M"],"character_chosen":"DEFECT","items_purchased":["jedi:BurstFrost+1","Energy Potion"],"campfire_rested":2,"item_purchase_floors":[12,12],"current_hp_per_floor":[64,52,52,49,49,40,40,23,23,14,3,3,24,18,39,14,57,57,57,47,9,0,0],"gold":131,"neow_bonus":"THREE_RARE_CARDS","is_daily":false,"chose_seed":false,"campfire_upgraded":0,"win_rate":0.0,"timestamp":1610324585,"path_taken":["M","M","M","M","?","E","R","E","T","E","M","$","R","M","R","BOSS","M","?","M","M","M"],"items_purchased_type":["Card","Potion"],"build_version":"2020-12-22","purchased_purges":1,"victory":false,"max_hp_per_floor":[71,71,71,71,71,71,71,71,71,71,71,71,71,71,71,71,71,71,71,71,71,71,71],"card_choices":[{"not_picked":["Leap+1","ReplayTheSpireMod:GoodbyeWorld+1"],"picked":"StuffTheSpire:Plugnplay+1","floor":1},{"not_picked":["conspire:Rain+1","StuffTheSpire:GlassShard+1"],"picked":"Conserve Battery+1","floor":2},{"not_picked":["Leap+1","Recycle+1"],"picked":"FIFO Queue+1","floor":3},{"not_picked":["Hologram+1","Fusion+1"],"picked":"jedi:BurstLightning+1","floor":4},{"not_picked":["FTL+1","Sweeping Beam+1"],"picked":"ReplayRNGCard+1","floor":6},{"not_picked":["ReplayRNGCard+1","Steam+1","jedi:darknesscall+1"],"picked":"SKIP","floor":8},{"not_picked":["Leap+1","Coolheaded+1"],"picked":"jedi:markofdeath+1","floor":10},{"not_picked":["Recycle+1","Time Bomb+1","Sunder+1"],"picked":"SKIP","floor":11},{"not_picked":["jedi:blockon+1","Ball Lightning+1"],"picked":"Cold Snap+1","floor":14},{"not_picked":["Machine Learning+1","Mirror Shield+1"],"picked":"Amplify+1","floor":16},{"not_picked":["conspire:Rain+1","Cold Snap+1","Turbo+1"],"picked":"SKIP","floor":18},{"not_picked":["jedi:BurstLightning+1","Compile Driver+1","Steam+1"],"picked":"SKIP","floor":20},{"not_picked":["Cold Snap+1","Beam Cell+1","jedi:markofdeath+1"],"picked":"SKIP","floor":21}],"player_experience":2694449,"relics_obtained":[{"floor":6,"key":"halation:PromiseList"},{"floor":8,"key":"conspire:IceCreamScoop"},{"floor":10,"key":"Blue Doll"}],"event_choices":[{"damage_healed":0,"gold_gain":0,"player_choice":"Simplicity","damage_taken":0,"max_hp_gain":0,"max_hp_loss":8,"event_name":"betterThird:BetterWriting","floor":0,"gold_loss":0},{"cards_removed":["Dualcast"],"damage_healed":0,"gold_gain":0,"player_choice":"Forget","damage_taken":0,"max_hp_gain":0,"max_hp_loss":0,"event_name":"Living Wall","floor":5,"gold_loss":0},{"damage_healed":0,"gold_gain":0,"player_choice":"Toss","damage_taken":0,"max_hp_gain":0,"max_hp_loss":0,"event_name":"Elementarium:OnrushingOffering","floor":19,"gold_loss":10,"cards_obtained":["Elementarium:GildedEssence"]}],"is_beta":false,"boss_relics":[{"not_picked":["Ectoplasm","vexMod:FluxCapacitor","halation:PlatinumPhoenix"]}],"items_purged_floors":[12],"is_endless":false,"potions_floor_spawned":[2,3,6,8,16,18,21],"killed_by":"Elementarium:STONE_GOLEMS","ascension_level":14}}