{"host":"ix3f5uox0dgbccjc","time":1610355877,"event":{"mods":["BaseMod","Minty Spire (QoL Compilation)"],"gold_per_floor":[115,290,309,329,340,340,351,351,351,683,683,529,559,559,559,657,657,669,680,167,167,42,42,0,20,45,79,3,3,3,14,14,14,14],"floor_reached":33,"playtime":905,"items_purged":["Doubt","Survivor","Backstab"],"score":323,"play_id":"868a44f6-8828-469c-88a4-9154e6f749af","local_time":"20210111040437","is_ascension_mode":false,"campfire_choices":[{"data":"Bouncing Flask","floor":6,"key":"SMITH"},{"data":"Poisoned Stab","floor":8,"key":"SMITH"},{"data":"Poisoned Stab","floor":11,"key":"SMITH"},{"floor":15,"key":"REST"},{"data":"Catalyst","floor":23,"key":"SMITH"},{"floor":29,"key":"REST"},{"floor":32,"key":"REST"}],"circlet_count":0,"master_deck":["Strike_G","Strike_G","Strike_G","Strike_G","Strike_G","Defend_G","Defend_G","Defend_G","Defend_G","Defend_G","Neutralize+1","Poisoned Stab+1","Bouncing Flask+1","Poisoned Stab+1","Catalyst","Catalyst+1"],"relics":["Ring of the Serpent","Incense Burner","Old Coin","Dead Branch","Bottled Lightning","Omamori","Juzu Bracelet","Tiny Chest"],"acts_visited":["Exordium","TheCity"],"potions_floor_usage":[10,13,18,27,33,33],"damage_taken":[{"damage":0,"enemies":"Small Slimes","floor":1,"turns":3},{"damage":2,"enemies":"2 Louse","floor":3,"turns":4},{"damage":1,"enemies":"Cultist","floor":4,"turns":5},{"damage":1,"enemies":"3 Louse","floor":5,"turns":5},{"damage":2,"enemies":"Looter","floor":7,"turns":4},{"damage":5,"enemies":"Lagavulin","floor":10,"turns":6},{"damage":12,"enemies":"Gremlin Nob","floor":13,"turns":3},{"damage":0,"enemies":"Slime Boss","floor":16,"turns":7},{"damage":7,"enemies":"Shell Parasite","floor":18,"turns":3},{"damage":0,"enemies":"Spheric Guardian","floor":19,"turns":3},{"damage":17,"enemies":"Centurion and Healer","floor":25,"turns":5},{"damage":50,"enemies":"Slavers","floor":27,"turns":6},{"damage":8,"enemies":"3 Cultists","floor":31,"turns":7},{"damage":30,"enemies":"Automaton","floor":33,"turns":4}],"seed_played":"-5771596006906027758","potions_obtained":[{"floor":5,"key":"DuplicationPotion"},{"floor":10,"key":"CunningPotion"},{"floor":16,"key":"BlessingOfTheForge"},{"floor":18,"key":"Fire Potion"},{"floor":31,"key":"SkillPotion"}],"is_trial":false,"path_per_floor":["M","?","M","M","M","R","M","R","T","E","R","$","E","?","R","B",null,"M","M","$","?","$","R","?","M","T","E","$","R","?","M","R","B"],"character_chosen":"THE_SILENT","items_purchased":["Catalyst","Bottled Lightning","Omamori","EssenceOfSteel"],"campfire_rested":3,"item_purchase_floors":[12,20,20,28],"current_hp_per_floor":[70,70,68,67,66,66,64,64,64,59,59,59,47,47,68,68,70,63,63,63,70,70,70,70,53,53,3,3,24,11,3,25,0,0],"gold":14,"neow_bonus":"UPGRADE_CARD","is_daily":false,"chose_seed":false,"campfire_upgraded":4,"win_rate":0.0,"timestamp":1610355877,"path_taken":["M","?","M","M","M","R","M","R","T","E","R","$","E","?","R","BOSS","M","?","$","?","$","R","?","M","T","E","$","R","?","M","R","BOSS"],"items_purchased_type":["Card","Relic","Relic","Potion"],"build_version":"2020-12-22","purchased_purges":3,"victory":false,"max_hp_per_floor":[70,70,70,70,70,70,70,70,70,70,70,70,70,70,70,70,70,70,70,70,70,70,70,70,70,70,70,70,70,75,75,75,75,75],"card_choices":[{"not_picked":["Acrobatics","Blade Dance","Dagger Throw"],"picked":"SKIP","floor":1},{"not_picked":["Outmaneuver","Underhanded Strike","Reflex"],"picked":"SKIP","floor":3},{"not_picked":["Infinite Blades","Crippling Poison"],"picked":"Poisoned Stab","floor":4},{"not_picked":["Sucker Punch","Cloak And Dagger"],"picked":"Bouncing Flask","floor":5},{"not_picked":["Deadly Poison","Finisher"],"picked":"Backstab","floor":7},{"not_picked":["Doppelganger","A Thousand Cuts"],"picked":"Poisoned Stab","floor":10},{"not_picked":["Dodge and Roll","Deadly Poison","Backflip"],"picked":"SKIP","floor":13},{"not_picked":["Dagger Throw","Outmaneuver+1","Endless Agony"],"picked":"SKIP","floor":18},{"not_picked":["Flying Knee","Slice"],"picked":"Catalyst","floor":19},{"not_picked":["Underhanded Strike","Dagger Throw","Quick Slash"],"picked":"SKIP","floor":25},{"not_picked":["Tools of the Trade","Riddle With Holes+1","Calculated Gamble"],"picked":"SKIP","floor":27},{"not_picked":["Blade Dance","Sucker Punch","Tactician"],"picked":"SKIP","floor":31}],"player_experience":206145,"relics_obtained":[{"floor":9,"key":"Incense Burner"},{"floor":10,"key":"Old Coin"},{"floor":13,"key":"Dead Branch"},{"floor":26,"key":"Juzu Bracelet"},{"floor":27,"key":"Tiny Chest"}],"event_choices":[{"damage_healed":0,"gold_gain":175,"player_choice":"AGREE","damage_taken":0,"max_hp_gain":0,"max_hp_loss":0,"event_name":"Liars Game","floor":2,"gold_loss":0,"cards_obtained":["Doubt"]},{"damage_healed":0,"gold_gain":0,"player_choice":"Ignored","damage_taken":0,"max_hp_gain":0,"max_hp_loss":0,"event_name":"NoteForYourself","floor":14,"gold_loss":0},{"damage_healed":23,"gold_gain":0,"player_choice":"Heal","damage_taken":0,"max_hp_gain":0,"max_hp_loss":0,"event_name":"The Library","floor":21,"gold_loss":0},{"damage_healed":0,"gold_gain":0,"player_choice":"Paid Fearfully","damage_taken":0,"max_hp_gain":0,"max_hp_loss":0,"event_name":"Masked Bandits","floor":24,"gold_loss":42},{"damage_healed":0,"gold_gain":0,"player_choice":"Shed Blood","damage_taken":18,"max_hp_gain":5,"max_hp_loss":0,"event_name":"Forgotten Altar","floor":30,"gold_loss":0}],"is_beta":false,"boss_relics":[{"not_picked":["Snecko Eye","Tiny House"],"picked":"Ring of the Serpent"}],"items_purged_floors":[12,20,22],"is_endless":false,"potions_floor_spawned":[5,10,16,18,31],"killed_by":"Automaton","ascension_level":0}}