{"host":"xs2umar4czbsv0xl","time":1610336315,"event":{"mods":["AchievementEnabler","Act Like it!","BaseMod","Gensokyo","Marisa????????","Minty Spire (QoL Compilation)","Reimu??????","Remilia??????","Replay The Spire","StSLib","The Hierophant","The Wild Card"],"gold_per_floor":[111,111,111,111,124,157,157,1,1,1,1,14,14,64,64,163,163,177,177,452,469,483,483,443,443,443,323,357,357,45,64,64,165,165,180,230,230,250,265,294,317,329,356,375,375,390,402,422,422,422,422,422,18,46,46,46],"floor_reached":55,"playtime":7329,"items_purged":["Regret"],"score":1065,"play_id":"cd717b3a-f088-432a-acb9-e96aca12a33d","local_time":"20210110213835","is_ascension_mode":false,"campfire_choices":[{"floor":7,"key":"RECALL"},{"data":"Gensokyo:CrescentMoonSlash","floor":15,"key":"SMITH"},{"data":"Armaments","floor":23,"key":"SMITH"},{"floor":25,"key":"REST"},{"data":"ReplayTheSpireMod:LeadingStrike","floor":32,"key":"SMITH"},{"floor":49,"key":"REST"},{"data":"Pommel Strike","floor":52,"key":"SMITH"}],"circlet_count":0,"master_deck":["Strike_R","Strike_R","Strike_R","Strike_R+1","Strike_R","Defend_R","Defend_R+1","Defend_R","Defend_R+1","Bash","Cleave+1","Gensokyo:CrescentMoonSlash+1","ReplayTheSpireMod:LeadingStrike+1","Pommel Strike","Perfected Strike","Perfected Strike","Impervious","Perfected Strike","Armaments+1","Clothesline+1","ZunPunch:ReiMu","Flex","Wild Strike","Flex","Perfected Strike","Pommel Strike+1","Barricade","Wild Strike+1","Flex","Mind Blast","Heavy Blade+1","Metallicize+1","Dropkick","Thunderclap+1","Havoc+1","Iron Wave+1","Dual Wield+1","Twin Strike","Flex","ReplayTheSpireMod:Trickstab","Defy Death","ReplayTheSpireMod:Stacked+1","Eclipse","Anger","Metallicize+1","Spot Weakness","Perfected Strike","Clothesline+1"],"relics":["Burning Blood","NeowsBlessing","Oddly Smooth Stone","Pear","Lizard Tail","War Paint","Blood Vial","Gensokyo:NagashiBinaDoll","Gensokyo:YoukaiFlower","Pantograph","Ooze Armor","ReplayTheSpireMod:Shallot","Lantern","Replay:Ringing Soul","Ring of Chaos","Prayer Wheel","Thread and Needle","Whetstone","Strawberry","InkBottle","Centennial Puzzle"],"acts_visited":["Exordium","TheCity","TheBeyond","TheEnding"],"potions_floor_usage":[28,28,33,33,39,40,44,48,55],"damage_taken":[{"damage":0,"enemies":"Gensokyo:Python","floor":1,"turns":1},{"damage":0,"enemies":"Gensokyo:3_Fairies","floor":5,"turns":1},{"damage":0,"enemies":"Gensokyo:Cirno","floor":6,"turns":2},{"damage":4,"enemies":"Gensokyo:2_Kodama","floor":12,"turns":2},{"damage":1,"enemies":"Gensokyo:Reimu","floor":16,"turns":7},{"damage":6,"enemies":"Shell Parasite","floor":18,"turns":4},{"damage":9,"enemies":"Spheric Guardian","floor":21,"turns":3},{"damage":24,"enemies":"Centurion and Healer","floor":22,"turns":4},{"damage":4,"enemies":"Book of Stabbing","floor":28,"turns":3},{"damage":8,"enemies":"Snake Plant","floor":31,"turns":2},{"damage":25,"enemies":"Pondfish","floor":33,"turns":10},{"damage":13,"enemies":"3 Shapes","floor":35,"turns":2},{"damage":12,"enemies":"Mind Bloom Boss Battle","floor":36,"turns":4},{"damage":29,"enemies":"3 Darklings","floor":38,"turns":6},{"damage":29,"enemies":"Transient","floor":39,"turns":5},{"damage":0,"enemies":"R_Hoarder","floor":40,"turns":8},{"damage":6,"enemies":"Jaw Worm Horde","floor":42,"turns":4},{"damage":15,"enemies":"Writhing Mass","floor":44,"turns":5},{"damage":18,"enemies":"Maw","floor":46,"turns":6},{"damage":24,"enemies":"Sphere and 2 Shapes","floor":47,"turns":4},{"damage":10,"enemies":"3 Darklings","floor":48,"turns":4},{"damage":106,"enemies":"Time Eater","floor":50,"turns":13},{"damage":74,"enemies":"Shield and Spear","floor":54,"turns":5},{"damage":191,"enemies":"The Heart","floor":55,"turns":12}],"seed_played":"1115105922279657997","potions_obtained":[{"floor":1,"key":"Doom Potion"},{"floor":5,"key":"SteroidPotion"},{"floor":12,"key":"DuplicationPotion"},{"floor":18,"key":"Reflective Coating"},{"floor":28,"key":"GrandPatriotsElixir:ReiMu"},{"floor":35,"key":"LifebloodPotion"},{"floor":39,"key":"PowerPotion"},{"floor":42,"key":"Block Potion"},{"floor":44,"key":"ZuzhouPotion:ReiMu"},{"floor":47,"key":"Explosive Potion"}],"is_trial":false,"path_per_floor":["M","?","?","?","M","E","R","$","T","?","$","M","?","?","R","B",null,"M","?","?","M","M","R","?","R","T","$","E","?","$","M","R","B",null,"M","?","?","M","M","E","T","M","T","M","?","M","M","M","R","B",null,"R","$","E","B"],"character_chosen":"IRONCLAD","items_purchased":["War Paint","Flex","Replay:Ringing Soul","Flex","Perfected Strike","Strawberry","InkBottle"],"campfire_rested":2,"item_purchase_floors":[8,27,30,30,30,53,53],"current_hp_per_floor":[80,64,52,47,53,59,59,59,59,59,59,63,63,63,63,90,90,90,72,72,71,55,55,55,83,83,83,87,87,90,93,93,85,104,100,104,107,89,71,82,82,87,87,83,86,79,66,67,109,36,140,140,147,82,0,0],"gold":46,"neow_bonus":"THREE_ENEMY_KILL","is_daily":false,"chose_seed":false,"campfire_upgraded":4,"win_rate":0.0,"timestamp":1610336315,"path_taken":["M","?","?","?","M","E","R","?","T","?","$","?","?","?","R","BOSS","M","?","?","?","M","R","?","R","T","$","E","?","$","?","R","BOSS","M","?","?","M","M","E","?","M","T","M","?","M","M","?","R","BOSS","R","$","E","BOSS"],"items_purchased_type":["Relic","Card","Relic","Card","Card","Relic","Relic"],"build_version":"2020-12-22","purchased_purges":1,"victory":false,"max_hp_per_floor":[80,80,80,90,90,90,90,90,90,90,90,90,90,90,90,90,90,90,95,95,95,95,95,95,95,95,95,95,95,98,101,101,104,104,107,110,113,116,119,122,122,125,125,128,131,134,137,140,140,140,140,140,147,150,150,150],"card_choices":[{"not_picked":["Rupture","Headbutt"],"picked":"Cleave","floor":1},{"not_picked":["Fire Breathing","Feel No Pain"],"picked":"Blood for Blood","floor":5},{"not_picked":["Abandon","Havoc"],"picked":"ReplayTheSpireMod:LeadingStrike","floor":6},{"not_picked":["Reckless Charge","Replay:Undeath\u0027s Touch"],"picked":"Pommel Strike","floor":12},{"not_picked":["Run Through","Dual Wield"],"picked":"Perfected Strike","floor":14},{"not_picked":["Second Wind","Pommel Strike"],"picked":"Perfected Strike","floor":14},{"not_picked":["Brutality","Reaper"],"picked":"Impervious","floor":16},{"not_picked":["Entrench","Cleave"],"picked":"Perfected Strike","floor":18},{"not_picked":["Abandon","Headbutt+1"],"picked":"Armaments","floor":21},{"not_picked":["Twin Strike+1","Replay:Undeath\u0027s Touch"],"picked":"Clothesline+1","floor":22},{"not_picked":["True Grit","Corruption"],"picked":"Wild Strike","floor":28},{"not_picked":["Rampage","Hemokinesis+1"],"picked":"Pommel Strike","floor":31},{"not_picked":["Corruption","Exhume"],"picked":"Barricade","floor":33},{"not_picked":["Bloodletting","Body Slam+1"],"picked":"Wild Strike+1","floor":35},{"not_picked":["Body Slam+1","ReplayReversal+1"],"picked":"Flex","floor":36},{"not_picked":["ReplayTheSpireMod:Necrogeddon","ReplayUltimateDefense"],"picked":"Mind Blast","floor":37},{"not_picked":["Power Through+1","Clothesline"],"picked":"Heavy Blade+1","floor":38},{"not_picked":["Run Through","Shrug It Off"],"picked":"Metallicize+1","floor":38},{"not_picked":["Burning Pact+1","Anger"],"picked":"Dropkick","floor":39},{"not_picked":["Havoc+1","Ghostly Armor"],"picked":"Thunderclap+1","floor":39},{"not_picked":["Massacre","ReplayTheSpireMod:Strike From Hell"],"picked":"Havoc+1","floor":40},{"not_picked":["Barricade","Power Through"],"picked":"Iron Wave+1","floor":42},{"not_picked":["Warcry+1","Havoc+1"],"picked":"Dual Wield+1","floor":42},{"not_picked":["Wild Strike","Bloodletting"],"picked":"Twin Strike","floor":44},{"not_picked":["ReplayTheSpireMod:Strike From Hell","Intimidate"],"picked":"Flex","floor":44},{"not_picked":["Thunderclap","Rampage+1"],"picked":"ReplayTheSpireMod:Stacked+1","floor":46},{"not_picked":["ReplayTheSpireMod:Corrosion Curse","Anger"],"picked":"Eclipse","floor":46},{"not_picked":["Clothesline","Clash+1"],"picked":"Anger","floor":47},{"not_picked":["Warcry+1","Anger+1"],"picked":"Metallicize+1","floor":47},{"not_picked":["Inflame","Clothesline+1"],"picked":"Spot Weakness","floor":48},{"not_picked":["Bloodletting","Second Wind"],"picked":"Perfected Strike","floor":48},{"not_picked":["Flex","Reckless Charge+1"],"picked":"Clothesline+1","floor":54}],"player_experience":171671,"relics_obtained":[{"floor":6,"key":"Lizard Tail"},{"floor":9,"key":"Blood Vial"},{"floor":14,"key":"Pantograph"},{"floor":26,"key":"ReplayTheSpireMod:Shallot"},{"floor":28,"key":"Lantern"},{"floor":36,"key":"Prayer Wheel"},{"floor":40,"key":"Thread and Needle"},{"floor":43,"key":"Whetstone"},{"floor":54,"key":"Centennial Puzzle"}],"event_choices":[{"damage_healed":0,"gold_gain":0,"player_choice":"Shed Blood","damage_taken":23,"max_hp_gain":5,"max_hp_loss":0,"event_name":"Forgotten Altar","floor":19,"gold_loss":0},{"damage_healed":0,"gold_gain":275,"player_choice":"Desecrate","damage_taken":0,"max_hp_gain":0,"max_hp_loss":0,"event_name":"Golden Shrine","floor":20,"gold_loss":0,"cards_obtained":["Regret"]},{"damage_healed":0,"gold_gain":0,"player_choice":"Hand rover O-miki","damage_taken":0,"max_hp_gain":0,"max_hp_loss":0,"event_name":"ZunEvent","floor":24,"relics_lost":["ZunR:ReiMu"],"gold_loss":0,"cards_obtained":["ZunPunch:ReiMu"]},{"cards_removed":["Clumsy"],"damage_healed":0,"gold_gain":0,"player_choice":"Purged","damage_taken":0,"max_hp_gain":0,"max_hp_loss":0,"event_name":"Purifier","floor":29,"gold_loss":0},{"damage_healed":0,"gold_gain":0,"player_choice":"Fight","damage_taken":0,"max_hp_gain":0,"max_hp_loss":0,"event_name":"MindBloom","floor":36,"gold_loss":0},{"damage_healed":0,"gold_gain":0,"player_choice":"Memory 1","damage_taken":0,"max_hp_gain":0,"max_hp_loss":0,"event_name":"SensoryStone","floor":37,"gold_loss":0},{"damage_healed":0,"gold_gain":0,"player_choice":"2 cards matched","damage_taken":0,"max_hp_gain":0,"max_hp_loss":0,"event_name":"Match and Keep!","floor":45,"gold_loss":0,"cards_obtained":["ReplayTheSpireMod:Trickstab","Defy Death"]}],"is_beta":false,"boss_relics":[{"not_picked":["Fusion Hammer","Tiny House"],"picked":"Ooze Armor"},{"not_picked":["Replay:Ancient Bell","Coffee Dripper"],"picked":"Ring of Chaos"}],"items_purged_floors":[27],"is_endless":false,"potions_floor_spawned":[1,5,12,18,21,28,35,39,42,44,47],"killed_by":"The Heart","ascension_level":0}}