{"host":"yecadp3kwkksam5a","time":1610371318,"event":{"mods":["BaseMod","Minty Spire (QoL Compilation)","StSLib","The Cursed"],"gold_per_floor":[114,134,309,309,80,80,110,110,110,144,162,162,162,187,187,285,285,302,16,316,327,346,374,374,198,198,210,85,85,118,138,138,237,237,249,249,249],"floor_reached":36,"playtime":2338,"items_purged":["TheCursedMod:Strike_TheCursed","TheCursedMod:Strike_TheCursed","TheCursedMod:Strike_TheCursed"],"score":625,"play_id":"eaed8407-fb42-4166-a7a1-1302113ec1be","local_time":"20210111222158","is_ascension_mode":true,"campfire_choices":[{"data":"TheCursedMod:CleanUpWorkshop","floor":6.0,"key":"SMITH"},{"data":"TheCursedMod:FleshFromBone","floor":8.0,"key":"SMITH"},{"data":"TheCursedMod:LuckyCharm","floor":12,"key":"SMITH"},{"data":"TheCursedMod:CursedWand","floor":15,"key":"SMITH"},{"data":"TheCursedMod:FleshFromBone","floor":24,"key":"SMITH"},{"data":"TheCursedMod:Hemoplague","floor":32,"key":"SMITH"}],"circlet_count":0,"master_deck":["TheCursedMod:Defend_TheCursed+1","TheCursedMod:Defend_TheCursed","TheCursedMod:Defend_TheCursed","TheCursedMod:Defend_TheCursed+1","TheCursedMod:CursedWand+1","TheCursedMod:CleanUpWorkshop+1","TheCursedMod:Dregs","TheCursedMod:LuckyCharm+1","TheCursedMod:FleshFromBone+1","Doubt","TheCursedMod:CircleOfCorruption","TheCursedMod:SoulReap+1","TheCursedMod:NeowsMight","CurseOfTheBell","TheCursedMod:PrepareRite","Writhe","TheCursedMod:FleshFromBone+1","TheCursedMod:LuckyCharm","TheCursedMod:Hemoplague+1"],"relics":["TheCursedMod:BlackMagic101","Orichalcum","TheAbacus","Bronze Scales","Molten Egg 2","Nunchaku","War Paint","Calling Bell","TheCursedMod:Tack","Shuriken","Gambling Chip","FossilizedHelix","Old Coin","Pantograph","Bottled Tornado","Torii","SlaversCollar"],"acts_visited":["Exordium","TheCity","TheBeyond"],"potions_floor_usage":[22,23,33],"damage_taken":[{"damage":0.0,"enemies":"2 Louse","floor":1.0,"turns":4.0},{"damage":0.0,"enemies":"Small Slimes","floor":2.0,"turns":3.0},{"damage":19.0,"enemies":"3 Sentries","floor":7.0,"turns":19.0},{"damage":27.0,"enemies":"Gremlin Nob","floor":10.0,"turns":7.0},{"damage":0,"enemies":"Jaw Worm","floor":11,"turns":4},{"damage":13,"enemies":"Lagavulin","floor":14,"turns":10},{"damage":0,"enemies":"Hexaghost","floor":16,"turns":16},{"damage":1,"enemies":"Chosen","floor":18,"turns":6},{"damage":0,"enemies":"3 Byrds","floor":21,"turns":2},{"damage":2,"enemies":"Snake Plant","floor":22,"turns":6},{"damage":3,"enemies":"Slavers","floor":23,"turns":8},{"damage":54,"enemies":"Cultist and Chosen","floor":27,"turns":14},{"damage":0,"enemies":"Book of Stabbing","floor":30,"turns":7},{"damage":0,"enemies":"Snecko","floor":31,"turns":10},{"damage":6,"enemies":"Collector","floor":33,"turns":10},{"damage":14,"enemies":"3 Shapes","floor":35,"turns":9},{"damage":45,"enemies":"2 Orb Walkers","floor":36,"turns":5}],"seed_played":"-3102932541254226208","potions_obtained":[{"floor":14,"key":"Weak Potion"},{"floor":18,"key":"Explosive Potion"},{"floor":23,"key":"SkillPotion"},{"floor":30,"key":"Regen Potion"}],"is_trial":false,"path_per_floor":["M","M","?","?","$","R","E","R","T","E","M","R","?","E","R","B",null,"M","$","?","M","M","E","R","$","T","M","$","?","E","M","R","B",null,"M","?"],"character_chosen":"THE_CURSED","items_purchased":["TheAbacus","FossilizedHelix","TheCursedMod:LuckyCharm"],"campfire_rested":0,"item_purchase_floors":[5,19,25],"current_hp_per_floor":[82,82,82,79,79,79,60,60,60,33,33,33,26,20,20,27,82,82,82,82,82,80,79,79,79,79,32,32,32,39,46,46,72,82,68,30,30],"gold":249,"neow_bonus":"TEN_PERCENT_HP_BONUS","is_daily":false,"chose_seed":false,"campfire_upgraded":6,"win_rate":0.0,"timestamp":1610371318,"path_taken":["M","M","?","?","$","R","E","R","T","E","M","R","?","E","R","BOSS","M","$","?","M","M","E","R","$","T","M","$","?","E","M","R","BOSS","M","?"],"items_purchased_type":["Relic","Relic","Card"],"build_version":"2020-12-22","purchased_purges":3,"victory":false,"max_hp_per_floor":[82,82,82,82,82,82,82,82,82,82,82,82,82,82,82,82,82,82,82,82,82,82,82,82,82,82,82,82,82,82,82,82,82,82,82,82,82],"card_choices":[{"not_picked":["TheCursedMod:Torture","TheCursedMod:SurpriseAttack"],"picked":"TheCursedMod:LuckyCharm","floor":1.0},{"not_picked":["TheCursedMod:RavingStaff","TheCursedMod:Stigma"],"picked":"TheCursedMod:FleshFromBone","floor":2.0},{"not_picked":["TheCursedMod:RapidMovement","TheCursedMod:StunningStrike"],"picked":"TheCursedMod:CircleOfCorruption","floor":7.0},{"not_picked":["TheCursedMod:EmpowerCircles","TheCursedMod:RavingStaff+1","TheCursedMod:Obscuration"],"picked":"SKIP","floor":10.0},{"not_picked":["TheCursedMod:RapidMovement","TheCursedMod:Wield+1"],"picked":"TheCursedMod:SoulReap+1","floor":11},{"not_picked":["TheCursedMod:StingEye+1","TheCursedMod:CircleOfFlame","TheCursedMod:CircleOfWindfury"],"picked":"SKIP","floor":14},{"not_picked":["TheCursedMod:StunningStrike+1","TheCursedMod:ParallelWorld"],"picked":"TheCursedMod:NeowsMight","floor":16},{"not_picked":["TheCursedMod:CircleOfFlame","TheCursedMod:RapidMovement"],"picked":"TheCursedMod:PrepareRite","floor":18},{"not_picked":["TheCursedMod:RavingStaff+1","TheCursedMod:Wield+1","TheCursedMod:CursedAmulet+1"],"picked":"SKIP","floor":21},{"not_picked":["TheCursedMod:TacticalStrike+1","TheCursedMod:UltimatePain"],"picked":"TheCursedMod:FleshFromBone","floor":22},{"not_picked":["TheCursedMod:CircleOfWindfury","TheCursedMod:TacticalStrike+1","TheCursedMod:Torture+1"],"picked":"SKIP","floor":23},{"not_picked":["TheCursedMod:CursedMace+1","TheCursedMod:CursedArmor","TheCursedMod:ReleasedKnowledge+1"],"picked":"SKIP","floor":27},{"not_picked":["TheCursedMod:SpitefulStrike+1","TheCursedMod:TacticalStrike+1","TheCursedMod:Torture"],"picked":"SKIP","floor":30},{"not_picked":["TheCursedMod:CursedBlade+1","TheCursedMod:CursedMace+1"],"picked":"TheCursedMod:Hemoplague","floor":31},{"not_picked":["TheCursedMod:RavingStaff+1","TheCursedMod:StingEye+1","TheCursedMod:Stretching+1"],"picked":"SKIP","floor":35}],"player_experience":491876,"relics_obtained":[{"floor":7.0,"key":"Bronze Scales"},{"floor":9.0,"key":"Molten Egg 2"},{"floor":10.0,"key":"Nunchaku"},{"floor":14,"key":"War Paint"},{"floor":17,"key":"TheCursedMod:Tack"},{"floor":17,"key":"Shuriken"},{"floor":17,"key":"Gambling Chip"},{"floor":23,"key":"Pantograph"},{"floor":26,"key":"Bottled Tornado"},{"floor":30,"key":"Torii"}],"event_choices":[{"damage_healed":0.0,"max_hp_gain":0.0,"max_hp_loss":0.0,"gold_gain":175.0,"event_name":"Liars Game","player_choice":"AGREE","floor":3.0,"gold_loss":0.0,"damage_taken":0.0,"cards_obtained":["Doubt"]},{"damage_healed":0.0,"max_hp_gain":0.0,"max_hp_loss":0.0,"gold_gain":0.0,"event_name":"Scrap Ooze","player_choice":"Success","floor":4.0,"gold_loss":0.0,"damage_taken":3.0,"relics_obtained":["Orichalcum"]},{"cards_removed":["TheCursedMod:Strike_TheCursed"],"damage_healed":0,"gold_gain":0,"player_choice":"Card Removal","damage_taken":7,"max_hp_gain":0,"max_hp_loss":0,"event_name":"Golden Wing","floor":13,"gold_loss":0},{"damage_healed":0,"gold_gain":0,"player_choice":"Opened","damage_taken":0,"relics_obtained":["Old Coin"],"max_hp_gain":0,"max_hp_loss":0,"event_name":"The Mausoleum","floor":20,"gold_loss":0,"cards_obtained":["Writhe"]},{"damage_healed":0,"gold_gain":0,"player_choice":"Ignored","damage_taken":0,"max_hp_gain":0,"max_hp_loss":0,"event_name":"Ghosts","floor":29,"gold_loss":0},{"damage_healed":0,"gold_gain":0,"player_choice":"Fight","damage_taken":0,"max_hp_gain":0,"max_hp_loss":0,"event_name":"Mysterious Sphere","floor":36,"gold_loss":0}],"is_beta":false,"boss_relics":[{"not_picked":["Fusion Hammer","Pandora\u0027s Box"],"picked":"Calling Bell"},{"not_picked":["SacredBark","Snecko Eye"],"picked":"SlaversCollar"}],"items_purged_floors":[5,25,28],"is_endless":false,"potions_floor_spawned":[14,18,23,30],"killed_by":"2 Orb Walkers","ascension_level":2}}