{"host":"Leo","time":1610402679,"event":{"mods":["Act Like it!","BaseMod","Challenge The Spire","Colored Map","Colored Powertips","Downfall","Energized Spire","Filter the Spire","Gensokyo","Hubris","Infinite Spire","KinomotoSakuraMod(ñÿîVñ{?)","KomeijiMod","MarisaÅiñ∂âJÅ@ñÇóùçπÅj","Minty Spire (QoL Compilation)","Pale of the Ancients","Prisma Mod","Quick Restart","Random Character Mod","Rare Cards Sparkle","Replay The Spire","StSLib","The Jungle","Waifu the Spire"],"gold_per_floor":[116,191,191,211,222,222,240,252,320,320,339,450,470,483,483,578,578,590,590,608,678,381,406,422,422,468,487,487,499,510,86,86,184,134,154,221,221,221,221],"floor_reached":38,"playtime":5365,"items_purged":[],"score":396,"play_id":"0bd295c9-3ff9-4f2a-8d6f-5b48cb32df1a","local_time":"20210111170439","is_ascension_mode":false,"campfire_choices":[{"data":"Dash_Komeiji","floor":6,"key":"SMITH"},{"data":"VampireKiss","floor":10,"key":"SMITH"},{"data":"SeekerDolls","floor":15,"key":"SMITH"},{"floor":28,"key":"REST"},{"data":"NingyouOkisou+1","floor":32,"key":"SWEEP"}],"circlet_count":0,"master_deck":["Strike_Komeiji","Strike_Komeiji","Strike_Komeiji","Strike_Komeiji","Defend_Komeiji","Defend_Komeiji","Defend_Komeiji","Defend_Komeiji","Dash_Komeiji+1","RikonNoKama+1","SeekerDolls+1","VampireKiss+1","NingyouFukuhei+1","KinbakuJin+1","NingyouKisou+1","SeekerWire+1","SeekerDolls","ShanghaiNingyou","KoKei+1","infinitespire:Oblivion","CS_Komachi","Sabishigari+1","HenyouMirume","NingyouSP+1","Mishyaguji+1","RikonNoKama+1","DemonLordCradle","RikonNoKama+1","KeiseiJin+1","NingyouOkisou+1","HelanNingyou","Strike_Komeiji","EnMu+1","KeiseiJin+1"],"relics":["KomeijisEye","SpellCardsRule","MusicBox","hubris:MobiusCoin","energizedSpire:MagnifyingGlass","Replay:Baseball","MealTicket","Orichalcum","Bronze Scales","Ancient Tea Set","Replay:Ringing Soul","HandDrill","energizedSpire:HugeHouse"],"acts_visited":["Exordium","TheCity","TheBeyond"],"potions_floor_usage":[23,33,33,33,38],"damage_taken":[{"damage":7,"enemies":"Small Slimes","floor":1,"turns":6},{"damage":12,"enemies":"Cultist","floor":4,"turns":5},{"damage":0,"enemies":"Jaw Worm","floor":5,"turns":6},{"damage":1,"enemies":"Large Slime","floor":7,"turns":8},{"damage":0,"enemies":"2 Fungi Beasts","floor":8,"turns":5},{"damage":8,"enemies":"Exordium Wildlife","floor":11,"turns":4},{"damage":19,"enemies":"Lots of Slimes","floor":12,"turns":3},{"damage":0,"enemies":"Blue Slaver","floor":13,"turns":3},{"damage":2,"enemies":"2 Fungi Beasts","floor":14,"turns":3},{"damage":21,"enemies":"Slime Boss","floor":16,"turns":10},{"damage":1,"enemies":"Spheric Guardian","floor":18,"turns":3},{"damage":3,"enemies":"Shell Parasite","floor":20,"turns":4},{"damage":22,"enemies":"Snake Plant","floor":21,"turns":4},{"damage":5,"enemies":"Replay:Snechameleon","floor":23,"turns":9},{"damage":8,"enemies":"Sentry and Sphere","floor":24,"turns":5},{"damage":25,"enemies":"Shelled Parasite and Fungi","floor":27,"turns":4},{"damage":17,"enemies":"3 Cultists","floor":29,"turns":5},{"damage":16,"enemies":"Snake Plant","floor":30,"turns":3},{"damage":41,"enemies":"Collector","floor":33,"turns":11},{"damage":3,"enemies":"Orb Walker","floor":35,"turns":4},{"damage":25,"enemies":"3 Shapes","floor":36,"turns":6},{"damage":52,"enemies":"2 Orb Walkers","floor":38,"turns":3}],"seed_played":"3804820613650935114","potions_obtained":[{"floor":4,"key":"SneckoOil"},{"floor":8,"key":"Explosive Potion"},{"floor":11,"key":"Slimebound:ThreeZeroPotion"},{"floor":14,"key":"Energy Potion"},{"floor":24,"key":"Explosive Potion"},{"floor":33,"key":"Fire Potion"},{"floor":35,"key":"EssenceOfSteel"}],"is_trial":false,"path_per_floor":["M","?","$","M","M","R","M","M","T","R","M","M","M","M","R","B",null,"M","AVR","M","M","$","E","M","?","T","M","R","M","M","$","R","B",null,"M","M","?","?"],"character_chosen":"KomeijiSatori","items_purchased":["MealTicket","Orichalcum","Replay:Ringing Soul","HandDrill","KeiseiJin+1"],"campfire_rested":1,"item_purchase_floors":[22,22,31,31,31],"current_hp_per_floor":[43,38,38,30,41,41,47,50,50,50,49,39,39,47,47,41,50,49,49,50,29,29,27,37,37,37,23,38,38,31,49,56,38,57,59,41,41,0,0],"gold":221,"neow_bonus":"RANDOM_COLORLESS","is_daily":false,"chose_seed":false,"campfire_upgraded":3,"win_rate":0.0,"timestamp":1610402679,"path_taken":["M","?","$","M","?","R","M","M","T","R","M","M","M","M","R","BOSS","M","AVR","M","M","$","E","M","?","T","M","R","M","M","$","R","BOSS","M","M","?","?"],"items_purchased_type":["Relic","Relic","Relic","Relic","Card"],"build_version":"2020-11-17","purchased_purges":0,"victory":false,"max_hp_per_floor":[50,50,50,50,50,50,50,50,50,50,50,50,50,50,50,50,50,50,50,50,50,50,50,50,50,50,50,50,50,50,53,56,59,57,60,63,63,63,63],"card_choices":[{"not_picked":["Muse","expansioncontent:YouAreMine"],"picked":"ReplayTheSpireMod:Private Reserves","floor":0},{"not_picked":["SeekerDolls","NingyouFukuhei+1"],"picked":"RikonNoKama+1","floor":1},{"not_picked":["NingyouKasou+1","HagoromoMizu"],"picked":"SeekerDolls","floor":4},{"not_picked":["SenyouGoraku+1","TenguNoTaiko"],"picked":"VampireKiss","floor":5},{"not_picked":["MakuraSeki","OoedoNingyou+1"],"picked":"NingyouYunhei+1","floor":7},{"not_picked":["DochyakuKami+1","SeekerDolls"],"picked":"NingyouFukuhei+1","floor":8},{"not_picked":["MissingPower","NingyouSousou+1"],"picked":"KinbakuJin+1","floor":11},{"not_picked":["NingyouShinki+1","NingyouChiyari+1"],"picked":"NingyouKisou+1","floor":12},{"not_picked":["YoukiSo+1","SeishiRoten+1"],"picked":"SeekerWire+1","floor":13},{"not_picked":["SeekerWire+1","KinbakuJin+1"],"picked":"SeekerDolls","floor":14},{"not_picked":["LunaDial","HisouTensoku"],"picked":"ShanghaiNingyou","floor":16},{"not_picked":["SelfTokamak","NingyouSousou+1"],"picked":"KoKei+1","floor":18},{"not_picked":["NingyouYunhei+1","SenseofElegance+1"],"picked":"Sabishigari+1","floor":20},{"not_picked":["NingyouSousou+1","DemonLordCradle"],"picked":"HenyouMirume","floor":21},{"not_picked":["NingyouKasou+1","Agarareta+1"],"picked":"NingyouSP+1","floor":23},{"not_picked":["Melting","NingyouKisou+1"],"picked":"Mishyaguji+1","floor":24},{"not_picked":["EverywhereHibernate","FreezeTouchMe"],"picked":"RikonNoKama+1","floor":27},{"not_picked":["NingyouShinki+1","ShyakuBuku+1"],"picked":"DemonLordCradle","floor":29},{"not_picked":["YoukiSo+1","NingyouSousou+1"],"picked":"RikonNoKama+1","floor":30},{"not_picked":["MusouMyousyu","LunaDial"],"picked":"HelanNingyou","floor":33},{"not_picked":["SenyouGoraku+1","RikonNoKama+1"],"picked":"EnMu+1","floor":35},{"not_picked":["NingyouSousou+1","HisouNoKen"],"picked":"KeiseiJin+1","floor":36}],"player_experience":17157,"relics_obtained":[{"floor":9,"key":"hubris:MobiusCoin"},{"floor":23,"key":"Bronze Scales"},{"floor":26,"key":"Ancient Tea Set"}],"event_choices":[{"damage_healed":0,"gold_gain":75,"player_choice":"Touch","damage_taken":5,"max_hp_gain":0,"max_hp_loss":0,"event_name":"FaceTrader","floor":2,"gold_loss":0},{"cards_removed":["Magnetism"],"damage_healed":0,"gold_gain":0,"player_choice":"Removed Power","damage_taken":0,"max_hp_gain":0,"max_hp_loss":0,"event_name":"Falling","floor":37,"gold_loss":0},{"damage_healed":0,"gold_gain":0,"player_choice":"Fight","damage_taken":0,"max_hp_gain":0,"max_hp_loss":0,"event_name":"Mysterious Sphere","floor":38,"gold_loss":0}],"is_beta":true,"boss_relics":[{"not_picked":["Replay:Drink Me","Ectoplasm"],"picked":"energizedSpire:MagnifyingGlass"},{"not_picked":["ReplayTheSpireMod:SealedPack","energizedSpire:RedRose"],"picked":"energizedSpire:HugeHouse"}],"items_purged_floors":[],"is_endless":false,"potions_floor_spawned":[4,8,11,14,18,24,29,33,35],"killed_by":"2 Orb Walkers","ascension_level":0}}