{"host":"oy4pyvr762z5n0bb","time":1610355025,"event":{"mods":["AchievementEnabler","BaseMod","Colored Map","Colored Powertips","Googly Eyes","Key Reminder","Minty Spire (QoL Compilation)","Quick Restart","Relic Sorter","Slay the Relics Exporter","StSLib","SuperFastMode","Unceasing Turn Reminder","slay the spire mod where everything is the same but ironclad has a cowboy hat"],"gold_per_floor":[111,111,60,60,79,110,35,35,35,35,53,87,47,47,47,145,145,157,170,181,181,181],"floor_reached":21,"playtime":460,"items_purged":["Decay"],"score":332,"play_id":"8eea8841-8bd7-4638-9e21-d90508fda7d2","local_time":"20210111005025","is_ascension_mode":true,"campfire_choices":[{"data":"Hemokinesis","floor":8,"key":"SMITH"},{"data":"Seeing Red","floor":10,"key":"SMITH"},{"data":"Twin Strike","floor":15,"key":"SMITH"}],"circlet_count":0,"master_deck":["Strike_R","Strike_R","Strike_R","Strike_R","Strike_R","Defend_R","Defend_R","Defend_R","Defend_R","Bash+1","Warcry","Wild Strike","Hemokinesis+1","Seeing Red+1","Twin Strike+1","Shrug It Off","Immolate","Ghostly Armor","Shrug It Off"],"relics":["Burning Blood","Turnip","Kunai","Letter Opener","Philosopher\u0027s Stone"],"acts_visited":["Exordium","TheCity"],"potions_floor_usage":[16,20,21,21,21],"damage_taken":[{"damage":7,"enemies":"Small Slimes","floor":1,"turns":5},{"damage":2,"enemies":"2 Louse","floor":5,"turns":3},{"damage":14,"enemies":"Gremlin Nob","floor":6,"turns":3},{"damage":8,"enemies":"Cultist","floor":11,"turns":3},{"damage":43,"enemies":"3 Sentries","floor":12,"turns":9},{"damage":4,"enemies":"Slime Boss","floor":16,"turns":8},{"damage":11,"enemies":"Spheric Guardian","floor":18,"turns":4},{"damage":16,"enemies":"3 Byrds","floor":19,"turns":4},{"damage":55,"enemies":"Sentry and Sphere","floor":20,"turns":8},{"damage":36,"enemies":"Masked Bandits","floor":21,"turns":3}],"seed_played":"6920476759942311749","potions_obtained":[{"floor":12,"key":"Fire Potion"},{"floor":14,"key":"Regen Potion"},{"floor":14,"key":"EntropicBrew"},{"floor":16,"key":"Regen Potion"},{"floor":20,"key":"HeartOfIron"}],"is_trial":false,"path_per_floor":["M","?","$","?","M","E","$","R","T","R","M","E","?","?","R","B",null,"M","M","M","?"],"character_chosen":"IRONCLAD","items_purchased":["Wild Strike"],"campfire_rested":0,"item_purchase_floors":[3],"current_hp_per_floor":[79,79,79,79,83,75,75,75,75,75,73,36,36,36,36,38,76,71,61,24,0,0],"gold":181,"neow_bonus":"TEN_PERCENT_HP_BONUS","is_daily":false,"chose_seed":false,"campfire_upgraded":3,"win_rate":0.0,"timestamp":1610355025,"path_taken":["M","?","$","?","?","E","$","R","T","R","M","E","?","?","R","BOSS","M","M","?","?"],"items_purchased_type":["Card"],"build_version":"2020-12-22","purchased_purges":1,"victory":false,"max_hp_per_floor":[88,88,88,88,88,88,88,88,88,88,88,88,88,88,88,88,88,88,88,88,88,88],"card_choices":[{"not_picked":["Bloodletting","Body Slam"],"picked":"Warcry","floor":1},{"not_picked":["Perfected Strike","Power Through"],"picked":"Hemokinesis","floor":5},{"not_picked":["Perfected Strike","Infernal Blade"],"picked":"Seeing Red","floor":6},{"not_picked":["Reckless Charge","Heavy Blade"],"picked":"Twin Strike","floor":11},{"not_picked":["Twin Strike","Bludgeon"],"picked":"Shrug It Off","floor":12},{"not_picked":["Demon Form","Limit Break"],"picked":"Immolate","floor":16},{"not_picked":["Warcry","Clothesline+1"],"picked":"Ghostly Armor","floor":18},{"not_picked":["Sword Boomerang","Blood for Blood+1","Warcry"],"picked":"SKIP","floor":19},{"not_picked":["Dual Wield","Body Slam+1"],"picked":"Shrug It Off","floor":20}],"player_experience":727648,"relics_obtained":[{"floor":6,"key":"Turnip"},{"floor":9,"key":"Kunai"},{"floor":12,"key":"Letter Opener"}],"event_choices":[{"damage_healed":0,"gold_gain":0,"player_choice":"Grow","damage_taken":0,"max_hp_gain":0,"max_hp_loss":0,"event_name":"Living Wall","floor":2,"gold_loss":0,"cards_upgraded":["Bash"]},{"damage_healed":0,"gold_gain":0,"player_choice":"Cursed","damage_taken":0,"max_hp_gain":0,"max_hp_loss":0,"event_name":"Wheel of Change","floor":4,"gold_loss":0,"cards_obtained":["Decay"]},{"damage_healed":0,"gold_gain":0,"player_choice":"Left Gold","damage_taken":0,"max_hp_gain":0,"max_hp_loss":0,"event_name":"World of Goop","floor":13,"gold_loss":40},{"damage_healed":0,"gold_gain":0,"player_choice":"Got Potions","damage_taken":0,"max_hp_gain":0,"max_hp_loss":0,"event_name":"Lab","floor":14,"gold_loss":0},{"damage_healed":0,"gold_gain":0,"player_choice":"Fought Bandits","damage_taken":0,"max_hp_gain":0,"max_hp_loss":0,"event_name":"Masked Bandits","floor":21,"gold_loss":0}],"is_beta":false,"boss_relics":[{"not_picked":["Mark of Pain","Busted Crown"],"picked":"Philosopher\u0027s Stone"}],"items_purged_floors":[7],"is_endless":false,"potions_floor_spawned":[12,16,18,20],"killed_by":"Masked Bandits","ascension_level":8}}