{"host":"spsrt7uenoh0uedx","time":1610340079,"event":{"mods":["Act Like it!","Arknights The Spire","BaseMod","Downfall","Friendly Minions","Gensokyo","Hallownest","Kiyohime（清姬）","Marisa（F雨　魔理沙）","Minty Spire (QoL Compilation)","SOS（斯巴达之子）","StSLib","The Bug Knight","The Cursed","The Gatherer","The Hierophant","The Runesmith","The Servant 0.9.4","WarShipGirlsR/战舰少女R mod","Youmu（魂魄妖梦）","Yuri Mod"],"gold_per_floor":[151,151,187,31,71,104,162,162,162,204,233,233,277,277,277,421,421,434,434,465,527,447,473,473,473],"floor_reached":24,"playtime":1050,"items_purged":[],"score":280,"play_id":"2005a1fb-1bb4-4409-9a2c-65543cae4931","local_time":"20210111124119","is_ascension_mode":true,"campfire_choices":[{"data":"Rebellion","floor":8,"key":"SMITH"},{"data":"Weaponchange","floor":12,"key":"SMITH"},{"data":"Demonreform","floor":15,"key":"SMITH"}],"circlet_count":0,"master_deck":["Attack_a+1","Attack_a","Attack_b","Shoot+1","Shoot","Provocation","Defend_Dante","Defend_Dante","Defend_Dante","Defend_Dante","Redorb","Rebellion+1","Millionstab","Gilgamesh","Greenorb","Gunstinger","Weaponchange+1","Demonreform+1","Darkslayer","Hightime","LucifercomboA+1","Hallownest:skillCityofTearsMap","Dash2+1"],"relics":["SSS","Combocheck","HollowMod:PaleOreRelic","Bottled Tornado","Ornamental Fan","Pen Nib","Question Card","Ice Cream","Busted Crown","Nunchaku"],"acts_visited":["Hallownest:Greenpath","Hallownest:CityofTears"],"potions_floor_usage":[16,16,24],"damage_taken":[{"damage":6,"enemies":"Hallownest:2_Baldur","floor":1,"turns":4},{"damage":16,"enemies":"Hallownest:monsterHuskGuard","floor":5,"turns":5},{"damage":2,"enemies":"Hallownest:eliteVengeflyKing","floor":6,"turns":4},{"damage":3,"enemies":"Hallownest:monsterHuskWarrior","floor":7,"turns":5},{"damage":0,"enemies":"Hallownest:eliteMossKnight","floor":10,"turns":2},{"damage":17,"enemies":"Hallownest:monsterFoolEater","floor":11,"turns":4},{"damage":17,"enemies":"Hallownest:eliteCrystalGuardian","floor":13,"turns":5},{"damage":37,"enemies":"Hallownest:BossBrokenVessel","floor":16,"turns":11},{"damage":6,"enemies":"Hallownest:Flukemon_and_Top","floor":18,"turns":4},{"damage":19,"enemies":"Hallownest:Guard_and_Sentry","floor":20,"turns":4},{"damage":9,"enemies":"Hallownest:Master_and_Novice","floor":21,"turns":2},{"damage":42,"enemies":"Hallownest:eliteWatcherKnight","floor":23,"turns":9},{"damage":35,"enemies":"Hallownest:2_Husk_Sentries","floor":24,"turns":3}],"seed_played":"-6087615391165159600","potions_obtained":[{"floor":6,"key":"Ancient Potion"},{"floor":7,"key":"Slimebound:ThreeZeroPotion"},{"floor":10,"key":"LiquidBronze"},{"floor":18,"key":"BlessingOfTheForge"},{"floor":21,"key":"SmokeBomb"},{"floor":23,"key":"Dexterity Potion"}],"is_trial":false,"path_per_floor":["M","?","?","$","M","E","M","R","T","E","M","R","E","T","R","B",null,"M","?","M","M","?","E","M"],"character_chosen":"DANTE","items_purchased":["HollowMod:PaleOreRelic"],"campfire_rested":0,"item_purchase_floors":[4],"current_hp_per_floor":[82,82,82,82,66,64,61,61,61,62,53,53,43,43,43,30,88,82,82,67,60,60,24,0,0],"gold":473,"neow_bonus":"TEN_PERCENT_HP_BONUS","is_daily":false,"chose_seed":false,"campfire_upgraded":3,"win_rate":0.0,"timestamp":1610340079,"path_taken":["M","?","?","$","M","E","M","R","T","E","M","R","E","?","R","BOSS","M","?","M","?","?","E","M"],"items_purchased_type":["Relic"],"build_version":"2020-12-22","purchased_purges":0,"victory":false,"max_hp_per_floor":[88,88,88,88,88,88,88,88,88,88,88,88,88,88,88,88,88,88,88,88,88,88,88,88,88],"card_choices":[{"not_picked":["Straight","LucifercomboB"],"picked":"Rebellion","floor":1},{"not_picked":["Millionkick","GilgameshcomboA"],"picked":"Millionstab","floor":5},{"not_picked":["VitalstarL","Unrisingdragon"],"picked":"Gilgamesh","floor":6},{"not_picked":["VitalstarS","Ecstasy"],"picked":"Greenorb","floor":7},{"not_picked":["Royaldefend","Holywater"],"picked":"Gunstinger","floor":10},{"not_picked":["Chargeshoot2","Holywater"],"picked":"Weaponchange","floor":11},{"not_picked":["Weaponchange","Hightime"],"picked":"Demonreform","floor":13},{"not_picked":["Trickster","Enemystep","VitalstarL"],"picked":"Darkslayer","floor":16},{"not_picked":["Weaponupgrade"],"picked":"Hightime","floor":18},{"not_picked":["Fullhouse","VitalstarM"],"picked":"SKIP","floor":20},{"not_picked":["Dash2+1"],"picked":"LucifercomboA+1","floor":21},{"not_picked":["Holywater"],"picked":"Dash2+1","floor":23}],"player_experience":251275,"relics_obtained":[{"floor":6,"key":"Bottled Tornado"},{"floor":9,"key":"Ornamental Fan"},{"floor":10,"key":"Pen Nib"},{"floor":13,"key":"Question Card"},{"floor":14,"key":"Ice Cream"},{"floor":23,"key":"Nunchaku"}],"event_choices":[],"is_beta":false,"boss_relics":[{"not_picked":["SlaversCollar","Calling Bell"],"picked":"Busted Crown"}],"items_purged_floors":[],"is_endless":false,"potions_floor_spawned":[6,7,10,18,21,23],"killed_by":"Hallownest:2_Husk_Sentries","ascension_level":2}}