{"host":"g200jza2br9hmesm","time":1610328532,"event":{"mods":["AchievementEnabler","BaseMod","Colored Map","Downfall","Minty Spire (QoL Compilation)","Quick Restart","Relic Stats","StSLib"],"gold_per_floor":[114,114,189,189,205,205,205,205,229,244,257,28,47,62,62,62,62],"floor_reached":16,"playtime":552,"items_purged":["Regret"],"score":138,"play_id":"cfbff463-1f61-4c4c-88e3-cc4416abdf76","local_time":"20210110202852","is_ascension_mode":true,"campfire_choices":[{"data":"Combust","floor":6,"key":"SMITH"},{"floor":8,"key":"REST"},{"floor":15,"key":"REST"}],"circlet_count":0,"master_deck":["AscendersBane","Strike_R","Strike_R","Strike_R","Strike_R","Strike_R","Defend_R","Defend_R","Defend_R","Defend_R","Bash","Combust+1","Pommel Strike+1","Disarm","Perfected Strike","Inflame"],"relics":["Burning Blood","Ginger","Bag of Preparation","Smiling Mask","Membership Card"],"acts_visited":["Exordium"],"potions_floor_usage":[11,16,16],"damage_taken":[{"damage":7,"enemies":"2 Louse","floor":1,"turns":2},{"damage":11,"enemies":"Small Slimes","floor":5,"turns":4},{"damage":11,"enemies":"Jaw Worm","floor":10,"turns":4},{"damage":11,"enemies":"Lots of Slimes","floor":11,"turns":3},{"damage":17,"enemies":"2 Fungi Beasts","floor":13,"turns":3},{"damage":31,"enemies":"Exordium Thugs","floor":14,"turns":4},{"damage":45,"enemies":"The Guardian","floor":16,"turns":7}],"seed_played":"3885451574946454314","potions_obtained":[{"floor":10,"key":"Block Potion"},{"floor":11,"key":"EssenceOfSteel"},{"floor":14,"key":"DuplicationPotion"}],"is_trial":false,"path_per_floor":["M","?","?","?","M","R","?","R","T","M","M","$","M","M","R","B"],"character_chosen":"IRONCLAD","items_purchased":["Membership Card","Inflame"],"campfire_rested":2,"item_purchase_floors":[12,12],"current_hp_per_floor":[71,59,48,48,43,43,43,67,67,62,57,57,46,21,45,0,0],"gold":62,"neow_bonus":"THREE_CARDS","is_daily":false,"chose_seed":false,"campfire_upgraded":1,"win_rate":0.0,"timestamp":1610328532,"path_taken":["M","?","?","?","M","R","?","R","T","M","?","?","M","M","R","BOSS"],"items_purchased_type":["Relic","Card"],"build_version":"2020-12-22","purchased_purges":1,"victory":false,"max_hp_per_floor":[80,80,80,80,80,80,80,80,80,80,80,80,80,80,80,80,80],"relic_stats":{"counters":[7,27],"Bag of Preparation":[12],"Ginger":[3],"Smiling Mask":-12,"obtain_stats":[{"Bag of Preparation":4,"Ginger":2,"Membership Card":12,"Smiling Mask":9,"Burning Blood":0},{"Bag of Preparation":1,"Ginger":1,"Membership Card":4,"Smiling Mask":2,"Burning Blood":0},{"Bag of Preparation":2,"Ginger":2,"Membership Card":13,"Smiling Mask":6,"Burning Blood":0}],"Burning Blood":36},"card_choices":[{"not_picked":["Inflame","Armaments"],"picked":"Combust","floor":0},{"not_picked":["Headbutt","Power Through"],"picked":"Pommel Strike","floor":1},{"not_picked":["Armaments","Twin Strike","Body Slam"],"picked":"SKIP","floor":5},{"not_picked":["Body Slam","Demon Form"],"picked":"Disarm","floor":10},{"not_picked":["Clash","Flex"],"picked":"Perfected Strike","floor":11},{"not_picked":["Clash","Flex","Armaments"],"picked":"SKIP","floor":13},{"not_picked":["True Grit","Armaments","Pommel Strike"],"picked":"SKIP","floor":14}],"player_experience":511097,"relics_obtained":[{"floor":9,"key":"Smiling Mask"}],"event_choices":[{"damage_healed":0,"gold_gain":0,"player_choice":"Success","damage_taken":12,"relics_obtained":["Ginger"],"max_hp_gain":0,"max_hp_loss":0,"event_name":"Scrap Ooze","floor":2,"gold_loss":0},{"damage_healed":0,"gold_gain":75,"player_choice":"Gather Gold","damage_taken":11,"max_hp_gain":0,"max_hp_loss":0,"event_name":"World of Goop","floor":3,"gold_loss":0},{"damage_healed":0,"gold_gain":0,"player_choice":"Box","damage_taken":0,"relics_obtained":["Bag of Preparation"],"max_hp_gain":0,"max_hp_loss":0,"event_name":"Big Fish","floor":4,"gold_loss":0,"cards_obtained":["Regret"]},{"damage_healed":0,"gold_gain":0,"player_choice":"Grow","damage_taken":0,"max_hp_gain":0,"max_hp_loss":0,"event_name":"Living Wall","floor":7,"gold_loss":0,"cards_upgraded":["Pommel Strike"]}],"is_beta":false,"boss_relics":[],"items_purged_floors":[12],"is_endless":false,"potions_floor_spawned":[10,11,14],"killed_by":"The Guardian","ascension_level":10}}