{"host":"6749gst1gzuv21qf","time":1610329164,"event":{"mods":["Aspiration","BaseMod","Better Altar","Better Match","Better Note","Better Sensory Stone","Better Skull","Better Third Choice","BetterRewards","Colored Map","Colored Powertips","Downfall","Highlight Path","Minty Spire (QoL Compilation)","Permanent Neow","Replay The Spire","Shop Mod","Spicy Shops","StSLib","The Cursed"],"gold_per_floor":[99,112,127,37,57,57,57,232,247,60,60,60,85,96,116,116,116,116],"floor_reached":16,"playtime":1585,"items_purged":["Shame","Doubt"],"score":102,"play_id":"7b6e01d3-66f3-4101-b56c-c8ec465c9d02","local_time":"20210110203924","is_ascension_mode":false,"campfire_choices":[{"floor":6,"key":"RECALL"},{"data":"champ:StrikeOfGenius","floor":11,"key":"SMITH"}],"circlet_count":0,"master_deck":["champ:Strike","champ:Strike","champ:Strike","champ:Defend","champ:Defend","champ:Defend","champ:Defend+1","champ:Execute","champ:Taunt+1","champ:DancingMaster","champ:GutPunch","champ:SkillfulDodge","champ:RisingSlash","champ:DeathBlow","champ:FlashCut","champ:FaceSlap","champ:StrikeOfGenius+1","champ:PreciseThrust","champ:HeartStrike","champ:Shatter"],"relics":["champ:ChampionCrown","TungstenRod","War Paint","Blue Doll"],"acts_visited":["Exordium"],"potions_floor_usage":[16,16],"damage_taken":[{"damage":6,"enemies":"2 Louse","floor":2,"turns":3},{"damage":20,"enemies":"Jaw Worm","floor":3,"turns":4},{"damage":11,"enemies":"downfall:FleeingMerchant","floor":4,"turns":4},{"damage":21,"enemies":"Small Slimes","floor":5,"turns":4},{"damage":11,"enemies":"2 Fungi Beasts","floor":9,"turns":3},{"damage":21,"enemies":"downfall:FleeingMerchant","floor":10,"turns":4},{"damage":18,"enemies":"Lagavulin","floor":13,"turns":7},{"damage":2,"enemies":"Lots of Slimes","floor":14,"turns":5},{"damage":11,"enemies":"Red Slaver","floor":15,"turns":2},{"damage":59,"enemies":"downfall:Ironclad","floor":16,"turns":6}],"seed_played":"-1449385446909150117","potions_obtained":[{"floor":2,"key":"Strength Potion"},{"floor":5,"key":"ColorlessPotion"},{"floor":9,"key":"DuplicationPotion"}],"is_trial":false,"path_per_floor":["R_BF","M","M","$","M","R","T","?","M","$","R","T","E","M","M","B"],"character_chosen":"THE_CHAMP","items_purchased":["War Paint"],"campfire_rested":0,"item_purchase_floors":[10],"current_hp_per_floor":[90,89,82,82,77,77,77,77,74,71,71,71,61,59,54,0,0,0],"gold":116,"neow_bonus":"THREE_RARE_CARDS","is_daily":false,"chose_seed":false,"campfire_upgraded":1,"win_rate":0.0,"timestamp":1610329164,"path_taken":["R_BF","M","M","$","M","R","T","?","M","$","R","?","E","M","M","BOSS"],"items_purchased_type":["Relic"],"build_version":"2020-12-22","purchased_purges":2,"victory":false,"max_hp_per_floor":[90,90,90,90,90,90,90,90,90,90,90,90,90,90,90,90,90,90],"card_choices":[{"not_picked":["champ:ShieldThrow","champ:SteelEdge"],"picked":"champ:DancingMaster","floor":0},{"not_picked":["champ:Backstep","champ:FlashCut"],"picked":"champ:SkillfulDodge","floor":2},{"not_picked":["champ:GladiatorsShout","champ:FocusedDefense"],"picked":"champ:RisingSlash","floor":3},{"not_picked":["champ:ShieldWall","champ:Circumvent"],"picked":"champ:DeathBlow","floor":4},{"not_picked":["champ:RecklessLeap","champ:GutPunch"],"picked":"champ:FlashCut","floor":5},{"not_picked":["champ:DefensiveShout","champ:FocusedDefense"],"picked":"champ:FaceSlap","floor":9},{"not_picked":["champ:EnGarde","champ:BringItOn"],"picked":"champ:StrikeOfGenius","floor":10},{"not_picked":["champ:BerserkersShout","champ:BerserkerStyle"],"picked":"champ:PreciseThrust","floor":13},{"not_picked":["champ:FanOfKnives","champ:BladeFlurry"],"picked":"champ:HeartStrike","floor":14},{"not_picked":["champ:PerfectedStrike","champ:Aggression"],"picked":"champ:Shatter","floor":15}],"player_experience":654507,"relics_obtained":[{"floor":7,"key":"TungstenRod"},{"floor":13,"key":"Blue Doll"}],"event_choices":[],"is_beta":false,"boss_relics":[],"items_purged_floors":[4,10],"is_endless":false,"potions_floor_spawned":[2,5,9,15],"killed_by":"downfall:Ironclad","ascension_level":0}}