{"host":"p08oqmr389b4tgxi","time":1610379077,"event":{"mods":["Act Like it!","BaseMod","CapriCore","Colored Powertips","Gensokyo","Hallownest","Luminous","Minty Spire (QoL Compilation)","Quick Restart","Relic Stats","StSLib","The Immortal","UnlockEverythingMod","Yakumo Yukari mod","¡¾ÒÅÎï¿¨ÅÆ¡¿REMEMod"],"gold_per_floor":[133,58,23,56,59,89,103,103,150,77,109,109,49,65,65,165,165,175,191,664,677,692,692,734,734,734,734,751,751,786,786,786,887,887,897,914,931,947,947,947,981,981,981,1012,1022,1022,68,83,83,83,83,83,8,35,35],"floor_reached":56,"playtime":2008,"items_purged":["AT_purpleEX","AT_purpleEX"],"score":1629,"play_id":"5c262b8e-65c5-457d-871e-0497a19b4608","local_time":"20210111233117","is_ascension_mode":true,"campfire_choices":[{"data":"Know_ledgeAbilityRealm_purple","floor":8.0,"key":"SMITH"},{"data":"MonsterNeedle_purple","floor":12.0,"key":"SMITH"},{"data":"CommonSense_AntiCommonSense_purple","floor":15.0,"key":"SMITH"},{"data":"Mirror_TwoAndThreeElementRealm_purple","floor":23,"key":"SMITH"},{"data":"Umbrella_purple","floor":25,"key":"SMITH"},{"data":"Mirror_FourBoundary_purple","floor":27,"key":"SMITH"},{"data":"Observe_purple_2","floor":29,"key":"SMITH"},{"data":"Bait_HighSpeedFlying_purple","floor":32,"key":"SMITH"},{"data":"Know_ledgeAbilityRealm_purple","floor":40,"key":"SMITH"},{"data":"OpenedBox_purple","floor":42,"key":"SMITH"},{"floor":46,"key":"RECALL"},{"data":"ButterflyHabitatTemple_purple","floor":49,"key":"SMITH"},{"data":"Defend_purpleEX","floor":52,"key":"SMITH"}],"circlet_count":0,"master_deck":["AT_purpleEX","Defend_purpleEX","Defend_purpleEX","Defend_purpleEX+1","Observe_purple_1","Observe_purple_2+1","Know_ledgeAbilityRealm_purple+1","Umbrella_purple+1","OpenedBox_purple+1","CommonSense_AntiCommonSense_purple+1","MonsterNeedle_purple+1","Mirror_FourBoundary_purple+1","Mirror_TwoAndThreeElementRealm_purple+1","ButterflyHabitatTemple_purple+1","Bait_HighSpeedFlying_purple+1","Know_ledgeAbilityRealm_purple+1"],"relics":["Memoryfragments_purpleEX","Empty Cage","Hallownest:BankAccountRelic","Antimatter_spacedebris","Ancient Tea Set","Potion Belt","StrikeDummy","Coffee Dripper","The Courier","Centennial Puzzle","Sozu","REME_LimitBreaker","Question Card","Bottled Flame","Frozen Eye","Strawberry","Pantograph","Bottled Lightning","Happy Flower","Lee\u0027s Waffle","Mummified Hand"],"acts_visited":["Exordium","Hallownest:Greenpath","Hallownest:CityofTears","TheEnding"],"potions_floor_usage":[28,55],"damage_taken":[{"damage":1.0,"enemies":"Hallownest:2_Baldur","floor":1.0,"turns":6.0},{"damage":37.0,"enemies":"Hallownest:eliteVengeflyKing","floor":4.0,"turns":7.0},{"damage":22.0,"enemies":"Hallownest:eliteCrystalGuardian","floor":6.0,"turns":4.0},{"damage":2.0,"enemies":"Hallownest:2_MossCreeps","floor":7.0,"turns":4.0},{"damage":11.0,"enemies":"Hallownest:eliteVengeflyKing","floor":11.0,"turns":3.0},{"damage":0.0,"enemies":"Hallownest:monsterHuskGuard","floor":14.0,"turns":2.0},{"damage":9.0,"enemies":"Hallownest:BossHornet","floor":16.0,"turns":4.0},{"damage":0.0,"enemies":"Hallownest:3_Youths","floor":18.0,"turns":5.0},{"damage":7.0,"enemies":"Hallownest:2_Mistakes","floor":19.0,"turns":5.0},{"damage":0,"enemies":"Hallownest:Master_and_Novice","floor":21,"turns":3},{"damage":5,"enemies":"Hallownest:Warrior_and_Youth","floor":22,"turns":3},{"damage":5,"enemies":"Hallownest:Glutton_and_Coward","floor":24,"turns":3},{"damage":0,"enemies":"Hallownest:monsterMisterMushroom","floor":28,"turns":2},{"damage":23,"enemies":"Hallownest:eliteSoulWarrior","floor":30,"turns":4},{"damage":0,"enemies":"Hallownest:BossSoulMaster","floor":33,"turns":4},{"damage":0,"enemies":"Hallownest:3_Siblings","floor":35,"turns":3},{"damage":13,"enemies":"Hallownest:2_Littles","floor":36,"turns":2},{"damage":0,"enemies":"Hallownest:Shield_Sturdy","floor":37,"turns":3},{"damage":2,"enemies":"Hallownest:2_Wing_and_1_Kings","floor":38,"turns":3},{"damage":0,"enemies":"Hallownest:StalkingDevout","floor":41,"turns":3},{"damage":18,"enemies":"Hallownest:eliteHiveKnight","floor":44,"turns":3},{"damage":6,"enemies":"Hallownest:Xero_Hu_Marmu","floor":45,"turns":2},{"damage":0,"enemies":"Hallownest:2_Great","floor":48,"turns":3},{"damage":18,"enemies":"Hallownest:BossHollowKnight","floor":50,"turns":3},{"damage":24,"enemies":"Shield and Spear","floor":54,"turns":3},{"damage":68,"enemies":"The Heart","floor":55,"turns":6}],"seed_played":"-5852854471303954038","potions_obtained":[{"floor":1.0,"key":"LiquidMemories"},{"floor":14.0,"key":"AttackPotion"},{"floor":16.0,"key":"ColorlessPotion"},{"floor":18.0,"key":"REME_GoldPotion"},{"floor":19.0,"key":"FearPotion"}],"is_trial":false,"path_per_floor":["M","?","?","?","$","E","M","R","T","$","E","R","$","M","R","B",null,"M","M","?","M","M","R","M","R","T","R","M","R","E","?","R","B",null,"M","M","M","M","?","R","E","R","T","E","M","R","$","M","R","B",null,"R","$","E","B",null],"character_chosen":"Youkari","items_purchased":["OpenedBox_purple","MonsterNeedle_purple","Bottled Flame","Frozen Eye","Strawberry","Pantograph","Bottled Lightning","Happy Flower","Lee\u0027s Waffle"],"campfire_rested":0,"item_purchase_floors":[5,10,47,47,47,47,47,47,53],"current_hp_per_floor":[70,70,75,41,41,21,24,24,24,24,18,18,18,22,22,18,61,66,75,75,75,75,75,75,75,75,75,78,78,60,60,60,65,75,78,78,78,78,78,78,78,78,78,63,70,70,77,82,82,72,82,82,92,92,29],"gold":35,"neow_bonus":"BOSS_RELIC","is_daily":false,"chose_seed":false,"campfire_upgraded":12,"win_rate":0.0,"timestamp":1610379077,"path_taken":["M","?","?","?","?","E","M","R","T","?","E","R","$","?","R","BOSS","M","M","?","M","M","R","M","R","T","R","M","R","E","?","R","BOSS","M","M","M","M","?","R","E","R","T","E","M","R","$","M","R","BOSS","R","$","E","BOSS"],"items_purchased_type":["Card","Card","Relic","Relic","Relic","Relic","Relic","Relic","Relic"],"build_version":"2020-12-22","purchased_purges":2,"victory":true,"max_hp_per_floor":[70,70,75,75,75,75,75,75,75,75,75,75,75,75,75,75,75,75,75,75,75,75,75,75,75,75,75,78,78,78,78,78,78,78,78,78,78,78,78,78,78,78,78,78,78,78,85,85,85,85,85,85,92,92,92],"relic_stats":{"Sozu":3,"Centennial Puzzle":[21],"Lee\u0027s Waffle":10,"Happy Flower":[5],"counters":[26,93],"Mummified Hand":[2],"Pantograph":3,"Question Card":3,"obtain_stats":[{"Potion Belt":9,"Lee\u0027s Waffle":53,"Antimatter_spacedebris":4,"Happy Flower":47,"The Courier":26,"Boundary_crack":0,"REME_LimitBreaker":41,"Empty Cage":0,"Ancient Tea Set":6,"Question Card":44,"Sozu":34,"Frozen Eye":47,"Centennial Puzzle":30,"Bottled Flame":47,"Hallownest:BankAccountRelic":2,"Mummified Hand":54,"Strawberry":47,"Pantograph":47,"Coffee Dripper":17,"Bottled Lightning":47,"StrikeDummy":11,"Memoryfragments_purpleEX":0,"REME_ComplimentaryCards":0},{"Potion Belt":4,"Lee\u0027s Waffle":24,"Antimatter_spacedebris":2,"Happy Flower":22,"The Courier":12,"Boundary_crack":0,"REME_LimitBreaker":20,"Empty Cage":0,"Ancient Tea Set":3,"Question Card":21,"Sozu":15,"Frozen Eye":22,"Centennial Puzzle":14,"Bottled Flame":22,"Hallownest:BankAccountRelic":1,"Mummified Hand":25,"Strawberry":22,"Pantograph":22,"Coffee Dripper":7,"Bottled Lightning":22,"StrikeDummy":5,"Memoryfragments_purpleEX":0,"REME_ComplimentaryCards":0},{"Potion Belt":21,"Lee\u0027s Waffle":84,"Antimatter_spacedebris":13,"Happy Flower":78,"The Courier":49,"Boundary_crack":0,"REME_LimitBreaker":73,"Empty Cage":0,"Ancient Tea Set":17,"Question Card":76,"Sozu":59,"Frozen Eye":78,"Centennial Puzzle":55,"Bottled Flame":78,"Hallownest:BankAccountRelic":6,"Mummified Hand":87,"Strawberry":78,"Pantograph":78,"Coffee Dripper":30,"Bottled Lightning":78,"StrikeDummy":24,"Memoryfragments_purpleEX":0,"REME_ComplimentaryCards":0}]},"card_choices":[{"not_picked":["Mirror_FourBoundary_purple","Line_surface_state_purple"],"picked":"Umbrella_purple","floor":1.0},{"not_picked":["Charmbait_purple","RuleDissolution_purple","SharpContractionReality_purple"],"picked":"SKIP","floor":4.0},{"not_picked":["ExistenceContinue_purple","Anti_communist_purple"],"picked":"CommonSense_AntiCommonSense_purple","floor":6.0},{"not_picked":["RuleDissolution_purple","StateErode_purple","MagicEyes_LaplaceDemon_purple"],"picked":"SKIP","floor":7.0},{"not_picked":["WingOfChimera_purple","Boundary_of_Extermination_purpleEX"],"picked":"Mirror_FourBoundary_purple","floor":11.0},{"not_picked":["Realm_recovery_purpleEX","Boundary_LightAndDark_purple","SfantasyHide_purple"],"picked":"SKIP","floor":14.0},{"not_picked":["Boundary_LifeAndDeath_purple","ContainerChange_purple"],"picked":"Mirror_TwoAndThreeElementRealm_purple","floor":16.0},{"not_picked":["AdvanceAttack_purple","OmniscientAndOmnipotent_Monster_purple","SfantasyHide_purple"],"picked":"SKIP","floor":18.0},{"not_picked":["RealityDreamConfluencek_purple","AdvanceAttack_purple","Extrememeaning_purpleEX"],"picked":"SKIP","floor":19.0},{"not_picked":["StateErode_purple","MeetDecomposer_purple","Line_surface_state_purple"],"picked":"SKIP","floor":21},{"not_picked":["StateErode_purple","DarkRealmRedLine_purple","MonsterNeedle_purple"],"picked":"SKIP","floor":22},{"not_picked":["Line_surface_state_purple","DarkRealmRedLine_purple","Worldmountain_purple"],"picked":"SKIP","floor":24},{"not_picked":["Line_surface_state_purple","DarkRealmRedLine_purple","Worldmountain_purple"],"picked":"SKIP","floor":24},{"not_picked":["Umbrella_purple","DarkRealmRedLine_purple","StateDuplicate_purple"],"picked":"SKIP","floor":28},{"not_picked":["Nest_LightFlightworm_purple","CommonSense_AntiCommonSense_purple+1"],"picked":"ButterflyHabitatTemple_purple","floor":30},{"not_picked":["GluttonyofRealm_purpleEX","Line_surface_state_purple"],"picked":"Bait_HighSpeedFlying_purple","floor":31},{"not_picked":["UniverseChoice_purple","Price_of_realm_purpleEX"],"picked":"Know_ledgeAbilityRealm_purple","floor":33},{"not_picked":["StateErode_purple","RuptureOfTimeAndSpace_purple+1","SfantasyHide_purple"],"picked":"SKIP","floor":35},{"not_picked":["StateErode_purple+1","Bait_Toxicbait_purple","ExternalForce_HighSpeedFlying_purple"],"picked":"SKIP","floor":36},{"not_picked":["DimensionStaggered_purple","MetroBOOM_purple","PositiveMatter_Antimatter_Universe_purple"],"picked":"SKIP","floor":37},{"not_picked":["ExistenceContinue_purple+1","OmniscientAndOmnipotent_Monster_purple","Yakumo_Ran_purple"],"picked":"SKIP","floor":38},{"not_picked":["Boundary_DreamRealityDamnation_purple","StateErode_purple+1","ExistenceContinue_purple+1"],"picked":"SKIP","floor":41},{"not_picked":["Realm_recovery_purpleEX","Worldmountain_purple","Theboundaryofcreation_purpleEX"],"picked":"SKIP","floor":44},{"not_picked":["ButterflyHabitatTemple_purple+1","AdvanceAttack_purple+1","Umbrella_purple","ExistenceContinue_purple+1"],"picked":"SKIP","floor":45},{"not_picked":["AdvanceAttack_purple+1","SfantasyHide_purple","Charmbait_purple+1","ExistenceContinue_purple"],"picked":"SKIP","floor":48},{"not_picked":["Line_surface_state_purple+1","Fantasy_PerpetualMotionMachine_purple","Mirror_FormAndEmptin_purple","Realm_recovery_purpleEX+1"],"picked":"SKIP","floor":54}],"player_experience":43166,"relics_obtained":[{"floor":4.0,"key":"Antimatter_spacedebris"},{"floor":6.0,"key":"Ancient Tea Set"},{"floor":9.0,"key":"Potion Belt"},{"floor":11.0,"key":"StrikeDummy"},{"floor":26,"key":"The Courier"},{"floor":30,"key":"Centennial Puzzle"},{"floor":41,"key":"REME_LimitBreaker"},{"floor":44,"key":"Question Card"},{"floor":54,"key":"Mummified Hand"}],"event_choices":[],"is_beta":false,"boss_relics":[{"not_picked":["Runic Pyramid","Pandora\u0027s Box"],"picked":"Coffee Dripper"},{"not_picked":["REME_LowDesire","Calling Bell"],"picked":"Sozu"}],"items_purged_floors":[10,13],"is_endless":false,"potions_floor_spawned":[1,14,16,18,19,21,35,37,44,54],"ascension_level":5}}