{"host":"gg","time":1610346403,"event":{"mods":["BaseMod","Colored Map","Googly Eyes","Minty Spire (QoL Compilation)","Permanent Neow","Relic Stats","The IronCluck"],"gold_per_floor":[113,113,129,129,139,169,169,196,196,223,223,256,230,247,247,320,320,332,344,364,395,395,395,421,255,255,286,123,173,184,218,218,291,291,291],"floor_reached":34,"playtime":3290,"items_purged":[],"score":922,"play_id":"664aa8bd-b382-4bf7-984c-466058fd5c04","local_time":"20210110222643","daily_mods":["Draft"],"is_ascension_mode":true,"campfire_choices":[{"data":"Beam Cell","floor":7.0,"key":"SMITH"},{"data":"Creative AI","floor":11.0,"key":"SMITH"},{"data":"Sweeping Beam","floor":15.0,"key":"SMITH"},{"data":"Seek","floor":23,"key":"SMITH"},{"data":"Seek","floor":32,"key":"SMITH"}],"circlet_count":0,"master_deck":["AscendersBane","Ball Lightning","Cold Snap","Lockon+1","Hologram","Conserve Battery","Beam Cell+1","Genetic Algorithm","Genetic Algorithm","Cold Snap","Self Repair","Redo","Genetic Algorithm","Coolheaded","Ball Lightning","BootSequence","Leap","Glacier","Seek+1","Rip and Tear","Creative AI+1","Ball Lightning","Sweeping Beam+1","Compile Driver+1","Seek+1","Chill","Sweeping Beam+1","Echo Form","Barrage+1","Core Surge","Electrodynamics"],"relics":["Cracked Core","MealTicket","Darkstone Periapt","PreservedInsect","Happy Flower","Question Card","Pen Nib","Inserter","Red Mask","Prayer Wheel","Toolbox","Bronze Scales","Oddly Smooth Stone","Whetstone","Letter Opener"],"acts_visited":["Exordium","TheCity"],"potions_floor_usage":[20],"damage_taken":[{"damage":0.0,"enemies":"Jaw Worm","floor":1.0,"turns":4.0},{"damage":0.0,"enemies":"2 Louse","floor":3.0,"turns":3.0},{"damage":1.0,"enemies":"Small Slimes","floor":5.0,"turns":4.0},{"damage":6.0,"enemies":"3 Sentries","floor":6.0,"turns":9.0},{"damage":0.0,"enemies":"Lagavulin","floor":8.0,"turns":7.0},{"damage":3.0,"enemies":"3 Sentries","floor":10.0,"turns":6.0},{"damage":28.0,"enemies":"Gremlin Nob","floor":12.0,"turns":4.0},{"damage":0.0,"enemies":"3 Louse","floor":14.0,"turns":3.0},{"damage":22.0,"enemies":"Slime Boss","floor":16.0,"turns":9.0},{"damage":0,"enemies":"Spheric Guardian","floor":18,"turns":5},{"damage":0,"enemies":"2 Thieves","floor":19,"turns":4},{"damage":2,"enemies":"3 Cultists","floor":20,"turns":5},{"damage":15,"enemies":"Masked Bandits","floor":21,"turns":3},{"damage":16,"enemies":"Slavers","floor":24,"turns":4},{"damage":16,"enemies":"Gremlin Leader","floor":27,"turns":8},{"damage":5,"enemies":"Snake Plant","floor":30,"turns":3},{"damage":1,"enemies":"Book of Stabbing","floor":31,"turns":5},{"damage":10,"enemies":"Champ","floor":33,"turns":12}],"seed_played":"5109410300210095606","potions_obtained":[{"floor":1.0,"key":"GamblersBrew"},{"floor":6.0,"key":"Regen Potion"},{"floor":12.0,"key":"PotionOfCapacity"},{"floor":16.0,"key":"Strength Potion"},{"floor":20,"key":"Dexterity Potion"},{"floor":27,"key":"ColorlessPotion"}],"is_trial":true,"path_per_floor":["M","?","M","?","M","E","R","E","T","E","R","E","$","M","R","B",null,"M","M","M","?","?","R","E","$","T","E","$","?","M","E","R","B",null],"character_chosen":"DEFECT","items_purchased":["Sweeping Beam","Toolbox","Whetstone"],"campfire_rested":0,"item_purchase_floors":[13,25,28],"current_hp_per_floor":[71,60,67,67,71,71,71,71,71,71,71,50,65,71,71,56,67,71,71,71,56,56,56,47,62,62,53,68,68,63,69,69,66,66,66],"gold":291,"neow_bonus":"","is_daily":false,"chose_seed":false,"campfire_upgraded":5,"win_rate":0.0,"timestamp":1610346403,"path_taken":["M","?","M","?","M","E","R","E","T","E","R","E","?","M","R","BOSS","M","M","M","?","?","R","E","?","T","E","$","?","M","E","R","BOSS"],"items_purchased_type":["Card","Relic","Relic"],"build_version":"2020-12-18","purchased_purges":0,"victory":false,"max_hp_per_floor":[71,71,71,71,71,71,71,71,71,71,71,71,71,71,71,71,71,71,71,71,71,71,71,71,71,71,71,71,71,71,71,71,71,71,71],"relic_stats":{"Darkstone Periapt":0,"Inserter":[24],"Happy Flower":[23],"counters":[18,98],"PreservedInsect":186,"Pen Nib":[9],"Whetstone":["Compile Driver","Lockon"],"Letter Opener":[0],"Question Card":13,"Bronze Scales":[100],"MealTicket":45,"Prayer Wheel":1,"obtain_stats":[{"Darkstone Periapt":6,"Inserter":17,"Happy Flower":9,"Oddly Smooth Stone":27,"PreservedInsect":8,"Pen Nib":12,"Whetstone":28,"Letter Opener":31,"Question Card":10,"Bronze Scales":26,"Toolbox":25,"MealTicket":2,"Prayer Wheel":24,"Red Mask":21,"Cracked Core":0},{"Darkstone Periapt":4,"Inserter":9,"Happy Flower":5,"Oddly Smooth Stone":15,"PreservedInsect":5,"Pen Nib":7,"Whetstone":15,"Letter Opener":17,"Question Card":6,"Bronze Scales":14,"Toolbox":14,"MealTicket":1,"Prayer Wheel":14,"Red Mask":13,"Cracked Core":0},{"Darkstone Periapt":20,"Inserter":49,"Happy Flower":27,"Oddly Smooth Stone":78,"PreservedInsect":27,"Pen Nib":37,"Whetstone":78,"Letter Opener":86,"Question Card":33,"Bronze Scales":70,"Toolbox":70,"MealTicket":4,"Prayer Wheel":70,"Red Mask":66,"Cracked Core":0}]},"card_choices":[{"not_picked":["Chill","Conserve Battery"],"picked":"Ball Lightning","floor":0.0},{"not_picked":["Go for the Eyes","Redo"],"picked":"Cold Snap","floor":0.0},{"not_picked":["Streamline","Turbo"],"picked":"Lockon","floor":0.0},{"not_picked":["Barrage","Force Field"],"picked":"Hologram","floor":0.0},{"not_picked":["Undo","Streamline"],"picked":"Conserve Battery","floor":0.0},{"not_picked":["Hologram","Go for the Eyes"],"picked":"Beam Cell","floor":0.0},{"not_picked":["Barrage","Go for the Eyes"],"picked":"Genetic Algorithm","floor":0.0},{"not_picked":["Barrage","Darkness"],"picked":"Genetic Algorithm","floor":0.0},{"not_picked":["Streamline","Steam"],"picked":"Cold Snap","floor":0.0},{"not_picked":["Turbo","Coolheaded"],"picked":"Self Repair","floor":0.0},{"not_picked":["Darkness","Gash"],"picked":"Redo","floor":0.0},{"not_picked":["Go for the Eyes","Ball Lightning"],"picked":"Genetic Algorithm","floor":0.0},{"not_picked":["Barrage","Capacitor"],"picked":"Coolheaded","floor":0.0},{"not_picked":["Rip and Tear","Recycle"],"picked":"Ball Lightning","floor":0.0},{"not_picked":["Aggregate","Ball Lightning"],"picked":"BootSequence","floor":0.0},{"not_picked":["FTL","Steam"],"picked":"Leap","floor":1.0},{"not_picked":["Storm","Barrage"],"picked":"Glacier","floor":3.0},{"not_picked":["Hello World","Coolheaded","Conserve Battery"],"picked":"SKIP","floor":5.0},{"not_picked":["Streamline","Chaos"],"picked":"Seek","floor":6.0},{"not_picked":["Steam","Turbo"],"picked":"Rip and Tear","floor":8.0},{"not_picked":["Ball Lightning","Conserve Battery"],"picked":"Creative AI","floor":10.0},{"not_picked":["Genetic Algorithm","Redo","Aggregate"],"picked":"Ball Lightning","floor":12.0},{"not_picked":["Coolheaded","Steam","Fusion"],"picked":"Compile Driver","floor":14.0},{"not_picked":["Rainbow","All For One","Multi-Cast"],"picked":"Seek","floor":16.0},{"not_picked":["Barrage","Leap","Hologram"],"picked":"Chill","floor":18},{"not_picked":["Hologram","Streamline","Ball Lightning","Stack"],"picked":"SKIP","floor":19},{"not_picked":["White Noise","Recycle","Conserve Battery","Compile Driver"],"picked":"SKIP","floor":20},{"not_picked":["Scrape","Hologram","Tempest+1"],"picked":"Sweeping Beam+1","floor":21},{"not_picked":["Hyperbeam","Sunder","Cold Snap","Gash"],"picked":"SKIP","floor":24},{"not_picked":["Compile Driver","Reprogram","Reinforced Body"],"picked":"Barrage+1","floor":27},{"not_picked":["Streamline","Go for the Eyes","Self Repair","Cold Snap"],"picked":"SKIP","floor":30},{"not_picked":["Gash","Capacitor","Sweeping Beam","Cold Snap"],"picked":"SKIP","floor":30},{"not_picked":["Auto Shields","Consume","Aggregate"],"picked":"Core Surge","floor":31},{"not_picked":["Meteor Strike","Fission","Reboot"],"picked":"Electrodynamics","floor":33}],"player_experience":1163689,"relics_obtained":[{"floor":6.0,"key":"Darkstone Periapt"},{"floor":8.0,"key":"PreservedInsect"},{"floor":9.0,"key":"Happy Flower"},{"floor":10.0,"key":"Question Card"},{"floor":12.0,"key":"Pen Nib"},{"floor":21,"key":"Red Mask"},{"floor":24,"key":"Prayer Wheel"},{"floor":26,"key":"Bronze Scales"},{"floor":27,"key":"Oddly Smooth Stone"},{"floor":31,"key":"Letter Opener"}],"event_choices":[{"damage_healed":0.0,"max_hp_gain":0.0,"max_hp_loss":0.0,"gold_gain":0.0,"event_name":"Scrap Ooze","player_choice":"Success","floor":2.0,"gold_loss":0.0,"damage_taken":11.0,"relics_obtained":["MealTicket"]},{"damage_healed":0.0,"max_hp_gain":0.0,"max_hp_loss":0.0,"gold_gain":0.0,"event_name":"Liars Game","player_choice":"Ignored","floor":4.0,"gold_loss":0.0,"damage_taken":0.0},{"damage_healed":0,"gold_gain":0,"player_choice":"Fought Bandits","damage_taken":0,"max_hp_gain":0,"max_hp_loss":0,"event_name":"Masked Bandits","floor":21,"gold_loss":0},{"damage_healed":0,"gold_gain":0,"player_choice":"Read","damage_taken":0,"max_hp_gain":0,"max_hp_loss":0,"event_name":"The Library","floor":22,"gold_loss":0,"cards_obtained":["Echo Form"]},{"damage_healed":0,"gold_gain":50,"player_choice":"Stole From Cult","damage_taken":0,"max_hp_gain":0,"max_hp_loss":0,"event_name":"Nest","floor":29,"gold_loss":0}],"is_beta":true,"boss_relics":[{"not_picked":["Calling Bell","SlaversCollar"],"picked":"Inserter"}],"items_purged_floors":[],"is_endless":false,"potions_floor_spawned":[1,6,12,16,18,20,21,27,30],"ascension_level":20}}