{"host":"qy1e0kd24tpj3i2m","time":1610403157,"event":{"mods":["Act Like it!","Alarm Clock","BaseMod","Better Skull","Better Vampires","Colored Map","Colored Powertips","Custom Start","Faster Ascension Climbing","Friendly Minions","GifTheSpireLib","Gremlin Skip","Highlight Path","Minty Spire (QoL Compilation)","Permanent Neow","Quick Restart","Red Circlet Mod","Relic Sorter","Reorder Act Four","SacredBarkPlus","Shop Mod","StSLib","SuperFastMode","Transform Curses","没有小屋子和绿帽子啦"],"gold_per_floor":[113,38,113,78,98,125,125,137,137,152,152,187,187,200,200,277,277,289,289,289],"floor_reached":19,"playtime":479,"items_purged":["Bash"],"score":354,"play_id":"0a553bdd-fa23-41e5-83cd-5c5d4b51f610","local_time":"20210112071237","is_ascension_mode":true,"campfire_choices":[{"data":"Apotheosis","floor":7.0,"key":"SMITH"},{"floor":11.0,"key":"RECALL"},{"floor":13.0,"key":"REST"},{"floor":15.0,"key":"REST"}],"circlet_count":0,"master_deck":["AscendersBane","Strike_R","Strike_R","Strike_R","Strike_R","Strike_R","Defend_R","Defend_R","Defend_R","Defend_R","Apotheosis+1","Sword Boomerang","Spot Weakness","Feel No Pain","True Grit","Body Slam","Barricade"],"relics":["Burning Blood","Letter Opener","Bottled Tornado","Philosopher\u0027s Stone"],"acts_visited":["Exordium","TheCity"],"potions_floor_usage":[],"damage_taken":[{"damage":1.0,"enemies":"Cultist","floor":1.0,"turns":3.0},{"damage":8.0,"enemies":"2 Louse","floor":5.0,"turns":4.0},{"damage":40.0,"enemies":"Lagavulin","floor":6.0,"turns":7.0},{"damage":4.0,"enemies":"Jaw Worm","floor":8.0,"turns":4.0},{"damage":11.0,"enemies":"Gremlin Gang","floor":10.0,"turns":3.0},{"damage":28.0,"enemies":"Gremlin Nob","floor":12.0,"turns":4.0},{"damage":3.0,"enemies":"Blue Slaver","floor":14.0,"turns":4.0},{"damage":48.0,"enemies":"Slime Boss","floor":16.0,"turns":12.0},{"damage":11,"enemies":"Chosen","floor":18,"turns":5},{"damage":39,"enemies":"3 Byrds","floor":19,"turns":3}],"seed_played":"4205101427848426410","potions_obtained":[{"floor":5.0,"key":"BloodPotion"},{"floor":6.0,"key":"SkillPotion"},{"floor":8.0,"key":"SkillPotion"},{"floor":10.0,"key":"FearPotion"},{"floor":18,"key":"Ancient Potion"}],"is_trial":false,"path_per_floor":["M","$","?","?","M","E","R","M","T","M","R","E","R","M","R","B",null,"M","M"],"character_chosen":"IRONCLAD","items_purchased":[],"campfire_rested":2,"item_purchase_floors":[],"current_hp_per_floor":[55,55,44,62,60,41,41,43,43,38,38,16,38,41,63,21,62,57,18,18],"gold":289,"neow_bonus":"RANDOM_COLORLESS_2","is_daily":false,"chose_seed":false,"campfire_upgraded":1,"win_rate":0.0,"timestamp":1610403157,"path_taken":["M","$","?","?","?","E","R","M","T","M","R","E","R","M","R","BOSS","M","?"],"items_purchased_type":[],"build_version":"2020-12-22","purchased_purges":1,"victory":false,"max_hp_per_floor":[75,75,75,75,75,75,75,75,75,75,75,75,75,75,75,75,75,75,75,75],"card_choices":[{"not_picked":["Violence","Panache"],"picked":"Apotheosis","floor":0.0},{"not_picked":["Clash","Armaments","Warcry"],"picked":"SKIP","floor":1.0},{"not_picked":["Clash","Shockwave"],"picked":"Sword Boomerang","floor":5.0},{"not_picked":["Wild Strike","Second Wind"],"picked":"Spot Weakness","floor":6.0},{"not_picked":["Disarm","Heavy Blade"],"picked":"Feel No Pain","floor":8.0},{"not_picked":["Bludgeon","Wild Strike"],"picked":"True Grit","floor":10.0},{"not_picked":["Wild Strike","Clash","Iron Wave"],"picked":"SKIP","floor":12.0},{"not_picked":["Havoc","Perfected Strike"],"picked":"Body Slam","floor":14.0},{"not_picked":["Feed","Limit Break"],"picked":"Barricade","floor":16.0},{"not_picked":["Warcry","Perfected Strike","Spot Weakness"],"picked":"SKIP","floor":18}],"player_experience":899973,"relics_obtained":[{"floor":6.0,"key":"Letter Opener"},{"floor":12.0,"key":"Bottled Tornado"}],"event_choices":[{"damage_healed":0.0,"max_hp_gain":0.0,"max_hp_loss":0.0,"gold_gain":75.0,"event_name":"World of Goop","player_choice":"Gather Gold","floor":3.0,"gold_loss":0.0,"damage_taken":11.0},{"damage_healed":18.0,"max_hp_gain":0.0,"max_hp_loss":0.0,"gold_gain":0.0,"event_name":"The Cleric","player_choice":"Healed","floor":4.0,"gold_loss":35.0,"damage_taken":0.0}],"is_beta":false,"boss_relics":[{"not_picked":["Runic Dome","Calling Bell"],"picked":"Philosopher\u0027s Stone"}],"items_purged_floors":[2],"is_endless":false,"potions_floor_spawned":[5,6,8,10,18],"killed_by":"3 Byrds","ascension_level":20}}