{"host":"y087t2reloz9bi43","time":1610368804,"event":{"mods":["2.2 Compatiblity","AchievementEnabler","Aspiration","BaseMod","Beaked The Cultist","Bestiary","Better Note","Better Vampires","BetterRewards","ChefMod","Colored Map","Colored Powertips","Conspire","Downfall","Ekko","Fireblade Mod","Friendly Minions","GifTheSpireLib","Halation","Hermit","Hubris","Infinite Spire","Jedi Mod","JesterMod","Jorbs\u0027s Wanderer Trilogy","Mad Scientist","Marisa????????","Mimic Mod","Minty Spire (QoL Compilation)","Permanent Neow","Rare Cards Sparkle","Relic Stats","Replay The Spire","Robot Space Explorer","Shade Mod","Shop Mod","StSLib","The Blackbeard","The Bug Knight","The Construct","The Cursed","The Hierophant","The Jungle","The Marked","The Mystic","The Necromancer","The Runesmith","The Servant 0.9.4","TheHeartMod","TheHero","TheVacant","Uncapped","everything is the same but u backflip on backflip","vexMod"],"gold_per_floor":[99,110,127,127,127,147,174,192,208,51,81,81,66,80,99,195,195,120,120,131,149,149,149,149,149],"floor_reached":23,"playtime":2264,"items_purged":["hexamod:Strike"],"score":183,"play_id":"685314fb-93ad-4f57-bd82-8882474b3402","local_time":"20210111124004","is_ascension_mode":false,"campfire_choices":[{"floor":1,"key":"RECALL"},{"data":"hexamod:EtherealExpedition","floor":18,"key":"SMITH"}],"circlet_count":0,"master_deck":["hexamod:Strike","hexamod:Strike","hexamod:Defend","hexamod:Defend","hexamod:Defend","hexamod:Defend","hexamod:Sear","hexamod:Float+1","hexamod:EtherealExpedition+1","hexamod:BacktrackSmack","hexamod:FastForward","hexamod:FastForward","hexamod:FastForward","hexamod:CatchUp","hexamod:SpectralSpark","hexamod:GhostOfSpireFuture","hexamod:UnlimitedPower","hexamod:SpectralSpark","hexamod:InspiringFlames"],"relics":["hexamod:SpiritBrand","Runesmith:Locket","PreservedInsect","Snack Pack","aspiration:PoetsPen","downfall:HeartBlessingRed"],"acts_visited":["Exordium","TheCity"],"potions_floor_usage":[16,16],"damage_taken":[{"damage":0,"enemies":"Jaw Worm","floor":2,"turns":3},{"damage":3,"enemies":"2 Louse","floor":3,"turns":3},{"damage":0,"enemies":"conspire:RoseBush","floor":6,"turns":3},{"damage":0,"enemies":"Exordium Wildlife","floor":8,"turns":3},{"damage":7,"enemies":"2 Fungi Beasts","floor":9,"turns":3},{"damage":0,"enemies":"downfall:FleeingMerchant","floor":10,"turns":4},{"damage":3,"enemies":"conspire:MimicChest","floor":11,"turns":5},{"damage":9,"enemies":"downfall:FleeingMerchant","floor":13,"turns":4},{"damage":9,"enemies":"3 Louse","floor":14,"turns":5},{"damage":0,"enemies":"Exordium Thugs","floor":15,"turns":4},{"damage":23,"enemies":"downfall:Silent","floor":16,"turns":7},{"damage":39,"enemies":"3 Byrds","floor":20,"turns":5},{"damage":24,"enemies":"Chosen","floor":21,"turns":6},{"damage":15,"enemies":"Sentry and Sphere","floor":23,"turns":2}],"seed_played":"5803759918801754509","potions_obtained":[{"floor":2,"key":"jedi:tentaclejuice"},{"floor":6,"key":"ColorlessPotion"},{"floor":11,"key":"Ancient Potion"},{"floor":16,"key":"Milkshake"},{"floor":20,"key":"Fire Potion"}],"is_trial":false,"path_per_floor":["R","M","M","?","?","M","T","M","M","$","?","?","$","M","M","B",null,"R","?","M","M","?","M"],"character_chosen":"THE_SPIRIT","items_purchased":["hexamod:CatchUp"],"campfire_rested":0,"item_purchase_floors":[10],"current_hp_per_floor":[70,70,67,67,67,67,67,67,60,60,57,57,48,39,39,16,70,70,70,31,9,9,0,0,0],"gold":149,"neow_bonus":"UPGRADE_CARD","is_daily":false,"chose_seed":false,"campfire_upgraded":1,"win_rate":0.0,"timestamp":1610368804,"path_taken":["R","M","M","?","?","M","T","M","M","$","?","?","?","M","M","BOSS","R","?","M","M","?","M"],"items_purchased_type":["Card"],"build_version":"2020-12-22","purchased_purges":1,"victory":false,"max_hp_per_floor":[70,70,70,70,70,70,70,70,70,70,70,70,70,70,70,70,70,70,70,70,70,70,70,70,70],"relic_stats":{"counters":[14,57],"PreservedInsect":100,"obtain_stats":[{"aspiration:PoetsPen":17,"downfall:HeartBlessingRed":18,"Runesmith:Locket":5,"PreservedInsect":7,"Snack Pack":11,"hexamod:SpiritBrand":0},{"aspiration:PoetsPen":11,"downfall:HeartBlessingRed":11,"Runesmith:Locket":2,"PreservedInsect":3,"Snack Pack":7,"hexamod:SpiritBrand":0},{"aspiration:PoetsPen":44,"downfall:HeartBlessingRed":44,"Runesmith:Locket":6,"PreservedInsect":9,"Snack Pack":24,"hexamod:SpiritBrand":0}]},"card_choices":[{"not_picked":["hexamod:InspiringFlames","hexamod:Hexaguard"],"picked":"hexamod:EtherealExpedition","floor":2},{"not_picked":["hexamod:GhostShield","hexamod:BurningTouch"],"picked":"hexamod:BacktrackSmack","floor":3},{"not_picked":["hexamod:Incineration","hexamod:SpectralAdrenaline","hexamod:ShieldOfDarkness"],"picked":"SKIP","floor":6},{"not_picked":["hexamod:FirstSeal","hexamod:InspiringFlames"],"picked":"hexamod:FastForward","floor":8},{"not_picked":["hexamod:FourthSeal","hexamod:Again"],"picked":"hexamod:FastForward","floor":9},{"not_picked":["hexamod:Firestarter","hexamod:PhantomFireball"],"picked":"hexamod:FastForward","floor":10},{"not_picked":["hexamod:FourthSeal","hexamod:GhostShield"],"picked":"hexamod:SpectralSpark","floor":11},{"not_picked":["hexamod:AdvancingGuard","hexamod:ThermalTransfer"],"picked":"hexamod:GhostOfSpireFuture","floor":13},{"not_picked":["hexamod:BacktrackSmack","hexamod:FifthSeal","hexamod:SuperheatedStrike"],"picked":"SKIP","floor":14},{"not_picked":["hexamod:ThermalTransfer","hexamod:GhostShield","hexamod:BurningTouch"],"picked":"SKIP","floor":15},{"not_picked":["hexamod:CrushingStance","hexamod:SearingWound"],"picked":"hexamod:UnlimitedPower","floor":16},{"not_picked":["hexamod:BurningTouch","hexamod:PowerFromBeyond"],"picked":"hexamod:SpectralSpark","floor":20},{"not_picked":["hexamod:GhostLash","hexamod:SoulSteal"],"picked":"hexamod:InspiringFlames","floor":21}],"player_experience":396901,"relics_obtained":[{"floor":5,"key":"Runesmith:Locket"},{"floor":7,"key":"PreservedInsect"},{"floor":11,"key":"Snack Pack"}],"event_choices":[{"damage_healed":0,"gold_gain":0,"player_choice":"Ignored","damage_taken":0,"max_hp_gain":0,"max_hp_loss":0,"event_name":"betterNote:BetterNote","floor":19,"gold_loss":0,"cards_obtained":["hexamod:TimeOfNeed"]},{"cards_removed":["hexamod:Strike"],"damage_healed":0,"gold_gain":0,"player_choice":"Elegance","damage_taken":0,"max_hp_gain":0,"max_hp_loss":0,"event_name":"Back to Basics","floor":22,"gold_loss":0}],"is_beta":false,"boss_relics":[{"not_picked":["SlaversCollar","Runic Dome"],"picked":"aspiration:PoetsPen"}],"items_purged_floors":[10],"is_endless":false,"potions_floor_spawned":[2,6,11,16,20],"killed_by":"Sentry and Sphere","ascension_level":0}}