{"host":"bf9sa99gaumonoeu","time":1610383098,"event":{"mods":["AchievementEnabler","Act Like it!","BaseMod","Better Sensory Stone","Colored Map","Colored Powertips","Fox Events","Friendly Minions","Gensokyo","GifTheSpireLib","Googly Eyes","Hallownest","Hermit","Hubris","Jorbs\u0027s Wanderer Trilogy","KinomotoSakuraMod(????)","Koishi","Lobotomy","Marisa????????","Minty Spire (QoL Compilation)","Rare Cards Sparkle","Reimu??????","Relic Stats","Remilia??????","Replay The Spire","StSLib","The Administrix","The Animator","The Bug Knight","The Construct","The Cursed","The Disciple","The Hierophant","The Mystic","The Necromancer","The Poker Player","The Runesmith","The Senshi","The Servant 0.9.4","TheLocksmith","Yakumo Yukari mod","thorton"],"gold_per_floor":[119,19,19,19,19,19,31,31,31,31,44,44,71,85,86,87,87],"floor_reached":16,"playtime":543,"items_purged":["animator:Curse_GriefSeed"],"score":191,"play_id":"cc406861-78ac-4827-b25c-9ccd515e0c86","local_time":"20210111143818","is_ascension_mode":true,"campfire_choices":[{"data":"Noxious Fumes","floor":6.0,"key":"SMITH"},{"floor":10.0,"key":"REST"},{"data":"Bane","floor":12.0,"key":"SMITH"},{"data":"Backflip","floor":15,"key":"SMITH"}],"circlet_count":0,"master_deck":["AscendersBane","Strike_G","Strike_G","Defend_G","Defend_G","Defend_G","Survivor","Neutralize","Replay:Hysterical Blindness","Noxious Fumes+1","Bane+1","Acrobatics","Bane+1","Sucker Punch","Backflip+1"],"relics":["Kintsugi","hubris:ToyBattleship","thethorton:BankDeed","Sundial"],"acts_visited":["Exordium"],"potions_floor_usage":[13],"damage_taken":[{"damage":22.0,"enemies":"Cultist","floor":1.0,"turns":7.0},{"damage":1.0,"enemies":"Small Slimes","floor":7.0,"turns":3.0},{"damage":0.0,"enemies":"Jaw Worm","floor":11.0,"turns":3.0},{"damage":9,"enemies":"Lagavulin","floor":13,"turns":7},{"damage":12,"enemies":"Gremlin Gang","floor":14,"turns":4},{"damage":34,"enemies":"The Guardian","floor":16,"turns":5}],"seed_played":"-3316160795309963928","potions_obtained":[{"floor":1.0,"key":"AttackPotion"},{"floor":11.0,"key":"Swift Potion"}],"is_trial":false,"path_per_floor":["M","$","T","$","?","R","M","?","T","R","M","R","E","M","R","B"],"character_chosen":"THE_SILENT","items_purchased":["Bane"],"campfire_rested":1,"item_purchase_floors":[2],"current_hp_per_floor":[37,37,37,37,37,37,36,36,36,55,55,55,46,34,34,0,0],"gold":87,"neow_bonus":"BOSS_RELIC","is_daily":false,"chose_seed":false,"campfire_upgraded":3,"win_rate":0.0,"timestamp":1610383098,"path_taken":["M","$","?","$","?","R","M","?","T","R","?","R","E","M","R","BOSS"],"items_purchased_type":["Card"],"build_version":"2020-12-22","purchased_purges":1,"victory":false,"max_hp_per_floor":[66,66,66,66,66,66,66,66,66,66,66,66,66,66,66,66,66],"relic_stats":{"counters":[6,29],"Sundial":[2],"obtain_stats":[{"Sundial":13,"hubris:ToyBattleship":3,"Kintsugi":0,"thethorton:BankDeed":9,"Ring of the Snake":0},{"Sundial":4,"hubris:ToyBattleship":1,"Kintsugi":0,"thethorton:BankDeed":2,"Ring of the Snake":0},{"Sundial":20,"hubris:ToyBattleship":7,"Kintsugi":0,"thethorton:BankDeed":10,"Ring of the Snake":0}]},"card_choices":[{"not_picked":["Hidden Blade","Fluid Movement"],"picked":"Noxious Fumes","floor":1.0},{"not_picked":["Eviscerate","Expertise"],"picked":"Acrobatics","floor":7.0},{"not_picked":["Concentrate","PiercingWail"],"picked":"Bane","floor":11.0},{"not_picked":["Masterful Stab","ReplayTheSpireMod:Exploit Weakness"],"picked":"Sucker Punch","floor":13},{"not_picked":["Flechettes","Blade Dance"],"picked":"Backflip","floor":14}],"player_experience":906963,"relics_obtained":[{"floor":3.0,"key":"hubris:ToyBattleship"},{"floor":9.0,"key":"thethorton:BankDeed"},{"floor":13,"key":"Sundial"}],"event_choices":[{"damage_healed":0.0,"max_hp_gain":0.0,"max_hp_loss":0.0,"gold_gain":0.0,"event_name":"Scrap Ooze","player_choice":"Fled","floor":5.0,"gold_loss":0.0,"damage_taken":0.0},{"damage_healed":0.0,"max_hp_gain":0.0,"max_hp_loss":0.0,"gold_gain":0.0,"event_name":"Upgrade Shrine","player_choice":"Upgraded","floor":8.0,"gold_loss":0.0,"damage_taken":0.0,"cards_upgraded":["Bane"]}],"is_beta":false,"boss_relics":[],"items_purged_floors":[2],"is_endless":false,"potions_floor_spawned":[1,11],"killed_by":"The Guardian","ascension_level":19}}