{"host":"bhhjkloc4kd9nqc5","time":1610385145,"event":{"mods":["Act Like it!","BaseMod","Chen","Gensokyo","Infinite Spire","Koishi","Lobotomy","LobotomyExtend","Marisa????????","Minty Spire (QoL Compilation)","Onozuka Komachi Mod","Remilia??????","Replay The Spire","RumiaBox-????????","StSLib","The Administrix","The Cursed","Youmu??????","slay the spire mod where everything is the same but ironclad has a cowboy hat"],"gold_per_floor":[117,135,153,173,22,48,63,83,83,83,83],"floor_reached":10,"playtime":541,"items_purged":[],"score":72,"play_id":"4d51c921-583d-4920-a85c-e254f9ea04c8","local_time":"20210112021225","is_ascension_mode":false,"campfire_choices":[],"circlet_count":0,"master_deck":["Koishi:BasicStrike","Koishi:BasicStrike","Koishi:BasicStrike","Koishi:BasicStrike","Koishi:BasicDefend","Koishi:BasicDefend","Koishi:BasicDefend","Koishi:BasicDefend","Koishi:Provoke","Koishi:HauntingSlash","Koishi:SilentAndRestless","Koishi:IdleWhim","Koishi:StingingMind","Koishi:YoukaiPolygraph","Koishi:UnseenTerror","Koishi:ReleaseOfTheId","Koishi:PredatoryInstincts","Koishi:MassHysteria"],"relics":["Koishi:ImaginaryFriend","LetterFromLob","ZombieArmy","infinitespire:Eraser","Incense Burner"],"acts_visited":["Exordium"],"potions_floor_usage":[10],"damage_taken":[{"damage":2,"enemies":"Cultist","floor":1,"turns":5},{"damage":8,"enemies":"Small Slimes","floor":2,"turns":3},{"damage":11,"enemies":"Jaw Worm","floor":3,"turns":3},{"damage":16,"enemies":"Red Slaver","floor":4,"turns":3},{"damage":30,"enemies":"Gremlin Nob","floor":6,"turns":4},{"damage":2,"enemies":"Exordium Thugs","floor":7,"turns":4},{"damage":1,"enemies":"Exordium Wildlife","floor":8,"turns":2},{"damage":27,"enemies":"3 Sentries","floor":10,"turns":2}],"seed_played":"7200095266225586588","potions_obtained":[{"floor":2,"key":"Weak Potion"},{"floor":7,"key":"SteroidPotion"},{"floor":8,"key":"SteroidPotion"}],"is_trial":false,"path_per_floor":["M","M","M","M","$","E","M","M","T","E"],"character_chosen":"KOISHI","items_purchased":["ZombieArmy"],"campfire_rested":0,"item_purchase_floors":[5],"current_hp_per_floor":[60,53,47,37,37,18,17,24,24,0,0],"gold":83,"neow_bonus":"ONE_RANDOM_RARE_CARD","is_daily":false,"chose_seed":false,"campfire_upgraded":0,"win_rate":0.0,"timestamp":1610385145,"path_taken":["M","?","M","M","?","E","M","M","T","E"],"items_purchased_type":["Relic"],"build_version":"2020-12-22","purchased_purges":0,"victory":false,"max_hp_per_floor":[60,60,60,60,60,60,60,60,60,60,60],"card_choices":[{"not_picked":["Koishi:FourthEye","Koishi:TremblingHands"],"picked":"Koishi:IdleWhim","floor":1},{"not_picked":["Koishi:HeartfeltFancy","Koishi:ReflexRadar"],"picked":"Koishi:StingingMind","floor":2},{"not_picked":["Koishi:BloodcurdlingScream","Koishi:MindNumbingTerror"],"picked":"Koishi:YoukaiPolygraph","floor":3},{"not_picked":["Koishi:BloodcurdlingScream","Koishi:MentalBreakdown"],"picked":"Koishi:UnseenTerror","floor":4},{"not_picked":["Koishi:EmbryosDream","Koishi:PredatoryInstincts"],"picked":"Koishi:ReleaseOfTheId","floor":6},{"not_picked":["Koishi:PhantomStrike","Koishi:DreadfulBlow"],"picked":"Koishi:PredatoryInstincts","floor":7},{"not_picked":["Koishi:Jaunt","Koishi:Whimsy"],"picked":"Koishi:MassHysteria","floor":8}],"player_experience":207362,"relics_obtained":[{"floor":1,"key":"LetterFromLob"},{"floor":6,"key":"infinitespire:Eraser"},{"floor":9,"key":"Incense Burner"}],"event_choices":[],"is_beta":false,"boss_relics":[],"items_purged_floors":[],"is_endless":false,"potions_floor_spawned":[2,7,8],"killed_by":"3 Sentries","ascension_level":0}}