{"host":"gzk4gkgy3zij1c51","time":1610331773,"event":{"mods":["BaseMod","Colored Map","Highlight Path","Marked Mod","Minty Spire (QoL Compilation)","Relic Stats","StSLib","everything is the same but u backflip on backflip"],"gold_per_floor":[111,129,129,129,143,143,159,159,159,190,216,248,248,277,277,377,377,393,411,336,336,346,346,346,346],"floor_reached":24,"playtime":1306,"items_purged":[],"score":257,"play_id":"7913c735-80a8-4f79-8700-ab3c81320139","local_time":"20210111022253","is_ascension_mode":true,"campfire_choices":[{"data":"Vigilance","floor":6,"key":"SMITH"},{"data":"ThirdEye","floor":8,"key":"SMITH"},{"floor":13,"key":"REST"},{"floor":15,"key":"REST"},{"data":"MarkedMod:SlowDance","floor":23,"key":"SMITH"}],"circlet_count":0,"master_deck":["Strike_P","Strike_P","Defend_P","Defend_P","Defend_P","Defend_P","Eruption","Vigilance+1","PathToVictory+1","Devotion","PathToVictory","ThirdEye+1","WaveOfTheHand","FearNoEvil","LikeWater","MarkedMod:SlowDance+1","MarkedMod:PinPointDefense+1","JustLucky","SandsOfTime","TalkToTheHand"],"relics":["PureWater","Pen Nib","Lantern","Gremlin Horn","MarkedMod:AcupunctureKit","Tiny Chest","Bag of Marbles","Coffee Dripper"],"acts_visited":["Exordium","TheCity"],"potions_floor_usage":[10,12,24,24],"damage_taken":[{"damage":2,"enemies":"2 Louse","floor":1,"turns":2},{"damage":2,"enemies":"Jaw Worm","floor":2,"turns":4},{"damage":0,"enemies":"Cultist","floor":5,"turns":2},{"damage":0,"enemies":"Large Slime","floor":7,"turns":3},{"damage":44,"enemies":"3 Sentries","floor":10,"turns":14},{"damage":24,"enemies":"Gremlin Nob","floor":12,"turns":4},{"damage":14,"enemies":"Lagavulin","floor":14,"turns":6},{"damage":23,"enemies":"Hexaghost","floor":16,"turns":9},{"damage":15,"enemies":"Shell Parasite","floor":18,"turns":5},{"damage":0,"enemies":"Spheric Guardian","floor":19,"turns":4},{"damage":19,"enemies":"Chosen and Byrds","floor":22,"turns":6},{"damage":43,"enemies":"Gremlin Leader","floor":24,"turns":6}],"seed_played":"-5613165728922083857","potions_obtained":[{"floor":7,"key":"Block Potion"},{"floor":10,"key":"PowerPotion"},{"floor":14,"key":"Ancient Potion"},{"floor":19,"key":"BottledMiracle"}],"is_trial":false,"path_per_floor":["M","M","?","?","M","R","M","R","T","E","T","E","R","E","R","B",null,"M","M","?","?","M","R","E"],"character_chosen":"WATCHER","items_purchased":[],"campfire_rested":2,"item_purchase_floors":[],"current_hp_per_floor":[70,68,73,73,73,73,73,73,73,29,29,5,28,14,37,14,77,62,62,62,62,43,43,0,0],"gold":346,"neow_bonus":"RANDOM_COMMON_RELIC","is_daily":false,"chose_seed":false,"campfire_upgraded":3,"win_rate":0.0,"timestamp":1610331773,"path_taken":["M","M","?","?","M","R","M","R","T","E","?","E","R","E","R","BOSS","M","M","?","?","M","R","E"],"items_purchased_type":[],"build_version":"2020-12-22","purchased_purges":0,"victory":false,"max_hp_per_floor":[72,72,77,77,77,77,77,77,77,77,77,77,77,77,77,77,77,77,77,77,77,77,77,77,77],"relic_stats":{"Gremlin Horn":[4,4],"counters":[12,65],"Tiny Chest":0,"Pen Nib":[6],"obtain_stats":[{"Lantern":9,"Gremlin Horn":10,"Tiny Chest":12,"Pen Nib":0,"Bag of Marbles":14,"Coffee Dripper":17,"PureWater":0,"MarkedMod:AcupunctureKit":11},{"Lantern":4,"Gremlin Horn":5,"Tiny Chest":6,"Pen Nib":0,"Bag of Marbles":7,"Coffee Dripper":8,"PureWater":0,"MarkedMod:AcupunctureKit":5},{"Lantern":11,"Gremlin Horn":25,"Tiny Chest":29,"Pen Nib":0,"Bag of Marbles":35,"Coffee Dripper":44,"PureWater":0,"MarkedMod:AcupunctureKit":25}]},"card_choices":[{"not_picked":["Crescendo","CrushJoints"],"picked":"PathToVictory","floor":1},{"not_picked":["ThirdEye","SashWhip"],"picked":"Devotion","floor":2},{"not_picked":["Indignation","DeceiveReality"],"picked":"PathToVictory","floor":5},{"not_picked":["SashWhip","FlurryOfBlows"],"picked":"ThirdEye","floor":7},{"not_picked":["SashWhip","EmptyBody"],"picked":"WaveOfTheHand","floor":10},{"not_picked":["JustLucky","Consecrate"],"picked":"FearNoEvil","floor":12},{"not_picked":["JustLucky","ThirdEye"],"picked":"LikeWater","floor":14},{"not_picked":["ConjureBlade","DevaForm"],"picked":"MarkedMod:SlowDance","floor":16},{"not_picked":["FollowUp","FlurryOfBlows+1"],"picked":"MarkedMod:PinPointDefense+1","floor":18},{"not_picked":["FollowUp","Protect"],"picked":"JustLucky","floor":19},{"not_picked":["EmptyFist","BowlingBash"],"picked":"TalkToTheHand","floor":22}],"player_experience":573875,"relics_obtained":[{"floor":9,"key":"Lantern"},{"floor":10,"key":"Gremlin Horn"},{"floor":11,"key":"MarkedMod:AcupunctureKit"},{"floor":12,"key":"Tiny Chest"},{"floor":14,"key":"Bag of Marbles"}],"event_choices":[{"damage_healed":0,"gold_gain":0,"player_choice":"Donut","damage_taken":0,"max_hp_gain":5,"max_hp_loss":0,"event_name":"Big Fish","floor":3,"gold_loss":0},{"damage_healed":0,"gold_gain":0,"player_choice":"Grow","damage_taken":0,"max_hp_gain":0,"max_hp_loss":0,"event_name":"Living Wall","floor":4,"gold_loss":0,"cards_upgraded":["PathToVictory"]},{"cards_removed":["Strike_P"],"damage_healed":0,"gold_gain":0,"player_choice":"Gave Gold","damage_taken":0,"max_hp_gain":0,"max_hp_loss":0,"event_name":"Beggar","floor":20,"gold_loss":75},{"damage_healed":0,"gold_gain":0,"cards_transformed":["Strike_P"],"player_choice":"Transformed","damage_taken":0,"max_hp_gain":0,"max_hp_loss":0,"event_name":"Transmorgrifier","floor":21,"gold_loss":0,"cards_obtained":["SandsOfTime"]}],"is_beta":false,"boss_relics":[{"not_picked":["SacredBark","Cursed Key"],"picked":"Coffee Dripper"}],"items_purged_floors":[],"is_endless":false,"potions_floor_spawned":[7,10,14,19],"killed_by":"Gremlin Leader","ascension_level":4}}