{"host":"6a06qhlf17v5rcww","time":1610348860,"event":{"mods":["Act Like it!","Aspiration","BaseMod","Beaked The Cultist","Better Altar","Better Match","Better Note","Better Sensory Stone","Better Skull","Better Third Choice","Better Vampires","BetterRewards","Block Reminder","Colored Powertips","Downfall","Gensokyo","Infinite Spire","Minty Spire (QoL Compilation)","Pale of the Ancients","Poor People Problems","Prisma Mod","Rare Cards Sparkle","Replay The Spire","Shade Mod","Slumbering Mod","StSLib","The Bug Knight","The Jungle","The Marked"],"gold_per_floor":[110,110,110,33,51,51,67,67,67,67,83,83,19,39,39,339,339],"floor_reached":16,"playtime":1487,"items_purged":[],"score":140,"play_id":"f983317e-284d-4e3b-b33a-0a83aaf2eb24","local_time":"20210111020740","is_ascension_mode":false,"campfire_choices":[{"data":"HollowMod:HuntersJournal","floor":6.0,"key":"SMITH"},{"data":"HollowMod:DoubleDash","floor":10.0,"key":"SMITH"},{"data":"HollowMod:FocusHealStart","floor":15,"key":"SMITH"}],"circlet_count":0,"master_deck":["HollowMod:NailStrikeStart","HollowMod:NailStrikeStart","HollowMod:NailStrikeStart","HollowMod:NailStrikeStart","HollowMod:QuickDashStart","HollowMod:QuickDashStart","HollowMod:QuickDashStart","HollowMod:QuickDashStart","HollowMod:FocusHealStart+1","HollowMod:PogoStrike","HollowMod:CycloneSlash","HollowMod:InfectedAttack","HollowMod:BaldurShell","HollowMod:PureNailStrike","expansioncontent:DefensiveStance","HollowMod:HuntersJournal+1","HollowMod:DoubleDash+1","Gensokyo:CrescentMoonSlash"],"relics":["HollowMod:VesselMask","Kunai","Eternal Feather","Snack Pack"],"acts_visited":["Exordium"],"potions_floor_usage":[16,16],"damage_taken":[{"damage":0.0,"enemies":"Gensokyo:Python","floor":1.0,"turns":3.0},{"damage":3.0,"enemies":"Gensokyo:Gryphon","floor":5.0,"turns":7.0},{"damage":3.0,"enemies":"Gensokyo:2_Kodama","floor":7.0,"turns":4.0},{"damage":1.0,"enemies":"Gensokyo:Kitsune","floor":11.0,"turns":3.0},{"damage":4,"enemies":"Gensokyo:5_Fairies","floor":14,"turns":7},{"damage":106,"enemies":"Gensokyo:Kokoro","floor":16,"turns":14}],"seed_played":"6143410188899650578","potions_obtained":[{"floor":5.0,"key":"FearPotion"},{"floor":14,"key":"Energy Potion"}],"is_trial":false,"path_per_floor":["M","$","?","$","M","R","M","T","T","R","M","?","COS","M","R","B"],"character_chosen":"THE_BUGKNIGHT","items_purchased":["Kunai","HollowMod:CycloneSlash","HollowMod:BaldurShell","HollowMod:HuntersJournal"],"campfire_rested":0,"item_purchase_floors":[0,0,0,4],"current_hp_per_floor":[60,60,60,60,67,67,74,74,74,75,75,64,64,68,75,0,0],"gold":339,"neow_bonus":"","is_daily":false,"chose_seed":false,"campfire_upgraded":3,"win_rate":0.0,"timestamp":1610348860,"path_taken":["M","$","?","?","M","R","?","?","T","R","M","?","COS","M","R","BOSS"],"items_purchased_type":["Relic","Card","Card","Card"],"build_version":"2020-12-22","purchased_purges":0,"victory":false,"max_hp_per_floor":[75,75,75,75,75,75,75,75,75,75,75,75,75,75,75,75,75],"card_choices":[{"not_picked":["HollowMod:NewLittleFool","HollowMod:CrystalDash"],"picked":"HollowMod:PureNailStrike","floor":1.0},{"not_picked":["expansioncontent:Chronoboost","ReplayTheSpireMod:Trickstab"],"picked":"expansioncontent:DefensiveStance","floor":3.0},{"not_picked":["HollowMod:PureNailStrike","HollowMod:WraithStrike"],"picked":"HollowMod:DoubleDash","floor":5.0},{"not_picked":["HollowMod:SharpenedNail","HollowMod:HowlingWraiths","HollowMod:CycloneSlash"],"picked":"SKIP","floor":7.0},{"not_picked":["HollowMod:InfectedAttack","HollowMod:SiblingsShadow","HollowMod:ChannelNail"],"picked":"SKIP","floor":11.0},{"not_picked":["HollowMod:DesolateDive","HollowMod:InfectedAttack","HollowMod:GrimmsGift"],"picked":"SKIP","floor":14}],"player_experience":735643,"relics_obtained":[{"floor":8.0,"key":"Eternal Feather"},{"floor":9.0,"key":"Snack Pack"}],"event_choices":[{"damage_healed":0.0,"max_hp_gain":0.0,"max_hp_loss":0.0,"gold_gain":1.0,"event_name":"betterStone:BetterStone","player_choice":"1","floor":3.0,"gold_loss":0.0,"damage_taken":0.0}],"is_beta":false,"boss_relics":[],"items_purged_floors":[],"is_endless":false,"potions_floor_spawned":[5,14],"killed_by":"Gensokyo:Kokoro","ascension_level":0}}