{"host":"8ps3pfk2b2drr3ex","time":1610327962,"event":{"mods":["2.2 Compatiblity","AchievementEnabler","Act Like it!","BaseMod","Bestiary","Better Match","BetterRewards","Colored Map","Colored Powertips","Conspire","Downfall","Evolution","GifTheSpireLib","Gold Saver","Hallownest","Hubris","Minty Spire (QoL Compilation)","Permanent Neow","Relic Filter","Replay The Spire","Shop Mod","StSLib","Stuff the Spire","The Animator"],"gold_per_floor":[472,484,499,674,674,342,342,342,372,387,405,434,359,392,411,516,516,516,529,168,180,193,193,193,193,193,193],"floor_reached":25,"playtime":6064,"items_purged":["Doubt","hexamod:TurnItUp"],"score":258,"play_id":"12c73729-ace2-4bf7-94eb-6c17ddbc367c","local_time":"20210110201922","is_ascension_mode":true,"campfire_choices":[{"data":"hexamod:GhostOfSpirePresent","floor":13,"key":"SMITH"},{"data":"hexamod:Float","floor":18,"key":"SMITH"},{"data":"hexamod:HeatShield","floor":23,"key":"SMITH"}],"circlet_count":0,"master_deck":["hexamod:Strike","hexamod:Strike","hexamod:Strike","hexamod:Strike","hexamod:Defend","hexamod:Defend","hexamod:Defend","hexamod:Defend","hexamod:Sear","hexamod:Float+1","hexamod:FlamesFromBeyond","hexamod:DynamicBlow","hexamod:ThirdSeal","hexamod:GhostOfSpirePast","hexamod:SkipABeat","hexamod:GhostOfSpirePresent+1","hexamod:SpectersWail","hexamod:SpectersWail","hexamod:FirstSeal","hexamod:TimeOfNeed","hexamod:VolcanoVisage","hexamod:VolcanoVisage","Blade Dance","hexamod:HeatShield+1"],"relics":["hexamod:SpiritBrand","EVO:Axolotl","hubris:Towel","StuffTheSpire:Gunfinga","Gambling Chip","Tiny Chest","hubris:DisguiseKit","downfall:HeartBlessingGreen","hubris:BottledRain","Black Star","Quantum Egg","Ancient Tea Set"],"acts_visited":["Exordium","TheCity"],"potions_floor_usage":[9,25,25],"damage_taken":[{"damage":1,"enemies":"Jaw Worm","floor":2,"turns":4},{"damage":3,"enemies":"conspire:RoseBush","floor":3,"turns":3},{"damage":0,"enemies":"downfall:FleeingMerchant","floor":6,"turns":4},{"damage":0,"enemies":"Gremlin Nob","floor":9,"turns":3},{"damage":0,"enemies":"Small Slimes","floor":10,"turns":4},{"damage":0,"enemies":"conspire:2 RoseBushes","floor":11,"turns":5},{"damage":10,"enemies":"3 Sentries","floor":12,"turns":6},{"damage":12,"enemies":"Replay:BlueRogue","floor":14,"turns":5},{"damage":15,"enemies":"Red Slaver","floor":15,"turns":4},{"damage":18,"enemies":"downfall:Watcher","floor":16,"turns":9},{"damage":14,"enemies":"Shell Parasite","floor":19,"turns":6},{"damage":9,"enemies":"downfall:FleeingMerchant","floor":20,"turns":4},{"damage":22,"enemies":"conspire:FuzzyDice","floor":21,"turns":5},{"damage":30,"enemies":"Snake Plant","floor":22,"turns":5},{"damage":36,"enemies":"Gremlin Leader","floor":25,"turns":5}],"seed_played":"-1063644318798358471","potions_obtained":[{"floor":2,"key":"SpeedPotion"},{"floor":9,"key":"Reflective Coating"},{"floor":11,"key":"Milkshake"},{"floor":21,"key":"Fire Potion"}],"is_trial":false,"path_per_floor":["R_BF","M","M","?","?","$","T","?","E","M","M","E","R","E","M","B",null,"R","M","$","M","M","R","T","E"],"character_chosen":"THE_SPIRIT","items_purchased":["StuffTheSpire:Gunfinga","Adrenaline Potion","hexamod:DynamicBlow","Quantum Egg"],"campfire_rested":0,"item_purchase_floors":[6,6,6,20],"current_hp_per_floor":[70,69,66,66,66,66,66,66,66,66,66,56,56,51,43,25,70,70,63,61,46,23,23,23,0,0,0],"gold":193,"neow_bonus":"ONE_RANDOM_RARE_CARD","is_daily":false,"chose_seed":false,"campfire_upgraded":3,"win_rate":0.0,"timestamp":1610327962,"path_taken":["R_BF","M","M","?","?","$","T","?","E","M","?","E","R","E","M","BOSS","R","M","?","M","M","R","T","E"],"items_purchased_type":["Relic","Potion","Card","Relic"],"build_version":"2020-12-22","purchased_purges":2,"victory":false,"max_hp_per_floor":[70,70,70,70,70,70,70,70,70,70,70,70,70,70,70,70,70,70,70,70,70,70,70,70,70,70,70],"card_choices":[{"not_picked":["hexamod:PhantomCloak","hexamod:NightmareGuise"],"picked":"hexamod:SpectersWail","floor":2},{"not_picked":["hexamod:InspiringFlames","hexamod:Firestarter","hexamod:HeatMetal"],"picked":"SKIP","floor":3},{"not_picked":["hexamod:GhostShield","hexamod:EtherealExpedition"],"picked":"hexamod:FlamesFromBeyond","floor":6},{"not_picked":["hexamod:Firestarter","hexamod:SuperheatedStrike"],"picked":"hexamod:GhostOfSpirePast","floor":9},{"not_picked":["hexamod:GhostLash","hexamod:FourthSeal"],"picked":"hexamod:SkipABeat","floor":9},{"not_picked":["hexamod:Firestarter","hexamod:Hexaguard"],"picked":"hexamod:GhostOfSpirePresent","floor":10},{"not_picked":["hexamod:GhostflameBarrier","hexamod:Incineration","hexamod:HeatShield"],"picked":"SKIP","floor":10},{"not_picked":["hexamod:NightmareStrike","hexamod:FastForward"],"picked":"hexamod:SpectersWail","floor":11},{"not_picked":["hexamod:ThermalTransfer","hexamod:SuperheatedStrike"],"picked":"hexamod:SpectersWail","floor":11},{"not_picked":["hexamod:HauntingEcho","hexamod:SwordOfDarkness"],"picked":"hexamod:FirstSeal","floor":12},{"not_picked":["hexamod:FourthSeal","hexamod:FlamesFromBeyond","hexamod:SuperheatedStrike"],"picked":"SKIP","floor":12},{"not_picked":["hexamod:SpectralSpark","hexamod:BacktrackSmack","Footwork"],"picked":"hexamod:TimeOfNeed","floor":14},{"not_picked":["hexamod:HeatShield","hexamod:InspiringFlames","hexamod:FastForward","StuffTheSpire:Incursion"],"picked":"SKIP","floor":15},{"not_picked":["hexamod:SpectersWail","hexamod:NecessarySacrifice","hexamod:SwordOfDarkness","Quick Slash"],"picked":"SKIP","floor":15},{"not_picked":["hexamod:GiftsFromTheDead","hexamod:TimeWarp","A Thousand Cuts"],"picked":"hexamod:VolcanoVisage","floor":16},{"not_picked":["hexamod:Toasty","hexamod:ApocalypseNow","Glass Knife"],"picked":"hexamod:VolcanoVisage","floor":16},{"not_picked":["hexamod:FastForward","hexamod:SwordOfDarkness","hexamod:ShieldOfDarkness"],"picked":"Blade Dance","floor":19},{"not_picked":["hexamod:Incineration","hexamod:SuperheatedStrike","Tactician"],"picked":"hexamod:HeatShield","floor":19},{"not_picked":["hexamod:HauntingEcho","hexamod:AdvancingGuard","hexamod:UnlimitedPower","StuffTheSpire:BumpUp"],"picked":"SKIP","floor":20},{"not_picked":["hexamod:HeatShield","hexamod:RetreatToShadows","hexamod:GhostShield","hubris:Counter"],"picked":"SKIP","floor":21},{"not_picked":["hexamod:NightmareGuise+1","hexamod:RainOfEmbers","hexamod:SpectralSpark","Backstab"],"picked":"SKIP","floor":21},{"not_picked":["hexamod:SkipABeat","hexamod:SwordOfDarkness+1","hexamod:RainOfEmbers","Quick Slash"],"picked":"SKIP","floor":22},{"not_picked":["hexamod:NightmareGuise+1","hexamod:CatchUp","hexamod:FastForward+1","StuffTheSpire:BumpUp"],"picked":"SKIP","floor":22}],"player_experience":1059013,"relics_obtained":[{"floor":7,"key":"Gambling Chip"},{"floor":9,"key":"Tiny Chest"},{"floor":12,"key":"hubris:DisguiseKit"},{"floor":14,"key":"hubris:BottledRain"},{"floor":24,"key":"Ancient Tea Set"}],"event_choices":[],"is_beta":false,"boss_relics":[{"not_picked":["hubris:GrandSneckoEye","Replay:Wanted Poster"],"picked":"Black Star"}],"items_purged_floors":[6,20],"is_endless":false,"potions_floor_spawned":[2,9,11,14,21,22],"killed_by":"Gremlin Leader","ascension_level":1}}