{"host":"s5i48q09v0un9rqc","time":1610352201,"event":{"mods":["BaseMod","BetterRewards","Highlight Path","Minty Spire (QoL Compilation)","Rare Cards Sparkle","Shop Mod"],"gold_per_floor":[115,131,141,141,141,176,176,176,225,242,242,242,242,167,167,242,242,255,266,280,291,310,310,337,337,385,397,409,456,468,512,524,608,620,646,675,444,456,481,516,528,89,89,103,103,134,144,172,172,172,172,172,16,47,47],"floor_reached":56,"playtime":2567,"items_purged":["Strike_G","Strike_G","Strike_G"],"score":2066,"play_id":"aa12e2f9-6725-49ed-bbd7-bbf4f057570d","local_time":"20210111160321","is_ascension_mode":true,"campfire_choices":[{"data":"Phantasmal Killer","floor":8.0,"key":"SMITH"},{"data":"Neutralize","floor":12.0,"key":"SMITH"},{"data":"Caltrops","floor":15.0,"key":"SMITH"},{"data":"Blade Dance","floor":23.0,"key":"SMITH"},{"data":"PiercingWail","floor":25.0,"key":"SMITH"},{"floor":28.0,"key":"RECALL"},{"data":"Calculated Gamble","floor":32.0,"key":"SMITH"},{"data":"Well Laid Plans","floor":45.0,"key":"SMITH"},{"data":"Accuracy","floor":49,"key":"SMITH"},{"data":"Adrenaline","floor":52,"key":"SMITH"}],"circlet_count":0,"master_deck":["AscendersBane","Defend_G","Defend_G","Defend_G","Defend_G","Survivor","Neutralize+1","Phantasmal Killer+1","Caltrops+1","Blade Dance+1","PiercingWail+1","Calculated Gamble+1","Adrenaline+1","Well Laid Plans+1","Accuracy+1","Infinite Blades+1","Terror","Cloak And Dagger+1","Blade Dance+1"],"relics":["Ring of the Snake","Kunai","Ornamental Fan","TheAbacus","Bag of Marbles","Happy Flower","Ice Cream","WristBlade","White Beast Statue","MawBank","Pantograph","InkBottle","Paper Crane","Sozu","Bag of Preparation","Ginger","FossilizedHelix","HornCleat","Omamori","Pocketwatch","Medical Kit","Boot"],"acts_visited":["Exordium","TheCity","TheBeyond","TheEnding"],"potions_floor_usage":[55],"damage_taken":[{"damage":0.0,"enemies":"Jaw Worm","floor":1.0,"turns":6.0},{"damage":0.0,"enemies":"Cultist","floor":2.0,"turns":5.0},{"damage":0.0,"enemies":"2 Louse","floor":3.0,"turns":5.0},{"damage":27.0,"enemies":"Gremlin Nob","floor":6.0,"turns":5.0},{"damage":1.0,"enemies":"Blue Slaver","floor":10.0,"turns":3.0},{"damage":31.0,"enemies":"Hexaghost","floor":16.0,"turns":11.0},{"damage":1.0,"enemies":"Shell Parasite","floor":18.0,"turns":6.0},{"damage":0.0,"enemies":"Chosen","floor":19.0,"turns":3.0},{"damage":3.0,"enemies":"3 Cultists","floor":20.0,"turns":4.0},{"damage":9.0,"enemies":"Sentry and Sphere","floor":21.0,"turns":5.0},{"damage":0.0,"enemies":"Shelled Parasite and Fungi","floor":22.0,"turns":4.0},{"damage":2.0,"enemies":"Gremlin Leader","floor":24.0,"turns":8.0},{"damage":0.0,"enemies":"Slavers","floor":29.0,"turns":6.0},{"damage":12.0,"enemies":"Gremlin Leader","floor":31.0,"turns":8.0},{"damage":2.0,"enemies":"Collector","floor":33.0,"turns":9.0},{"damage":8.0,"enemies":"Orb Walker","floor":35.0,"turns":2.0},{"damage":4.0,"enemies":"3 Shapes","floor":36.0,"turns":4.0},{"damage":4.0,"enemies":"Sphere and 2 Shapes","floor":38.0,"turns":4.0},{"damage":0.0,"enemies":"Mind Bloom Boss Battle","floor":39.0,"turns":6.0},{"damage":29.0,"enemies":"Nemesis","floor":40.0,"turns":7.0},{"damage":0.0,"enemies":"Transient","floor":41.0,"turns":5.0},{"damage":0.0,"enemies":"4 Shapes","floor":44.0,"turns":4.0},{"damage":0.0,"enemies":"Reptomancer","floor":46.0,"turns":3.0},{"damage":5.0,"enemies":"Sphere and 2 Shapes","floor":47.0,"turns":3.0},{"damage":7,"enemies":"Nemesis","floor":48,"turns":3},{"damage":12,"enemies":"Donu and Deca","floor":50,"turns":4},{"damage":6,"enemies":"Shield and Spear","floor":54,"turns":5},{"damage":0,"enemies":"The Heart","floor":55,"turns":5}],"seed_played":"-6091691615838525352","potions_obtained":[{"floor":6.0,"key":"Swift Potion"},{"floor":29.0,"key":"Strength Potion"},{"floor":31.0,"key":"DuplicationPotion"}],"is_trial":false,"path_per_floor":["M","M","M","?","$","E","$","R","T","M","T","R","?","$","R","B",null,"M","M","M","M","M","R","E","R","T","?","R","E","T","E","R","B",null,"M","M","$","M","?","E","M","$","T","M","R","E","M","E","R","B",null,"R","$","E","B",null],"character_chosen":"THE_SILENT","items_purchased":["Kunai","Ornamental Fan","TheAbacus","Fire Potion","Fire Potion","Caltrops","Bag of Preparation","Accuracy","HornCleat","Medical Kit"],"campfire_rested":0,"item_purchase_floors":[0,0,0,0,0,14,37,42,42,53],"current_hp_per_floor":[31,31,31,70,70,43,43,43,43,42,42,42,42,42,42,11,55,54,54,51,42,42,42,40,40,40,40,40,40,40,28,28,51,65,57,53,53,49,70,41,41,41,41,41,41,41,36,29,29,42,63,63,63,57,70],"gold":47,"neow_bonus":"","is_daily":false,"chose_seed":true,"campfire_upgraded":9,"win_rate":0.0,"timestamp":1610352201,"path_taken":["M","M","M","?","?","E","?","R","T","?","?","R","?","$","R","BOSS","M","M","M","M","M","R","E","R","T","?","R","E","?","E","R","BOSS","M","M","$","?","?","E","M","$","T","M","R","E","M","E","R","BOSS","R","$","E","BOSS"],"items_purchased_type":["Relic","Relic","Relic","Potion","Potion","Card","Relic","Card","Relic","Relic"],"build_version":"2020-12-22","purchased_purges":3,"victory":true,"max_hp_per_floor":[70,70,70,70,70,70,70,70,70,70,70,70,70,70,70,70,70,70,70,70,70,70,70,70,70,70,70,70,70,70,70,70,70,70,70,70,70,70,70,70,70,70,70,70,70,70,70,70,70,70,70,70,70,70,70],"card_choices":[{"not_picked":["Escape Plan","PiercingWail","Prepared"],"picked":"SKIP","floor":1.0},{"not_picked":["Heel Hook","Bane","Poisoned Stab"],"picked":"SKIP","floor":2.0},{"not_picked":["Dodge and Roll","Bane"],"picked":"Calculated Gamble","floor":3.0},{"not_picked":["Choke","Bane"],"picked":"Phantasmal Killer","floor":6.0},{"not_picked":["Dodge and Roll","Bane","Prepared"],"picked":"SKIP","floor":10.0},{"not_picked":["Dagger Spray","Backflip"],"picked":"Blade Dance","floor":18.0},{"not_picked":["Finisher","Expertise","Blade Dance"],"picked":"SKIP","floor":19.0},{"not_picked":["Finisher","Expertise","Blade Dance"],"picked":"SKIP","floor":19.0},{"not_picked":["Wraith Form v2","Slice","Escape Plan"],"picked":"SKIP","floor":20.0},{"not_picked":["All Out Attack","Poisoned Stab"],"picked":"PiercingWail","floor":21.0},{"not_picked":["Acrobatics","Riddle With Holes","Caltrops"],"picked":"SKIP","floor":22.0},{"not_picked":["Dagger Spray+1","Leg Sweep","Grand Finale"],"picked":"SKIP","floor":24.0},{"not_picked":["Blade Dance","Night Terror","Dagger Spray+1"],"picked":"SKIP","floor":29.0},{"not_picked":["Slice","Underhanded Strike"],"picked":"Calculated Gamble","floor":31.0},{"not_picked":["PiercingWail+1","Blade Dance","Catalyst+1"],"picked":"SKIP","floor":35.0},{"not_picked":["Blade Dance","Dagger Throw","PiercingWail"],"picked":"SKIP","floor":36.0},{"not_picked":["Acrobatics","Noxious Fumes","Sucker Punch"],"picked":"SKIP","floor":38.0},{"not_picked":["Dagger Throw","Flying Knee"],"picked":"Adrenaline","floor":39.0},{"not_picked":["Endless Agony","Poisoned Stab","Underhanded Strike"],"picked":"SKIP","floor":40.0},{"not_picked":["Blade Dance","Heel Hook+1"],"picked":"Well Laid Plans","floor":41.0},{"not_picked":["Choke","Escape Plan"],"picked":"Infinite Blades+1","floor":44.0},{"not_picked":["Accuracy","Masterful Stab"],"picked":"Terror","floor":46.0},{"not_picked":["Dagger Spray+1","Deadly Poison+1","Expertise"],"picked":"SKIP","floor":47.0},{"not_picked":["Well Laid Plans","Accuracy"],"picked":"Cloak And Dagger+1","floor":48},{"not_picked":["Leg Sweep+1","Dagger Spray+1"],"picked":"Blade Dance+1","floor":54}],"player_experience":732030,"relics_obtained":[{"floor":6.0,"key":"Bag of Marbles"},{"floor":9.0,"key":"Happy Flower"},{"floor":11.0,"key":"Ice Cream"},{"floor":24.0,"key":"White Beast Statue"},{"floor":26.0,"key":"MawBank"},{"floor":29.0,"key":"Pantograph"},{"floor":30.0,"key":"InkBottle"},{"floor":31.0,"key":"Paper Crane"},{"floor":39.0,"key":"Ginger"},{"floor":40.0,"key":"FossilizedHelix"},{"floor":46.0,"key":"Omamori"},{"floor":48,"key":"Pocketwatch"},{"floor":54,"key":"Boot"}],"event_choices":[{"cards_removed":["Calculated Gamble"],"damage_healed":39.0,"max_hp_gain":0.0,"max_hp_loss":0.0,"gold_gain":0.0,"event_name":"Bonfire Elementals","player_choice":"Offered Uncommon","floor":4.0,"gold_loss":0.0,"damage_taken":0.0},{"cards_removed":["Strike_G"],"damage_healed":0.0,"max_hp_gain":0.0,"max_hp_loss":0.0,"gold_gain":0.0,"event_name":"Living Wall","player_choice":"Forget","floor":13.0,"gold_loss":0.0,"damage_taken":0.0},{"cards_removed":["Strike_G"],"damage_healed":0.0,"max_hp_gain":0.0,"max_hp_loss":0.0,"gold_gain":0.0,"event_name":"Back to Basics","player_choice":"Elegance","floor":27.0,"gold_loss":0.0,"damage_taken":0.0},{"damage_healed":0.0,"max_hp_gain":0.0,"max_hp_loss":0.0,"gold_gain":0.0,"event_name":"MindBloom","player_choice":"Fight","floor":39.0,"gold_loss":0.0,"damage_taken":0.0}],"is_beta":false,"boss_relics":[{"not_picked":["Snecko Eye","Cursed Key"],"picked":"WristBlade"},{"not_picked":["SlaversCollar","Calling Bell"],"picked":"Sozu"}],"items_purged_floors":[0,37,42],"is_endless":false,"potions_floor_spawned":[3,6,19,21,24,29,31,33,35,36,38,39,40,41,44,46,47,48,54],"ascension_level":13}}