{"host":"m77rrhbqzv44va4v","time":1610396388,"event":{"mods":["AchievementEnabler","BaseMod","Colored Map","DeckTracker","Keyboard Shortcuts","Minty Spire (QoL Compilation)","StSLib","SuperFastMode","everything is the same but u backflip on backflip"],"gold_per_floor":[118,118,17,17,28,28,58,58,58,73,89,117,128,163,163,240,240,250,267,267,267,167,167,167],"floor_reached":23,"playtime":533,"items_purged":["Defend_G","Sucker Punch"],"score":493,"play_id":"81e21a63-64cd-42e2-81f4-32f575bc951d","local_time":"20210112051948","is_ascension_mode":true,"campfire_choices":[{"data":"Dash","floor":6,"key":"SMITH"},{"data":"Poisoned Stab","floor":8,"key":"SMITH"},{"data":"Burst","floor":15,"key":"SMITH"}],"circlet_count":0,"master_deck":["AscendersBane","Defend_G","Defend_G","Defend_G","Defend_G","Survivor","Neutralize","Poisoned Stab+1","Backflip","Dash+1","PiercingWail","Burst+1","Riddle With Holes","Backflip","A Thousand Cuts","Bite","Bite","Bite","Bite","Bite"],"relics":["Ring of the Snake","NeowsBlessing","Pocketwatch","Ancient Tea Set","Shuriken","Sozu"],"acts_visited":["Exordium","TheCity"],"potions_floor_usage":[12,23,23],"damage_taken":[{"damage":0,"enemies":"Small Slimes","floor":1,"turns":1},{"damage":0,"enemies":"Jaw Worm","floor":5,"turns":1},{"damage":0,"enemies":"Lagavulin","floor":7,"turns":1},{"damage":0,"enemies":"2 Louse","floor":10,"turns":2},{"damage":0,"enemies":"Looter","floor":11,"turns":3},{"damage":10,"enemies":"3 Sentries","floor":12,"turns":7},{"damage":3,"enemies":"Exordium Wildlife","floor":13,"turns":7},{"damage":5,"enemies":"Gremlin Nob","floor":14,"turns":4},{"damage":22,"enemies":"The Guardian","floor":16,"turns":13},{"damage":1,"enemies":"Chosen","floor":18,"turns":5},{"damage":15,"enemies":"Shell Parasite","floor":19,"turns":7},{"damage":42,"enemies":"Gremlin Leader","floor":23,"turns":6}],"seed_played":"5381500809091256193","potions_obtained":[{"floor":1,"key":"CultistPotion"},{"floor":5,"key":"ColorlessPotion"},{"floor":13,"key":"SpeedPotion"}],"is_trial":false,"path_per_floor":["M","?","$","?","M","R","E","R","T","M","M","E","M","E","R","B",null,"M","M","?","?","$","E"],"character_chosen":"THE_SILENT","items_purchased":["Backflip"],"campfire_rested":0,"item_purchase_floors":[3],"current_hp_per_floor":[59,52,52,57,57,57,57,57,57,59,61,53,52,49,49,29,61,62,49,49,29,29,0,0],"gold":167,"neow_bonus":"THREE_ENEMY_KILL","is_daily":false,"chose_seed":false,"campfire_upgraded":3,"win_rate":0.0,"timestamp":1610396388,"path_taken":["M","?","$","?","M","R","E","R","T","M","M","E","M","E","R","BOSS","M","M","?","?","$","E"],"items_purchased_type":["Card"],"build_version":"2020-12-22","purchased_purges":2,"victory":false,"max_hp_per_floor":[66,66,66,71,71,71,71,71,71,71,71,71,71,71,71,71,71,71,71,71,76,76,76,76],"card_choices":[{"not_picked":["Leg Sweep","Choke"],"picked":"Poisoned Stab","floor":1},{"not_picked":["Bane","Footwork"],"picked":"Dash","floor":5},{"not_picked":["Poisoned Stab","Dagger Spray"],"picked":"PiercingWail","floor":7},{"not_picked":["Eviscerate","Deflect"],"picked":"Sucker Punch","floor":10},{"not_picked":["Sucker Punch","Blade Dance","Dodge and Roll"],"picked":"SKIP","floor":11},{"not_picked":["Endless Agony","Slice"],"picked":"Burst","floor":12},{"not_picked":["PiercingWail","Cloak And Dagger"],"picked":"Riddle With Holes","floor":13},{"not_picked":["Dagger Throw","PiercingWail"],"picked":"Backflip","floor":14},{"not_picked":["Wraith Form v2","Die Die Die"],"picked":"A Thousand Cuts","floor":16},{"not_picked":["Reflex","Bane","PiercingWail"],"picked":"SKIP","floor":18},{"not_picked":["Deflect","PiercingWail","Bane"],"picked":"SKIP","floor":19}],"player_experience":927248,"relics_obtained":[{"floor":7,"key":"Blood Vial"},{"floor":9,"key":"Pocketwatch"},{"floor":12,"key":"Ancient Tea Set"},{"floor":14,"key":"Shuriken"}],"event_choices":[{"cards_removed":["Strike_G"],"damage_healed":0,"gold_gain":0,"player_choice":"Card Removal","damage_taken":7,"max_hp_gain":0,"max_hp_loss":0,"event_name":"Golden Wing","floor":2,"gold_loss":0},{"damage_healed":0,"gold_gain":0,"player_choice":"Donut","damage_taken":0,"max_hp_gain":5,"max_hp_loss":0,"event_name":"Big Fish","floor":4,"gold_loss":0},{"damage_healed":0,"gold_gain":0,"player_choice":"Became a vampire (Vial)","damage_taken":0,"max_hp_gain":0,"max_hp_loss":0,"event_name":"Vampires","floor":20,"relics_lost":["Blood Vial"],"gold_loss":0,"cards_obtained":["Bite","Bite","Bite","Bite","Bite"]},{"damage_healed":0,"gold_gain":0,"player_choice":"Shed Blood","damage_taken":25,"max_hp_gain":5,"max_hp_loss":0,"event_name":"Forgotten Altar","floor":21,"gold_loss":0}],"is_beta":false,"boss_relics":[{"not_picked":["Runic Pyramid","Empty Cage"],"picked":"Sozu"}],"items_purged_floors":[3,22],"is_endless":false,"potions_floor_spawned":[1,5,13],"killed_by":"Gremlin Leader","ascension_level":20}}