{"host":"njruw0b0uprlitpx","time":1610341950,"event":{"mods":["2.2 Compatiblity","Bartender","BaseMod","Better Altar","Better Match","Better Note","Better Sensory Stone","Better Skull","Better Third Choice","BetterRewards","Block Reminder","Colored Map","Colored Powertips","Energized Spire","Jedi Mod","Keyboard Shortcuts","Magitek Elite","Minty Spire (QoL Compilation)","Quick Restart","Rare Cards Sparkle","Relic Stats","Replay The Spire","SacredBarkPlus","Spicy Shops","StSLib","SuperFastMode","The Blackbeard","The Bug Knight","The Construct","The Dragon Tamer","The Mystic","The Runesmith","Wandering Minibosses"],"gold_per_floor":[119,35,35,35,48,48,83,83,83,101,26,41,60,77,77,180,130,42,42,59,59,74,74,90,121,172,172,132,147,12,32,32,137,137,50,50,4,0,0,0,25,21,44,79,99,118,131,106,106,6],"floor_reached":51,"playtime":5571,"items_purged":["Strike_L","Normality","Strike_L"],"score":1567,"play_id":"5ae5ca51-4775-42c8-b3ff-13852fa9eaf6","local_time":"20210110231230","is_ascension_mode":true,"campfire_choices":[{"data":"Diamond_Shield2","floor":6,"key":"SMITH"},{"floor":15,"key":"REST"},{"floor":23,"key":"REST"},{"data":"Faith","floor":27,"key":"SMITH"},{"data":"Stop","floor":32,"key":"SMITH"},{"data":"Lightbringer","floor":40,"key":"SMITH"},{"data":"Float2_Spell","floor":49,"key":"SMITH"}],"circlet_count":0,"master_deck":["AscendersBane","Fire2","Ultima+1","Blood_Hilt+1","Rune_Blade","Diamond_Shield2+1","Apotheosis+1","Aero","Drain+1","Bravery","Water","Rune_Blade","Faith+1","Wall","Valor","Drain","Blizzard_P","Gladius","Magnus_Hat","Falchion+1","Stop+1","Gravity","Valor","Cursed_Shield","Water","Float2_Spell+1","Slow","Rasp","Flametongue","Remember","Osmosis+1","Heavy_Shield+1","Gaia_Gear+1","Lightbringer+1","AscendersBane","Thunder_P+2","Dispel","Dispel","Flare","Cursed_Shield+1","Poisona","Flash of Steel","Chrysalis","Faith+1","Transfusion","Icebrand+1","Wall+1","Dark"],"relics":["Pendant","jedi:firstaidkit","jedi:shrinkray","Replay:Wax Seal","Mythril_Glove","Replay:PocketPolymizer","jedi:bottledfury","StrikeDummy","energizedSpire:HugeHouse","Spirit Poop","Nloth\u0027s Gift","MealTicket","Replay:Rubber Ducky","Membership Card","Mummified Hand","Astrolabe","Guide Book","Red Mask","Bag of Marbles","ReplayTheSpireMod:CursedCoin","BargainBundle","Onion Ring","White_Cape","Anchor","Lantern","Vajra","jedi:heavyjacket"],"acts_visited":["Exordium","TheCity","TheBeyond"],"potions_floor_usage":[16,16,16,22,33,41,44,50,50],"damage_taken":[{"damage":0,"enemies":"Cultist","floor":1,"turns":2},{"damage":12,"enemies":"Small Slimes","floor":5,"turns":3},{"damage":24,"enemies":"Replay:BlueRogue","floor":7,"turns":7},{"damage":3,"enemies":"Jaw Worm","floor":10,"turns":3},{"damage":49,"enemies":"Gremlin Nob","floor":11,"turns":5},{"damage":22,"enemies":"Looter","floor":12,"turns":3},{"damage":16,"enemies":"Blue Slaver","floor":13,"turns":5},{"damage":21,"enemies":"2 Fungi Beasts","floor":14,"turns":3},{"damage":29,"enemies":"Slime Boss","floor":16,"turns":8},{"damage":29,"enemies":"3 Byrds","floor":18,"turns":5},{"damage":28,"enemies":"Spheric Guardian","floor":20,"turns":5},{"damage":29,"enemies":"Snake Plant","floor":22,"turns":3},{"damage":36,"enemies":"Sentry and Sphere","floor":24,"turns":5},{"damage":22,"enemies":"Gremlin Leader","floor":25,"turns":7},{"damage":34,"enemies":"Centurion and Healer","floor":29,"turns":6},{"damage":34,"enemies":"Shelled Parasite and Fungi","floor":31,"turns":4},{"damage":14,"enemies":"Champ","floor":33,"turns":9},{"damage":64,"enemies":"3 Shapes","floor":35,"turns":5},{"damage":71,"enemies":"Nemesis","floor":41,"turns":8},{"damage":40,"enemies":"Giant Head","floor":44,"turns":8},{"damage":0,"enemies":"Orb Walker","floor":45,"turns":2},{"damage":7,"enemies":"Jaw Worm Horde","floor":46,"turns":3},{"damage":0,"enemies":"Spire Growth","floor":47,"turns":4},{"damage":0,"enemies":"Awakened One","floor":50,"turns":8}],"seed_played":"6451363680567447004","potions_obtained":[{"floor":5,"key":"SpeedPotion"},{"floor":7,"key":"PowerPotion"},{"floor":12,"key":"Energy Potion"},{"floor":14,"key":"jedi:hoardpotion"},{"floor":18,"key":"Reflective Coating"},{"floor":25,"key":"SteroidPotion"},{"floor":28,"key":"Ancient Potion"},{"floor":28,"key":"jedi:mysterypotion"},{"floor":29,"key":"Energy Potion"},{"floor":31,"key":"Energy Potion"},{"floor":44,"key":"FairyPotion"}],"is_trial":false,"path_per_floor":["M","$","?","?","M","R","E","?","T","M","E","M","M","M","R","B",null,"M","?","M","?","M","R","M","E","T","R","?","M","$","M","R","B",null,"M","?","$","?","?","R","E","$","T","E","M","M","M","$","R","B",null],"character_chosen":"MAGITEKELITE","items_purchased":["Mango","Ultima","jedi:shrinkray","Blood_Hilt","Dream Catcher","Replay:Wax Seal","Diamond_Shield2","CultistPotion","Membership Card","Mummified Hand","Float2_Spell","Slow","Dispel","Guide Book","ReplayTheSpireMod:CursedCoin","BargainBundle","Onion Ring","Poisona","White_Cape","Anchor","Regen Potion","Dexterity Potion","Flash of Steel","Chrysalis","jedi:heavyjacket","Strength Potion"],"campfire_rested":2,"item_purchase_floors":[0,0,0,0,0,2,2,2,30,30,30,30,37,37,42,42,42,42,42,42,42,42,42,42,48,48],"current_hp_per_floor":[71,71,71,71,69,69,77,77,77,77,44,33,37,31,54,56,68,72,72,51,51,35,56,54,72,72,72,72,49,64,64,64,72,72,53,53,68,68,68,68,49,64,64,54,64,72,72,72,72,72],"gold":6,"neow_bonus":"","is_daily":false,"chose_seed":false,"campfire_upgraded":5,"win_rate":0.0,"timestamp":1610341950,"path_taken":["M","$","?","?","M","R","E","?","T","M","E","M","?","M","R","BOSS","M","?","M","?","?","R","?","E","T","R","?","?","$","?","R","BOSS","M","?","$","?","?","R","E","$","T","E","M","?","?","$","R","BOSS"],"items_purchased_type":["Relic","Card","Relic","Card","Relic","Relic","Card","Potion","Relic","Relic","Card","Card","Card","Relic","Relic","Relic","Relic","Card","Relic","Relic","Potion","Potion","Card","Card","Relic","Potion"],"build_version":"2020-12-22","purchased_purges":3,"victory":true,"max_hp_per_floor":[77,77,77,77,77,77,77,77,77,77,77,77,77,77,77,77,72,72,72,72,72,72,72,72,72,72,72,72,72,72,72,72,72,72,72,72,72,72,72,72,72,72,72,72,72,72,72,72,72,72],"relic_stats":{"counters":[29,106],"Mummified Hand":[19],"Astrolabe":["Osmosis","Heavy_Shield","Gaia_Gear"],"MealTicket":45,"Nloth\u0027s Gift":3,"obtain_stats":[{"Lantern":43,"Vajra":37,"White_Cape":42,"Blood Vial":6,"Lizard Tail":43,"Dream Catcher":46,"jedi:paperlyon":34,"Red Mask":24,"Kunai":26,"Guardian:BottledAnomaly":37,"Replay:Bottled Eggs":37,"BargainBundle":42,"Sneakers":0,"ReplayTheSpireMod:Ninjato":19,"NeowsBlessing":0,"ReplayTheSpireMod:CursedCoin":14,"Dead Branch":40,"Counterbalance":42,"Guide Book":37,"Letter Opener":9,"energizedSpire:DeadBattery":17,"Mercury Hourglass":20,"jedi:heavyjacket":48,"Anchor":42,"Onion Ring":42,"Turnip":31,"Bag of Marbles":41,"Membership Card":14,"hexamod:BolsterEngine":13,"StrikeDummy":31},{"Lantern":24,"Vajra":17,"White_Cape":24,"Blood Vial":4,"Lizard Tail":21,"Dream Catcher":22,"jedi:paperlyon":16,"Red Mask":10,"Kunai":10,"Guardian:BottledAnomaly":17,"Replay:Bottled Eggs":17,"BargainBundle":24,"Sneakers":0,"ReplayTheSpireMod:Ninjato":8,"NeowsBlessing":0,"ReplayTheSpireMod:CursedCoin":6,"Dead Branch":20,"Counterbalance":21,"Guide Book":23,"Letter Opener":4,"energizedSpire:DeadBattery":7,"Mercury Hourglass":8,"jedi:heavyjacket":28,"Anchor":24,"Onion Ring":24,"Turnip":15,"Bag of Marbles":24,"Membership Card":6,"hexamod:BolsterEngine":6,"StrikeDummy":15},{"Lantern":81,"Vajra":58,"White_Cape":81,"Blood Vial":12,"Lizard Tail":67,"Dream Catcher":70,"jedi:paperlyon":56,"Red Mask":39,"Kunai":39,"Guardian:BottledAnomaly":58,"Replay:Bottled Eggs":58,"BargainBundle":81,"Sneakers":0,"ReplayTheSpireMod:Ninjato":34,"NeowsBlessing":0,"ReplayTheSpireMod:CursedCoin":22,"Dead Branch":64,"Counterbalance":67,"Guide Book":73,"Letter Opener":12,"energizedSpire:DeadBattery":31,"Mercury Hourglass":34,"jedi:heavyjacket":98,"Anchor":81,"Onion Ring":81,"Turnip":52,"Bag of Marbles":81,"Membership Card":22,"hexamod:BolsterEngine":22,"StrikeDummy":52}]},"card_choices":[{"not_picked":["Gladius","Minerva_Bustier"],"picked":"Rune_Blade","floor":1},{"not_picked":["Cursed_Shield","Icebrand"],"picked":"Aero","floor":5},{"not_picked":["Flametongue","Water"],"picked":"Drain","floor":7},{"not_picked":["Holy","Thunder_P"],"picked":"Bravery","floor":10},{"not_picked":["Heavy_Shield","Meteor"],"picked":"Gaia_Gear","floor":11},{"not_picked":["Crystal_Sword","Break"],"picked":"Water","floor":12},{"not_picked":["Throw","Balance"],"picked":"Rune_Blade","floor":13},{"not_picked":["Meteor","Aero"],"picked":"Faith","floor":14},{"not_picked":["Man_Eater","Throw"],"picked":"Gladius","floor":18},{"not_picked":["Meteor","Poisona"],"picked":"Magnus_Hat","floor":20},{"not_picked":["Astra","Aero"],"picked":"Falchion+1","floor":22},{"not_picked":["Heavy_Shield","Cursed_Shield+1"],"picked":"Gravity","floor":24},{"not_picked":["Holy","Man_Eater"],"picked":"Valor","floor":25},{"not_picked":["Aero","Blood_Hilt"],"picked":"Water","floor":29},{"not_picked":["Protect_M","Gladius"],"picked":"Rasp","floor":31},{"not_picked":["Might","Mama"],"picked":"Remember","floor":33},{"not_picked":["Magnus_Hat+1","Might"],"picked":"Lightbringer","floor":35},{"not_picked":["Vox","Mythril_Knife"],"picked":"Cursed_Shield+1","floor":41},{"not_picked":["Thunder_P","Astra+1"],"picked":"Faith+1","floor":44},{"not_picked":["Crystal_Sword+1","Gladius+1"],"picked":"Transfusion","floor":45},{"not_picked":["Enhancer","Flare"],"picked":"Icebrand+1","floor":46},{"not_picked":["Cursed_Shield+1","Quake+1"],"picked":"Wall+1","floor":47}],"player_experience":1624421,"relics_obtained":[{"floor":7,"key":"Mythril_Glove"},{"floor":9,"key":"jedi:bottledfury"},{"floor":11,"key":"StrikeDummy"},{"floor":25,"key":"MealTicket"},{"floor":26,"key":"Replay:Rubber Ducky"},{"floor":41,"key":"Bag of Marbles"},{"floor":43,"key":"Lantern"},{"floor":44,"key":"Vajra"}],"event_choices":[{"damage_healed":0,"gold_gain":0,"player_choice":"Grow","damage_taken":0,"max_hp_gain":0,"max_hp_loss":0,"event_name":"Living Wall","floor":3,"gold_loss":0,"cards_upgraded":["Blood_Hilt"]},{"damage_healed":71,"gold_gain":0,"player_choice":"Protect","damage_taken":0,"max_hp_gain":0,"max_hp_loss":77,"event_name":"betterThird:BetterShining","floor":4,"gold_loss":1},{"damage_healed":0,"gold_gain":0,"player_choice":"Box","damage_taken":0,"relics_obtained":["Replay:PocketPolymizer"],"max_hp_gain":0,"max_hp_loss":0,"event_name":"Big Fish","floor":8,"gold_loss":0,"cards_obtained":["Regret"]},{"cards_removed":["Regret"],"damage_healed":0,"gold_gain":0,"player_choice":"Offered Curse","damage_taken":0,"relics_obtained":["Spirit Poop"],"max_hp_gain":0,"max_hp_loss":0,"event_name":"Bonfire Elementals","floor":19,"gold_loss":0},{"damage_healed":0,"gold_gain":0,"player_choice":"Traded Relic","damage_taken":0,"relics_obtained":["Nloth\u0027s Gift"],"max_hp_gain":0,"max_hp_loss":0,"event_name":"N\u0027loth","floor":21,"relics_lost":["Mango"],"gold_loss":0},{"damage_healed":0,"gold_gain":0,"player_choice":"Bought 3 Potions","damage_taken":0,"max_hp_gain":0,"max_hp_loss":0,"event_name":"The Woman in Blue","floor":28,"gold_loss":0},{"damage_healed":0,"gold_gain":3,"player_choice":"3","damage_taken":0,"max_hp_gain":0,"max_hp_loss":0,"event_name":"betterStone:BetterStone","floor":36,"gold_loss":0,"cards_obtained":["Thunder_P"]},{"damage_healed":0,"gold_gain":0,"player_choice":"Paid","damage_taken":0,"relics_obtained":["Red Mask"],"max_hp_gain":0,"max_hp_loss":0,"event_name":"Tomb of Lord Red Mask","floor":38,"gold_loss":4},{"cards_removed":["Mama"],"damage_healed":0,"gold_gain":0,"player_choice":"Removed Skill","damage_taken":0,"max_hp_gain":0,"max_hp_loss":0,"event_name":"Falling","floor":39,"gold_loss":0}],"is_beta":false,"boss_relics":[{"not_picked":["Silver_Glasses","Busted Crown"],"picked":"energizedSpire:HugeHouse"},{"not_picked":["energizedSpire:OgreHead","Replay:Drink Me"],"picked":"Astrolabe"}],"items_purged_floors":[37,42,48],"is_endless":false,"potions_floor_spawned":[5,7,12,14,18,25,29,31,44,47],"ascension_level":10}}