{"host":"2ulm0pyp8jok7fk5","time":1610370008,"event":{"mods":["Act Like it!","Arknights The Spire","BaseMod","Decade(Õı–°√˜)","Gensokyo","KinomotoSakuraMod(ƒæ÷Æ±æ”£)","Koishi","Marisa£®ÏF”Í°°ƒß¿Ì…≥£©","Minty Spire (QoL Compilation)","Reimu£®≤©¿ˆ¡È√Œ£©","Remilia£®¿Ÿ√◊¿Ú—«£©","Replay The Spire","Shop Mod","Spicy Shops","StSLib","The Hierophant","The Servant 0.9.4","Waifu the Spire","Youmu£®ªÍ∆«—˝√Œ£©","Yuyuko"],"gold_per_floor":[112,132,149,72,92,92,92],"floor_reached":6,"playtime":208,"items_purged":[],"score":38,"play_id":"597e226a-026d-48e9-9e67-1eafea199426","local_time":"20210111210008","is_ascension_mode":false,"campfire_choices":[],"circlet_count":0,"master_deck":["ats:Strike C","ats:Strike G","ats:Strike S","ats:Strike V","ats:Armor Crushing Shot","ats:Defend","ats:Defend","ats:Defend","ats:Defend","ats:Emotion Absorption","Specialist","ats:Shell Defense","ats:Poison Spread","ats:Flexible Camouflage","ats:Rapid Magazine","ats:Healing Strengthening"],"relics":["ats:Sanity"],"acts_visited":["Exordium"],"potions_floor_usage":[],"damage_taken":[{"damage":5,"enemies":"Cultist","floor":1,"turns":4},{"damage":1,"enemies":"2 Louse","floor":2,"turns":4},{"damage":12,"enemies":"Small Slimes","floor":3,"turns":3},{"damage":8,"enemies":"Red Slaver","floor":5,"turns":4},{"damage":0,"enemies":"Lagavulin","floor":6,"turns":1}],"seed_played":"5339775919971318931","potions_obtained":[{"floor":1,"key":"FairyPotion"},{"floor":2,"key":"Explosive Potion"}],"is_trial":false,"path_per_floor":["M","M","M","$","M","E"],"character_chosen":"DOCTOR_CLASS","items_purchased":["ats:Rapid Magazine"],"campfire_rested":0,"item_purchase_floors":[4],"current_hp_per_floor":[67,66,54,54,48,48,48],"gold":92,"neow_bonus":"RANDOM_COLORLESS","is_daily":false,"chose_seed":false,"campfire_upgraded":0,"win_rate":0.0,"timestamp":1610370008,"path_taken":["M","?","M","$","M","E"],"items_purchased_type":["Card"],"build_version":"2020-12-22","purchased_purges":0,"victory":false,"max_hp_per_floor":[72,72,72,72,72,72,72],"card_choices":[{"not_picked":["Impatience","Discovery"],"picked":"Specialist","floor":0},{"not_picked":["ats:Hook Shot","ats:Explosion Area Strengthen"],"picked":"ats:Shell Defense","floor":1},{"not_picked":["ats:Charging Defense","ats:Curse Doll"],"picked":"ats:Poison Spread","floor":2},{"not_picked":["ats:Thermite Blade","ats:Burning Ground"],"picked":"ats:Flexible Camouflage","floor":3},{"not_picked":["ats:Ignite","ats:Assault Order"],"picked":"ats:Healing Strengthening","floor":5}],"player_experience":68682,"relics_obtained":[],"event_choices":[],"is_beta":false,"boss_relics":[],"items_purged_floors":[],"is_endless":false,"potions_floor_spawned":[1,2],"killed_by":"Lagavulin","ascension_level":0}}