{"host":"eu5wvbbtjeiar27l","time":1610400633,"event":{"mods":["BaseMod","Colored Powertips","Conspire","Hubris","Infinite Spire","Minty Spire (QoL Compilation)","Rare Cards Sparkle","StSLib","vexMod"],"gold_per_floor":[109,123,141,66,66,94,94,108,134,164,227,261,8,19,19,116,116,126,1,21,0,11,42,42,52,52,152,152,167,417,433,433,537,537,553,553,182,197,197,232,247,32,100,120,136,215,232,249,249,249],"floor_reached":51,"playtime":3018,"items_purged":["Strike_B","Strike_B","Meteor Strike","hubris:Prefetch","hubris:Prefetch"],"score":776,"play_id":"160ef33d-6f95-4780-b123-d7753e032312","local_time":"20210111213033","is_ascension_mode":false,"campfire_choices":[{"data":"Barrage","floor":7,"key":"SMITH"},{"data":"Seek","floor":15,"key":"SMITH"},{"data":"Heatsinks","floor":24,"key":"SMITH"},{"floor":28,"key":"REST"},{"floor":32,"key":"REST"},{"data":"Barrage","floor":49,"key":"SMITH"}],"circlet_count":0,"master_deck":["Zap","Dualcast","Lockon","Rainbow","Barrage+1","Barrage+1","Ball Lightning+1","Static Discharge","Seek+1","Barrage+1","Chaos","Barrage+1","Storm+1","Heatsinks+1","Turbo","Chill","Cold Snap+1","infinitespire:FutureSight+1","Electrodynamics","Amplify","Heatsinks+1","Turbo","Ball Lightning","Coolheaded","Barrage+1","Conserve Battery","Steam Power"],"relics":["Cracked Core","Cables","hubris:Potato","PreservedInsect","infinitespire:Golems Mask","hubris:MobiusCoin","Vajra","Whetstone","Pandora\u0027s Box","infinitespire:PuzzleCube","Question Card","Gremlin Horn","StoneCalendar","hubris:DisguiseKit","Unceasing Top","Busted Crown","vexMod:PaidLearning","infinitespire:CursedDice","Runic Capacitor","Meat on the Bone","Molten Egg 2"],"acts_visited":["Exordium","TheCity","TheBeyond"],"potions_floor_usage":[10,16,16,23,27,27,31,33,46,50,50],"damage_taken":[{"damage":0,"enemies":"Cultist","floor":1,"turns":3},{"damage":1,"enemies":"2 Louse","floor":2,"turns":2},{"damage":0,"enemies":"Small Slimes","floor":3,"turns":2},{"damage":11,"enemies":"3 Sentries","floor":6,"turns":5},{"damage":3,"enemies":"3 Louse","floor":8,"turns":2},{"damage":6,"enemies":"Gremlin Nob","floor":10,"turns":3},{"damage":7,"enemies":"Lagavulin Event","floor":11,"turns":3},{"damage":11,"enemies":"Lagavulin","floor":12,"turns":3},{"damage":0,"enemies":"Large Slime","floor":14,"turns":3},{"damage":12,"enemies":"Hexaghost","floor":16,"turns":4},{"damage":10,"enemies":"Chosen","floor":18,"turns":3},{"damage":0,"enemies":"Spheric Guardian","floor":20,"turns":2},{"damage":6,"enemies":"Snecko","floor":22,"turns":3},{"damage":4,"enemies":"Gremlin Leader","floor":23,"turns":4},{"damage":21,"enemies":"Snake Plant","floor":25,"turns":3},{"damage":18,"enemies":"Colosseum Slavers","floor":27,"turns":2},{"damage":3,"enemies":"Colosseum Nobs","floor":27,"turns":3},{"damage":5,"enemies":"3 Cultists","floor":29,"turns":4},{"damage":7,"enemies":"Centurion and Healer","floor":31,"turns":3},{"damage":25,"enemies":"conspire:MysteriousRune","floor":33,"turns":4},{"damage":6,"enemies":"Orb Walker","floor":35,"turns":2},{"damage":0,"enemies":"3 Darklings","floor":38,"turns":2},{"damage":3,"enemies":"Reptomancer","floor":40,"turns":2},{"damage":22,"enemies":"Writhing Mass","floor":41,"turns":3},{"damage":17,"enemies":"Sphere and 2 Shapes","floor":44,"turns":3},{"damage":16,"enemies":"4 Shapes","floor":45,"turns":2},{"damage":31,"enemies":"Nightmare","floor":46,"turns":5},{"damage":18,"enemies":"3 Darklings","floor":47,"turns":2},{"damage":0,"enemies":"Transient","floor":48,"turns":5},{"damage":39,"enemies":"Donu and Deca","floor":50,"turns":4}],"seed_played":"4238202645366346566","potions_obtained":[{"floor":3,"key":"EssenceOfSteel"},{"floor":6,"key":"SteroidPotion"},{"floor":11,"key":"SkillPotion"},{"floor":16,"key":"DuplicationPotion"},{"floor":20,"key":"Block Potion"},{"floor":23,"key":"Block Potion"},{"floor":25,"key":"FocusPotion"},{"floor":27,"key":"DistilledChaos"},{"floor":38,"key":"Block Potion"},{"floor":40,"key":"conspire:TimeTravelPotion"},{"floor":41,"key":"BlessingOfTheForge"},{"floor":48,"key":"CultistPotion"}],"is_trial":false,"path_per_floor":["M","M","M","$","T","E","R","M","T","E","?","E","$","M","R","B",null,"M","$","M","?","M","E","R","M","T","?","R","M","AVR","M","R","B",null,"M","?","$","M","?","E","M","$","T","M","M","NM","M","M","R","B",null],"character_chosen":"DEFECT","items_purchased":["Whetstone","Heatsinks","vexMod:PaidLearning","Runic Capacitor","Ball Lightning","Coolheaded"],"campfire_rested":2,"item_purchase_floors":[13,37,37,42,42,42],"current_hp_per_floor":[68,67,67,67,67,56,56,53,53,47,40,29,29,29,29,17,68,58,58,58,58,52,48,48,27,27,6,26,21,21,14,34,9,68,62,62,62,62,62,59,37,37,37,32,28,53,35,35,35,28],"gold":249,"neow_bonus":"TRANSFORM_TWO_CARDS","is_daily":false,"chose_seed":false,"campfire_upgraded":4,"win_rate":0.0,"timestamp":1610400633,"path_taken":["M","M","?","?","?","E","R","?","T","E","?","E","$","M","R","BOSS","M","$","M","?","M","E","R","M","T","?","R","M","AVR","M","R","BOSS","M","?","$","M","?","E","M","$","T","M","?","NM","M","?","R","BOSS"],"items_purchased_type":["Relic","Card","Relic","Relic","Card","Card"],"build_version":"2020-12-22","purchased_purges":5,"victory":true,"max_hp_per_floor":[68,68,68,68,68,68,68,68,68,68,68,68,68,68,68,68,68,68,68,68,68,68,68,68,68,68,68,68,68,68,68,68,68,68,68,68,68,68,68,68,68,68,68,68,68,68,68,68,68,68],"card_choices":[{"not_picked":["Reprogram","Rebound"],"picked":"Barrage","floor":1},{"not_picked":["Double Energy","FTL"],"picked":"Barrage","floor":2},{"not_picked":["Hologram","Conserve Battery"],"picked":"Ball Lightning","floor":3},{"not_picked":["hubris:PowerSurge","Doom and Gloom"],"picked":"Static Discharge","floor":6},{"not_picked":["Redo","Go for the Eyes"],"picked":"Cold Snap","floor":8},{"not_picked":["Sweeping Beam","Rebound","Steam"],"picked":"SKIP","floor":10},{"not_picked":["Steam","Undo"],"picked":"Seek","floor":11},{"not_picked":["Hyperbeam","Redo","Compile Driver"],"picked":"SKIP","floor":12},{"not_picked":["Recycle","Sweeping Beam"],"picked":"Barrage","floor":14},{"not_picked":["Compile Driver+1","Turbo","Redo"],"picked":"SKIP","floor":18},{"not_picked":["Scrape+1","Streamline"],"picked":"Barrage+1","floor":20},{"not_picked":["Turbo","Leap"],"picked":"Storm+1","floor":22},{"not_picked":["Rebound","Hologram"],"picked":"Heatsinks","floor":23},{"not_picked":["Skim","Sweeping Beam","Ball Lightning"],"picked":"Turbo","floor":25},{"not_picked":["Sweeping Beam","Chaos","Heatsinks"],"picked":"Chill","floor":27},{"not_picked":["Compile Driver","Hologram","Gash","hubris:Counter"],"picked":"Cold Snap+1","floor":29},{"not_picked":["Go for the Eyes","Hologram","Hello World","PiercingWail"],"picked":"Electrodynamics","floor":31},{"not_picked":["Biased Cognition","hubris:Prefetch","Meteor Strike","Glass Knife"],"picked":"Amplify","floor":33},{"not_picked":["Rip and Tear+1","Rebound","Blade Dance"],"picked":"SKIP","floor":35},{"not_picked":["Streamline","Infinite Blades"],"picked":"Turbo","floor":38},{"not_picked":["Sweeping Beam+1","Rebound","Poisoned Stab"],"picked":"SKIP","floor":40},{"not_picked":["Hologram","All For One","Poisoned Stab"],"picked":"SKIP","floor":41},{"not_picked":["Coolheaded","PiercingWail"],"picked":"Barrage","floor":44},{"not_picked":["Leap+1","Go for the Eyes+1","Noxious Fumes"],"picked":"SKIP","floor":45},{"not_picked":["Multi-Cast","Outmaneuver"],"picked":"Conserve Battery","floor":46},{"not_picked":["Leap+1","hubris:Counter"],"picked":"Steam Power","floor":47},{"not_picked":["Compile Driver+1","Tempest","Infinite Blades"],"picked":"SKIP","floor":48}],"player_experience":75394,"relics_obtained":[{"floor":5,"key":"Cables"},{"floor":6,"key":"hubris:Potato"},{"floor":9,"key":"PreservedInsect"},{"floor":10,"key":"infinitespire:Golems Mask"},{"floor":12,"key":"Vajra"},{"floor":23,"key":"Question Card"},{"floor":26,"key":"Gremlin Horn"},{"floor":27,"key":"StoneCalendar"},{"floor":27,"key":"hubris:DisguiseKit"},{"floor":40,"key":"infinitespire:CursedDice"},{"floor":43,"key":"Meat on the Bone"},{"floor":46,"key":"Molten Egg 2"}],"event_choices":[{"damage_healed":0,"gold_gain":0,"player_choice":"Searched \u00272\u0027 times","damage_taken":0,"relics_obtained":["hubris:MobiusCoin"],"max_hp_gain":0,"max_hp_loss":0,"event_name":"Dead Adventurer","floor":11,"gold_loss":0},{"damage_healed":0,"gold_gain":0,"player_choice":"Fight","damage_taken":0,"max_hp_gain":0,"max_hp_loss":0,"event_name":"Colosseum","floor":27,"gold_loss":0},{"damage_healed":0,"gold_gain":0,"player_choice":"Fought Nobs","damage_taken":0,"max_hp_gain":0,"max_hp_loss":0,"event_name":"Colosseum","floor":27,"gold_loss":0},{"cards_removed":["Cold Snap"],"damage_healed":0,"gold_gain":0,"player_choice":"Card Removal","damage_taken":0,"max_hp_gain":0,"max_hp_loss":0,"event_name":"Wheel of Change","floor":39,"gold_loss":0}],"is_beta":false,"boss_relics":[{"not_picked":["Ectoplasm","vexMod:CursedCompass"],"picked":"Pandora\u0027s Box"},{"not_picked":["vexMod:EndlessSickness","conspire:SlowCooker"],"picked":"Busted Crown"}],"items_purged_floors":[4,13,19,30,37],"is_endless":false,"potions_floor_spawned":[3,6,11,16,20,23,25,27,38,40,41,48],"ascension_level":0}}