{"host":"kig4ty9d1aubg29s","time":1610368479,"event":{"mods":["BaseMod","Minty Spire (QoL Compilation)","READ ME - Guardian Mod","READ ME - Snecko Mod","StSLib","The Cursed","The Gatherer","The Hierophant","The Runesmith"],"gold_per_floor":[112,77,77,91,91,91,101,131,183,183,200,200,37,50,50,50,50],"floor_reached":16,"playtime":362,"items_purged":[],"score":200,"play_id":"aacb0eae-be5c-4750-8107-0d9345ccf6ae","local_time":"20210111213439","is_ascension_mode":true,"campfire_choices":[{"data":"Storm","floor":6,"key":"SMITH"},{"floor":10,"key":"REST"},{"data":"Storm","floor":15,"key":"SMITH"}],"circlet_count":0,"master_deck":["AscendersBane","Strike_B","Strike_B","Strike_B","Strike_B","Defend_B","Defend_B","Defend_B","Defend_B","Zap","Dualcast","Biased Cognition","Gash","Storm+1","Storm+1","Compile Driver","Heatsinks","Sweeping Beam","Steam"],"relics":["Cracked Core","Pantograph","Runesmith:AutoHammer","Dream Catcher","InkBottle","Bag of Preparation"],"acts_visited":["Exordium"],"potions_floor_usage":[8],"damage_taken":[{"damage":7,"enemies":"Jaw Worm","floor":1,"turns":2},{"damage":5,"enemies":"2 Louse","floor":4,"turns":2},{"damage":0,"enemies":"Cultist","floor":7,"turns":2},{"damage":15,"enemies":"3 Sentries","floor":8,"turns":4},{"damage":13,"enemies":"Exordium Thugs","floor":11,"turns":3},{"damage":12,"enemies":"Lots of Slimes","floor":14,"turns":2},{"damage":68,"enemies":"Hexaghost","floor":16,"turns":8}],"seed_played":"3740147378624320285","potions_obtained":[{"floor":7,"key":"GamblersBrew"},{"floor":8,"key":"LiquidBronze"}],"is_trial":false,"path_per_floor":["M","?","?","M","T","R","M","E","T","R","M","T","$","M","R","B"],"character_chosen":"DEFECT","items_purchased":["Bag of Preparation"],"campfire_rested":1,"item_purchase_floors":[13],"current_hp_per_floor":[57,71,67,62,62,62,62,47,47,68,55,55,55,43,43,0,0],"gold":50,"neow_bonus":"ONE_RANDOM_RARE_CARD","is_daily":false,"chose_seed":false,"campfire_upgraded":2,"win_rate":0.0,"timestamp":1610368479,"path_taken":["M","?","?","?","?","R","M","E","T","R","?","?","?","?","R","BOSS"],"items_purchased_type":["Relic"],"build_version":"2020-12-22","purchased_purges":0,"victory":false,"max_hp_per_floor":[71,71,71,71,71,71,71,71,71,71,71,71,71,71,71,71,71],"card_choices":[{"not_picked":["Auto Shields","Reinforced Body"],"picked":"Gash","floor":1},{"not_picked":["Cold Snap","Barrage"],"picked":"Storm","floor":4},{"not_picked":["Barrage","Hologram"],"picked":"Storm","floor":7},{"not_picked":["Genetic Algorithm","Turbo"],"picked":"Compile Driver","floor":8},{"not_picked":["Gash","Tempest"],"picked":"Heatsinks","floor":10},{"not_picked":["Streamline","Rebound"],"picked":"Sweeping Beam","floor":11},{"not_picked":["Leap","Beam Cell"],"picked":"Steam","floor":14}],"player_experience":1936353,"relics_obtained":[{"floor":5,"key":"Pantograph"},{"floor":8,"key":"Runesmith:AutoHammer"},{"floor":9,"key":"Dream Catcher"},{"floor":12,"key":"InkBottle"}],"event_choices":[{"damage_healed":17,"gold_gain":0,"player_choice":"Healed","damage_taken":0,"max_hp_gain":0,"max_hp_loss":0,"event_name":"The Cleric","floor":2,"gold_loss":35},{"damage_healed":0,"gold_gain":0,"player_choice":"Bought 0 Potions","damage_taken":0,"max_hp_gain":0,"max_hp_loss":0,"event_name":"The Woman in Blue","floor":3,"gold_loss":0}],"is_beta":false,"boss_relics":[],"items_purged_floors":[],"is_endless":false,"potions_floor_spawned":[7,8],"killed_by":"Hexaghost","ascension_level":20}}