{"host":"g01l53quoe6lrer0","time":1610371358,"event":{"mods":["2.2 Compatiblity","AchievementEnabler","BaseMod","Colored Map","Highlight Path","Keyboard Shortcuts","Minty Spire (QoL Compilation)","Permanent Neow","StSLib","SuperFastMode","everything is the same but u backflip on backflip"],"gold_per_floor":[116,116,116,41,58,83,83,98,123,123,123,140,140,0,0,99,99,112,96,96,113,113,113,113,132,132,132,132,35,66,82,82,82,82],"floor_reached":33,"playtime":1074,"items_purged":["Strike_B"],"score":432,"play_id":"4da55a45-ada8-400b-b38a-638e49213c95","local_time":"20210111222238","is_ascension_mode":true,"campfire_choices":[{"data":"Dualcast","floor":7.0,"key":"SMITH"},{"data":"Go for the Eyes","floor":10.0,"key":"SMITH"},{"floor":13.0,"key":"REST"},{"data":"Hologram","floor":15.0,"key":"SMITH"},{"data":"Gash","floor":23.0,"key":"SMITH"},{"floor":24.0,"key":"REST"},{"data":"Core Surge","floor":27.0,"key":"SMITH"},{"floor":28.0,"key":"REST"},{"data":"Beam Cell","floor":32,"key":"SMITH"}],"circlet_count":0,"master_deck":["AscendersBane","Strike_B+1","Strike_B+1","Strike_B","Defend_B+1","Defend_B","Defend_B","Zap+1","Dualcast+1","All For One+1","Leap","Hologram+1","Undo","Go for the Eyes+1","BootSequence","Flash of Steel","Conserve Battery","Core Surge+1","CurseOfTheBell","Gash+1","Stack","Gash","Steam+1","Skim+1","Gash","Rebound","Beam Cell+1"],"relics":["Cracked Core","Whetstone","Potion Belt","Calling Bell","Juzu Bracelet","Question Card","WingedGreaves","Bottled Flame","Blood Vial"],"acts_visited":["Exordium","TheCity"],"potions_floor_usage":[33,33],"damage_taken":[{"damage":7.0,"enemies":"Jaw Worm","floor":1.0,"turns":3.0},{"damage":2.0,"enemies":"Small Slimes","floor":5.0,"turns":3.0},{"damage":20.0,"enemies":"3 Sentries","floor":6.0,"turns":7.0},{"damage":5.0,"enemies":"2 Louse","floor":8.0,"turns":3.0},{"damage":0.0,"enemies":"Large Slime","floor":12.0,"turns":5.0},{"damage":8.0,"enemies":"The Guardian","floor":16.0,"turns":13.0},{"damage":14.0,"enemies":"Spheric Guardian","floor":18.0,"turns":4.0},{"damage":2.0,"enemies":"2 Thieves","floor":19.0,"turns":4.0},{"damage":22.0,"enemies":"Centurion and Healer","floor":21.0,"turns":5.0},{"damage":14.0,"enemies":"Snake Plant","floor":25.0,"turns":4.0},{"damage":0.0,"enemies":"Gremlin Leader","floor":30.0,"turns":5.0},{"damage":10,"enemies":"3 Cultists","floor":31,"turns":4},{"damage":60,"enemies":"Collector","floor":33,"turns":6}],"seed_played":"-6313991223635375159","potions_obtained":[{"floor":1.0,"key":"DistilledChaos"},{"floor":12.0,"key":"SneckoOil"},{"floor":19.0,"key":"LiquidBronze"},{"floor":25.0,"key":"Fire Potion"},{"floor":30,"key":"BlessingOfTheForge"}],"is_trial":false,"path_per_floor":["M","?","?","$","M","E","R","M","T","R","?","M","R","$","R","B",null,"M","M","?","M","?","R","R","M","T","R","R","$","E","M","R","B"],"character_chosen":"DEFECT","items_purchased":["Flash of Steel","Conserve Battery","Gash","AttackPotion"],"campfire_rested":3,"item_purchase_floors":[14,14,29,29],"current_hp_per_floor":[61,61,46,46,44,24,24,19,19,19,12,12,34,34,34,26,63,49,47,47,25,25,25,47,33,33,33,55,55,55,47,47,0,0],"gold":82,"neow_bonus":"ONE_RANDOM_RARE_CARD","is_daily":false,"chose_seed":false,"campfire_upgraded":6,"win_rate":0.0,"timestamp":1610371358,"path_taken":["M","?","?","$","M","E","R","M","T","R","?","M","R","$","R","BOSS","M","M","?","M","?","R","R","M","T","R","R","$","E","M","R","R","BOSS"],"items_purchased_type":["Card","Card","Card","Potion"],"build_version":"2020-12-22","purchased_purges":1,"victory":false,"max_hp_per_floor":[75,75,75,75,75,75,75,75,75,75,75,75,75,75,75,75,75,75,75,75,75,75,75,75,75,75,75,75,75,75,75,75,75,75],"card_choices":[{"not_picked":["Cold Snap","Coolheaded"],"picked":"Leap","floor":1.0},{"not_picked":["Melter","Sweeping Beam"],"picked":"Hologram","floor":5.0},{"not_picked":["Electrodynamics","Storm"],"picked":"Undo","floor":6.0},{"not_picked":["Sweeping Beam","Coolheaded"],"picked":"Go for the Eyes","floor":8.0},{"not_picked":["Darkness","Ball Lightning"],"picked":"BootSequence","floor":12.0},{"not_picked":["Biased Cognition","Amplify"],"picked":"Core Surge","floor":16.0},{"not_picked":["Cold Snap+1","Thunder Strike","Beam Cell"],"picked":"Gash","floor":18.0},{"not_picked":["Loop","Chaos","Rip and Tear"],"picked":"Stack","floor":19.0},{"not_picked":["Leap","Hologram+1","Go for the Eyes"],"picked":"Steam+1","floor":21.0},{"not_picked":["Undo+1","Auto Shields","Hologram"],"picked":"Skim+1","floor":25.0},{"not_picked":["Static Discharge","Chill+1","Hello World"],"picked":"Rebound","floor":30},{"not_picked":["Chill+1","Coolheaded","Tempest"],"picked":"Beam Cell","floor":31}],"player_experience":138252,"relics_obtained":[{"floor":6.0,"key":"Whetstone"},{"floor":9.0,"key":"Potion Belt"},{"floor":17.0,"key":"Juzu Bracelet"},{"floor":17.0,"key":"Question Card"},{"floor":17.0,"key":"WingedGreaves"},{"floor":26.0,"key":"Bottled Flame"},{"floor":30,"key":"Blood Vial"}],"event_choices":[{"damage_healed":0.0,"max_hp_gain":0.0,"max_hp_loss":0.0,"gold_gain":0.0,"event_name":"Living Wall","player_choice":"Grow","floor":2.0,"gold_loss":0.0,"damage_taken":0.0,"cards_upgraded":["Zap"]},{"damage_healed":0.0,"max_hp_gain":0.0,"max_hp_loss":0.0,"gold_gain":0.0,"event_name":"Shining Light","player_choice":"Entered Light","floor":3.0,"gold_loss":0.0,"damage_taken":15.0,"cards_upgraded":["Strike_B","Defend_B"]},{"cards_removed":["Defend_B"],"damage_healed":0.0,"max_hp_gain":0.0,"max_hp_loss":0.0,"gold_gain":0.0,"event_name":"Golden Wing","player_choice":"Card Removal","floor":11.0,"gold_loss":0.0,"damage_taken":7.0},{"damage_healed":0.0,"max_hp_gain":0.0,"max_hp_loss":0.0,"gold_gain":0.0,"event_name":"The Library","player_choice":"Read","floor":20.0,"gold_loss":0.0,"damage_taken":0.0,"cards_obtained":["Gash"]},{"damage_healed":0.0,"max_hp_gain":0.0,"max_hp_loss":0.0,"gold_gain":0.0,"event_name":"Cursed Tome","player_choice":"Ignored","floor":22.0,"gold_loss":0.0,"damage_taken":0.0}],"is_beta":false,"boss_relics":[{"not_picked":["Snecko Eye","Runic Dome"],"picked":"Calling Bell"}],"items_purged_floors":[4],"is_endless":false,"potions_floor_spawned":[1,12,19,25,30],"killed_by":"Collector","ascension_level":10}}