{"host":"0tiuc76yumknr6qf","time":1610324966,"event":{"mods":["BaseMod","Colored Map","Highlight Path","Jedi Mod","Minty Spire (QoL Compilation)","StSLib"],"gold_per_floor":[99,99,99,99,99,99,99,99,99,59,59,59,59,59,59,59,59,59,59,59,59,59,59,59,59,59,59,59,59,59,59,59,59,59,59,59,59,0,0,0,0,0,0,0,0,0,0,0,0,0,0,0,0,0,0,0,0],"floor_reached":56,"playtime":4552,"items_purged":[],"score":2174,"play_id":"8fe771a8-5a60-450f-9156-ad9f83c9a729","local_time":"20210110182926","is_ascension_mode":true,"campfire_choices":[{"data":"jedi:BurstLightning","floor":6.0,"key":"SMITH"},{"data":"Zap","floor":8.0,"key":"SMITH"},{"data":"Rainbow","floor":11.0,"key":"SMITH"},{"data":"jedi:studyfrost","floor":15.0,"key":"SMITH"},{"data":"Redo","floor":23.0,"key":"SMITH"},{"data":"Buffer","floor":28.0,"key":"SMITH"},{"data":"Strike_B","floor":32.0,"key":"PURGE"},{"data":"Buffer","floor":42.0,"key":"SMITH"},{"floor":45.0,"key":"RECALL"},{"data":"jedi:gatheringstorm","floor":49.0,"key":"SMITH"},{"data":"Chill","floor":53,"key":"SMITH"}],"circlet_count":0,"master_deck":["AscendersBane","Strike_B","Strike_B","Strike_B","Defend_B","Defend_B","Defend_B","Defend_B","Zap+1","Dualcast","jedi:BurstLightning+1","Cold Snap","Self Repair","Rainbow+1","BootSequence","Redo+1","jedi:studyfrost+1","Electrodynamics","jedi:blockon+1","Buffer+1","jedi:overflow","Recycle","Buffer+1","Go for the Eyes+1","Biased Cognition","jedi:gatheringstorm+1","Chill+1","Coolheaded"],"relics":["Ectoplasm","jedi:crownofsimplicity","Letter Opener","DataDisk","Happy Flower","Runic Pyramid","CeramicFish","jedi:superconductor","PreservedInsect","Peace Pipe","jedi:archwizardhat","Inserter","Prayer Wheel","Red Mask","The Courier","MealTicket","Turnip","Anchor"],"acts_visited":["Exordium","TheCity","TheBeyond","TheEnding"],"potions_floor_usage":[51,51],"damage_taken":[{"damage":1.0,"enemies":"Cultist","floor":1.0,"turns":4.0},{"damage":2.0,"enemies":"2 Louse","floor":3.0,"turns":2.0},{"damage":0.0,"enemies":"Small Slimes","floor":5.0,"turns":2.0},{"damage":6.0,"enemies":"Gremlin Nob","floor":7.0,"turns":3.0},{"damage":1.0,"enemies":"Looter","floor":10.0,"turns":3.0},{"damage":3.0,"enemies":"3 Sentries","floor":12.0,"turns":5.0},{"damage":2.0,"enemies":"Lots of Slimes","floor":13.0,"turns":3.0},{"damage":5.0,"enemies":"Gremlin Gang","floor":14.0,"turns":3.0},{"damage":33.0,"enemies":"Hexaghost","floor":16.0,"turns":8.0},{"damage":0.0,"enemies":"Chosen","floor":18.0,"turns":3.0},{"damage":0.0,"enemies":"Spheric Guardian","floor":21.0,"turns":4.0},{"damage":2.0,"enemies":"Snake Plant","floor":22.0,"turns":3.0},{"damage":18.0,"enemies":"Slavers","floor":24.0,"turns":3.0},{"damage":0.0,"enemies":"Cultist and Chosen","floor":25.0,"turns":4.0},{"damage":0.0,"enemies":"Book of Stabbing","floor":27.0,"turns":4.0},{"damage":0.0,"enemies":"Shelled Parasite and Fungi","floor":29.0,"turns":3.0},{"damage":0.0,"enemies":"Colosseum Slavers","floor":31.0,"turns":4.0},{"damage":0.0,"enemies":"Colosseum Nobs","floor":31.0,"turns":4.0},{"damage":0.0,"enemies":"Champ","floor":33.0,"turns":7.0},{"damage":0.0,"enemies":"Orb Walker","floor":35.0,"turns":4.0},{"damage":0.0,"enemies":"Mind Bloom Boss Battle","floor":36.0,"turns":7.0},{"damage":6.0,"enemies":"3 Darklings","floor":37.0,"turns":4.0},{"damage":5.0,"enemies":"Transient","floor":39.0,"turns":6.0},{"damage":0.0,"enemies":"Reptomancer","floor":40.0,"turns":4.0},{"damage":11.0,"enemies":"Jaw Worm Horde","floor":41.0,"turns":4.0},{"damage":2.0,"enemies":"Nemesis","floor":44.0,"turns":5.0},{"damage":0.0,"enemies":"4 Shapes","floor":47.0,"turns":3.0},{"damage":0.0,"enemies":"Giant Head","floor":48.0,"turns":6.0},{"damage":50.0,"enemies":"Donu and Deca","floor":50.0,"turns":9.0},{"damage":10,"enemies":"Awakened One","floor":51,"turns":15},{"damage":11,"enemies":"Shield and Spear","floor":55,"turns":5},{"damage":75,"enemies":"The Heart","floor":56,"turns":6}],"seed_played":"-7204242132762522711","potions_obtained":[{"floor":1.0,"key":"jedi:StrikingPotion"},{"floor":10.0,"key":"PowerPotion"},{"floor":12.0,"key":"SneckoOil"},{"floor":24.0,"key":"Regen Potion"},{"floor":31.0,"key":"FocusPotion"}],"is_trial":false,"path_per_floor":["M","T","M","?","M","R","E","R","T","M","R","E","M","M","R","B",null,"M","?","?","M","M","R","E","M","T","E","R","M","$","?","R","B",null,"M","?","M","?","M","E","M","R","T","E","R","?","M","E","R","B","B",null,"R","$","E","B"],"character_chosen":"DEFECT","items_purchased":[],"campfire_rested":0,"item_purchase_floors":[],"current_hp_per_floor":[63,63,61,66,66,66,67,67,67,73,73,76,76,76,76,50,70,70,70,70,70,68,68,50,50,50,57,57,57,57,57,57,64,73,73,76,76,76,76,76,72,72,72,76,76,76,76,76,76,33,38,67,67,76,72,0,0],"gold":0,"neow_bonus":"BOSS_RELIC","is_daily":false,"chose_seed":false,"campfire_upgraded":9,"win_rate":0.0,"timestamp":1610324966,"path_taken":["M","?","M","?","M","R","E","R","T","M","R","E","M","M","R","BOSS","M","?","?","?","M","R","E","?","T","E","R","M","?","?","R","BOSS","M","?","M","?","?","E","?","R","T","E","R","?","?","E","R","BOSS","BOSS","R","$","E","BOSS"],"items_purchased_type":[],"build_version":"2020-12-22","purchased_purges":0,"victory":false,"max_hp_per_floor":[71,71,71,76,76,76,76,76,76,76,76,76,76,76,76,76,76,76,76,76,76,76,76,76,76,76,76,76,76,76,76,76,76,76,76,76,76,76,76,76,76,76,76,76,76,76,76,76,76,76,76,76,76,76,76,76,76],"card_choices":[{"not_picked":["Heatsinks","Beam Cell"],"picked":"jedi:BurstLightning","floor":1.0},{"not_picked":["Conserve Battery","Auto Shields"],"picked":"Cold Snap","floor":3.0},{"not_picked":["Streamline","Hologram"],"picked":"Self Repair","floor":5.0},{"not_picked":["Rebound","jedi:BurstFrost"],"picked":"Rainbow","floor":7.0},{"not_picked":["Ball Lightning","Sweeping Beam"],"picked":"BootSequence","floor":10.0},{"not_picked":["Hello World","Rebound"],"picked":"Redo","floor":12.0},{"not_picked":["jedi:blockon","Redo"],"picked":"jedi:studyfrost","floor":13.0},{"not_picked":["Barrage","Beam Cell","Doom and Gloom"],"picked":"SKIP","floor":14.0},{"not_picked":["Multi-Cast","Fission"],"picked":"Electrodynamics","floor":16.0},{"not_picked":["Sweeping Beam","Tempest","Go for the Eyes"],"picked":"SKIP","floor":18.0},{"not_picked":["jedi:BurstLightning+1","Gash"],"picked":"jedi:blockon+1","floor":21.0},{"not_picked":["Stack","jedi:BurstFrost","jedi:blockon"],"picked":"SKIP","floor":22.0},{"not_picked":["Storm","BootSequence"],"picked":"Buffer","floor":24.0},{"not_picked":["Chaos","Ball Lightning+1","Streamline"],"picked":"SKIP","floor":25.0},{"not_picked":["Go for the Eyes","Compile Driver","Cold Snap"],"picked":"SKIP","floor":27.0},{"not_picked":["Storm","Beam Cell"],"picked":"jedi:overflow","floor":29.0},{"not_picked":["Static Discharge","Leap"],"picked":"Recycle","floor":31.0},{"not_picked":["jedi:readyaimfire","jedi:gatheringstorm"],"picked":"Buffer","floor":33.0},{"not_picked":["Lockon+1","Aggregate","Coolheaded"],"picked":"SKIP","floor":35.0},{"not_picked":["Steam","Ball Lightning"],"picked":"Go for the Eyes+1","floor":37.0},{"not_picked":["Leap","Turbo","Hello World"],"picked":"SKIP","floor":37.0},{"not_picked":["jedi:reiji","Ball Lightning","Blizzard"],"picked":"SKIP","floor":39.0},{"not_picked":["Gash","Cold Snap+1","Sweeping Beam"],"picked":"SKIP","floor":39.0},{"not_picked":["Self Repair","jedi:spotbugs","Force Field"],"picked":"SKIP","floor":40.0},{"not_picked":["Undo","Stack+1"],"picked":"Biased Cognition","floor":41.0},{"not_picked":["Hello World","Aggregate","Steam"],"picked":"SKIP","floor":41.0},{"not_picked":["Turbo+1","Aggregate","Rip and Tear"],"picked":"SKIP","floor":44.0},{"not_picked":["jedi:hex","jedi:BurstLightning"],"picked":"Chill","floor":47.0},{"not_picked":["Rebound+1","Melter","Beam Cell"],"picked":"SKIP","floor":47.0},{"not_picked":["Conserve Battery","jedi:darknesscall","Sunder"],"picked":"SKIP","floor":48.0},{"not_picked":["Fusion+1","Aggregate"],"picked":"Coolheaded","floor":55}],"player_experience":1853967,"relics_obtained":[{"floor":2.0,"key":"jedi:crownofsimplicity"},{"floor":7.0,"key":"Letter Opener"},{"floor":9.0,"key":"DataDisk"},{"floor":12.0,"key":"Happy Flower"},{"floor":24.0,"key":"CeramicFish"},{"floor":26.0,"key":"jedi:superconductor"},{"floor":27.0,"key":"PreservedInsect"},{"floor":31.0,"key":"Peace Pipe"},{"floor":31.0,"key":"jedi:archwizardhat"},{"floor":36.0,"key":"Prayer Wheel"},{"floor":40.0,"key":"The Courier"},{"floor":44.0,"key":"MealTicket"},{"floor":48.0,"key":"Turnip"},{"floor":55,"key":"Anchor"}],"event_choices":[{"damage_healed":0.0,"max_hp_gain":5.0,"max_hp_loss":0.0,"gold_gain":0.0,"event_name":"Big Fish","player_choice":"Donut","floor":4.0,"gold_loss":0.0,"damage_taken":0.0},{"damage_healed":0.0,"max_hp_gain":0.0,"max_hp_loss":0.0,"gold_gain":0.0,"event_name":"Ghosts","player_choice":"Ignored","floor":19.0,"gold_loss":0.0,"damage_taken":0.0},{"damage_healed":0.0,"max_hp_gain":0.0,"max_hp_loss":0.0,"gold_gain":0.0,"event_name":"N\u0027loth","player_choice":"Ignored","floor":20.0,"gold_loss":0.0,"damage_taken":0.0},{"damage_healed":0.0,"max_hp_gain":0.0,"max_hp_loss":0.0,"gold_gain":0.0,"event_name":"Colosseum","player_choice":"Fight","floor":31.0,"gold_loss":0.0,"damage_taken":0.0},{"damage_healed":0.0,"max_hp_gain":0.0,"max_hp_loss":0.0,"gold_gain":0.0,"event_name":"Colosseum","player_choice":"Fought Nobs","floor":31.0,"gold_loss":0.0,"damage_taken":0.0},{"damage_healed":0.0,"max_hp_gain":0.0,"max_hp_loss":0.0,"gold_gain":0.0,"event_name":"MindBloom","player_choice":"Fight","floor":36.0,"gold_loss":0.0,"damage_taken":0.0},{"damage_healed":0.0,"max_hp_gain":0.0,"max_hp_loss":0.0,"gold_gain":0.0,"event_name":"Tomb of Lord Red Mask","player_choice":"Paid","floor":38.0,"gold_loss":59.0,"damage_taken":0.0,"relics_obtained":["Red Mask"]},{"damage_healed":0.0,"max_hp_gain":0.0,"max_hp_loss":0.0,"gold_gain":0.0,"event_name":"Match and Keep!","player_choice":"1 cards matched","floor":46.0,"gold_loss":0.0,"damage_taken":0.0,"cards_obtained":["jedi:gatheringstorm"]}],"is_beta":false,"boss_relics":[{"not_picked":["Empty Cage","Coffee Dripper"],"picked":"Runic Pyramid"},{"not_picked":["Snecko Eye","Velvet Choker"],"picked":"Inserter"}],"items_purged_floors":[],"is_endless":false,"potions_floor_spawned":[1,10,12,13,18,24,25,31,33,37,40,47,55],"killed_by":"The Heart","ascension_level":20}}