{"host":"tnsigirk6wurdark","time":1610356235,"event":{"mods":["BaseMod","Colored Map","Colored Powertips","DeckTracker","Highlight Path","Minty Spire (QoL Compilation)","Quick Restart","Relic Sorter","StSLib","SuperFastMode","Synergy Search"],"gold_per_floor":[109,109,19,31,46,72,72,95,120,120,130,130,130],"floor_reached":12,"playtime":700,"items_purged":[],"score":133,"play_id":"13314de7-d18d-4681-b239-f2c8dfa85e06","local_time":"20210111091035","is_ascension_mode":true,"campfire_choices":[{"data":"Leg Sweep","floor":7,"key":"SMITH"},{"floor":10,"key":"REST"}],"circlet_count":0,"master_deck":["AscendersBane","Strike_G","Strike_G","Strike_G","Strike_G","Strike_G","Defend_G","Defend_G","Defend_G","Defend_G","Defend_G","Survivor","Neutralize","Quick Slash","Leg Sweep+1","Quick Slash","Bullet Time"],"relics":["Ring of the Snake","Lantern","Odd Mushroom","Happy Flower"],"acts_visited":["Exordium"],"potions_floor_usage":[6,12,12],"damage_taken":[{"damage":1,"enemies":"Small Slimes","floor":1,"turns":8},{"damage":0,"enemies":"Jaw Worm","floor":4,"turns":5},{"damage":0,"enemies":"2 Louse","floor":5,"turns":3},{"damage":34,"enemies":"Gremlin Nob","floor":6,"turns":6},{"damage":21,"enemies":"The Mushroom Lair","floor":8,"turns":7},{"damage":0,"enemies":"Large Slime","floor":11,"turns":7},{"damage":30,"enemies":"Lagavulin","floor":12,"turns":11}],"seed_played":"7015117819966903313","potions_obtained":[{"floor":5,"key":"Poison Potion"},{"floor":8,"key":"GhostInAJar"},{"floor":11,"key":"DuplicationPotion"}],"is_trial":false,"path_per_floor":["M","?","$","M","M","E","R","?","T","R","M","E"],"character_chosen":"THE_SILENT","items_purchased":["Leg Sweep","Quick Slash"],"campfire_rested":1,"item_purchase_floors":[3,3],"current_hp_per_floor":[64,64,64,64,64,30,30,9,9,30,30,0,0],"gold":130,"neow_bonus":"TEN_PERCENT_HP_BONUS","is_daily":false,"chose_seed":false,"campfire_upgraded":1,"win_rate":0.0,"timestamp":1610356235,"path_taken":["M","?","$","M","M","E","R","?","T","R","M","E"],"items_purchased_type":["Card","Card"],"build_version":"2020-12-22","purchased_purges":0,"victory":false,"max_hp_per_floor":[72,72,72,72,72,72,72,72,72,72,72,72,72],"card_choices":[{"not_picked":["Backflip","Backstab"],"picked":"Quick Slash","floor":1},{"not_picked":["Quick Slash","Cloak And Dagger"],"picked":"Bullet Time","floor":4},{"not_picked":["Acrobatics","Poisoned Stab","Riddle With Holes"],"picked":"SKIP","floor":5},{"not_picked":["Well Laid Plans","Bane","Masterful Stab"],"picked":"SKIP","floor":6},{"not_picked":["Eviscerate","Masterful Stab","Dagger Spray"],"picked":"SKIP","floor":11}],"player_experience":666173,"relics_obtained":[{"floor":6,"key":"Lantern"},{"floor":8,"key":"Odd Mushroom"},{"floor":9,"key":"Happy Flower"}],"event_choices":[{"damage_healed":0,"gold_gain":0,"player_choice":"Ignored","damage_taken":0,"max_hp_gain":0,"max_hp_loss":0,"event_name":"Shining Light","floor":2,"gold_loss":0},{"damage_healed":0,"gold_gain":0,"player_choice":"Fought Mushrooms","damage_taken":0,"max_hp_gain":0,"max_hp_loss":0,"event_name":"Mushrooms","floor":8,"gold_loss":0}],"is_beta":false,"boss_relics":[],"items_purged_floors":[],"is_endless":false,"potions_floor_spawned":[5,8,11],"killed_by":"Lagavulin","ascension_level":14}}