{"host":"6h0diz2ap0m56grs","time":1610325460,"event":{"mods":["2.2 Compatiblity","BaseMod","Colored Map","Marisa????????","Minty Spire (QoL Compilation)","Quick Restart","Replay The Spire","Shop Mod","StSLib","The Servant 0.9.4"],"gold_per_floor":[115,132,150,150,67,99,133,133,213,241,241,266,296,325,325,421,421,421,421],"floor_reached":18,"playtime":839,"items_purged":[],"score":400,"play_id":"bf3a169c-4bd7-4211-8a62-b6778242587c","local_time":"20210110183740","daily_mods":["SealedDeck","Heirloom","Time Dilation","Flight"],"is_ascension_mode":true,"campfire_choices":[{"data":"SprinkleStarSeal","floor":8,"key":"SMITH"},{"data":"OortCloud","floor":8,"key":"SMITH"},{"data":"PulseMagic","floor":11,"key":"SMITH"},{"data":"MeteoricShower","floor":11,"key":"SMITH"},{"data":"UltimateShortwave","floor":15,"key":"SMITH"},{"data":"GalacticHalo","floor":15,"key":"SMITH"}],"circlet_count":0,"master_deck":["PowerUp","MagicAbsorber","UnstableBomb","GalacticHalo+1","OortCloud+1","SprinkleStarSeal+1","PulseMagic+1","GasGiant","MeteoricShower+1","WitchLeyline","6A","AsteroidBelt","WitchLeyline","AsteroidBelt+1","UnstableBomb","UltimateShortwave+1","EscapeVelocity"],"relics":["MiniHakkero","replay:Trail_Library","Replay:Arrowhead","Prayer Wheel","Gremlin Food","Blood Vial","Bottled Tornado","Eternal Feather","Bag of Preparation","SproutingBranch","Nunchaku","Coffee Dripper"],"acts_visited":["Exordium","TheCity"],"potions_floor_usage":[],"damage_taken":[{"damage":0,"enemies":"2 Louse","floor":1,"turns":2},{"damage":0,"enemies":"Cultist","floor":2,"turns":3},{"damage":0,"enemies":"Jaw Worm","floor":3,"turns":2},{"damage":2,"enemies":"3 Sentries","floor":6,"turns":11},{"damage":0,"enemies":"Lagavulin","floor":7,"turns":8},{"damage":0,"enemies":"3 Sentries","floor":10,"turns":7},{"damage":0,"enemies":"Lagavulin","floor":12,"turns":5},{"damage":0,"enemies":"Gremlin Nob","floor":13,"turns":3},{"damage":0,"enemies":"Lagavulin","floor":14,"turns":5},{"damage":0,"enemies":"Hexaghost","floor":16,"turns":6},{"damage":0,"enemies":"3 Byrds","floor":18,"turns":1}],"seed_played":"-139168077101352346","potions_obtained":[{"floor":3,"key":"Swift Potion"},{"floor":6,"key":"PowerPotion"},{"floor":10,"key":"BottledSpark"},{"floor":12,"key":"Strength Potion"},{"floor":13,"key":"LifebloodPotion"}],"is_trial":true,"path_per_floor":["M","M","M","?","$","E","E","R","T","E","R","E","E","E","R","B",null,"M"],"character_chosen":"MARISA","items_purchased":["WitchLeyline","AsteroidBelt+1"],"campfire_rested":0,"item_purchase_floors":[5,5],"current_hp_per_floor":[75,75,75,75,75,73,73,73,73,75,75,75,75,75,75,75,75,75,75],"gold":421,"neow_bonus":"","is_daily":false,"chose_seed":false,"campfire_upgraded":6,"win_rate":0.0,"timestamp":1610325460,"path_taken":["M","M","M","?","?","E","E","R","T","E","R","E","E","E","R","BOSS","M"],"items_purchased_type":["Card","Card"],"build_version":"2020-12-22","purchased_purges":0,"victory":false,"max_hp_per_floor":[75,75,75,75,75,75,75,75,75,75,75,75,75,75,75,75,75,75,75],"card_choices":[{"not_picked":["6A","GravityBeat","NonDirectionalLaser"],"picked":"SKIP","floor":1},{"not_picked":["GravityBeat","NonDirectionalLaser"],"picked":"6A","floor":1},{"not_picked":["PulseMagic","GalacticHalo"],"picked":"AsteroidBelt","floor":2},{"not_picked":["Singularity","UnstableBomb","BinaryStars"],"picked":"SKIP","floor":3},{"not_picked":["PowerUp","MilkyWay","Robbery"],"picked":"SKIP","floor":6},{"not_picked":["PowerUp","LuminesStrike"],"picked":"UnstableBomb","floor":7},{"not_picked":["DoubleSpark","BlazingStar","WitchOfGreed"],"picked":"SKIP","floor":10},{"not_picked":["WitchLeyline","ChargingUp"],"picked":"UltimateShortwave","floor":12},{"not_picked":["FairyDestructionRay","Acceleration","DoubleSpark"],"picked":"SKIP","floor":13},{"not_picked":["DC","OneTimeOff","ManaRampage"],"picked":"SKIP","floor":14},{"not_picked":["CasketOfStar","ManaRampage"],"picked":"EscapeVelocity","floor":16}],"player_experience":165932,"relics_obtained":[{"floor":6,"key":"Gremlin Food"},{"floor":7,"key":"Blood Vial"},{"floor":9,"key":"Bottled Tornado"},{"floor":10,"key":"Eternal Feather"},{"floor":12,"key":"Bag of Preparation"},{"floor":13,"key":"SproutingBranch"},{"floor":14,"key":"Nunchaku"}],"event_choices":[{"damage_healed":0,"gold_gain":0,"player_choice":"Gave Potion","damage_taken":0,"relics_obtained":["Prayer Wheel"],"max_hp_gain":0,"max_hp_loss":0,"event_name":"WeMeetAgain","floor":4,"gold_loss":0}],"is_beta":false,"boss_relics":[{"not_picked":["Tiny House","Replay:Drink Me"],"picked":"Coffee Dripper"}],"items_purged_floors":[],"is_endless":false,"potions_floor_spawned":[3,6,10,12,13],"killed_by":"3 Byrds","ascension_level":1}}