{"host":"7r6bd5ce6zscnmwq","time":1610374770,"event":{"mods":["BaseMod","Better Altar","Better Match","Better Note","Better Sensory Stone","Better Skull","Better Third Choice","Better Vampires","Block Reminder","Colored Powertips","Displayed Cursed Tome","Minty Spire (QoL Compilation)","Permanent Neow","Quick Restart","Robot Space Explorer","Shop Mod","Spicy Shops","StSLib","The Disciple","The Hayseed"],"gold_per_floor":[117,117,24,24,39,39,71,71,71,71,90,108,134,134,134,235,235,251,270,270,287,5,5,5,5,5,37,55,83,99,99,99,203,203,225,287,317,84,101,101,121,121,168,178,178,178,178,226,226,226,226,226,27,60,60],"floor_reached":56,"playtime":4215,"items_purged":["TheSimpletonMod:Strike_TheSimpleton","TheSimpletonMod:Defend_TheSimpleton"],"score":1123,"play_id":"eefa3d16-d628-4c7b-a163-38316bf80247","local_time":"20210111231930","is_ascension_mode":false,"campfire_choices":[{"data":"Trip","floor":6.0,"key":"SMITH"},{"data":"TheSimpletonMod:ReapAndSow","floor":8.0,"key":"SMITH"},{"data":"TheSimpletonMod:DigIn","floor":10.0,"key":"SMITH"},{"data":"TheSimpletonMod:HitTheSack","floor":15.0,"key":"SMITH"},{"data":"TheSimpletonMod:Surplus","floor":23.0,"key":"SMITH"},{"data":"TheSimpletonMod:Corn","floor":25.0,"key":"SMITH"},{"data":"TheSimpletonMod:SoilSample","floor":32.0,"key":"SMITH"},{"data":"TheSimpletonMod:BirdFeeder","floor":40.0,"key":"SMITH"},{"floor":42.0,"key":"RECALL"},{"data":"TheSimpletonMod:Sunchoke","floor":45.0,"key":"SMITH"},{"data":"TheSimpletonMod:BumperCrop","floor":47.0,"key":"SMITH"},{"floor":49.0,"key":"REST"},{"data":"TheSimpletonMod:SlashAndBurn","floor":52.0,"key":"SMITH"}],"circlet_count":0,"master_deck":["TheSimpletonMod:Defend_TheSimpleton","TheSimpletonMod:Defend_TheSimpleton+1","TheSimpletonMod:Haymaker","TheSimpletonMod:ReapAndSow+1","Trip+1","TheSimpletonMod:SlashAndBurn+1","TheSimpletonMod:DigIn+1","TheSimpletonMod:Pruning+1","TheSimpletonMod:BumperCrop+1","TheSimpletonMod:HitTheSack+1","TheSimpletonMod:Surplus+1","TheSimpletonMod:Swelter+1","Writhe","TheSimpletonMod:Corn+1","TheSimpletonMod:SoilSample+1","Bite","Bite","TheSimpletonMod:BirdFeeder+1","CurseOfTheBell","TheSimpletonMod:Sunchoke+1","TheSimpletonMod:Potatoes+1","Writhe"],"relics":["TheSimpletonMod:SpudOfTheInnocent","TheSimpletonMod:NightSoil","TheSimpletonMod:TheHarvester","Vajra","TheSimpletonMod:WoodChipper","TheSimpletonMod:GasCan","Anchor","Du-Vu Doll","Empty Cage","War Paint","OrangePellets","TheSimpletonMod:SpudOfTheMartyr","Red Mask","Turnip","Calling Bell","MawBank","Gremlin Horn","Kunai","Bronze Scales","Thread and Needle","Medical Kit","TheSimpletonMod:Moonshine"],"acts_visited":["Exordium","TheCity","TheBeyond","TheEnding"],"potions_floor_usage":[55,55,55],"damage_taken":[{"damage":3.0,"enemies":"Small Slimes","floor":1.0,"turns":3.0},{"damage":1.0,"enemies":"Cultist","floor":5.0,"turns":3.0},{"damage":14.0,"enemies":"Gremlin Nob","floor":7.0,"turns":3.0},{"damage":0.0,"enemies":"2 Louse","floor":11.0,"turns":2.0},{"damage":8.0,"enemies":"Red Slaver","floor":12.0,"turns":3.0},{"damage":0.0,"enemies":"Lagavulin","floor":13.0,"turns":4.0},{"damage":46.0,"enemies":"Hexaghost","floor":16.0,"turns":5.0},{"damage":0.0,"enemies":"Chosen","floor":18.0,"turns":3.0},{"damage":20.0,"enemies":"Spheric Guardian","floor":19.0,"turns":4.0},{"damage":1.0,"enemies":"Centurion and Healer","floor":21.0,"turns":3.0},{"damage":10.0,"enemies":"Masked Bandits","floor":27.0,"turns":3.0},{"damage":0.0,"enemies":"Sentry and Sphere","floor":28.0,"turns":3.0},{"damage":3.0,"enemies":"Slavers","floor":29.0,"turns":4.0},{"damage":15.0,"enemies":"Snecko","floor":30.0,"turns":4.0},{"damage":29.0,"enemies":"Champ","floor":33.0,"turns":7.0},{"damage":2.0,"enemies":"3 Shapes","floor":35.0,"turns":5.0},{"damage":0.0,"enemies":"Mind Bloom Boss Battle","floor":36.0,"turns":4.0},{"damage":0.0,"enemies":"Orb Walker","floor":37.0,"turns":2.0},{"damage":4.0,"enemies":"Spire Growth","floor":39.0,"turns":3.0},{"damage":0.0,"enemies":"4 Shapes","floor":41.0,"turns":2.0},{"damage":0.0,"enemies":"Sphere and 2 Shapes","floor":44.0,"turns":3.0},{"damage":13.0,"enemies":"2 Orb Walkers","floor":48.0,"turns":4.0},{"damage":52.0,"enemies":"Donu and Deca","floor":50.0,"turns":6.0},{"damage":14.0,"enemies":"Shield and Spear","floor":54.0,"turns":5.0},{"damage":42,"enemies":"The Heart","floor":55,"turns":5}],"seed_played":"6510078819072186253","potions_obtained":[{"floor":5.0,"key":"EssenceOfSteel"},{"floor":7.0,"key":"Strength Potion"},{"floor":16.0,"key":"Regen Potion"},{"floor":29.0,"key":"TheSimpletonMod:MoonshinePotion"},{"floor":41.0,"key":"Dexterity Potion"},{"floor":54.0,"key":"TheSimpletonMod:AbundancePotion"}],"is_trial":false,"path_per_floor":["M","?","$","?","M","R","E","R","T","R","M","M","E","T","R","B",null,"M","M","?","M","$","R","?","R","T","?","M","E","M","?","R","B",null,"M","?","M","$","M","R","M","R","T","M","R","?","R","?","R","B",null,"R","$","E","B",null],"character_chosen":"THE_SIMPLETON","items_purchased":["Trip","OrangePellets","TheSimpletonMod:Corn","Bronze Scales","Medical Kit","SteroidPotion"],"campfire_rested":1,"item_purchase_floors":[3,22,22,38,53,53],"current_hp_per_floor":[75,75,75,80,80,80,66,66,66,66,70,66,70,70,70,28,80,80,64,64,67,67,67,67,67,67,61,61,62,51,51,51,30,70,70,70,70,70,70,70,70,70,70,70,70,70,70,59,70,36,70,70,70,62,20],"gold":60,"neow_bonus":"RANDOM_COMMON_RELIC","is_daily":false,"chose_seed":false,"campfire_upgraded":11,"win_rate":0.0,"timestamp":1610374770,"path_taken":["M","?","?","?","M","R","E","R","T","R","M","M","E","?","R","BOSS","M","M","?","M","$","R","?","R","T","?","M","E","M","?","R","BOSS","M","?","M","$","M","R","M","R","T","M","R","?","R","?","R","BOSS","R","$","E","BOSS"],"items_purchased_type":["Card","Relic","Card","Relic","Relic","Potion"],"build_version":"2020-12-22","purchased_purges":2,"victory":true,"max_hp_per_floor":[75,75,75,80,80,80,80,80,80,80,80,80,80,80,80,80,80,80,80,80,80,80,80,80,80,80,80,80,80,80,70,70,70,70,70,70,70,70,70,70,70,70,70,70,70,70,70,70,70,70,70,70,70,70,70],"card_choices":[{"not_picked":["TheSimpletonMod:CullingStrike","TheSimpletonMod:Thresh","TheSimpletonMod:SeedCoat"],"picked":"SKIP","floor":1.0},{"not_picked":["TheSimpletonMod:ControlledBurn","TheSimpletonMod:Mulch"],"picked":"TheSimpletonMod:SlashAndBurn","floor":5.0},{"not_picked":["TheSimpletonMod:VineRipen","TheSimpletonMod:SpiceUp"],"picked":"TheSimpletonMod:DigIn","floor":7.0},{"not_picked":["TheSimpletonMod:CullingStrike","TheSimpletonMod:Ferment"],"picked":"TheSimpletonMod:Pruning","floor":11.0},{"not_picked":["TheSimpletonMod:Mulch","TheSimpletonMod:SlashAndBurn"],"picked":"TheSimpletonMod:BumperCrop","floor":12.0},{"not_picked":["TheSimpletonMod:SeedCoat","TheSimpletonMod:ToughenUp"],"picked":"TheSimpletonMod:HitTheSack","floor":13.0},{"not_picked":["TheSimpletonMod:DesperatePlunge","TheSimpletonMod:TakeHeart"],"picked":"TheSimpletonMod:Surplus","floor":16.0},{"not_picked":["TheSimpletonMod:VineRipen+1","TheSimpletonMod:SeedCoat","TheSimpletonMod:CloseScrape"],"picked":"SKIP","floor":18.0},{"not_picked":["TheSimpletonMod:ControlledBurn","TheSimpletonMod:CloseScrape"],"picked":"TheSimpletonMod:Swelter+1","floor":19.0},{"not_picked":["TheSimpletonMod:SpiceUp","TheSimpletonMod:Corn","TheSimpletonMod:Potatoes"],"picked":"SKIP","floor":21.0},{"not_picked":["TheSimpletonMod:PestManagement","TheSimpletonMod:Sunseed","TheSimpletonMod:SpiceUp"],"picked":"SKIP","floor":28.0},{"not_picked":["TheSimpletonMod:SaladShooter","TheSimpletonMod:Corn"],"picked":"TheSimpletonMod:SoilSample","floor":29.0},{"not_picked":["TheSimpletonMod:SaladShooter+1","TheSimpletonMod:Potatoes","TheSimpletonMod:Rototilling+1"],"picked":"SKIP","floor":30.0},{"not_picked":["TheSimpletonMod:ResistantStrain","TheSimpletonMod:DesperatePlunge"],"picked":"TheSimpletonMod:BirdFeeder","floor":33.0},{"not_picked":["TheSimpletonMod:Rototilling+1","TheSimpletonMod:Rake","TheSimpletonMod:CloseScrape"],"picked":"SKIP","floor":35.0},{"not_picked":["TheSimpletonMod:Corn","TheSimpletonMod:Fertilaser"],"picked":"TheSimpletonMod:Sunchoke","floor":36.0},{"not_picked":["TheSimpletonMod:Fertilaser+1","TheSimpletonMod:Innovate","TheSimpletonMod:DigIn+1"],"picked":"SKIP","floor":37.0},{"not_picked":["TheSimpletonMod:SlashAndBurn","TheSimpletonMod:BumperCrop+1","TheSimpletonMod:SoilSample"],"picked":"SKIP","floor":39.0},{"not_picked":["TheSimpletonMod:Pruning","TheSimpletonMod:SlashAndBurn","TheSimpletonMod:SaladShooter"],"picked":"SKIP","floor":41.0},{"not_picked":["TheSimpletonMod:Fertilaser+1","TheSimpletonMod:CropRotation+1"],"picked":"TheSimpletonMod:Potatoes+1","floor":44.0},{"not_picked":["TheSimpletonMod:ResearchGrant","TheSimpletonMod:SeedCoat+1","TheSimpletonMod:Aerate"],"picked":"SKIP","floor":54.0}],"player_experience":612613,"relics_obtained":[{"floor":7.0,"key":"TheSimpletonMod:WoodChipper"},{"floor":9.0,"key":"TheSimpletonMod:GasCan"},{"floor":13.0,"key":"Anchor"},{"floor":14.0,"key":"Du-Vu Doll"},{"floor":26.0,"key":"TheSimpletonMod:SpudOfTheMartyr"},{"floor":27.0,"key":"Red Mask"},{"floor":29.0,"key":"Turnip"},{"floor":34.0,"key":"MawBank"},{"floor":34.0,"key":"Gremlin Horn"},{"floor":34.0,"key":"Kunai"},{"floor":48.0,"key":"Thread and Needle"},{"floor":54.0,"key":"TheSimpletonMod:Moonshine"}],"event_choices":[{"damage_healed":0.0,"max_hp_gain":0.0,"max_hp_loss":0.0,"gold_gain":0.0,"event_name":"betterNote:BetterNote","player_choice":"Ignored","floor":2.0,"gold_loss":0.0,"damage_taken":0.0,"cards_obtained":["BackFourSeconds"]},{"damage_healed":0.0,"max_hp_gain":5.0,"max_hp_loss":0.0,"gold_gain":0.0,"event_name":"Big Fish","player_choice":"Donut","floor":4.0,"gold_loss":0.0,"damage_taken":0.0},{"damage_healed":0.0,"max_hp_gain":0.0,"max_hp_loss":0.0,"gold_gain":0.0,"event_name":"The Mausoleum","player_choice":"Opened","floor":20.0,"gold_loss":0.0,"damage_taken":0.0,"relics_obtained":["War Paint"],"cards_obtained":["Writhe"]},{"damage_healed":0.0,"max_hp_gain":0.0,"max_hp_loss":0.0,"gold_gain":0.0,"event_name":"Ghosts","player_choice":"Ignored","floor":24.0,"gold_loss":0.0,"damage_taken":0.0},{"damage_healed":0.0,"max_hp_gain":0.0,"max_hp_loss":0.0,"gold_gain":0.0,"event_name":"Masked Bandits","player_choice":"Fought Bandits","floor":27.0,"gold_loss":0.0,"damage_taken":0.0},{"damage_healed":0.0,"max_hp_gain":0.0,"max_hp_loss":10.0,"gold_gain":0.0,"event_name":"Vampires","player_choice":"Became a vampire","floor":31.0,"gold_loss":0.0,"damage_taken":0.0,"cards_obtained":["Bite","Bite"]},{"damage_healed":0.0,"max_hp_gain":0.0,"max_hp_loss":0.0,"gold_gain":0.0,"event_name":"MindBloom","player_choice":"Fight","floor":36.0,"gold_loss":0.0,"damage_taken":0.0},{"damage_healed":18.0,"max_hp_gain":0.0,"max_hp_loss":0.0,"gold_gain":0.0,"event_name":"Winding Halls","player_choice":"Writhe","floor":46.0,"gold_loss":0.0,"damage_taken":0.0,"cards_obtained":["Writhe"]},{"damage_healed":0.0,"max_hp_gain":0.0,"max_hp_loss":0.0,"gold_gain":0.0,"event_name":"Mysterious Sphere","player_choice":"Fight","floor":48.0,"gold_loss":0.0,"damage_taken":0.0}],"is_beta":false,"boss_relics":[{"not_picked":["SacredBark","Sozu"],"picked":"Empty Cage"},{"not_picked":["TheSimpletonMod:OnionBelt","Cursed Key"],"picked":"Calling Bell"}],"items_purged_floors":[22,38],"is_endless":false,"potions_floor_spawned":[5,7,16,21,29,30,35,37,41,44,54],"ascension_level":0}}