{"host":"1a3cjta80tad0aqj","time":1610364477,"event":{"mods":["2.2 Compatiblity","AchievementEnabler","BaseMod","Colored Map","DeckTracker","KOR Keyword Fix","Keyboard Shortcuts","Minty Spire (QoL Compilation)","Permanent Neow","Quick Restart","Random Character Button","StSLib","SuperFastMode","everything is the same but u backflip on backflip"],"gold_per_floor":[113,129,53,64,14,14,14,33,33,63,63,76,111,125,125,221,221,237,237,162,176,176,176,189,189,215,215,232,264,264,11,11,109,109,124,124,138,154,3,3,3,3,3,3,3,3,31,45,45,45],"floor_reached":51,"playtime":2465,"items_purged":["Grand Finale","Sucker Punch"],"score":762,"play_id":"bc927b0b-cd3b-4207-9321-bbfb7eb7f9f6","local_time":"20210111202757","is_ascension_mode":true,"campfire_choices":[{"data":"Catalyst","floor":6.0,"key":"SMITH"},{"floor":11.0,"key":"REST"},{"data":"Deadly Poison","floor":15.0,"key":"SMITH"},{"floor":23.0,"key":"REST"},{"data":"Deadly Poison","floor":25.0,"key":"SMITH"},{"data":"Deadly Poison","floor":27.0,"key":"SMITH"},{"floor":32.0,"key":"REST"},{"data":"Adrenaline","floor":40.0,"key":"SMITH"},{"data":"Venomology","floor":42.0,"key":"SMITH"},{"data":"Bouncing Flask","floor":44.0,"key":"SMITH"},{"floor":49,"key":"REST"}],"circlet_count":0,"master_deck":["Survivor","Neutralize+1","Deadly Poison+1","Catalyst+1","Calculated Gamble","Noxious Fumes","Deadly Poison+1","Well Laid Plans","Blade Dance","Adrenaline+1","Blade Dance","Corpse Explosion","Bane+1","Glass Knife+1","Dagger Throw","Infinite Blades","Crippling Poison","Deadly Poison+1","Bouncing Flask","Venomology+1","Impatience","Bouncing Flask+1","Backflip+1"],"relics":["Ring of the Snake","Matryoshka","Ninja Scroll","Du-Vu Doll","Pandora\u0027s Box","Nilry\u0027s Codex","Anchor","Bag of Preparation","Meat on the Bone","Regal Pillow","Kunai","Pen Nib","Cursed Key","Snake Skull","StrikeDummy","Whetstone"],"acts_visited":["Exordium","TheCity","TheBeyond"],"potions_floor_usage":[50,50,50],"damage_taken":[{"damage":1.0,"enemies":"Cultist","floor":1.0,"turns":4.0},{"damage":2.0,"enemies":"2 Louse","floor":2.0,"turns":2.0},{"damage":5.0,"enemies":"Small Slimes","floor":4.0,"turns":4.0},{"damage":12.0,"enemies":"Exordium Thugs","floor":8.0,"turns":7.0},{"damage":19.0,"enemies":"Gremlin Nob","floor":10.0,"turns":4.0},{"damage":2.0,"enemies":"Looter","floor":12.0,"turns":2.0},{"damage":8.0,"enemies":"Lagavulin","floor":13.0,"turns":4.0},{"damage":14.0,"enemies":"Large Slime","floor":14.0,"turns":6.0},{"damage":17.0,"enemies":"Slime Boss","floor":16.0,"turns":9.0},{"damage":3.0,"enemies":"3 Byrds","floor":18.0,"turns":3.0},{"damage":10.0,"enemies":"2 Thieves","floor":21.0,"turns":3.0},{"damage":6.0,"enemies":"Snecko","floor":24.0,"turns":3.0},{"damage":0.0,"enemies":"Centurion and Healer","floor":28.0,"turns":2.0},{"damage":19.0,"enemies":"Gremlin Leader","floor":29.0,"turns":5.0},{"damage":30.0,"enemies":"Automaton","floor":33.0,"turns":4.0},{"damage":5.0,"enemies":"3 Darklings","floor":35.0,"turns":2.0},{"damage":0.0,"enemies":"Orb Walker","floor":37.0,"turns":2.0},{"damage":10.0,"enemies":"Jaw Worm Horde","floor":38.0,"turns":2.0},{"damage":30.0,"enemies":"Nemesis","floor":47.0,"turns":5.0},{"damage":0,"enemies":"Maw","floor":48,"turns":3},{"damage":25,"enemies":"Time Eater","floor":50,"turns":4}],"seed_played":"-5163103608626770874","potions_obtained":[{"floor":4.0,"key":"Energy Potion"},{"floor":7.0,"key":"LiquidMemories"},{"floor":7.0,"key":"EntropicBrew"},{"floor":10.0,"key":"FairyPotion"},{"floor":18.0,"key":"DuplicationPotion"},{"floor":47.0,"key":"Block Potion"}],"is_trial":false,"path_per_floor":["M","M","$","M","?","R","?","M","T","E","R","M","E","M","R","B",null,"M","?","$","M","?","R","M","R","T","R","M","E","T","$","R","B",null,"M","?","M","M","$","R","?","R","T","R","?","?","E","M","R","B",null],"character_chosen":"THE_SILENT","items_purchased":["Catalyst","Pen Nib","Snake Skull"],"campfire_rested":4,"item_purchase_floors":[3,31,39],"current_hp_per_floor":[69,67,67,62,62,62,62,50,50,31,52,50,42,28,28,11,70,67,67,67,57,41,62,56,56,56,56,56,37,37,37,70,40,70,65,65,65,55,55,55,55,55,55,55,55,55,37,37,66,41],"gold":45,"neow_bonus":"UPGRADE_CARD","is_daily":false,"chose_seed":false,"campfire_upgraded":7,"win_rate":0.0,"timestamp":1610364477,"path_taken":["M","M","?","M","?","R","?","M","T","E","R","?","E","M","R","BOSS","M","?","$","M","?","R","M","R","T","R","?","E","?","$","R","BOSS","M","?","M","M","$","R","?","R","T","R","?","?","E","M","R","BOSS"],"items_purchased_type":["Card","Relic","Relic"],"build_version":"2020-12-22","purchased_purges":2,"victory":true,"max_hp_per_floor":[70,70,70,70,70,70,70,70,70,70,70,70,70,70,70,70,70,70,70,70,70,70,70,70,70,70,70,70,70,70,70,70,70,70,70,70,70,70,70,70,66,66,66,66,66,66,66,66,66,66],"card_choices":[{"not_picked":["Outmaneuver","Cloak And Dagger"],"picked":"Deadly Poison","floor":1.0},{"not_picked":["Outmaneuver","Slice","Escape Plan"],"picked":"SKIP","floor":2.0},{"not_picked":["Tactician","Heel Hook","Dodge and Roll"],"picked":"SKIP","floor":4.0},{"not_picked":["Dagger Throw","Poisoned Stab"],"picked":"Calculated Gamble","floor":8.0},{"not_picked":["Dagger Spray","Distraction"],"picked":"Noxious Fumes","floor":10.0},{"not_picked":["Dodge and Roll","Well Laid Plans"],"picked":"Deadly Poison","floor":12.0},{"not_picked":["Choke","Flechettes"],"picked":"Well Laid Plans","floor":13.0},{"not_picked":["Dagger Throw","Predator"],"picked":"Blade Dance","floor":14.0},{"not_picked":["Storm of Steel","Venomology"],"picked":"Adrenaline","floor":16.0},{"not_picked":["Concentrate","Blade Dance+1","Cloak And Dagger"],"picked":"SKIP","floor":18.0},{"not_picked":["Underhanded Strike+1","Choke+1"],"picked":"Crippling Poison","floor":21.0},{"not_picked":["Dagger Throw","Riddle With Holes"],"picked":"Deadly Poison","floor":24.0},{"not_picked":["All Out Attack","Escape Plan","Tactician"],"picked":"SKIP","floor":28.0},{"not_picked":["Heel Hook","Tactician"],"picked":"Bouncing Flask","floor":29.0},{"not_picked":["Storm of Steel","Corpse Explosion"],"picked":"Venomology","floor":33.0},{"not_picked":["Reflex+1","Bane","Underhanded Strike+1"],"picked":"SKIP","floor":35.0},{"not_picked":["Magnetism","Deep Breath"],"picked":"Impatience","floor":36.0},{"not_picked":["Riddle With Holes+1","Reflex+1"],"picked":"Bouncing Flask","floor":37.0},{"not_picked":["Terror+1","Reflex"],"picked":"Backflip+1","floor":38.0},{"not_picked":["Slice","Infinite Blades+1","Dash"],"picked":"SKIP","floor":47.0},{"not_picked":["Reflex+1","Caltrops+1","Slice+1"],"picked":"SKIP","floor":48}],"player_experience":297356,"relics_obtained":[{"floor":9.0,"key":"Matryoshka"},{"floor":10.0,"key":"Ninja Scroll"},{"floor":13.0,"key":"Du-Vu Doll"},{"floor":22.0,"key":"Nilry\u0027s Codex"},{"floor":26.0,"key":"Anchor"},{"floor":26.0,"key":"Bag of Preparation"},{"floor":29.0,"key":"Meat on the Bone"},{"floor":30.0,"key":"Regal Pillow"},{"floor":30.0,"key":"Kunai"},{"floor":47.0,"key":"Whetstone"}],"event_choices":[{"cards_removed":["Strike_G"],"damage_healed":0.0,"max_hp_gain":0.0,"max_hp_loss":0.0,"gold_gain":0.0,"event_name":"The Cleric","player_choice":"Card Removal","floor":5.0,"gold_loss":50.0,"damage_taken":0.0},{"damage_healed":0.0,"max_hp_gain":0.0,"max_hp_loss":0.0,"gold_gain":0.0,"event_name":"Lab","player_choice":"Got Potions","floor":7.0,"gold_loss":0.0,"damage_taken":0.0},{"damage_healed":0.0,"max_hp_gain":0.0,"max_hp_loss":0.0,"gold_gain":0.0,"event_name":"Vampires","player_choice":"Ignored","floor":19.0,"gold_loss":0.0,"damage_taken":0.0},{"damage_healed":0.0,"max_hp_gain":0.0,"max_hp_loss":0.0,"gold_gain":0.0,"event_name":"Cursed Tome","player_choice":"Obtained Book","floor":22.0,"gold_loss":0.0,"damage_taken":16.0},{"damage_healed":0.0,"max_hp_gain":0.0,"max_hp_loss":0.0,"gold_gain":0.0,"event_name":"SensoryStone","player_choice":"Memory 1","floor":36.0,"gold_loss":0.0,"damage_taken":0.0},{"damage_healed":0.0,"max_hp_gain":0.0,"max_hp_loss":4.0,"gold_gain":0.0,"event_name":"Winding Halls","player_choice":"Max HP","floor":41.0,"gold_loss":0.0,"damage_taken":0.0},{"damage_healed":0.0,"max_hp_gain":0.0,"max_hp_loss":0.0,"gold_gain":0.0,"event_name":"Mysterious Sphere","player_choice":"Ignored","floor":45.0,"gold_loss":0.0,"damage_taken":0.0},{"cards_removed":["Phantasmal Killer"],"damage_healed":0.0,"max_hp_gain":0.0,"max_hp_loss":0.0,"gold_gain":0.0,"event_name":"WeMeetAgain","player_choice":"Gave Card","floor":46.0,"gold_loss":0.0,"damage_taken":0.0,"relics_obtained":["StrikeDummy"]}],"is_beta":false,"boss_relics":[{"not_picked":["Runic Dome","Fusion Hammer"],"picked":"Pandora\u0027s Box"},{"not_picked":["Coffee Dripper","Runic Pyramid"],"picked":"Cursed Key"}],"items_purged_floors":[20,31],"is_endless":false,"potions_floor_spawned":[4,8,10,16,18,21,47],"ascension_level":1}}