{"host":"7v9v7e0ijfujyvc8","time":1610400828,"event":{"mods":["BaseMod","Better Altar","Better Note","Better Skull","Better Third Choice","BetterRewards","Challenge The Spire","Evolution","Gold Saver","Highlight Path","Minty Spire (QoL Compilation)","RNG Fix","Rare Cards Sparkle","Shop Mod","Spicy Shops","StSLib","SuperFastMode","The Exordian Avenger","Thieving Mod"],"gold_per_floor":[212,212,212,229,242,577,577,590,614,614,627,644,340,340,340,444,444,454,298,313,324,324,355,355,172,199,214,233,250,250,93,93,192,192,209,222,232,6,19,46,62,81,107,135,161,205,230,143,143,143],"floor_reached":51,"playtime":10963,"items_purged":["Strike_R+1","Shrug It Off"],"score":965,"play_id":"299956ac-38c9-466b-9bed-c4f1602cf1ab","local_time":"20210111223348","is_ascension_mode":false,"campfire_choices":[{"data":"Pommel Strike","floor":10.0,"key":"SMITH"},{"floor":15.0,"key":"REST"},{"data":"Shrug It Off","floor":24.0,"key":"SMITH"},{"data":"Finesse","floor":32,"key":"SMITH"},{"data":"Flex","floor":49,"key":"SMITH"}],"circlet_count":0,"master_deck":["Pommel Strike+1","Pommel Strike+1","Demon Form","Shrug It Off+1","Flex+1","Finesse+1","Deep Breath"],"relics":["Burning Blood","EVO:Axolotl","Old Coin","Chemical X","Magic Flower","Nunchaku","Happy Flower","Lantern","SlaversCollar","Pen Nib","Omamori","Vajra","Question Card","Shuriken","TheAbacus","Whetstone","Ornamental Fan","Black Star","Gremlin Horn","Membership Card","ClockworkSouvenir","Centennial Puzzle","Orichalcum","Strawberry","Frozen Egg 2","MawBank","Shovel","Boot"],"acts_visited":["Exordium","TheCity","TheBeyond"],"potions_floor_usage":[],"damage_taken":[{"damage":0.0,"enemies":"Cultist","floor":1.0,"turns":2.0},{"damage":7.0,"enemies":"2 Louse","floor":4.0,"turns":2.0},{"damage":7.0,"enemies":"Small Slimes","floor":5.0,"turns":3.0},{"damage":12.0,"enemies":"Lagavulin","floor":6.0,"turns":6.0},{"damage":0.0,"enemies":"Exordium Wildlife","floor":8.0,"turns":3.0},{"damage":2.0,"enemies":"Gremlin Gang","floor":11.0,"turns":5.0},{"damage":6.0,"enemies":"3 Louse","floor":12.0,"turns":3.0},{"damage":40.0,"enemies":"Slime Boss","floor":16.0,"turns":10.0},{"damage":30.0,"enemies":"2 Thieves","floor":18.0,"turns":3.0},{"damage":0.0,"enemies":"Spheric Guardian","floor":20.0,"turns":3.0},{"damage":4.0,"enemies":"Centurion and Healer","floor":21.0,"turns":5.0},{"damage":18.0,"enemies":"Book of Stabbing","floor":23.0,"turns":5.0},{"damage":0,"enemies":"3 Cultists","floor":27,"turns":4},{"damage":0,"enemies":"Snecko","floor":28,"turns":3},{"damage":0,"enemies":"Snake Plant","floor":29,"turns":4},{"damage":0,"enemies":"Automaton","floor":33,"turns":4},{"damage":0,"enemies":"Orb Walker","floor":35,"turns":3},{"damage":0,"enemies":"3 Darklings","floor":36,"turns":4},{"damage":0,"enemies":"Transient","floor":37,"turns":5},{"damage":0,"enemies":"4 Shapes","floor":39,"turns":2},{"damage":25,"enemies":"Nemesis","floor":40,"turns":9},{"damage":0,"enemies":"Spire Growth","floor":41,"turns":3},{"damage":0,"enemies":"Jaw Worm Horde","floor":42,"turns":2},{"damage":0,"enemies":"Reptomancer","floor":44,"turns":3},{"damage":9,"enemies":"Transient","floor":45,"turns":5},{"damage":0,"enemies":"Giant Head","floor":46,"turns":4},{"damage":0,"enemies":"Spire Growth","floor":47,"turns":3},{"damage":0,"enemies":"Donu and Deca","floor":50,"turns":4}],"seed_played":"-9208965385468294293","potions_obtained":[{"floor":1.0,"key":"Explosive Potion"},{"floor":5.0,"key":"SpeedPotion"},{"floor":12.0,"key":"ColorlessPotion"},{"floor":14.0,"key":"EntropicBrew"},{"floor":14.0,"key":"Swift Potion"}],"is_trial":false,"path_per_floor":["M","$","?","M","M","E","$","M","T","R","M","M","$","?","R","B",null,"M","$","M","M","?","E","R","$","T","M","M","M","?","$","R","B",null,"M","M","M","$","M","E","M","M","T","E","M","E","M","$","R","B",null],"character_chosen":"IRONCLAD","items_purchased":["Happy Flower","Lantern","Pen Nib","TheAbacus","Shrug It Off","Finesse","Membership Card","ClockworkSouvenir","Deep Breath"],"campfire_rested":1,"item_purchase_floors":[13,13,19,25,25,31,38,38,48],"current_hp_per_floor":[80,60,60,59,58,52,32,41,41,41,48,51,31,31,55,24,80,59,59,68,73,73,64,64,64,64,73,80,80,80,80,80,80,80,80,80,80,80,80,64,73,80,87,87,87,87,87,87,87,87],"gold":143,"neow_bonus":"HUNDRED_GOLD","is_daily":false,"chose_seed":false,"campfire_upgraded":4,"win_rate":0.0,"timestamp":1610400828,"path_taken":["M","$","?","M","M","E","$","M","T","R","M","M","$","?","R","BOSS","M","$","M","M","?","E","R","$","T","M","M","M","?","$","R","BOSS","M","M","M","$","M","E","M","M","T","E","M","E","?","$","R","BOSS"],"items_purchased_type":["Relic","Relic","Relic","Relic","Card","Card","Relic","Relic","Card"],"build_version":"2020-12-22","purchased_purges":2,"victory":true,"max_hp_per_floor":[80,80,80,80,80,80,80,80,80,80,80,80,80,80,80,80,80,80,80,80,80,80,80,80,80,80,80,80,80,80,80,80,80,80,80,80,80,80,80,80,80,80,87,87,87,87,87,87,87,87],"card_choices":[{"not_picked":["True Grit","Twin Strike","Cleave"],"picked":"SKIP","floor":1.0},{"not_picked":["Perfected Strike","Clothesline"],"picked":"Metallicize","floor":4.0},{"not_picked":["Burning Pact","Perfected Strike"],"picked":"Rage","floor":5.0},{"not_picked":["Sever Soul","Thunderclap"],"picked":"Flame Barrier","floor":6.0},{"not_picked":["Warcry","Rampage","Cleave"],"picked":"SKIP","floor":8.0},{"not_picked":["Perfected Strike","Anger","Cleave"],"picked":"SKIP","floor":11.0},{"not_picked":["Dropkick","Heavy Blade","Warcry"],"picked":"SKIP","floor":12.0},{"not_picked":["Feed","Reaper"],"picked":"Demon Form","floor":16.0},{"not_picked":["Iron Wave","Perfected Strike"],"picked":"Shrug It Off","floor":18.0},{"not_picked":["True Grit+1","Perfected Strike","Anger+1"],"picked":"SKIP","floor":20.0},{"not_picked":["Dropkick","Headbutt","Cleave"],"picked":"SKIP","floor":21.0},{"not_picked":["Headbutt+1","Searing Blow+1","True Grit"],"picked":"SKIP","floor":23.0},{"not_picked":["Intimidate","Clothesline","Cleave","Hemokinesis"],"picked":"SKIP","floor":27},{"not_picked":["Twin Strike","Whirlwind","Reckless Charge","Wild Strike+1"],"picked":"SKIP","floor":28},{"not_picked":["Clash","Sword Boomerang","Demon Form","Thunderclap"],"picked":"SKIP","floor":29},{"not_picked":["Dual Wield","Heavy Blade+1","Warcry+1","Evolve"],"picked":"SKIP","floor":35},{"not_picked":["Uppercut+1","Burning Pact+1","Fire Breathing","Iron Wave"],"picked":"SKIP","floor":36},{"not_picked":["Flame Barrier+1","Ghostly Armor","Twin Strike","Wild Strike"],"picked":"SKIP","floor":37},{"not_picked":["Pommel Strike","Rupture+1","Sword Boomerang+1","Flex"],"picked":"SKIP","floor":39},{"not_picked":["Armaments","Bludgeon","Uppercut","Flame Barrier"],"picked":"SKIP","floor":40},{"not_picked":["Spot Weakness+1","Inflame","Cleave","Searing Blow"],"picked":"SKIP","floor":41},{"not_picked":["Combust+1","Clothesline","Sword Boomerang","Wild Strike"],"picked":"SKIP","floor":42},{"not_picked":["Reckless Charge","Clash+1","Perfected Strike+1","Headbutt"],"picked":"SKIP","floor":44},{"not_picked":["Perfected Strike","Anger","Bloodletting+1","Battle Trance+1"],"picked":"SKIP","floor":45},{"not_picked":["Metallicize+1","Heavy Blade+1","Wild Strike+1","Thunderclap"],"picked":"SKIP","floor":46},{"not_picked":["Wild Strike+1","Clothesline","Pommel Strike","True Grit"],"picked":"SKIP","floor":47}],"player_experience":44295,"relics_obtained":[{"floor":6.0,"key":"Old Coin"},{"floor":9.0,"key":"Nunchaku"},{"floor":23.0,"key":"Vajra"},{"floor":26,"key":"Whetstone"},{"floor":40,"key":"Centennial Puzzle"},{"floor":40,"key":"Orichalcum"},{"floor":43,"key":"Strawberry"},{"floor":44,"key":"Frozen Egg 2"},{"floor":44,"key":"MawBank"},{"floor":46,"key":"Shovel"},{"floor":46,"key":"Boot"}],"event_choices":[{"damage_healed":0.0,"max_hp_gain":0.0,"max_hp_loss":0.0,"gold_gain":0.0,"cards_transformed":["Strike_R"],"event_name":"Living Wall","player_choice":"Change","floor":3.0,"gold_loss":0.0,"damage_taken":0.0,"cards_obtained":["Rupture"]},{"damage_healed":0.0,"max_hp_gain":0.0,"max_hp_loss":0.0,"gold_gain":0.0,"event_name":"Lab","player_choice":"Got Potions","floor":14.0,"gold_loss":0.0,"damage_taken":0.0},{"damage_healed":0.0,"max_hp_gain":0.0,"max_hp_loss":0.0,"gold_gain":0.0,"event_name":"betterNote:BetterNote","player_choice":"Ignored","floor":22.0,"gold_loss":0.0,"damage_taken":0.0,"cards_obtained":["Armaments"]},{"damage_healed":0,"gold_gain":0,"player_choice":"Read","damage_taken":0,"max_hp_gain":0,"max_hp_loss":0,"event_name":"The Library","floor":30,"gold_loss":0,"cards_obtained":["Flex"]}],"is_beta":false,"boss_relics":[{"not_picked":["Sozu","Runic Cube"],"picked":"SlaversCollar"},{"not_picked":["Coffee Dripper","Snecko Eye"],"picked":"Black Star"}],"items_purged_floors":[31,48],"is_endless":false,"potions_floor_spawned":[1,5,12,27,28,33,35,39,42,44,45],"ascension_level":0}}