{"host":"wnty67d4nhrob9mt","time":1610396429,"event":{"mods":["BaseMod","Block Reminder","Infinite Spire","Minty Spire (QoL Compilation)","Permanent Neow","Quick Restart","Relic Stats","Replay The Spire","StSLib","The Jungle"],"gold_per_floor":[114,114,114,129,129,159,159,259,309,309,309],"floor_reached":10,"playtime":551,"items_purged":[],"score":64,"play_id":"83b0a922-6468-49f5-b251-3a0618027c21","local_time":"20210111232029","daily_mods":["Allstar","ControlledChaos","Lethality"],"is_ascension_mode":false,"campfire_choices":[{"data":"Armaments","floor":7,"key":"SMITH"}],"circlet_count":0,"master_deck":["Strike_R","Strike_R","Strike_R","Strike_R","Strike_R","Defend_R","Defend_R","Defend_R","Defend_R","Crow Ritual","Crow Ritual","PanicButton","Panacea","Replay:BasicMightCard","Armaments+1","Eruption","Languid","Halt","Replay:Undeath\u0027s Touch"],"relics":["Burning Blood","Replay:M_SmolderingBlood","ReplayTheSpireMod:Ring of Addiction","ReplayTheSpireMod:Ring of Sloth","White Beast Statue","Chameleon Ring","infinitespire:Cubic Diamond","Thread and Needle","Replay:Mystery Machine"],"acts_visited":["Exordium"],"potions_floor_usage":[4,6,6,10],"damage_taken":[{"damage":9,"enemies":"Jaw Worm","floor":1,"turns":3},{"damage":0,"enemies":"2 Louse","floor":4,"turns":1},{"damage":75,"enemies":"Gremlin Nob","floor":6,"turns":4},{"damage":8,"enemies":"Replay:BlueRogue","floor":10,"turns":3}],"seed_played":"2608465768335268498","potions_obtained":[{"floor":3,"key":"Explosive Potion"},{"floor":3,"key":"Adrenaline Potion"},{"floor":3,"key":"DuplicationPotion"},{"floor":4,"key":"Dexterity Potion"},{"floor":6,"key":"DuplicationPotion"}],"is_trial":false,"path_per_floor":["M","?","?","M","?","E","R","?","T","E"],"character_chosen":"IRONCLAD","items_purchased":[],"campfire_rested":0,"item_purchase_floors":[],"current_hp_per_floor":[77,77,77,77,77,8,8,8,8,0,0],"gold":309,"neow_bonus":"","is_daily":true,"chose_seed":false,"campfire_upgraded":1,"win_rate":0.0,"timestamp":1610396429,"path_taken":["M","?","?","M","?","E","R","?","T","E"],"items_purchased_type":[],"build_version":"2020-12-22","purchased_purges":0,"victory":false,"max_hp_per_floor":[80,80,80,80,80,80,80,80,80,78,78],"relic_stats":{"counters":[4,11],"obtain_stats":[{"Frozen Eye":0,"Chameleon Ring":3,"Replay:M_SmolderingBlood":2,"ReplayTheSpireMod:Ring of Addiction":3,"ReplayTheSpireMod:Ring of Sloth":3,"Thread and Needle":6,"infinitespire:Cubic Diamond":5,"Replay:Mystery Machine":9,"Burning Blood":0,"White Beast Statue":3},{"Frozen Eye":0,"Chameleon Ring":1,"Replay:M_SmolderingBlood":1,"ReplayTheSpireMod:Ring of Addiction":1,"ReplayTheSpireMod:Ring of Sloth":1,"Thread and Needle":3,"infinitespire:Cubic Diamond":2,"Replay:Mystery Machine":3,"Burning Blood":0,"White Beast Statue":1},{"Frozen Eye":0,"Chameleon Ring":3,"Replay:M_SmolderingBlood":3,"ReplayTheSpireMod:Ring of Addiction":3,"ReplayTheSpireMod:Ring of Sloth":3,"Thread and Needle":8,"infinitespire:Cubic Diamond":4,"Replay:Mystery Machine":8,"Burning Blood":0,"White Beast Statue":3}],"Burning Blood":12},"card_choices":[{"not_picked":["Wild Strike","Perfected Strike"],"picked":"Armaments","floor":1},{"not_picked":["Iron Wave","Uppercut"],"picked":"Halt","floor":4},{"not_picked":["Armaments","ReachHeaven"],"picked":"Replay:Undeath\u0027s Touch","floor":6}],"player_experience":165202,"relics_obtained":[{"floor":3,"key":"ReplayTheSpireMod:Ring of Addiction"},{"floor":3,"key":"ReplayTheSpireMod:Ring of Sloth"},{"floor":3,"key":"White Beast Statue"},{"floor":3,"key":"Chameleon Ring"},{"floor":6,"key":"Thread and Needle"},{"floor":9,"key":"Replay:Mystery Machine"}],"event_choices":[{"damage_healed":0,"gold_gain":100,"player_choice":"Pray","damage_taken":0,"max_hp_gain":0,"max_hp_loss":0,"event_name":"Golden Shrine","floor":8,"gold_loss":0}],"is_beta":false,"boss_relics":[],"items_purged_floors":[],"is_endless":false,"potions_floor_spawned":[4,6],"killed_by":"Replay:BlueRogue","ascension_level":0}}