{"host":"ELF","time":1610342059,"event":{"mods":["BaseMod","Minty Spire (QoL Compilation)"],"gold_per_floor":[118,118,43,193,82,42,42,76,76,351,166,166,241,274,274,348,348,358,191,191,202,202,202,231,243,243,243,256,281,291,325,325,404,404,416,441,441,453,453,453],"floor_reached":39,"playtime":2142,"items_purged":["Doubt","Regret"],"score":992,"play_id":"4a8d0d89-2321-4050-983b-f5b1cebc06ae","local_time":"20210110231419","is_ascension_mode":true,"campfire_choices":[{"data":"Defragment","floor":7,"key":"SMITH"},{"data":"Defragment","floor":15,"key":"SMITH"},{"data":"Electrodynamics","floor":23,"key":"SMITH"},{"floor":27,"key":"REST"},{"floor":32,"key":"REST"}],"circlet_count":0,"master_deck":["AscendersBane","Strike_B+1","Defend_B","Defend_B","Zap","Dualcast","Sweeping Beam","Glacier","Defragment+1","Cold Snap+1","Capacitor","Defragment+1","Electrodynamics+1","Compile Driver+1","Sweeping Beam+1","Consume","Creative AI","BootSequence+1","Leap","Chill+1","Blizzard+1","Loop","Go for the Eyes+1","Turbo+1","Creative AI","Chaos+1","Seek+1","Darkness+1","Defragment","Fusion"],"relics":["Cracked Core","Pen Nib","Juzu Bracelet","Ice Cream","DataDisk","Snecko Eye","Orrery","Singing Bowl","Cables","Question Card","Red Mask","Astrolabe","Peace Pipe"],"acts_visited":["Exordium","TheCity","TheBeyond"],"potions_floor_usage":[8,16,29,31,39],"damage_taken":[{"damage":12,"enemies":"Small Slimes","floor":1,"turns":3},{"damage":19,"enemies":"3 Sentries","floor":8,"turns":10},{"damage":25,"enemies":"Gremlin Nob","floor":14,"turns":5},{"damage":13,"enemies":"Hexaghost","floor":16,"turns":12},{"damage":7,"enemies":"3 Byrds","floor":18,"turns":2},{"damage":17,"enemies":"2 Thieves","floor":21,"turns":3},{"damage":34,"enemies":"Slavers","floor":24,"turns":4},{"damage":0,"enemies":"Centurion and Healer","floor":25,"turns":4},{"damage":0,"enemies":"Snecko","floor":28,"turns":8},{"damage":21,"enemies":"Book of Stabbing","floor":29,"turns":5},{"damage":0,"enemies":"Cultist and Chosen","floor":30,"turns":6},{"damage":25,"enemies":"Masked Bandits","floor":31,"turns":3},{"damage":0,"enemies":"Automaton","floor":33,"turns":13},{"damage":4,"enemies":"3 Darklings","floor":35,"turns":3},{"damage":21,"enemies":"Mind Bloom Boss Battle","floor":36,"turns":9},{"damage":0,"enemies":"Orb Walker","floor":38,"turns":4},{"damage":39,"enemies":"Spire Growth","floor":39,"turns":5}],"seed_played":"-2537015324171390801","potions_obtained":[{"floor":6,"key":"DuplicationPotion"},{"floor":6,"key":"Regen Potion"},{"floor":8,"key":"FairyPotion"},{"floor":16,"key":"Ancient Potion"},{"floor":18,"key":"Strength Potion"},{"floor":28,"key":"PotionOfCapacity"},{"floor":29,"key":"SpeedPotion"},{"floor":35,"key":"PotionOfCapacity"}],"is_trial":false,"path_per_floor":["M","?","?","?","$","?","R","E","T","?","$","?","?","E","R","B",null,"M","$","?","M","?","R","E","M","T","R","M","E","M","?","R","B",null,"M","?","?","M","M"],"character_chosen":"DEFECT","items_purchased":["Defragment","Capacitor","Orrery"],"campfire_rested":2,"item_purchase_floors":[5,11,19],"current_hp_per_floor":[52,52,52,52,52,52,52,48,48,48,48,27,16,21,21,8,55,48,48,42,25,71,71,37,37,37,58,58,37,37,12,33,33,62,60,39,39,39,0,0],"gold":453,"neow_bonus":"RANDOM_COMMON_RELIC","is_daily":false,"chose_seed":false,"campfire_upgraded":3,"win_rate":0.0,"timestamp":1610342059,"path_taken":["M","?","?","?","$","?","R","E","T","?","?","?","?","E","R","BOSS","M","$","?","M","?","R","E","M","T","R","M","E","M","?","R","BOSS","M","?","?","M","M"],"items_purchased_type":["Card","Card","Relic"],"build_version":"2020-12-18","purchased_purges":2,"victory":false,"max_hp_per_floor":[71,71,71,71,71,71,71,71,71,71,71,71,71,71,71,71,71,71,71,71,71,71,71,71,71,71,71,71,71,71,71,71,71,71,73,73,73,73,73,73],"card_choices":[{"not_picked":["Redo","Barrage"],"picked":"Sweeping Beam","floor":1},{"not_picked":["All For One","Redo"],"picked":"Cold Snap","floor":8},{"not_picked":["Turbo","Chill"],"picked":"Defragment","floor":14},{"not_picked":["Core Surge","Seek"],"picked":"Electrodynamics","floor":16},{"not_picked":["Hologram","Conserve Battery"],"picked":"Compile Driver+1","floor":18},{"not_picked":["Rip and Tear","Hello World"],"picked":"Sweeping Beam+1","floor":19},{"not_picked":["Conserve Battery","FTL"],"picked":"Static Discharge","floor":19},{"not_picked":["Double Energy+1","Lockon"],"picked":"Consume","floor":19},{"not_picked":["Genetic Algorithm","Undo+1"],"picked":"Creative AI","floor":19},{"not_picked":["Redo","Reboot"],"picked":"Glacier","floor":19},{"not_picked":["Auto Shields","Turbo"],"picked":"BootSequence+1","floor":21},{"not_picked":["Rip and Tear","Hello World"],"picked":"Leap","floor":24},{"not_picked":["Stack","Sweeping Beam"],"picked":"Chill+1","floor":25},{"not_picked":["Streamline","Gash"],"picked":"Blizzard+1","floor":28},{"not_picked":["Doom and Gloom","Beam Cell"],"picked":"Loop","floor":29},{"not_picked":["Streamline","Steam","Leap"],"picked":"Go for the Eyes+1","floor":30},{"not_picked":["Barrage","Gash","Steam"],"picked":"Turbo+1","floor":31},{"not_picked":["Meteor Strike","Machine Learning","Electrodynamics"],"picked":"Creative AI","floor":33},{"not_picked":["Lockon","Loop+1","Static Discharge","Go for the Eyes"],"picked":"Singing Bowl","floor":35},{"not_picked":["Turbo+1","Go for the Eyes+1","Leap"],"picked":"Defragment","floor":36},{"not_picked":["Capacitor","Streamline","Steam+1"],"picked":"Fusion","floor":38}],"player_experience":3164416,"relics_obtained":[{"floor":8,"key":"Juzu Bracelet"},{"floor":9,"key":"Ice Cream"},{"floor":14,"key":"DataDisk"},{"floor":24,"key":"Singing Bowl"},{"floor":26,"key":"Cables"},{"floor":29,"key":"Question Card"},{"floor":31,"key":"Red Mask"},{"floor":36,"key":"Peace Pipe"}],"event_choices":[{"damage_healed":0,"gold_gain":0,"cards_transformed":["Strike_B"],"player_choice":"Change","damage_taken":0,"max_hp_gain":0,"max_hp_loss":0,"event_name":"Living Wall","floor":2,"gold_loss":0,"cards_obtained":["Glacier"]},{"cards_removed":["Strike_B"],"damage_healed":0,"gold_gain":0,"player_choice":"Card Removal","damage_taken":0,"max_hp_gain":0,"max_hp_loss":0,"event_name":"The Cleric","floor":3,"gold_loss":75},{"damage_healed":0,"gold_gain":150,"player_choice":"AGREE","damage_taken":0,"max_hp_gain":0,"max_hp_loss":0,"event_name":"Liars Game","floor":4,"gold_loss":0,"cards_obtained":["Doubt"]},{"damage_healed":0,"gold_gain":0,"player_choice":"Bought 3 Potions","damage_taken":0,"max_hp_gain":0,"max_hp_loss":0,"event_name":"The Woman in Blue","floor":6,"gold_loss":0},{"damage_healed":0,"gold_gain":275,"player_choice":"Desecrate","damage_taken":0,"max_hp_gain":0,"max_hp_loss":0,"event_name":"Golden Shrine","floor":10,"gold_loss":0,"cards_obtained":["Regret"]},{"damage_healed":0,"gold_gain":0,"player_choice":"Entered Light","damage_taken":21,"max_hp_gain":0,"max_hp_loss":0,"event_name":"Shining Light","floor":12,"gold_loss":0,"cards_upgraded":["Strike_B","Cold Snap"]},{"damage_healed":0,"gold_gain":75,"player_choice":"Gather Gold","damage_taken":11,"max_hp_gain":0,"max_hp_loss":0,"event_name":"World of Goop","floor":13,"gold_loss":0},{"damage_healed":0,"gold_gain":0,"player_choice":"","damage_taken":6,"max_hp_gain":0,"max_hp_loss":0,"event_name":"Knowing Skull","floor":20,"potions_obtained":[],"gold_loss":0,"cards_obtained":[]},{"cards_removed":["Glacier"],"damage_healed":46,"gold_gain":0,"player_choice":"Offered Uncommon","damage_taken":0,"max_hp_gain":0,"max_hp_loss":0,"event_name":"Bonfire Elementals","floor":22,"gold_loss":0},{"damage_healed":0,"gold_gain":0,"player_choice":"Fought Bandits","damage_taken":0,"max_hp_gain":0,"max_hp_loss":0,"event_name":"Masked Bandits","floor":31,"gold_loss":0},{"damage_healed":0,"gold_gain":0,"player_choice":"Fight","damage_taken":0,"max_hp_gain":0,"max_hp_loss":0,"event_name":"MindBloom","floor":36,"gold_loss":0},{"cards_removed":["Static Discharge"],"damage_healed":0,"gold_gain":0,"player_choice":"Removed Power","damage_taken":0,"max_hp_gain":0,"max_hp_loss":0,"event_name":"Falling","floor":37,"gold_loss":0}],"is_beta":true,"boss_relics":[{"not_picked":["Runic Dome","FrozenCore"],"picked":"Snecko Eye"},{"not_picked":["SacredBark","Empty Cage"],"picked":"Astrolabe"}],"items_purged_floors":[5,11],"is_endless":false,"potions_floor_spawned":[8,16,18,24,28,29,35],"killed_by":"Spire Growth","ascension_level":19}}