{"host":"04aht2z7d1qbuefv","time":1610339297,"event":{"mods":["AchievementEnabler","BaseMod","Downfall","Minty Spire (QoL Compilation)","StSLib","The Cursed","The Necromancer"],"gold_per_floor":[99,84,99,99,84,112,112,129,54,70,70,97,22,22,38,138,138,138,155,255,88,116,126,177,102,112,128,128,128,128,38,58,157,157,157,173,190,190,240,258,258,285,298,126,136,136,136,155,172,172],"floor_reached":51,"playtime":3552,"items_purged":["hexamod:ThirdSeal"],"score":632,"play_id":"72def01e-3ad8-4b36-b56e-7a0d0c319a0d","local_time":"20210111012817","is_ascension_mode":false,"campfire_choices":[{"floor":1,"key":"RECALL"},{"floor":9,"key":"REST"},{"data":"hexamod:PhantomCloak","floor":11,"key":"SMITH"},{"data":"hexamod:VolcanoVisage","floor":13,"key":"SMITH"},{"data":"1","floor":18,"key":"LIFT"},{"floor":25,"key":"REST"},{"floor":28,"key":"REST"},{"data":"2","floor":30,"key":"LIFT"},{"data":"3","floor":35,"key":"LIFT"},{"floor":47,"key":"REST"}],"circlet_count":0,"master_deck":["hexamod:Strike","hexamod:Strike","hexamod:Defend+1","hexamod:Defend","hexamod:Defend","hexamod:Defend+1","hexamod:Sear","hexamod:Float","hexamod:VolcanoVisage+1","hexamod:FirstSeal","hexamod:GhostShield","hexamod:PhantomCloak+1","hexamod:PhantomFireball+1","hexamod:EmpoweringStance+1","J.A.X.+1","hexamod:ShieldOfDarkness+1","hexamod:GhostOfSpireFuture","hexamod:HeatMetal+1","hexamod:ThermalTransfer+1","hexamod:FastForward+1","hexamod:BurningTouch+1","hexamod:ApocalypticArmor","hexamod:SkipABeat+1","hexamod:GhostShield+1","hexamod:Firestarter+1","hexamod:Rewind+1"],"relics":["hexamod:SpiritBrand","Molten Egg 2","Matryoshka","downfall:HeartBlessingRed","Toxic Egg 2","downfall:HeartBlessingGreen","Girya","Busted Crown","MutagenicStrength","Happy Flower","Red Mask","Tiny Chest","downfall:HeartBlessingBlue","Dream Catcher","Eternal Feather","Fusion Hammer","hexamod:SoulConsumer","Akabeko","Oddly Smooth Stone","War Paint"],"acts_visited":["Exordium","TheCity","TheBeyond"],"potions_floor_usage":[6,16,16,21,39,39,50],"damage_taken":[{"damage":5,"enemies":"downfall:FleeingMerchant","floor":2,"turns":4},{"damage":0,"enemies":"2 Louse","floor":3,"turns":3},{"damage":10,"enemies":"downfall:FleeingMerchant","floor":5,"turns":4},{"damage":46,"enemies":"Gremlin Nob","floor":6,"turns":6},{"damage":0,"enemies":"Cultist","floor":8,"turns":4},{"damage":0,"enemies":"Small Slimes","floor":10,"turns":4},{"damage":10,"enemies":"Lagavulin","floor":12,"turns":7},{"damage":6,"enemies":"2 Fungi Beasts","floor":15,"turns":4},{"damage":12,"enemies":"downfall:Watcher","floor":16,"turns":10},{"damage":7,"enemies":"Chosen","floor":19,"turns":6},{"damage":6,"enemies":"downfall:Augmenter","floor":20,"turns":8},{"damage":12,"enemies":"downfall:FleeingMerchant","floor":21,"turns":4},{"damage":39,"enemies":"Masked Bandits","floor":22,"turns":5},{"damage":3,"enemies":"3 Byrds","floor":23,"turns":4},{"damage":28,"enemies":"Snecko","floor":26,"turns":7},{"damage":4,"enemies":"Cultist and Chosen","floor":27,"turns":6},{"damage":3,"enemies":"downfall:FleeingMerchant","floor":31,"turns":4},{"damage":11,"enemies":"Centurion and Healer","floor":32,"turns":7},{"damage":33,"enemies":"downfall:Silent","floor":33,"turns":8},{"damage":3,"enemies":"Orb Walker","floor":36,"turns":4},{"damage":20,"enemies":"3 Darklings","floor":37,"turns":9},{"damage":3,"enemies":"Mind Bloom Boss Battle","floor":39,"turns":7},{"damage":14,"enemies":"Jaw Worm Horde","floor":40,"turns":4},{"damage":24,"enemies":"Transient","floor":43,"turns":5},{"damage":3,"enemies":"downfall:FleeingMerchant","floor":44,"turns":4},{"damage":3,"enemies":"3 Darklings","floor":45,"turns":7},{"damage":10,"enemies":"4 Shapes","floor":48,"turns":6},{"damage":4,"enemies":"Maw","floor":49,"turns":7},{"damage":17,"enemies":"downfall:Ironclad","floor":50,"turns":14}],"seed_played":"6945879417209641914","potions_obtained":[{"floor":3,"key":"EssenceOfSteel"},{"floor":6,"key":"FearPotion"},{"floor":12,"key":"Weak Potion"},{"floor":16,"key":"AttackPotion"},{"floor":23,"key":"EssenceOfSteel"},{"floor":26,"key":"Weak Potion"},{"floor":27,"key":"SpeedPotion"},{"floor":32,"key":"SpeedPotion"},{"floor":45,"key":"SteroidPotion"},{"floor":49,"key":"Explosive Potion"}],"is_trial":false,"path_per_floor":["R","$","M","?","$","E","T","M","R","M","R","E","R","?","M","B",null,"R","M","?","$","?","M","T","R","M","M","R","T","R","$","M","B",null,"R","M","M","?","?","M","T","T","M","$","M","?","R","M","M","B",null],"character_chosen":"THE_SPIRIT","items_purchased":["Happy Flower","War Paint"],"campfire_rested":4,"item_purchase_floors":[21,44],"current_hp_per_floor":[70,65,70,70,67,28,28,35,56,63,63,60,60,42,43,38,70,70,70,70,65,33,30,30,64,43,46,70,70,80,80,76,50,80,80,80,67,67,71,57,57,57,40,44,48,48,80,77,80,70],"gold":172,"neow_bonus":"ONE_RANDOM_RARE_CARD","is_daily":false,"chose_seed":false,"campfire_upgraded":2,"win_rate":0.0,"timestamp":1610339297,"path_taken":["R","$","M","?","?","E","T","M","R","?","R","E","R","?","M","BOSS","R","M","?","$","?","M","T","R","M","M","R","?","R","$","M","BOSS","R","M","M","?","?","M","T","?","M","$","M","?","R","M","M","BOSS"],"items_purchased_type":["Relic","Relic"],"build_version":"2020-12-22","purchased_purges":1,"victory":true,"max_hp_per_floor":[70,70,70,70,70,70,70,70,70,70,70,70,70,70,70,70,70,70,70,70,70,70,70,70,80,80,80,80,80,80,80,80,80,80,80,80,80,80,80,80,80,80,80,80,80,80,80,80,80,80],"card_choices":[{"not_picked":["hexamod:Hexaguard","hexamod:SwordOfDarkness"],"picked":"hexamod:FirstSeal","floor":2},{"not_picked":["hexamod:RainOfEmbers","hexamod:NightmareStrike","hexamod:FlamesFromBeyond"],"picked":"SKIP","floor":3},{"not_picked":["hexamod:DynamicBlow","hexamod:NightmareGuise"],"picked":"hexamod:GhostShield","floor":5},{"not_picked":["hexamod:GiftsFromTheDead","hexamod:Firestarter+1","hexamod:NightmareGuise"],"picked":"SKIP","floor":6},{"not_picked":["hexamod:DynamicBlow+1","hexamod:PhantomCloak","hexamod:AdvancingGuard"],"picked":"SKIP","floor":8},{"not_picked":["hexamod:DynamicBlow+1","hexamod:AdvancingGuard"],"picked":"hexamod:PhantomCloak","floor":8},{"not_picked":["hexamod:NightmareGuise","hexamod:FlamesFromBeyond","hexamod:BacktrackSmack+1"],"picked":"SKIP","floor":10},{"not_picked":["hexamod:PhantomCloak","hexamod:SwordOfDarkness+1"],"picked":"hexamod:PhantomFireball+1","floor":12},{"not_picked":["hexamod:ShieldOfDarkness+1","hexamod:NightmareStrike+1","hexamod:RainOfEmbers+1"],"picked":"SKIP","floor":15},{"not_picked":["hexamod:UnlimitedPower+1","hexamod:SixthSeal"],"picked":"hexamod:EmpoweringStance","floor":16},{"not_picked":["hexamod:GhostShield+1"],"picked":"SKIP","floor":19},{"not_picked":[],"picked":"J.A.X.+1","floor":20},{"not_picked":[],"picked":"hexamod:ShieldOfDarkness+1","floor":20},{"not_picked":[],"picked":"hexamod:HeatMetal+1","floor":21},{"not_picked":[],"picked":"hexamod:ThermalTransfer+1","floor":22},{"not_picked":[],"picked":"hexamod:FastForward+1","floor":23},{"not_picked":["hexamod:InspiringFlames+1"],"picked":"SKIP","floor":23},{"not_picked":["hexamod:SoulSteal+1"],"picked":"SKIP","floor":26},{"not_picked":["hexamod:TurnItUp+1"],"picked":"SKIP","floor":26},{"not_picked":["hexamod:Haunt+1"],"picked":"SKIP","floor":27},{"not_picked":["hexamod:Rewind+1"],"picked":"SKIP","floor":27},{"not_picked":[],"picked":"hexamod:BurningTouch+1","floor":31},{"not_picked":["hexamod:FirstSeal"],"picked":"SKIP","floor":31},{"not_picked":["hexamod:ThermalTransfer+1"],"picked":"SKIP","floor":32},{"not_picked":[],"picked":"hexamod:ApocalypticArmor","floor":33},{"not_picked":["hexamod:GhostShield+1"],"picked":"SKIP","floor":36},{"not_picked":["hexamod:HeatMetal+1"],"picked":"SKIP","floor":37},{"not_picked":[],"picked":"hexamod:SkipABeat+1","floor":39},{"not_picked":["hexamod:NightmareGuise+1"],"picked":"SKIP","floor":40},{"not_picked":["hexamod:NightmareGuise+1"],"picked":"SKIP","floor":43},{"not_picked":["hexamod:InspiringFlames+1"],"picked":"SKIP","floor":44},{"not_picked":["hexamod:SpectersWail+1"],"picked":"SKIP","floor":45},{"not_picked":[],"picked":"hexamod:GhostShield+1","floor":47},{"not_picked":[],"picked":"hexamod:Firestarter+1","floor":48},{"not_picked":[],"picked":"hexamod:Rewind+1","floor":49}],"player_experience":169436,"relics_obtained":[{"floor":6,"key":"Molten Egg 2"},{"floor":7,"key":"Matryoshka"},{"floor":12,"key":"Toxic Egg 2"},{"floor":20,"key":"MutagenicStrength"},{"floor":22,"key":"Red Mask"},{"floor":24,"key":"Tiny Chest"},{"floor":29,"key":"Dream Catcher"},{"floor":29,"key":"Eternal Feather"},{"floor":39,"key":"hexamod:SoulConsumer"},{"floor":41,"key":"Akabeko"},{"floor":42,"key":"Oddly Smooth Stone"}],"event_choices":[{"damage_healed":0,"gold_gain":0,"player_choice":"Ignored","damage_taken":0,"max_hp_gain":0,"max_hp_loss":0,"event_name":"NoteForYourself","floor":4,"gold_loss":0},{"damage_healed":0,"gold_gain":0,"player_choice":"Success","damage_taken":18,"relics_obtained":["Girya"],"max_hp_gain":0,"max_hp_loss":0,"event_name":"Scrap Ooze","floor":14,"gold_loss":0},{"damage_healed":0,"gold_gain":0,"player_choice":"Fought Bandits","damage_taken":0,"max_hp_gain":0,"max_hp_loss":0,"event_name":"Masked Bandits","floor":22,"gold_loss":0},{"damage_healed":0,"gold_gain":0,"player_choice":"Forge","damage_taken":0,"max_hp_gain":0,"max_hp_loss":0,"event_name":"Accursed Blacksmith","floor":46,"gold_loss":0,"cards_upgraded":["hexamod:EmpoweringStance"]}],"is_beta":false,"boss_relics":[{"not_picked":["Velvet Choker","Snecko Eye"],"picked":"Busted Crown"},{"not_picked":["Astrolabe","SlaversCollar"],"picked":"Fusion Hammer"}],"items_purged_floors":[31],"is_endless":false,"potions_floor_spawned":[3,6,12,16,23,26,27,32,33,36,45,49],"ascension_level":0}}