{"host":"ifhtq4ixo5m3h13u","time":1610331929,"event":{"mods":["BaseMod","Downfall","Minty Spire (QoL Compilation)","StSLib","Waifu the Spire","noobMod","vexMod","¡¾ÒÅÎï¿¨ÅÆ¡¿REMEMod"],"gold_per_floor":[99,112,124,109,109,120,120,45,62,62,75,75,75,60,80,183,183,108,120,138,158,158,177,177,177,189,189,134,134,163,146,224,458,458,383,423,477,477,521,521,545,359,433,261,261,310,310,333,357,408,408,531,110,110,233],"floor_reached":56,"playtime":2672,"items_purged":[],"score":1389,"play_id":"d030f963-db75-4223-98b0-0ca08312873b","local_time":"20210111102529","is_ascension_mode":false,"campfire_choices":[{"floor":1,"key":"RECALL"},{"floor":8,"key":"REST"},{"data":"sneckomod:UnknownEthereal","floor":18,"key":"SMITH"},{"data":"sneckomod:CheapStock","floor":25,"key":"SMITH"},{"data":"sneckomod:SerpentMind","floor":35,"key":"SMITH"},{"data":"Transmutation","floor":40,"key":"SMITH"},{"floor":47,"key":"REST"},{"floor":54,"key":"REST"}],"circlet_count":0,"master_deck":["sneckomod:Defend","sneckomod:Defend","sneckomod:TailWhip","sneckomod:SnekBite","sneckomod:Unknown","sneckomod:Unknown+1","hexamod:GiftsFromTheDead+1","sneckomod:Cheat+1","sneckomod:UnknownEthereal+1","sneckomod:UnknownEthereal","sneckomod:DiceBoulder","sneckomod:Nope","sneckomod:TrashToTreasure+1","sneckomod:UnknownEthereal+1","Regret","sneckomod:SoulCleanse+1","sneckomod:SlitherStrike+1","sneckomod:UnknownRareSkill+1","sneckomod:SerpentIdol","sneckomod:CheapStock+1","Bite","Bite","Bite","Bite","Bite","sneckomod:UnknownRareSkill","sneckomod:CheapStock","Transmutation+1","sneckomod:SerpentIdol+1","sneckomod:SerpentMind+1","Thinking Ahead","REME_AllRoundStrike","sneckomod:UnknownDexterity","REME_WheelOfFate"],"relics":["sneckomod:SneckoSoul","ice","REME_ComplimentaryCards","downfall:HeartBlessingRed","vexMod:ImprovementManual","downfall:HeartBlessingBlue","vexMod:Dragonfruit","MutagenicStrength","Vajra","REME_ArchaeologicalTools","vexMod:InvisibilityCloak","vexMod:BigBerry","downfall:HeartBlessingGreen","Ornamental Fan","vexMod:FocusSash","REME_HandOfSuture","Bronze Scales","White Beast Statue","Kunai"],"acts_visited":["Exordium","TheCity","TheBeyond","TheEnding"],"potions_floor_usage":[16,20,20,33,33,33,43,50,50,55,55],"damage_taken":[{"damage":13,"enemies":"Jaw Worm","floor":2,"turns":4},{"damage":7,"enemies":"2 Louse","floor":3,"turns":4},{"damage":11,"enemies":"downfall:FleeingMerchant","floor":4,"turns":4},{"damage":0,"enemies":"Small Slimes","floor":6,"turns":2},{"damage":8,"enemies":"Large Slime","floor":9,"turns":4},{"damage":9,"enemies":"Blue Slaver","floor":11,"turns":4},{"damage":17,"enemies":"downfall:FleeingMerchant","floor":14,"turns":4},{"damage":4,"enemies":"2 Fungi Beasts","floor":15,"turns":4},{"damage":28,"enemies":"downfall:Watcher","floor":16,"turns":8},{"damage":20,"enemies":"3 Byrds","floor":19,"turns":5},{"damage":46,"enemies":"Centurion and Healer","floor":20,"turns":6},{"damage":30,"enemies":"Snake Plant","floor":21,"turns":3},{"damage":32,"enemies":"3 Cultists","floor":23,"turns":5},{"damage":32,"enemies":"Chosen and Byrds","floor":26,"turns":5},{"damage":7,"enemies":"downfall:FleeingMerchant","floor":28,"turns":4},{"damage":21,"enemies":"Book of Stabbing","floor":30,"turns":3},{"damage":25,"enemies":"downfall:FleeingMerchant","floor":31,"turns":4},{"damage":8,"enemies":"Cultist and Chosen","floor":32,"turns":4},{"damage":21,"enemies":"downfall:Silent","floor":33,"turns":5},{"damage":0,"enemies":"3 Shapes","floor":36,"turns":2},{"damage":16,"enemies":"3 Darklings","floor":37,"turns":5},{"damage":7,"enemies":"Sphere and 2 Shapes","floor":39,"turns":3},{"damage":11,"enemies":"Nemesis","floor":43,"turns":5},{"damage":49,"enemies":"Writhing Mass","floor":46,"turns":3},{"damage":0,"enemies":"Spire Growth","floor":49,"turns":2},{"damage":4,"enemies":"downfall:Ironclad","floor":50,"turns":2},{"damage":34,"enemies":"downfall:CharBossMerchant","floor":52,"turns":4},{"damage":12,"enemies":"downfall:NeowBoss","floor":55,"turns":9}],"seed_played":"-3140979712433794075","potions_obtained":[{"floor":3,"key":"Ancient Potion"},{"floor":6,"key":"BlessingOfTheForge"},{"floor":9,"key":"DistilledChaos"},{"floor":19,"key":"Fire Potion"},{"floor":20,"key":"Dexterity Potion"},{"floor":33,"key":"GamblersBrew"},{"floor":37,"key":"Fire Potion"},{"floor":46,"key":"DistilledChaos"},{"floor":52,"key":"sneckomod:DiceRollPotion"}],"is_trial":false,"path_per_floor":["R","M","M","$","?","M","T","R","M","?","M","?","?","$","M","B",null,"R","M","M","M","?","M","T","R","M","?","$","?","E","$","M","B",null,"R","M","M","?","M","R","T","$","E","$","?","M","R","T","M","B",null,"E","$","R","B",null],"character_chosen":"THE_SNECKO","items_purchased":["sneckomod:CheapStock","Transmutation","vexMod:InvisibilityCloak","Thinking Ahead","REME_AllRoundStrike","REME_WheelOfFate","Kunai"],"campfire_rested":3,"item_purchase_floors":[28,31,31,42,44,53,53],"current_hp_per_floor":[90,78,72,61,61,61,61,88,80,85,77,77,77,60,56,29,99,109,89,50,20,20,69,74,74,51,51,52,52,39,22,18,125,155,155,156,143,143,138,138,138,138,131,131,132,97,150,150,152,154,178,154,154,185,183],"gold":233,"neow_bonus":"ONE_RANDOM_RARE_CARD","is_daily":false,"chose_seed":false,"campfire_upgraded":4,"win_rate":0.0,"timestamp":1610331929,"path_taken":["R","M","M","$","?","M","T","R","M","?","M","?","?","?","M","BOSS","R","M","M","M","?","M","T","R","M","?","$","?","E","?","M","BOSS","R","M","M","?","M","R","T","$","E","$","?","?","R","?","M","BOSS","E","$","R","BOSS"],"items_purchased_type":["Card","Card","Relic","Card","Card","Card","Relic"],"build_version":"2020-12-22","purchased_purges":0,"victory":true,"max_hp_per_floor":[90,91,92,92,92,92,92,92,92,97,98,98,98,98,98,99,99,109,109,109,109,76,77,82,82,93,93,98,98,103,108,112,125,155,155,156,163,163,164,164,164,164,174,174,175,177,177,177,177,178,178,185,185,185,186],"card_choices":[{"not_picked":["sneckomod:UnknownVulnerable","sneckomod:DiceBlock"],"picked":"sneckomod:UnknownEthereal","floor":2},{"not_picked":["sneckomod:ImprovisedAttack","sneckomod:SoulDraw"],"picked":"sneckomod:UnknownEthereal","floor":3},{"not_picked":["sneckomod:UnknownBlock","sneckomod:UnknownUncommonAttack"],"picked":"sneckomod:DiceBoulder","floor":4},{"not_picked":["sneckomod:QuickMove","sneckomod:IronFang"],"picked":"sneckomod:Nope","floor":6},{"not_picked":["sneckomod:WideSting","sneckomod:UnknownClassGREEN"],"picked":"sneckomod:TrashToTreasure","floor":9},{"not_picked":["sneckomod:UnknownStrike","sneckomod:UnknownClassGREEN"],"picked":"sneckomod:UnknownEthereal","floor":11},{"not_picked":["sneckomod:Restock","sneckomod:Unknown1Cost"],"picked":"sneckomod:SoulCleanse","floor":14},{"not_picked":["sneckomod:UnknownCommonSkill","sneckomod:UnknownWeak"],"picked":"sneckomod:SlitherStrike","floor":15},{"not_picked":["sneckomod:Cheat","sneckomod:DangerNoodle"],"picked":"sneckomod:UnknownRareSkill","floor":16},{"not_picked":["sneckomod:UnknownClassGREEN","sneckomod:ImprovisedAttack"],"picked":"sneckomod:SerpentIdol","floor":19},{"not_picked":["sneckomod:UnknownWeak","sneckomod:RainOfDice","sneckomod:WideSting"],"picked":"SKIP","floor":20},{"not_picked":["sneckomod:WideSting","sneckomod:UnknownClassSLIMEBOUND"],"picked":"sneckomod:CheapStock","floor":21},{"not_picked":["sneckomod:UnknownCommonSkill+1","sneckomod:UnknownWeak","sneckomod:Unknown1Cost"],"picked":"SKIP","floor":21},{"not_picked":["sneckomod:IronFang","sneckomod:UnknownClassGREEN","sneckomod:QuickBite"],"picked":"SKIP","floor":23},{"not_picked":["sneckomod:RainOfDice+1","sneckomod:QuickBite+1"],"picked":"sneckomod:UnknownRareSkill","floor":26},{"not_picked":["sneckomod:RainOfDice+1","sneckomod:SoulRoll+1","sneckomod:UnknownCommonAttack+1"],"picked":"SKIP","floor":28},{"not_picked":["sneckomod:UnknownUncommonPower","sneckomod:QuickMove","sneckomod:UnknownStrike"],"picked":"SKIP","floor":30},{"not_picked":["sneckomod:RainOfDice","sneckomod:Nope+1","sneckomod:WideSting"],"picked":"SKIP","floor":31},{"not_picked":["sneckomod:QuickMove+1","sneckomod:WideSting"],"picked":"sneckomod:SerpentIdol+1","floor":32},{"not_picked":["sneckomod:UnknownRarePower","sneckomod:Cheat"],"picked":"sneckomod:SerpentMind","floor":33},{"not_picked":["sneckomod:RainOfDice","sneckomod:IronFang","sneckomod:SoulDraw+1"],"picked":"SKIP","floor":36},{"not_picked":["sneckomod:DiceBlock+1","sneckomod:UnknownWeak","sneckomod:DiceBoulder+1"],"picked":"SKIP","floor":37},{"not_picked":["sneckomod:UnknownUncommonAttack","sneckomod:SerpentIdol+1","sneckomod:UnknownBlock+1"],"picked":"SKIP","floor":39},{"not_picked":["sneckomod:Unknown2Cost+1","sneckomod:UnknownClassHEXA_GHOST_PURPLE+1","sneckomod:UnknownUncommonPower+1"],"picked":"SKIP","floor":43},{"not_picked":["sneckomod:DefensiveFlair+1","sneckomod:UnknownUncommonSkill","sneckomod:Unknown1Cost"],"picked":"SKIP","floor":43},{"not_picked":["sneckomod:UnknownX","sneckomod:QuickMove","sneckomod:UnknownUncommonAttack"],"picked":"SKIP","floor":46},{"not_picked":["sneckomod:Unknown1Cost+1","sneckomod:UnknownClassBLUE","sneckomod:UnknownCommonSkill+1"],"picked":"SKIP","floor":49},{"not_picked":["sneckomod:UnknownEthereal+1","sneckomod:UnknownX+1","sneckomod:SoulDraw+1"],"picked":"SKIP","floor":52}],"player_experience":64259,"relics_obtained":[{"floor":24,"key":"vexMod:Dragonfruit"},{"floor":30,"key":"REME_ArchaeologicalTools"},{"floor":38,"key":"Ornamental Fan"},{"floor":41,"key":"vexMod:FocusSash"},{"floor":43,"key":"REME_HandOfSuture"},{"floor":48,"key":"Bronze Scales"},{"floor":52,"key":"White Beast Statue"}],"event_choices":[{"cards_removed":["sneckomod:Strike"],"damage_healed":0,"gold_gain":0,"player_choice":"Card Removal","damage_taken":0,"max_hp_gain":0,"max_hp_loss":0,"event_name":"The Cleric","floor":5,"gold_loss":0},{"damage_healed":0,"gold_gain":0,"player_choice":"Donut","damage_taken":0,"max_hp_gain":5,"max_hp_loss":0,"event_name":"Big Fish","floor":10,"gold_loss":0},{"damage_healed":0,"gold_gain":0,"player_choice":"Became a vampire","damage_taken":0,"max_hp_gain":0,"max_hp_loss":33,"event_name":"Vampires","floor":22,"gold_loss":0,"cards_obtained":["Bite","Bite","Bite","Bite","Bite"]},{"damage_healed":0,"gold_gain":0,"player_choice":"Inject Mutagens","damage_taken":0,"relics_obtained":["MutagenicStrength"],"max_hp_gain":0,"max_hp_loss":0,"event_name":"Drug Dealer","floor":27,"gold_loss":0},{"damage_healed":0,"gold_gain":0,"cards_transformed":["sneckomod:Defend"],"player_choice":"Transformed","damage_taken":0,"max_hp_gain":0,"max_hp_loss":0,"event_name":"Transmorgrifier","floor":45,"gold_loss":0,"cards_obtained":["sneckomod:UnknownDexterity"]}],"is_beta":false,"boss_relics":[{"not_picked":["SacredBark","vexMod:FluxCapacitor"],"picked":"vexMod:ImprovementManual"},{"not_picked":["Runic Dome","Calling Bell"],"picked":"vexMod:BigBerry"}],"items_purged_floors":[],"is_endless":false,"potions_floor_spawned":[3,6,9,11,19,20,26,32,33,37,46,49,52],"ascension_level":0}}