{"host":"kev6uqotw4tlyx8l","time":1610365083,"event":{"mods":["Act Like it!","Aspiration","BaseMod","Colored Powertips","Dota2Spire","Downfall","Hallownest","Infinite Spire","Marisa????????","Minty Spire (QoL Compilation)","Quick Restart","Remilia??????","Replay The Spire","StSLib","The Cursed","The Jungle","The Marked","The Mystic","The Servant 0.9.4"],"gold_per_floor":[116,116,116,33,46,78,92,92,392,392,392,410,410,451,451,595,595,621,621,621,618,661,726,768,768,768,768,400,400,400,438,438,583,583,628,628,628,653,442,442,482,528,554,554,30,30,69,99,99,125,125],"floor_reached":50,"playtime":1798,"items_purged":[],"score":543,"play_id":"7e5fa08f-b5d9-459c-8d3b-e59700c47e5b","local_time":"20210111183803","is_ascension_mode":false,"campfire_choices":[{"data":"Hemogenesis","floor":8,"key":"SMITH"},{"data":"Bandage Up","floor":13,"key":"SMITH"},{"floor":15,"key":"REST"},{"data":"Life Link","floor":25,"key":"SMITH"},{"data":"Feed","floor":27,"key":"SMITH"},{"data":"Replay:Undeath\u0027s Touch","floor":30,"key":"SMITH"},{"data":"Spot Weakness","floor":32,"key":"SMITH"},{"data":"Enlightenment","floor":40,"key":"SMITH"},{"data":"Limit Break","floor":44,"key":"SMITH"},{"floor":49,"key":"REST"}],"circlet_count":0,"master_deck":["Defend_R","Defend_R","Defend_R","Defend_R","Bash","Hemogenesis+1","Headbutt","Bandage Up+1","Spot Weakness+1","Searing Blow","Anger","Injury","Life Link+1","Feed+1","Dropkick","Bite","Bite","Bite","Bite","Bite","Replay:Undeath\u0027s Touch+1","ReplayTheSpireMod:Stacked","Twin Strike+1","Anger","Shrug It Off","Twin Strike","Sword Boomerang","Limit Break+1","AbeCurse","Pummel","Feed+1","Warcry","Anger","Replay:Undeath\u0027s Touch","Flex","Enlightenment+1","Intimidate","ReplayTheSpireMod:LeadingStrike+1","infinitespire:SevenWalls","Parasite","Reaper","Disarm+1"],"relics":["Burning Blood","Dota2Spire:ShadowBlade","Replay:Rubber Ducky","Old Coin","Golden Idol","Replay:Bandana","Dota2Spire:RefresherOrb","Divine Protection","Question Card","Sundial","Pet Ghost","infinitespire:Lucky Rock","Abe\u0027s Treasure","PreservedInsect","Pocketwatch"],"acts_visited":["Exordium","TheCity","TheBeyond"],"potions_floor_usage":[14,23,23,33,41,47,47],"damage_taken":[{"damage":8,"enemies":"Jaw Worm","floor":1,"turns":3},{"damage":0,"enemies":"Small Slimes","floor":5,"turns":3},{"damage":38,"enemies":"Gremlin Nob","floor":6,"turns":5},{"damage":5,"enemies":"2 Louse","floor":7,"turns":3},{"damage":13,"enemies":"2 Fungi Beasts","floor":12,"turns":3},{"damage":33,"enemies":"3 Sentries","floor":14,"turns":7},{"damage":68,"enemies":"Hexaghost","floor":16,"turns":9},{"damage":40,"enemies":"3 Byrds","floor":18,"turns":6},{"damage":23,"enemies":"2 Thieves","floor":21,"turns":5},{"damage":35,"enemies":"Shelled Parasite and Fungi","floor":22,"turns":5},{"damage":21,"enemies":"Nightmare","floor":23,"turns":6},{"damage":29,"enemies":"Centurion and Healer","floor":24,"turns":5},{"damage":5,"enemies":"Cultist and Chosen","floor":31,"turns":6},{"damage":41,"enemies":"Champ","floor":33,"turns":11},{"damage":10,"enemies":"3 Darklings","floor":35,"turns":4},{"damage":2,"enemies":"Orb Walker","floor":38,"turns":2},{"damage":26,"enemies":"Spire Growth","floor":41,"turns":5},{"damage":56,"enemies":"Maw","floor":42,"turns":9},{"damage":16,"enemies":"Writhing Mass","floor":47,"turns":5},{"damage":65,"enemies":"Awakened One","floor":50,"turns":4}],"seed_played":"7224262543289591593","potions_obtained":[{"floor":6,"key":"SpeedPotion"},{"floor":12,"key":"Death Potion"},{"floor":16,"key":"Ancient Potion"},{"floor":18,"key":"Dota2Spire:Clarity"},{"floor":23,"key":"ElixirPotion"},{"floor":31,"key":"BlessingOfTheForge"},{"floor":33,"key":"LifebloodPotion"},{"floor":38,"key":"Guardian:BlockOnCardUsePotion"},{"floor":42,"key":"Fire Potion"}],"is_trial":false,"path_per_floor":["M","?","?","$","M","E","M","R","T","?","?","M","R","E","R","B",null,"M","?","AVR","M","M","NM","M","R","T","R","$","?","R","M","R","B",null,"M","?","?","M","$","R","M","M","T","R","?","$","M","?","R","B"],"character_chosen":"IRONCLAD","items_purchased":["Bandage Up","Pet Ghost","Shrug It Off","infinitespire:Lucky Rock","Twin Strike","Anger","Replay:Undeath\u0027s Touch","Flex","Enlightenment"],"campfire_rested":2,"item_purchase_floors":[4,28,28,28,28,39,39,39,39],"current_hp_per_floor":[78,78,75,75,80,52,62,62,62,62,62,55,55,45,69,21,80,57,57,57,56,46,66,61,61,61,61,61,54,54,67,67,52,70,70,70,70,74,74,74,65,33,33,33,33,33,35,17,39,0,0],"gold":125,"neow_bonus":"ONE_RANDOM_RARE_CARD","is_daily":false,"chose_seed":false,"campfire_upgraded":8,"win_rate":0.0,"timestamp":1610365083,"path_taken":["M","?","?","$","M","E","M","R","T","?","?","M","R","E","R","BOSS","M","?","AVR","M","M","NM","M","R","T","R","$","?","R","?","R","BOSS","M","?","?","?","$","R","M","M","T","R","?","$","M","?","R","BOSS"],"items_purchased_type":["Card","Relic","Card","Relic","Card","Card","Card","Card","Card"],"build_version":"2020-12-22","purchased_purges":0,"victory":false,"max_hp_per_floor":[80,80,80,80,80,80,80,80,80,80,80,80,80,80,80,80,80,83,58,58,61,64,67,70,70,70,70,70,70,70,70,70,70,70,70,70,70,74,74,74,74,74,74,74,74,74,74,74,74,74,74],"card_choices":[{"not_picked":["Thunderclap","Intimidate"],"picked":"Headbutt","floor":1},{"not_picked":["Havoc","Flex"],"picked":"Spot Weakness","floor":5},{"not_picked":["ReplayReversal","Feel No Pain"],"picked":"Searing Blow","floor":6},{"not_picked":["ReplayTheSpireMod:Strike From Hell","Limit Break"],"picked":"Anger","floor":7},{"not_picked":["Fire Breathing","Second Wind"],"picked":"Sword Boomerang","floor":12},{"not_picked":["Headbutt","Iron Wave"],"picked":"Life Link","floor":14},{"not_picked":["Double Tap","Immolate"],"picked":"Feed","floor":16},{"not_picked":["Warcry","Body Slam"],"picked":"Dropkick","floor":18},{"not_picked":["Fiend Fire","Havoc"],"picked":"Replay:Undeath\u0027s Touch","floor":21},{"not_picked":["Abandon","Armaments"],"picked":"ReplayTheSpireMod:Stacked","floor":22},{"not_picked":["Perfected Strike+1","Dual Wield+1"],"picked":"Twin Strike+1","floor":23},{"not_picked":["Run Through","Armaments+1","Heavy Blade"],"picked":"Anger","floor":24},{"not_picked":["Shockwave","Dual Wield","Havoc"],"picked":"Sword Boomerang","floor":31},{"not_picked":["Eclipse","Offering","Juggernaut"],"picked":"Limit Break","floor":33},{"not_picked":["Twin Strike+1","True Grit+1","Pommel Strike+1"],"picked":"Pummel","floor":35},{"not_picked":["Iron Wave","Intimidate","True Grit+1"],"picked":"Warcry","floor":38},{"not_picked":["Replay:Undeath\u0027s Touch","Evolve","ReplayTheSpireMod:Strike From Hell+1"],"picked":"Intimidate","floor":41},{"not_picked":["Reckless Charge","Anger","ReplayTheSpireMod:Stacked+1"],"picked":"ReplayTheSpireMod:LeadingStrike+1","floor":42},{"not_picked":["infinitespire:Starlight","infinitespire:DeathsTouch"],"picked":"infinitespire:SevenWalls","floor":45},{"not_picked":["Blood for Blood","Anger","Pommel Strike"],"picked":"Reaper","floor":47},{"not_picked":["Flex","Pommel Strike","Cleave+1"],"picked":"Disarm+1","floor":48}],"player_experience":102447,"relics_obtained":[{"floor":6,"key":"Replay:Rubber Ducky"},{"floor":9,"key":"Old Coin"},{"floor":14,"key":"Replay:Bandana"},{"floor":23,"key":"Question Card"},{"floor":26,"key":"Sundial"},{"floor":43,"key":"PreservedInsect"},{"floor":48,"key":"Pocketwatch"}],"event_choices":[{"damage_healed":0,"gold_gain":0,"player_choice":"Leave","damage_taken":0,"max_hp_gain":0,"max_hp_loss":0,"event_name":"The Cleric","floor":2,"gold_loss":0},{"damage_healed":0,"gold_gain":0,"player_choice":"Success","damage_taken":3,"relics_obtained":["Dota2Spire:ShadowBlade"],"max_hp_gain":0,"max_hp_loss":0,"event_name":"Scrap Ooze","floor":3,"gold_loss":0},{"damage_healed":0,"gold_gain":0,"player_choice":"Take Wound","damage_taken":0,"relics_obtained":["Golden Idol"],"max_hp_gain":0,"max_hp_loss":0,"event_name":"Golden Idol","floor":10,"gold_loss":0,"cards_obtained":["Injury"]},{"damage_healed":0,"gold_gain":0,"player_choice":"Became a vampire","damage_taken":0,"max_hp_gain":0,"max_hp_loss":25,"event_name":"Vampires","floor":19,"gold_loss":0,"cards_obtained":["Bite","Bite","Bite","Bite","Bite"]},{"damage_healed":0,"gold_gain":0,"player_choice":"Damaged","damage_taken":7,"max_hp_gain":0,"max_hp_loss":0,"event_name":"Wheel of Change","floor":29,"gold_loss":0},{"cards_removed":["Sword Boomerang"],"damage_healed":0,"gold_gain":0,"player_choice":"Removed Attack","damage_taken":0,"max_hp_gain":0,"max_hp_loss":0,"event_name":"Falling","floor":36,"gold_loss":0},{"damage_healed":0,"gold_gain":0,"player_choice":"Copied","damage_taken":0,"max_hp_gain":0,"max_hp_loss":0,"event_name":"Duplicator","floor":37,"gold_loss":0,"cards_obtained":["Feed"]}],"is_beta":false,"boss_relics":[{"not_picked":["Cursed Key","Replay:Drink Me"],"picked":"Dota2Spire:RefresherOrb"},{"not_picked":["Runic Cube","ReplayTheSpireMod:DimensionalGlitch"],"picked":"Abe\u0027s Treasure"}],"items_purged_floors":[],"is_endless":true,"potions_floor_spawned":[6,12,16,18,23,31,33,38,42],"killed_by":"Awakened One","ascension_level":0}}