{"host":"873t0y8ybyo38pfq","time":1610397051,"event":{"mods":["BaseMod","Bestiary","Colored Map","Colored Powertips","Highlight Path","Minty Spire (QoL Compilation)","Quick Restart","RNG Fix","Rare Cards Sparkle","Relic Stats","StSLib"],"gold_per_floor":[115,129,129,129,144,178,178,194,194,194,194,224,224,244,244,244,244],"floor_reached":16,"playtime":2783,"items_purged":[],"score":220,"play_id":"fb8bdbcb-e896-4820-bdb2-6a4d7719ddd9","local_time":"20210111153051","is_ascension_mode":true,"campfire_choices":[{"data":"Electrodynamics","floor":7,"key":"SMITH"},{"data":"Zap","floor":11,"key":"SMITH"},{"floor":15,"key":"REST"}],"circlet_count":0,"master_deck":["AscendersBane","Strike_B","Strike_B","Defend_B","Defend_B","Defend_B","Defend_B","Zap+1","Dualcast","Leap","Go for the Eyes","Electrodynamics+1","Leap","Coolheaded","Glacier","Ball Lightning","Loop"],"relics":["Cracked Core","NeowsBlessing","Gambling Chip","Regal Pillow","Toxic Egg 2","Bottled Tornado","Golden Idol"],"acts_visited":["Exordium"],"potions_floor_usage":[16,16],"damage_taken":[{"damage":0,"enemies":"Jaw Worm","floor":1,"turns":1},{"damage":0,"enemies":"2 Louse","floor":2,"turns":1},{"damage":0,"enemies":"Cultist","floor":5,"turns":1},{"damage":17,"enemies":"Lagavulin","floor":6,"turns":9},{"damage":0,"enemies":"Exordium Thugs","floor":8,"turns":3},{"damage":1,"enemies":"3 Sentries","floor":12,"turns":2},{"damage":3,"enemies":"Red Slaver","floor":14,"turns":3},{"damage":60,"enemies":"Hexaghost","floor":16,"turns":16}],"seed_played":"6764026050744163577","potions_obtained":[{"floor":5,"key":"Block Potion"},{"floor":6,"key":"AttackPotion"}],"is_trial":false,"path_per_floor":["M","M","?","?","M","E","R","M","T","?","R","E","?","M","R","B"],"character_chosen":"DEFECT","items_purchased":[],"campfire_rested":1,"item_purchase_floors":[],"current_hp_per_floor":[64,64,53,53,53,36,36,36,36,29,29,28,28,25,59,0,0],"gold":244,"neow_bonus":"THREE_ENEMY_KILL","is_daily":false,"chose_seed":false,"campfire_upgraded":2,"win_rate":0.0,"timestamp":1610397051,"path_taken":["M","M","?","?","M","E","R","M","T","?","R","E","?","M","R","BOSS"],"items_purchased_type":[],"build_version":"2020-12-22","purchased_purges":0,"victory":false,"max_hp_per_floor":[71,71,71,71,71,71,71,71,71,71,71,71,64,64,64,64,64],"relic_stats":{"Regal Pillow":15,"counters":[8,36],"Golden Idol":4,"Gambling Chip":[19],"obtain_stats":[{"Regal Pillow":6,"NeowsBlessing":0,"Golden Idol":13,"Gambling Chip":3,"Toxic Egg 2":9,"Bottled Tornado":12,"Cracked Core":0},{"Regal Pillow":4,"NeowsBlessing":0,"Golden Idol":6,"Gambling Chip":2,"Toxic Egg 2":5,"Bottled Tornado":6,"Cracked Core":0},{"Regal Pillow":12,"NeowsBlessing":0,"Golden Idol":17,"Gambling Chip":2,"Toxic Egg 2":15,"Bottled Tornado":17,"Cracked Core":0}]},"card_choices":[{"not_picked":["Barrage","Cold Snap"],"picked":"Leap","floor":1},{"not_picked":["Redo","Hello World"],"picked":"Go for the Eyes","floor":2},{"not_picked":["Self Repair","Gash"],"picked":"Leap","floor":5},{"not_picked":["Multi-Cast","Reinforced Body"],"picked":"Coolheaded","floor":6},{"not_picked":["Hologram","Sunder"],"picked":"Glacier","floor":8},{"not_picked":["Ball Lightning","Rebound","Go for the Eyes"],"picked":"SKIP","floor":12},{"not_picked":["Rebound","Go for the Eyes"],"picked":"Ball Lightning","floor":12},{"not_picked":["Ball Lightning","Compile Driver"],"picked":"Loop","floor":14}],"player_experience":1584456,"relics_obtained":[{"floor":6,"key":"Regal Pillow"},{"floor":9,"key":"Toxic Egg 2"},{"floor":12,"key":"Bottled Tornado"}],"event_choices":[{"damage_healed":0,"gold_gain":0,"player_choice":"Success","damage_taken":11,"relics_obtained":["Gambling Chip"],"max_hp_gain":0,"max_hp_loss":0,"event_name":"Scrap Ooze","floor":3,"gold_loss":0},{"damage_healed":0,"gold_gain":0,"cards_transformed":["Strike_B"],"player_choice":"Change","damage_taken":0,"max_hp_gain":0,"max_hp_loss":0,"event_name":"Living Wall","floor":4,"gold_loss":0,"cards_obtained":["Electrodynamics"]},{"cards_removed":["Strike_B"],"damage_healed":0,"gold_gain":0,"player_choice":"Card Removal","damage_taken":7,"max_hp_gain":0,"max_hp_loss":0,"event_name":"Golden Wing","floor":10,"gold_loss":0},{"damage_healed":0,"gold_gain":0,"player_choice":"Lose Max HP","damage_taken":0,"relics_obtained":["Golden Idol"],"max_hp_gain":0,"max_hp_loss":7,"event_name":"Golden Idol","floor":13,"gold_loss":0}],"is_beta":false,"boss_relics":[],"items_purged_floors":[],"is_endless":false,"potions_floor_spawned":[5,6,8],"killed_by":"Hexaghost","ascension_level":20}}