{"host":"uv231blk40vjdojr","time":1610392423,"event":{"mods":["AchievementEnabler","BaseMod","Bestiary","Minty Spire (QoL Compilation)","Relic Stats"],"gold_per_floor":[119,139,64,77,87,87,87,87,87,105,105,115,115,146,146,249,249,263,273,372,20,20,48,67,82,82,108,108,120,120,137,137,137,137],"floor_reached":33,"playtime":977,"items_purged":["Defend_R","Defend_R"],"score":314,"play_id":"c2dfd8e6-e9c4-4683-9a20-1b2a1fc07c7e","local_time":"20210111201343","is_ascension_mode":false,"campfire_choices":[{"data":"Dropkick","floor":6,"key":"SMITH"},{"data":"Strike_R","floor":11,"key":"SMITH"},{"data":"Strike_R","floor":13,"key":"SMITH"},{"data":"Strike_R","floor":15,"key":"SMITH"},{"floor":32,"key":"REST"}],"circlet_count":0,"master_deck":["Strike_R+1","Strike_R+1","Strike_R+1","Defend_R","Defend_R","Bash+1","Dropkick+1","Necronomicurse"],"relics":["Burning Blood","Bronze Scales","StrikeDummy","Empty Cage","Singing Bowl","Necronomicon","Centennial Puzzle","Self Forming Clay","Pantograph"],"acts_visited":["Exordium","TheCity"],"potions_floor_usage":[14,16,23,27,27,27,27,27,33,33],"damage_taken":[{"damage":1,"enemies":"Cultist","floor":1,"turns":3},{"damage":7,"enemies":"Small Slimes","floor":2,"turns":4},{"damage":6,"enemies":"Jaw Worm","floor":4,"turns":3},{"damage":11,"enemies":"Exordium Wildlife","floor":5,"turns":6},{"damage":12,"enemies":"Blue Slaver","floor":10,"turns":2},{"damage":25,"enemies":"Lots of Slimes","floor":12,"turns":3},{"damage":35,"enemies":"3 Sentries","floor":14,"turns":7},{"damage":22,"enemies":"Hexaghost","floor":16,"turns":7},{"damage":5,"enemies":"Chosen","floor":18,"turns":3},{"damage":16,"enemies":"3 Byrds","floor":19,"turns":4},{"damage":45,"enemies":"Slavers","floor":23,"turns":3},{"damage":6,"enemies":"3 Cultists","floor":24,"turns":4},{"damage":10,"enemies":"Sentry and Sphere","floor":25,"turns":3},{"damage":11,"enemies":"Gremlin Leader","floor":27,"turns":3},{"damage":10,"enemies":"Snecko","floor":29,"turns":3},{"damage":16,"enemies":"Shelled Parasite and Fungi","floor":31,"turns":3},{"damage":73,"enemies":"Automaton","floor":33,"turns":6}],"seed_played":"1714917578082159511","potions_obtained":[{"floor":5,"key":"SteroidPotion"},{"floor":10,"key":"PowerPotion"},{"floor":12,"key":"SkillPotion"},{"floor":16,"key":"BlessingOfTheForge"},{"floor":19,"key":"Explosive Potion"},{"floor":24,"key":"EntropicBrew"},{"floor":29,"key":"Explosive Potion"},{"floor":31,"key":"PowerPotion"}],"is_trial":false,"path_per_floor":["M","M","$","M","M","R","?","$","T","M","R","M","R","E","R","B",null,"M","M","?","$","?","E","M","M","T","E","$","M","$","M","R","B"],"character_chosen":"IRONCLAD","items_purchased":["Singing Bowl"],"campfire_rested":1,"item_purchase_floors":[21],"current_hp_per_floor":[80,79,79,79,74,74,79,79,79,73,73,54,54,25,25,9,85,85,75,75,75,59,22,24,22,22,19,19,17,17,9,38,0,0],"gold":137,"neow_bonus":"UPGRADE_CARD","is_daily":false,"chose_seed":false,"campfire_upgraded":4,"win_rate":0.0,"timestamp":1610392423,"path_taken":["M","?","$","M","M","R","?","$","T","M","R","M","R","E","R","BOSS","M","M","?","$","?","E","M","M","T","E","?","M","$","?","R","BOSS"],"items_purchased_type":["Relic"],"build_version":"2020-12-22","purchased_purges":2,"victory":false,"max_hp_per_floor":[80,80,80,80,80,80,85,85,85,85,85,85,85,85,85,85,85,85,85,85,85,85,87,89,91,91,93,93,95,95,97,97,97,97],"relic_stats":{"Centennial Puzzle":[18],"Singing Bowl":12,"counters":[17,67],"Self Forming Clay":[30],"Bronze Scales":[156],"Pantograph":25,"Necronomicon":[22],"obtain_stats":[{"Centennial Puzzle":23,"Singing Bowl":21,"Self Forming Clay":26,"Bronze Scales":9,"Pantograph":27,"Necronomicon":22,"StrikeDummy":14,"Empty Cage":17,"Burning Blood":0},{"Centennial Puzzle":11,"Singing Bowl":10,"Self Forming Clay":13,"Bronze Scales":4,"Pantograph":14,"Necronomicon":10,"StrikeDummy":7,"Empty Cage":8,"Burning Blood":0},{"Centennial Puzzle":45,"Singing Bowl":42,"Self Forming Clay":52,"Bronze Scales":16,"Pantograph":55,"Necronomicon":42,"StrikeDummy":28,"Empty Cage":35,"Burning Blood":0}],"Burning Blood":90},"card_choices":[{"not_picked":["Shrug It Off","Anger","Clothesline"],"picked":"SKIP","floor":1},{"not_picked":["Iron Wave","Body Slam","Havoc"],"picked":"SKIP","floor":2},{"not_picked":["Sentinel","Shrug It Off","Reckless Charge"],"picked":"SKIP","floor":4},{"not_picked":["Inflame","Evolve"],"picked":"Dropkick","floor":5},{"not_picked":["Havoc","Perfected Strike","Fire Breathing"],"picked":"SKIP","floor":10},{"not_picked":["Twin Strike","Pommel Strike","Sever Soul"],"picked":"SKIP","floor":12},{"not_picked":["Shrug It Off","Wild Strike","Reckless Charge"],"picked":"SKIP","floor":14},{"not_picked":["Wild Strike","Uppercut","Clothesline"],"picked":"SKIP","floor":18},{"not_picked":["Dark Embrace+1","Searing Blow","Bloodletting"],"picked":"SKIP","floor":19},{"not_picked":["Dual Wield","Rampage","Pommel Strike"],"picked":"Singing Bowl","floor":23},{"not_picked":["Flex","Burning Pact","Iron Wave"],"picked":"Singing Bowl","floor":24},{"not_picked":["Clothesline+1","Brutality","Body Slam"],"picked":"Singing Bowl","floor":25},{"not_picked":["Limit Break","Spot Weakness","Havoc"],"picked":"Singing Bowl","floor":27},{"not_picked":["Havoc","Sword Boomerang+1","Flex"],"picked":"Singing Bowl","floor":29},{"not_picked":["Pommel Strike+1","Twin Strike","Juggernaut"],"picked":"Singing Bowl","floor":31}],"player_experience":663836,"relics_obtained":[{"floor":9,"key":"Bronze Scales"},{"floor":14,"key":"StrikeDummy"},{"floor":22,"key":"Necronomicon"},{"floor":23,"key":"Centennial Puzzle"},{"floor":26,"key":"Self Forming Clay"},{"floor":27,"key":"Pantograph"}],"event_choices":[{"damage_healed":0,"gold_gain":0,"player_choice":"Donut","damage_taken":0,"max_hp_gain":5,"max_hp_loss":0,"event_name":"Big Fish","floor":7,"gold_loss":0},{"damage_healed":0,"gold_gain":99,"player_choice":"Stole From Cult","damage_taken":0,"max_hp_gain":0,"max_hp_loss":0,"event_name":"Nest","floor":20,"gold_loss":0},{"damage_healed":0,"gold_gain":0,"player_choice":"Obtained Book","damage_taken":16,"max_hp_gain":0,"max_hp_loss":0,"event_name":"Cursed Tome","floor":22,"gold_loss":0}],"is_beta":false,"boss_relics":[{"not_picked":["Runic Cube","Runic Pyramid"],"picked":"Empty Cage"}],"items_purged_floors":[3,21],"is_endless":false,"potions_floor_spawned":[5,10,12,16,19,24,29,31],"killed_by":"Automaton","ascension_level":0}}