{"host":"091y6d77ht7dl3wb","time":1610352319,"event":{"mods":["AchievementEnabler","BaseMod","Colored Map","Hermit","Minty Spire (QoL Compilation)","Rare Cards Sparkle","StSLib"],"gold_per_floor":[112,112,82,92,104,104,123,123,123,123,134,147,170,15,15,114,114,134,58,58,75,2,14,14,14,40,40,40,40,52,72,72,72,72],"floor_reached":33,"playtime":906,"items_purged":[],"score":237,"play_id":"4fde2e26-f81b-4b1e-a912-5962c8090bd1","local_time":"20210111170519","is_ascension_mode":false,"campfire_choices":[{"data":"hermit:Snapshot","floor":6,"key":"SMITH"},{"data":"hermit:TrackingShot","floor":8,"key":"SMITH"},{"data":"hermit:RoundhouseKick","floor":10,"key":"SMITH"},{"data":"hermit:PistolWhip","floor":15,"key":"SMITH"},{"data":"hermit:EternalForm","floor":25,"key":"SMITH"},{"data":"hermit:Combo","floor":28,"key":"SMITH"},{"floor":32,"key":"REST"}],"circlet_count":0,"master_deck":["hermit:Strike_Hermit","hermit:Strike_Hermit","hermit:Strike_Hermit","hermit:Strike_Hermit","hermit:Defend_Hermit","hermit:Defend_Hermit","hermit:Defend_Hermit","hermit:Defend_Hermit","hermit:Snapshot+1","hermit:Covet","hermit:Gambit","hermit:NoHoldsBarred+1","hermit:FlashPowder","hermit:TrackingShot+1","hermit:RoundhouseKick+1","hermit:PistolWhip+1","hermit:Enervate","hermit:LowProfile","hermit:EternalForm+1","hermit:Desperado+1","hermit:Desperado","hermit:Snipe","hermit:Headshot+1","hermit:CursedWeapon","hermit:Combo+1","Pain","Jack Of All Trades","hermit:SprayPray+1","hermit:TakeAim"],"relics":["hermit:Momento","Turnip","Odd Mushroom","Strawberry","Cursed Key","MutagenicStrength","Nunchaku"],"acts_visited":["Exordium","TheCity"],"potions_floor_usage":[16,16,33,33],"damage_taken":[{"damage":1,"enemies":"2 Louse","floor":1,"turns":2},{"damage":3,"enemies":"Jaw Worm","floor":4,"turns":4},{"damage":0,"enemies":"Cultist","floor":5,"turns":3},{"damage":7,"enemies":"2 Fungi Beasts","floor":7,"turns":2},{"damage":1,"enemies":"Exordium Wildlife","floor":11,"turns":3},{"damage":6,"enemies":"Large Slime","floor":12,"turns":3},{"damage":3,"enemies":"The Mushroom Lair","floor":13,"turns":3},{"damage":54,"enemies":"Hexaghost","floor":16,"turns":10},{"damage":10,"enemies":"3 Byrds","floor":18,"turns":2},{"damage":1,"enemies":"2 Thieves","floor":21,"turns":2},{"damage":7,"enemies":"Chosen and Byrds","floor":23,"turns":4},{"damage":26,"enemies":"Shelled Parasite and Fungi","floor":30,"turns":4},{"damage":21,"enemies":"Snake Plant","floor":31,"turns":3},{"damage":33,"enemies":"Champ","floor":33,"turns":3}],"seed_played":"-4840443898423651915","potions_obtained":[{"floor":1,"key":"AttackPotion"},{"floor":3,"key":"GamblersBrew"},{"floor":3,"key":"Fire Potion"},{"floor":12,"key":"CultistPotion"},{"floor":16,"key":"Strength Potion"}],"is_trial":false,"path_per_floor":["M","?","?","M","M","R","M","R","T","R","M","M","?","$","R","B",null,"M","$","?","M","$","M","$","R","T","?","R","?","M","M","R","B"],"character_chosen":"HERMIT","items_purchased":["Strawberry","hermit:Desperado","hermit:Snipe","hermit:CursedWeapon"],"campfire_rested":1,"item_purchase_floors":[14,19,19,22],"current_hp_per_floor":[74,74,74,71,71,71,64,64,64,64,63,57,54,61,61,7,82,72,72,72,71,71,64,64,64,64,64,64,52,26,5,29,0,0],"gold":72,"neow_bonus":"ONE_RANDOM_RARE_CARD","is_daily":false,"chose_seed":false,"campfire_upgraded":6,"win_rate":0.0,"timestamp":1610352319,"path_taken":["M","?","?","M","M","R","M","R","T","R","?","M","?","?","R","BOSS","M","$","?","M","$","M","$","R","T","?","R","?","M","M","R","BOSS"],"items_purchased_type":["Relic","Card","Card","Card"],"build_version":"2020-12-22","purchased_purges":0,"victory":false,"max_hp_per_floor":[75,75,75,75,75,75,75,75,75,75,75,75,75,82,82,82,82,82,82,82,82,82,82,82,82,82,82,82,82,82,82,82,82,82],"card_choices":[{"not_picked":["hermit:ItchyTrigger","hermit:Quickdraw"],"picked":"hermit:NoHoldsBarred","floor":1},{"not_picked":["hermit:Vantage","hermit:WideOpen"],"picked":"hermit:FlashPowder","floor":4},{"not_picked":["hermit:Vantage","hermit:EyeOfTheStorm"],"picked":"hermit:TrackingShot","floor":5},{"not_picked":["hermit:SprayPray","hermit:Spite"],"picked":"hermit:RoundhouseKick","floor":7},{"not_picked":["hermit:Manifest","hermit:HoleUp"],"picked":"hermit:PistolWhip","floor":11},{"not_picked":["hermit:Shortfuse","hermit:WideOpen"],"picked":"hermit:Enervate","floor":12},{"not_picked":["hermit:Maintenance","hermit:TakeCover"],"picked":"hermit:LowProfile","floor":13},{"not_picked":["hermit:Reprieve","hermit:FatalDesire"],"picked":"hermit:EternalForm","floor":16},{"not_picked":["hermit:SprayPray","hermit:WideOpen"],"picked":"hermit:Desperado+1","floor":18},{"not_picked":["hermit:HoleUp+1","hermit:Glare"],"picked":"hermit:Headshot+1","floor":21},{"not_picked":["hermit:Roulette","hermit:LoneWolf+1"],"picked":"hermit:Combo","floor":23},{"not_picked":["hermit:Headshot","hermit:Quickdraw+1"],"picked":"hermit:SprayPray+1","floor":30},{"not_picked":["hermit:Snipe+1","hermit:PistolWhip"],"picked":"hermit:TakeAim","floor":31}],"player_experience":218611,"relics_obtained":[{"floor":9,"key":"Turnip"},{"floor":13,"key":"Odd Mushroom"},{"floor":26,"key":"Nunchaku"}],"event_choices":[{"damage_healed":0,"gold_gain":0,"player_choice":"Grow","damage_taken":0,"max_hp_gain":0,"max_hp_loss":0,"event_name":"Living Wall","floor":2,"gold_loss":0,"cards_upgraded":["hermit:NoHoldsBarred"]},{"damage_healed":0,"gold_gain":0,"player_choice":"Bought 2 Potions","damage_taken":0,"max_hp_gain":0,"max_hp_loss":0,"event_name":"The Woman in Blue","floor":3,"gold_loss":0},{"damage_healed":0,"gold_gain":0,"player_choice":"Fought Mushrooms","damage_taken":0,"max_hp_gain":0,"max_hp_loss":0,"event_name":"Mushrooms","floor":13,"gold_loss":0},{"damage_healed":0,"gold_gain":0,"player_choice":"Inject Mutagens","damage_taken":0,"relics_obtained":["MutagenicStrength"],"max_hp_gain":0,"max_hp_loss":0,"event_name":"Drug Dealer","floor":20,"gold_loss":0},{"damage_healed":0,"gold_gain":0,"player_choice":"Ignored","damage_taken":0,"max_hp_gain":0,"max_hp_loss":0,"event_name":"Vampires","floor":27,"gold_loss":0},{"damage_healed":0,"gold_gain":0,"player_choice":"CARD ","damage_taken":12,"max_hp_gain":0,"max_hp_loss":0,"event_name":"Knowing Skull","floor":29,"potions_obtained":[],"gold_loss":0,"cards_obtained":["Jack Of All Trades"]}],"is_beta":false,"boss_relics":[{"not_picked":["Astrolabe","SacredBark"],"picked":"Cursed Key"}],"items_purged_floors":[],"is_endless":false,"potions_floor_spawned":[1,7,12,13,16],"killed_by":"Champ","ascension_level":0}}