{"host":"25fn74ijs2305xd4","time":1610385307,"event":{"mods":["AchievementEnabler","BaseMod","Colored Map","Colored Powertips","Minty Spire (QoL Compilation)","Relic Stats","StSLib"],"gold_per_floor":[115,128,138,157,176,204,204,214,240,240,240,240,5,5,5,100,100,112,130,156,173,186,186,219,235,235,261,281,281,307,307,307,403,403,421,108,118,340,92,122,122,173,173,200,213,88,101,114,114,114,114,114,25,57,57],"floor_reached":56,"playtime":3619,"items_purged":["Strike_G","Strike_G","Defend_G"],"score":1344,"play_id":"f8581330-0281-4ccc-9705-cd5cbb3b0581","local_time":"20210111181507","is_ascension_mode":false,"campfire_choices":[{"data":"Crippling Poison","floor":7,"key":"SMITH"},{"floor":10,"key":"REST"},{"data":"Poisoned Stab","floor":12,"key":"SMITH"},{"data":"Malaise","floor":15,"key":"SMITH"},{"floor":23,"key":"REST"},{"data":"Crippling Poison","floor":29,"key":"SMITH"},{"floor":32,"key":"REST"},{"floor":41,"key":"RECALL"},{"floor":49,"key":"REST"},{"data":"Caltrops","floor":52,"key":"SMITH"}],"circlet_count":0,"master_deck":["Strike_G","Strike_G","Strike_G","Defend_G","Defend_G","Defend_G","Defend_G","Survivor","Neutralize","Choke","Crippling Poison+1","Poisoned Stab+1","Crippling Poison+1","Predator","Malaise+1","Quick Slash","Caltrops+1","Skewer","Wraith Form v2","Leg Sweep","Leg Sweep","Infinite Blades+1","Choke+1","Dodge and Roll+1","Acrobatics","Prepared+1","Leg Sweep","Tools of the Trade","Crippling Poison","Eviscerate","Venomology","Noxious Fumes","Footwork","Apotheosis","Underhanded Strike","Parasite","Dagger Throw","Corpse Explosion","Catalyst+1","Prepared+1","Panacea","Dagger Throw"],"relics":["Snecko Eye","FossilizedHelix","Dream Catcher","Regal Pillow","PreservedInsect","HoveringKite","Red Mask","Centennial Puzzle","Lizard Tail","Orichalcum","Toy Ornithopter","Cursed Key","Bronze Scales","Shuriken","Du-Vu Doll","Kunai","Pear"],"acts_visited":["Exordium","TheCity","TheBeyond","TheEnding"],"potions_floor_usage":[6,19,20,33,40,42,44,48,50,54,55,55,55,55],"damage_taken":[{"damage":0,"enemies":"Cultist","floor":1,"turns":4},{"damage":0,"enemies":"Small Slimes","floor":2,"turns":3},{"damage":0,"enemies":"2 Louse","floor":3,"turns":2},{"damage":5,"enemies":"2 Fungi Beasts","floor":4,"turns":3},{"damage":4,"enemies":"Blue Slaver","floor":5,"turns":4},{"damage":8,"enemies":"Lagavulin","floor":6,"turns":5},{"damage":0,"enemies":"Looter","floor":8,"turns":2},{"damage":8,"enemies":"Slime Boss","floor":16,"turns":9},{"damage":1,"enemies":"Chosen","floor":18,"turns":4},{"damage":3,"enemies":"3 Byrds","floor":19,"turns":3},{"damage":18,"enemies":"Masked Bandits","floor":20,"turns":6},{"damage":5,"enemies":"Centurion and Healer","floor":21,"turns":7},{"damage":8,"enemies":"Shelled Parasite and Fungi","floor":22,"turns":5},{"damage":0,"enemies":"Gremlin Leader","floor":24,"turns":4},{"damage":0,"enemies":"Chosen and Byrds","floor":25,"turns":5},{"damage":15,"enemies":"Slavers","floor":27,"turns":6},{"damage":0,"enemies":"Snecko","floor":28,"turns":4},{"damage":0,"enemies":"Book of Stabbing","floor":30,"turns":5},{"damage":25,"enemies":"Collector","floor":33,"turns":8},{"damage":0,"enemies":"Orb Walker","floor":35,"turns":5},{"damage":6,"enemies":"3 Darklings","floor":37,"turns":6},{"damage":0,"enemies":"Nemesis","floor":40,"turns":5},{"damage":8,"enemies":"2 Orb Walkers","floor":42,"turns":5},{"damage":0,"enemies":"Reptomancer","floor":44,"turns":5},{"damage":0,"enemies":"Spire Growth","floor":45,"turns":5},{"damage":0,"enemies":"Sphere and 2 Shapes","floor":47,"turns":4},{"damage":17,"enemies":"Jaw Worm Horde","floor":48,"turns":2},{"damage":37,"enemies":"Awakened One","floor":50,"turns":11},{"damage":15,"enemies":"Shield and Spear","floor":54,"turns":4},{"damage":113,"enemies":"The Heart","floor":55,"turns":8}],"seed_played":"3957924102254510542","potions_obtained":[{"floor":1,"key":"FearPotion"},{"floor":3,"key":"GhostInAJar"},{"floor":4,"key":"BlessingOfTheForge"},{"floor":20,"key":"CunningPotion"},{"floor":21,"key":"Weak Potion"},{"floor":24,"key":"Weak Potion"},{"floor":30,"key":"Swift Potion"},{"floor":37,"key":"SkillPotion"},{"floor":40,"key":"Dexterity Potion"},{"floor":42,"key":"FearPotion"}],"is_trial":false,"path_per_floor":["M","M","M","M","M","E","R","M","T","R","?","R","$","?","R","B",null,"M","M","?","M","M","R","E","M","T","E","M","R","E","?","R","B",null,"M","$","M","?","$","E","R","?","T","E","M","$","M","M","R","B",null,"R","$","E","B",null],"character_chosen":"THE_SILENT","items_purchased":["PreservedInsect","Caltrops","Footwork","Apotheosis","Bronze Scales","Panacea"],"campfire_rested":4,"item_purchase_floors":[13,13,36,36,39,53],"current_hp_per_floor":[70,70,70,65,61,53,53,53,53,70,67,67,67,67,67,59,70,69,66,48,43,35,70,70,70,70,55,55,55,55,55,70,45,70,70,70,64,64,64,69,69,62,62,67,67,67,67,53,70,33,70,70,70,65,12],"gold":57,"neow_bonus":"BOSS_RELIC","is_daily":false,"chose_seed":false,"campfire_upgraded":5,"win_rate":0.0,"timestamp":1610385307,"path_taken":["M","M","M","?","M","E","R","M","T","R","?","R","$","?","R","BOSS","M","M","?","M","M","R","E","M","T","E","M","R","E","?","R","BOSS","M","$","M","?","$","E","R","?","T","E","M","$","M","M","R","BOSS","R","$","E","BOSS"],"items_purchased_type":["Relic","Card","Card","Card","Relic","Card"],"build_version":"2020-12-22","purchased_purges":3,"victory":true,"max_hp_per_floor":[70,70,70,70,70,70,70,70,70,70,70,70,70,70,70,70,70,70,70,70,70,70,70,70,70,70,70,70,70,70,70,70,70,70,70,70,70,70,70,70,70,70,70,70,70,70,70,70,70,70,70,70,70,80,80],"relic_stats":{"Regal Pillow":14,"counters":[30,149],"HoveringKite":[48],"PreservedInsect":302,"Orichalcum":[120],"Cursed Key":1,"Dream Catcher":4,"Centennial Puzzle":[24],"Lizard Tail":40,"Shuriken":[14],"Bronze Scales":[242],"Snecko Eye":[262,265,282,287],"Kunai":[11],"obtain_stats":[{"Regal Pillow":11,"Pear":54,"HoveringKite":17,"PreservedInsect":13,"Orichalcum":27,"Cursed Key":34,"Du-Vu Doll":42,"Dream Catcher":9,"Centennial Puzzle":24,"Lizard Tail":26,"Shuriken":40,"Bronze Scales":39,"Snecko Eye":0,"Red Mask":20,"Kunai":44,"FossilizedHelix":6,"Toy Ornithopter":30,"Ring of the Snake":0},{"Regal Pillow":7,"Pear":29,"HoveringKite":8,"PreservedInsect":7,"Orichalcum":16,"Cursed Key":19,"Du-Vu Doll":23,"Dream Catcher":7,"Centennial Puzzle":14,"Lizard Tail":15,"Shuriken":22,"Bronze Scales":21,"Snecko Eye":0,"Red Mask":11,"Kunai":24,"FossilizedHelix":6,"Toy Ornithopter":18,"Ring of the Snake":0},{"Regal Pillow":23,"Pear":141,"HoveringKite":32,"PreservedInsect":23,"Orichalcum":72,"Cursed Key":89,"Du-Vu Doll":110,"Dream Catcher":23,"Centennial Puzzle":61,"Lizard Tail":66,"Shuriken":105,"Bronze Scales":100,"Snecko Eye":0,"Red Mask":45,"Kunai":115,"FossilizedHelix":21,"Toy Ornithopter":81,"Ring of the Snake":0}],"Toy Ornithopter":34},"card_choices":[{"not_picked":["Masterful Stab","Blur"],"picked":"Choke","floor":1},{"not_picked":["Flying Knee","Skewer"],"picked":"Crippling Poison","floor":2},{"not_picked":["Sucker Punch","Acrobatics"],"picked":"Poisoned Stab","floor":3},{"not_picked":["Blur","Cloak And Dagger"],"picked":"Crippling Poison","floor":4},{"not_picked":["Masterful Stab","Prepared"],"picked":"Predator","floor":5},{"not_picked":["Reflex","Deadly Poison"],"picked":"Malaise","floor":6},{"not_picked":["Prepared","Dagger Spray"],"picked":"Quick Slash","floor":8},{"not_picked":["Deadly Poison","Bane"],"picked":"Finisher","floor":10},{"not_picked":["Tools of the Trade","Adrenaline"],"picked":"Wraith Form v2","floor":16},{"not_picked":["Outmaneuver","Blade Dance"],"picked":"Leg Sweep","floor":18},{"not_picked":["Masterful Stab","Blade Dance"],"picked":"Leg Sweep","floor":19},{"not_picked":["Outmaneuver","Poisoned Stab"],"picked":"Infinite Blades+1","floor":20},{"not_picked":["Calculated Gamble+1","Sucker Punch+1"],"picked":"Choke+1","floor":21},{"not_picked":["Catalyst","Die Die Die"],"picked":"Dodge and Roll+1","floor":22},{"not_picked":["Eviscerate","Flying Knee"],"picked":"Acrobatics","floor":23},{"not_picked":["Slice","Cloak And Dagger"],"picked":"Prepared+1","floor":24},{"not_picked":["Poisoned Stab+1","Blade Dance+1"],"picked":"Leg Sweep","floor":25},{"not_picked":["Bane","Prepared+1"],"picked":"Tools of the Trade","floor":27},{"not_picked":["Outmaneuver","Blade Dance","Masterful Stab"],"picked":"SKIP","floor":28},{"not_picked":["Poisoned Stab","Dagger Throw+1"],"picked":"Crippling Poison","floor":30},{"not_picked":["Acrobatics","Cloak And Dagger+1"],"picked":"Eviscerate","floor":32},{"not_picked":["Tools of the Trade","Malaise"],"picked":"Venomology","floor":33},{"not_picked":["Infinite Blades","Backflip+1"],"picked":"Noxious Fumes","floor":35},{"not_picked":["Poisoned Stab","Dodge and Roll","Backflip+1"],"picked":"SKIP","floor":37},{"not_picked":["Backflip+1","Outmaneuver","Prepared"],"picked":"SKIP","floor":40},{"not_picked":["Slice","Blade Dance"],"picked":"Underhanded Strike","floor":42},{"not_picked":["Masterful Stab","Quick Slash"],"picked":"Dagger Throw","floor":44},{"not_picked":["Leg Sweep","Skewer"],"picked":"Corpse Explosion","floor":45},{"not_picked":["Deadly Poison+1","Expertise+1"],"picked":"Catalyst+1","floor":47},{"not_picked":["Finisher+1","Dagger Spray+1","PiercingWail"],"picked":"SKIP","floor":48},{"not_picked":["Infinite Blades+1","Cloak And Dagger+1"],"picked":"Prepared+1","floor":49},{"not_picked":["Underhanded Strike","Dagger Spray+1"],"picked":"Dagger Throw","floor":54}],"player_experience":48237,"relics_obtained":[{"floor":6,"key":"FossilizedHelix"},{"floor":9,"key":"Dream Catcher"},{"floor":20,"key":"Red Mask"},{"floor":24,"key":"Centennial Puzzle"},{"floor":26,"key":"Lizard Tail"},{"floor":27,"key":"Orichalcum"},{"floor":30,"key":"Toy Ornithopter"},{"floor":40,"key":"Shuriken"},{"floor":42,"key":"Du-Vu Doll"},{"floor":44,"key":"Kunai"},{"floor":54,"key":"Pear"}],"event_choices":[{"damage_healed":0,"gold_gain":0,"player_choice":"Success","damage_taken":3,"relics_obtained":["Regal Pillow"],"max_hp_gain":0,"max_hp_loss":0,"event_name":"Scrap Ooze","floor":11,"gold_loss":0},{"damage_healed":0,"gold_gain":0,"cards_transformed":["Finisher"],"player_choice":"Change","damage_taken":0,"max_hp_gain":0,"max_hp_loss":0,"event_name":"Living Wall","floor":14,"gold_loss":0,"cards_obtained":["Skewer"]},{"damage_healed":0,"gold_gain":0,"player_choice":"Fought Bandits","damage_taken":0,"max_hp_gain":0,"max_hp_loss":0,"event_name":"Masked Bandits","floor":20,"gold_loss":0},{"damage_healed":0,"gold_gain":0,"player_choice":"Ignored","damage_taken":0,"max_hp_gain":0,"max_hp_loss":0,"event_name":"Ghosts","floor":31,"gold_loss":0},{"damage_healed":0,"gold_gain":222,"player_choice":"Wore Mask","damage_taken":0,"max_hp_gain":0,"max_hp_loss":0,"event_name":"Tomb of Lord Red Mask","floor":38,"gold_loss":0},{"damage_healed":0,"gold_gain":0,"player_choice":"Fight","damage_taken":0,"max_hp_gain":0,"max_hp_loss":0,"event_name":"Mysterious Sphere","floor":42,"gold_loss":0}],"is_beta":false,"boss_relics":[{"not_picked":["WristBlade","SlaversCollar"],"picked":"HoveringKite"},{"not_picked":["Black Star","Sozu"],"picked":"Cursed Key"}],"items_purged_floors":[36,39,46],"is_endless":false,"potions_floor_spawned":[1,3,4,5,20,21,24,30,37,40,42],"ascension_level":0}}