{"host":"kig4ty9d1aubg29s","time":1610369125,"event":{"mods":["BaseMod","Minty Spire (QoL Compilation)","READ ME - Guardian Mod","READ ME - Snecko Mod","StSLib","The Cursed","The Gatherer","The Hierophant","The Runesmith"],"gold_per_floor":[114,189,189,189,209,244,244,257,257,301,328,328,328,371,371,473,473,495,545,578,606,196,196,196,196],"floor_reached":24,"playtime":602,"items_purged":["Pain"],"score":478,"play_id":"d4798d7c-05fd-4566-a1be-9b1d43652916","local_time":"20210111214525","is_ascension_mode":true,"campfire_choices":[{"data":"Static Discharge","floor":7.0,"key":"SMITH"},{"floor":15.0,"key":"REST"},{"floor":23.0,"key":"REST"}],"circlet_count":0,"master_deck":["AscendersBane","Strike_B","Strike_B","Strike_B","Strike_B","Defend_B","Defend_B","Defend_B+1","Defend_B","Zap","Dualcast","Capacitor","Injury","Ball Lightning","Static Discharge+1","Electrodynamics","Stack+1","Melter","FTL","Buffer","Steam","Capacitor","Sweeping Beam"],"relics":["Cracked Core","NeowsBlessing","Golden Idol","WarpedTongs","Runesmith:Locket","Lizard Tail","CeramicFish","Thread and Needle","War Paint","Shuriken","Black Star","Akabeko","OrangePellets"],"acts_visited":["Exordium","TheCity"],"potions_floor_usage":[24,24],"damage_taken":[{"damage":0.0,"enemies":"2 Louse","floor":1.0,"turns":1.0},{"damage":1.0,"enemies":"Small Slimes","floor":5.0,"turns":1.0},{"damage":0.0,"enemies":"3 Sentries","floor":6.0,"turns":1.0},{"damage":9.0,"enemies":"Cultist","floor":8.0,"turns":4.0},{"damage":26.0,"enemies":"Gremlin Nob","floor":10.0,"turns":4.0},{"damage":13.0,"enemies":"Exordium Thugs","floor":11.0,"turns":4.0},{"damage":20.0,"enemies":"Lagavulin","floor":14.0,"turns":4.0},{"damage":32.0,"enemies":"Hexaghost","floor":16.0,"turns":6.0},{"damage":12.0,"enemies":"3 Byrds","floor":18.0,"turns":3.0},{"damage":20.0,"enemies":"2 Thieves","floor":20.0,"turns":3.0},{"damage":4.0,"enemies":"3 Cultists","floor":21.0,"turns":3.0},{"damage":47,"enemies":"Book of Stabbing","floor":24,"turns":4}],"seed_played":"-5056884475048859786","potions_obtained":[{"floor":6.0,"key":"Block Potion"},{"floor":8.0,"key":"Dexterity Potion"},{"floor":10.0,"key":"Ancient Potion"},{"floor":14.0,"key":"SkillPotion"},{"floor":18.0,"key":"Strength Potion"},{"floor":21.0,"key":"FearPotion"}],"is_trial":false,"path_per_floor":["M","?","?","?","M","E","R","M","T","E","M","T","?","E","R","B",null,"M","?","M","M","$","R","E"],"character_chosen":"DEFECT","items_purchased":["Akabeko","OrangePellets"],"campfire_rested":2,"item_purchase_floors":[22,22],"current_hp_per_floor":[64,53,53,53,52,52,52,43,43,17,4,4,4,31,52,20,58,46,46,26,22,22,43,0,0],"gold":196,"neow_bonus":"THREE_ENEMY_KILL","is_daily":false,"chose_seed":false,"campfire_upgraded":1,"win_rate":0.0,"timestamp":1610369125,"path_taken":["M","?","?","?","?","E","R","M","T","E","M","?","?","E","R","BOSS","M","?","M","M","$","R","E"],"items_purchased_type":["Relic","Relic"],"build_version":"2020-12-22","purchased_purges":1,"victory":false,"max_hp_per_floor":[71,71,71,71,71,71,71,71,71,71,71,71,71,71,71,71,71,71,71,71,71,71,71,71,71],"card_choices":[{"not_picked":["Steam","Hologram"],"picked":"Capacitor","floor":1.0},{"not_picked":["Streamline","FTL"],"picked":"Ball Lightning","floor":5.0},{"not_picked":["Capacitor","Streamline"],"picked":"Static Discharge","floor":6.0},{"not_picked":["Rip and Tear","Skim"],"picked":"Electrodynamics","floor":8.0},{"not_picked":["Redo","Barrage"],"picked":"Stack","floor":10.0},{"not_picked":["Hologram","FTL"],"picked":"Melter","floor":11.0},{"not_picked":["Fusion","Consume"],"picked":"FTL","floor":14.0},{"not_picked":["Amplify","Seek"],"picked":"Buffer","floor":16.0},{"not_picked":["Hologram","Recycle"],"picked":"Steam","floor":18.0},{"not_picked":["Redo","Compile Driver"],"picked":"Capacitor","floor":20.0},{"not_picked":["Tempest","Skim"],"picked":"Sweeping Beam","floor":21.0}],"player_experience":1936715,"relics_obtained":[{"floor":6.0,"key":"Runesmith:Locket"},{"floor":9.0,"key":"Lizard Tail"},{"floor":10.0,"key":"CeramicFish"},{"floor":12.0,"key":"Thread and Needle"},{"floor":14.0,"key":"Shuriken"}],"event_choices":[{"damage_healed":0.0,"max_hp_gain":0.0,"max_hp_loss":0.0,"gold_gain":75.0,"event_name":"World of Goop","player_choice":"Gather Gold","floor":2.0,"gold_loss":0.0,"damage_taken":11.0},{"damage_healed":0.0,"max_hp_gain":0.0,"max_hp_loss":0.0,"gold_gain":0.0,"event_name":"Golden Idol","player_choice":"Take Wound","floor":3.0,"gold_loss":0.0,"damage_taken":0.0,"relics_obtained":["Golden Idol"],"cards_obtained":["Injury"]},{"damage_healed":0.0,"max_hp_gain":0.0,"max_hp_loss":0.0,"gold_gain":0.0,"event_name":"Accursed Blacksmith","player_choice":"Rummage","floor":4.0,"gold_loss":0.0,"damage_taken":0.0,"relics_obtained":["WarpedTongs"],"cards_obtained":["Pain"]},{"damage_healed":0.0,"max_hp_gain":0.0,"max_hp_loss":0.0,"gold_gain":0.0,"event_name":"Dead Adventurer","player_choice":"Searched \u00272\u0027 times","floor":13.0,"gold_loss":0.0,"damage_taken":0.0,"relics_obtained":["War Paint"]},{"damage_healed":0.0,"max_hp_gain":0.0,"max_hp_loss":0.0,"gold_gain":50.0,"event_name":"Nest","player_choice":"Stole From Cult","floor":19.0,"gold_loss":0.0,"damage_taken":0.0}],"is_beta":false,"boss_relics":[{"not_picked":["Busted Crown","Philosopher\u0027s Stone"],"picked":"Black Star"}],"items_purged_floors":[22],"is_endless":false,"potions_floor_spawned":[6,8,10,14,18,21],"killed_by":"Book of Stabbing","ascension_level":20}}