{"host":"f5n4tidiz2n5sooh","time":1610359162,"event":{"mods":["BaseMod","Colored Map","Minty Spire (QoL Compilation)","Relic Stats","Slay the Relics Exporter","StSLib"],"gold_per_floor":[109,259,334,334,344,344,379,394,394,420,420,420,420,440,440,440,440],"floor_reached":16,"playtime":553,"items_purged":[],"score":266,"play_id":"cd55354a-0aa0-4b49-9603-69482d6b28ea","local_time":"20210111035922","is_ascension_mode":true,"campfire_choices":[{"data":"Blade Dance","floor":6,"key":"SMITH"},{"data":"Eviscerate","floor":11,"key":"SMITH"},{"data":"Neutralize","floor":13,"key":"SMITH"},{"floor":15,"key":"REST"}],"circlet_count":0,"master_deck":["AscendersBane","Strike_G","Strike_G","Strike_G","Strike_G","Strike_G","Defend_G","Defend_G","Defend_G","Defend_G","Defend_G+1","Survivor+1","Neutralize+1","Terror","Doubt","Blade Dance+1","Dagger Throw","Eviscerate+1","PiercingWail","Blur"],"relics":["Ring of the Snake","MealTicket","Dead Branch","Mango","The Specimen"],"acts_visited":["Exordium"],"potions_floor_usage":[7,16],"damage_taken":[{"damage":5,"enemies":"Small Slimes","floor":1,"turns":5},{"damage":1,"enemies":"Jaw Worm","floor":5,"turns":5},{"damage":0,"enemies":"Gremlin Nob","floor":7,"turns":3},{"damage":0,"enemies":"Cultist","floor":8,"turns":3},{"damage":15,"enemies":"3 Sentries","floor":10,"turns":7},{"damage":5,"enemies":"Exordium Thugs","floor":14,"turns":4},{"damage":44,"enemies":"Slime Boss","floor":16,"turns":6}],"seed_played":"-2538516070943972821","potions_obtained":[{"floor":5,"key":"SteroidPotion"},{"floor":14,"key":"Swift Potion"}],"is_trial":false,"path_per_floor":["M","?","?","?","M","R","E","M","T","E","R","?","R","M","R","B"],"character_chosen":"THE_SILENT","items_purchased":[],"campfire_rested":1,"item_purchase_floors":[],"current_hp_per_floor":[54,54,43,23,22,22,22,22,36,21,21,21,21,16,40,0,0],"gold":440,"neow_bonus":"RANDOM_COMMON_RELIC","is_daily":false,"chose_seed":false,"campfire_upgraded":3,"win_rate":0.0,"timestamp":1610359162,"path_taken":["M","?","?","?","M","R","E","M","T","E","R","?","R","M","R","BOSS"],"items_purchased_type":[],"build_version":"2020-12-22","purchased_purges":0,"victory":false,"max_hp_per_floor":[66,66,66,66,66,66,66,66,80,80,80,80,80,80,80,80,80],"relic_stats":{"counters":[7,33],"Dead Branch":[36],"MealTicket":0,"obtain_stats":[{"The Specimen":10,"Dead Branch":7,"MealTicket":0,"Mango":9,"Ring of the Snake":0},{"The Specimen":5,"Dead Branch":3,"MealTicket":0,"Mango":4,"Ring of the Snake":0},{"The Specimen":23,"Dead Branch":13,"MealTicket":0,"Mango":16,"Ring of the Snake":0}],"Ring of the Snake":[14]},"card_choices":[{"not_picked":["Outmaneuver","Slice"],"picked":"Terror","floor":1},{"not_picked":["Acrobatics","Caltrops"],"picked":"Blade Dance","floor":5},{"not_picked":["Flying Knee","Cloak And Dagger"],"picked":"Dagger Throw","floor":7},{"not_picked":["Deflect","Outmaneuver"],"picked":"Eviscerate","floor":8},{"not_picked":["Storm of Steel","Dagger Spray"],"picked":"PiercingWail","floor":10},{"not_picked":["Prepared","Dagger Throw"],"picked":"Blur","floor":14}],"player_experience":1991643,"relics_obtained":[{"floor":7,"key":"Dead Branch"},{"floor":9,"key":"Mango"},{"floor":10,"key":"The Specimen"}],"event_choices":[{"damage_healed":0,"gold_gain":150,"player_choice":"AGREE","damage_taken":0,"max_hp_gain":0,"max_hp_loss":0,"event_name":"Liars Game","floor":2,"gold_loss":0,"cards_obtained":["Doubt"]},{"damage_healed":0,"gold_gain":75,"player_choice":"Gather Gold","damage_taken":11,"max_hp_gain":0,"max_hp_loss":0,"event_name":"World of Goop","floor":3,"gold_loss":0},{"damage_healed":0,"gold_gain":0,"player_choice":"Entered Light","damage_taken":20,"max_hp_gain":0,"max_hp_loss":0,"event_name":"Shining Light","floor":4,"gold_loss":0,"cards_upgraded":["Defend_G","Survivor"]},{"damage_healed":0,"gold_gain":0,"player_choice":"Searched \u00271\u0027 times","damage_taken":0,"max_hp_gain":0,"max_hp_loss":0,"event_name":"Dead Adventurer","floor":12,"gold_loss":0}],"is_beta":false,"boss_relics":[],"items_purged_floors":[],"is_endless":false,"potions_floor_spawned":[5,14],"killed_by":"Slime Boss","ascension_level":20}}