{"host":"cjhtzh7tp54jdfyv","time":1610326316,"event":{"mods":["AchievementEnabler","BaseMod","Colored Map","Colored Powertips","Curses Come First","DeckTracker","Filter the Spire","Minty Spire (QoL Compilation)","RNG Fix","Relic Sorter","Relic Stats","StSLib","UnlockEverythingMod","ojb\u0027s Better Paths Mod","ojb\u0027s Info Mod"],"gold_per_floor":[117,117,33,33,46,85,85,125,198,198,37,56,69,112,112,202,202,220,220,220,220,233,267,267,285,285,304,333,348,374,294,294,365,365,385,153,168,181,181,181,181],"floor_reached":40,"playtime":2391,"items_purged":["Defend_P","Strike_P","Defend_P"],"score":1088,"play_id":"3ce5fa3d-b1c3-4edc-9b7f-8bd0971ed8e0","local_time":"20210110195156","is_ascension_mode":true,"campfire_choices":[{"data":"Eruption","floor":7.0,"key":"SMITH"},{"data":"SignatureMove","floor":10.0,"key":"SMITH"},{"data":"CrushJoints","floor":15.0,"key":"SMITH"},{"data":"TalkToTheHand","floor":24.0,"key":"SMITH"},{"data":"InnerPeace","floor":32.0,"key":"SMITH"}],"circlet_count":0,"master_deck":["AscendersBane","Strike_P+1","Strike_P+1","Strike_P+1","Defend_P+1","Eruption+1","Vigilance+1","SignatureMove+1","Tantrum+1","CrushJoints+1","InnerPeace+1","SignatureMove+1","TalkToTheHand+1","DeceiveReality+1","LessonLearned","Blasphemy","ClearTheMind+1","FearNoEvil+1","FlurryOfBlows+1","Madness","Madness"],"relics":["Coffee Dripper","Bloody Idol","Bag of Preparation","Sundial","HornCleat","Pen Nib","Philosopher\u0027s Stone","The Courier","Damaru","Whetstone","Sozu","ClockworkSouvenir"],"acts_visited":["Exordium","TheCity","TheBeyond"],"potions_floor_usage":[40],"damage_taken":[{"damage":0.0,"enemies":"2 Louse","floor":1.0,"turns":3.0},{"damage":0.0,"enemies":"Cultist","floor":5.0,"turns":1.0},{"damage":16.0,"enemies":"Gremlin Nob","floor":6.0,"turns":3.0},{"damage":37.0,"enemies":"Lagavulin","floor":8.0,"turns":6.0},{"damage":0.0,"enemies":"Small Slimes","floor":12.0,"turns":2.0},{"damage":6.0,"enemies":"Exordium Thugs","floor":13.0,"turns":4.0},{"damage":0.0,"enemies":"Gremlin Nob","floor":14.0,"turns":2.0},{"damage":3.0,"enemies":"The Guardian","floor":16.0,"turns":5.0},{"damage":12.0,"enemies":"Spheric Guardian","floor":18.0,"turns":4.0},{"damage":0.0,"enemies":"2 Thieves","floor":22.0,"turns":2.0},{"damage":9.0,"enemies":"Slavers","floor":23.0,"turns":2.0},{"damage":0.0,"enemies":"Snecko","floor":25.0,"turns":2.0},{"damage":8.0,"enemies":"Snake Plant","floor":27.0,"turns":2.0},{"damage":31.0,"enemies":"Gremlin Leader","floor":28.0,"turns":5.0},{"damage":0.0,"enemies":"Cultist and Chosen","floor":29.0,"turns":4.0},{"damage":0.0,"enemies":"Collector","floor":33.0,"turns":3.0},{"damage":30,"enemies":"3 Shapes","floor":35,"turns":2},{"damage":6,"enemies":"3 Darklings","floor":37,"turns":6},{"damage":0,"enemies":"Spire Growth","floor":38,"turns":2},{"damage":52,"enemies":"Nemesis","floor":40,"turns":4}],"seed_played":"5434696679134708493","potions_obtained":[{"floor":5.0,"key":"LiquidBronze"},{"floor":12.0,"key":"PowerPotion"},{"floor":18.0,"key":"SkillPotion"},{"floor":21.0,"key":"Energy Potion"},{"floor":22.0,"key":"SteroidPotion"},{"floor":23.0,"key":"Fire Potion"},{"floor":28.0,"key":"DuplicationPotion"}],"is_trial":false,"path_per_floor":["M","?","$","?","M","E","R","E","T","R","$","M","M","E","R","B",null,"M","?","?","?","M","E","R","M","T","M","E","M","T","$","R","B",null,"M","$","M","M","?","E"],"character_chosen":"WATCHER","items_purchased":["Tantrum","Regen Potion","ClockworkSouvenir"],"campfire_rested":0,"item_purchase_floors":[3,11,36],"current_hp_per_floor":[61,61,61,61,61,45,45,8,8,8,8,8,14,14,14,11,49,37,37,37,37,42,38,38,43,43,40,14,19,24,24,24,29,54,29,29,28,33,22,0,0],"gold":181,"neow_bonus":"BOSS_RELIC","is_daily":false,"chose_seed":false,"campfire_upgraded":5,"win_rate":0.0,"timestamp":1610326316,"path_taken":["M","?","$","?","M","E","R","E","T","R","$","M","M","E","R","BOSS","M","?","?","?","M","E","R","M","T","M","E","?","?","$","R","BOSS","M","$","M","M","?","E"],"items_purchased_type":["Card","Potion","Relic"],"build_version":"2020-12-22","purchased_purges":3,"victory":false,"max_hp_per_floor":[68,68,68,62,62,62,62,62,62,62,62,62,62,62,62,62,62,62,62,62,62,62,62,62,62,62,62,62,62,62,62,62,62,62,62,62,62,62,62,62,62],"relic_stats":{"Sozu":1,"counters":[20,64],"Sundial":[4],"Bloody Idol":55,"Pen Nib":[11],"Bag of Preparation":[34],"Whetstone":["Strike_P","Strike_P"],"obtain_stats":[{"Golden Idol":4,"Damaru":28,"Pen Nib":14,"The Courier":23,"Bag of Preparation":6,"Whetstone":30,"ClockworkSouvenir":36,"Sozu":34,"HornCleat":9,"Sundial":8,"Bloody Idol":19,"Philosopher\u0027s Stone":17,"Coffee Dripper":0,"PureWater":0},{"Golden Idol":1,"Damaru":14,"Pen Nib":7,"The Courier":11,"Bag of Preparation":3,"Whetstone":15,"ClockworkSouvenir":17,"Sozu":16,"HornCleat":4,"Sundial":4,"Bloody Idol":9,"Philosopher\u0027s Stone":8,"Coffee Dripper":0,"PureWater":0},{"Golden Idol":3,"Damaru":43,"Pen Nib":21,"The Courier":34,"Bag of Preparation":7,"Whetstone":47,"ClockworkSouvenir":52,"Sozu":50,"HornCleat":13,"Sundial":13,"Bloody Idol":30,"Philosopher\u0027s Stone":26,"Coffee Dripper":0,"PureWater":0}]},"card_choices":[{"not_picked":["CutThroughFate","Wallop"],"picked":"SignatureMove","floor":1.0},{"not_picked":["Consecrate","WheelKick","Crescendo"],"picked":"SKIP","floor":5.0},{"not_picked":["Protect","FlyingSleeves"],"picked":"CrushJoints","floor":6.0},{"not_picked":["Worship","MasterReality","Protect"],"picked":"SKIP","floor":8.0},{"not_picked":["PathToVictory","Protect","ForeignInfluence"],"picked":"SKIP","floor":12.0},{"not_picked":["PathToVictory","Protect","ForeignInfluence"],"picked":"SKIP","floor":12.0},{"not_picked":["Pray","BowlingBash","SignatureMove"],"picked":"SKIP","floor":13.0},{"not_picked":["Vault","Consecrate"],"picked":"InnerPeace","floor":14.0},{"not_picked":["Pray","Conclude","Halt"],"picked":"SKIP","floor":18.0},{"not_picked":["CrushJoints","Prostrate"],"picked":"SignatureMove+1","floor":22.0},{"not_picked":["WreathOfFlame","LikeWater"],"picked":"TalkToTheHand","floor":23.0},{"not_picked":["EmptyFist+1","CutThroughFate"],"picked":"DeceiveReality","floor":25.0},{"not_picked":["PathToVictory","CrushJoints"],"picked":"LessonLearned","floor":27.0},{"not_picked":["ReachHeaven","Evaluate","CarveReality+1"],"picked":"SKIP","floor":28.0},{"not_picked":["WreathOfFlame","Swivel","CutThroughFate"],"picked":"SKIP","floor":29.0},{"not_picked":["Wish","Ragnarok"],"picked":"Blasphemy","floor":33.0},{"not_picked":["FlyingSleeves","FollowUp"],"picked":"ClearTheMind+1","floor":35},{"not_picked":["BowlingBash","EmptyBody"],"picked":"FearNoEvil+1","floor":37},{"not_picked":["CrushJoints","Protect+1"],"picked":"FlurryOfBlows+1","floor":38}],"player_experience":4419090,"relics_obtained":[{"floor":6.0,"key":"Bag of Preparation"},{"floor":8.0,"key":"Sundial"},{"floor":9.0,"key":"HornCleat"},{"floor":14.0,"key":"Pen Nib"},{"floor":23.0,"key":"The Courier"},{"floor":28.0,"key":"Damaru"},{"floor":30.0,"key":"Whetstone"}],"event_choices":[{"damage_healed":0.0,"max_hp_gain":0.0,"max_hp_loss":0.0,"gold_gain":0.0,"event_name":"Liars Game","player_choice":"Ignored","floor":2.0,"gold_loss":0.0,"damage_taken":0.0},{"damage_healed":0.0,"max_hp_gain":0.0,"max_hp_loss":6.0,"gold_gain":0.0,"event_name":"Golden Idol","player_choice":"Lose Max HP","floor":4.0,"gold_loss":0.0,"damage_taken":0.0,"relics_obtained":["Golden Idol"]},{"damage_healed":0.0,"max_hp_gain":0.0,"max_hp_loss":0.0,"gold_gain":0.0,"event_name":"Forgotten Altar","player_choice":"Gave Idol","floor":19.0,"relics_lost":["Golden Idol"],"gold_loss":0.0,"damage_taken":0.0,"relics_obtained":["Bloody Idol"]},{"cards_removed":["Defend_P"],"damage_healed":0.0,"max_hp_gain":0.0,"max_hp_loss":0.0,"gold_gain":0.0,"event_name":"Back to Basics","player_choice":"Elegance","floor":20.0,"gold_loss":0.0,"damage_taken":0.0},{"damage_healed":0.0,"max_hp_gain":0.0,"max_hp_loss":0.0,"gold_gain":0.0,"event_name":"Lab","player_choice":"Got Potions","floor":21.0,"gold_loss":0.0,"damage_taken":0.0},{"damage_healed":0,"gold_gain":0,"player_choice":"Embrace Madness","damage_taken":11,"max_hp_gain":0,"max_hp_loss":0,"event_name":"Winding Halls","floor":39,"gold_loss":0,"cards_obtained":["Madness","Madness"]}],"is_beta":false,"boss_relics":[{"not_picked":["Empty Cage","Cursed Key"],"picked":"Philosopher\u0027s Stone"},{"not_picked":["SacredBark","SlaversCollar"],"picked":"Sozu"}],"items_purged_floors":[11,31,36],"is_endless":false,"potions_floor_spawned":[5,12,18,22,23,28,37],"killed_by":"Nemesis","ascension_level":20}}