{"host":"1a3cjta80tad0aqj","time":1610371560,"event":{"mods":["2.2 Compatiblity","AchievementEnabler","BaseMod","Colored Map","DeckTracker","KOR Keyword Fix","Keyboard Shortcuts","Minty Spire (QoL Compilation)","Permanent Neow","Quick Restart","Random Character Button","StSLib","SuperFastMode","everything is the same but u backflip on backflip"],"gold_per_floor":[216,141,154,168,188,88,88,88,142,158,33,46,59,79,79,178,178,194,194,6,105,105,131,131,142,142,159,173,173,183,197,197,300,300,317,142,142,142,152,179,179,189,216,216,216],"floor_reached":44,"playtime":1613,"items_purged":["Defend_P","Strike_P","Strike_P","Defend_P","TalkToTheHand"],"score":529,"play_id":"cc70956b-c27e-40d0-a933-0e4f3309a8fb","local_time":"20210111222600","is_ascension_mode":false,"campfire_choices":[{"data":"Eruption","floor":7.0,"key":"SMITH"},{"floor":15.0,"key":"REST"},{"floor":24.0,"key":"REST"},{"data":"Adaptation","floor":32.0,"key":"SMITH"},{"data":"Vigilance","floor":41.0,"key":"SMITH"}],"circlet_count":0,"master_deck":["Eruption+1","Vigilance+1","TalkToTheHand+1","FearNoEvil+1","Adaptation+1","MentalFortress+1","Defend_G"],"relics":["PureWater","PreservedInsect","Astrolabe","Akabeko","Molten Egg 2","Sozu","MealTicket"],"acts_visited":["Exordium","TheCity","TheBeyond"],"potions_floor_usage":[44],"damage_taken":[{"damage":7.0,"enemies":"Cultist","floor":1.0,"turns":3.0},{"damage":1.0,"enemies":"Jaw Worm","floor":3.0,"turns":4.0},{"damage":0.0,"enemies":"Small Slimes","floor":4.0,"turns":2.0},{"damage":10.0,"enemies":"2 Fungi Beasts","floor":5.0,"turns":3.0},{"damage":14.0,"enemies":"Exordium Wildlife","floor":10.0,"turns":4.0},{"damage":9.0,"enemies":"Exordium Thugs","floor":12.0,"turns":4.0},{"damage":8.0,"enemies":"Large Slime","floor":13.0,"turns":7.0},{"damage":0.0,"enemies":"Lots of Slimes","floor":14.0,"turns":2.0},{"damage":39.0,"enemies":"The Guardian","floor":16.0,"turns":9.0},{"damage":8.0,"enemies":"2 Thieves","floor":18.0,"turns":3.0},{"damage":52.0,"enemies":"Book of Stabbing","floor":23.0,"turns":5.0},{"damage":7.0,"enemies":"Chosen","floor":25.0,"turns":2.0},{"damage":10.0,"enemies":"Snake Plant","floor":27.0,"turns":3.0},{"damage":0.0,"enemies":"3 Cultists","floor":28.0,"turns":2.0},{"damage":0.0,"enemies":"Centurion and Healer","floor":30.0,"turns":3.0},{"damage":10.0,"enemies":"Snake Plant","floor":31.0,"turns":2.0},{"damage":0.0,"enemies":"Automaton","floor":33.0,"turns":2.0},{"damage":3.0,"enemies":"3 Shapes","floor":35.0,"turns":3.0},{"damage":14.0,"enemies":"Orb Walker","floor":39.0,"turns":4.0},{"damage":0.0,"enemies":"Giant Head","floor":40.0,"turns":4.0},{"damage":0.0,"enemies":"Spire Growth","floor":42.0,"turns":2.0},{"damage":46,"enemies":"Nemesis","floor":44,"turns":7}],"seed_played":"-4202386693110414750","potions_obtained":[{"floor":3.0,"key":"Block Potion"},{"floor":10.0,"key":"DistilledChaos"},{"floor":14.0,"key":"Ambrosia"},{"floor":16.0,"key":"Strength Potion"},{"floor":23.0,"key":"Explosive Potion"},{"floor":28.0,"key":"AttackPotion"},{"floor":31.0,"key":"Energy Potion"}],"is_trial":false,"path_per_floor":["M","$","M","M","M","$","R","?","T","M","$","M","M","M","R","B",null,"M","?","$","?","?","E","R","M","T","M","M","?","M","M","R","B",null,"M","$","?","$","M","E","R","M","T","E"],"character_chosen":"WATCHER","items_purchased":["Adaptation"],"campfire_rested":2,"item_purchase_floors":[20],"current_hp_per_floor":[65,65,64,64,54,54,54,54,54,40,40,31,23,23,44,5,72,64,64,64,64,64,12,33,26,26,16,16,16,16,6,6,6,72,69,69,69,69,55,55,55,55,55,9,9],"gold":216,"neow_bonus":"HUNDRED_GOLD","is_daily":false,"chose_seed":true,"campfire_upgraded":3,"win_rate":0.0,"timestamp":1610371560,"path_taken":["M","$","M","?","M","$","R","?","T","M","$","?","M","M","R","BOSS","M","?","$","?","?","E","R","M","T","M","M","?","M","M","R","BOSS","M","$","?","?","M","E","R","M","T","E"],"items_purchased_type":["Card"],"build_version":"2020-12-22","purchased_purges":5,"victory":false,"max_hp_per_floor":[72,72,72,72,72,72,72,72,72,72,72,72,72,72,72,72,72,72,72,72,72,72,72,72,72,72,72,72,72,72,72,72,72,72,72,72,72,72,72,72,72,72,72,72,72],"card_choices":[{"not_picked":["CutThroughFate","ClearTheMind"],"picked":"FearNoEvil","floor":1.0},{"not_picked":["Halt","EmptyFist","DeusExMachina"],"picked":"SKIP","floor":3.0},{"not_picked":["Consecrate","Wallop","ThirdEye"],"picked":"SKIP","floor":4.0},{"not_picked":["SandsOfTime","ThirdEye","Consecrate"],"picked":"SKIP","floor":5.0},{"not_picked":["EmptyFist","Halt","Prostrate"],"picked":"SKIP","floor":10.0},{"not_picked":["ThirdEye","SashWhip"],"picked":"TalkToTheHand","floor":12.0},{"not_picked":["FollowUp","ForeignInfluence","Consecrate"],"picked":"SKIP","floor":13.0},{"not_picked":["FollowUp","DeceiveReality","WindmillStrike"],"picked":"SKIP","floor":14.0},{"not_picked":["JustLucky","Halt","Wallop"],"picked":"SKIP","floor":18.0},{"not_picked":["WreathOfFlame","Study+1","FlurryOfBlows"],"picked":"SKIP","floor":23.0},{"not_picked":["FlyingSleeves+1","SashWhip","Collect+1"],"picked":"SKIP","floor":25.0},{"not_picked":["FollowUp+1","FlurryOfBlows+1","SandsOfTime+1"],"picked":"SKIP","floor":27.0},{"not_picked":["EmptyBody","CrushJoints+1","Prostrate"],"picked":"SKIP","floor":28.0},{"not_picked":["Consecrate+1","CrushJoints+1","CutThroughFate+1"],"picked":"SKIP","floor":30.0},{"not_picked":["Evaluate","Wireheading"],"picked":"MentalFortress+1","floor":31.0},{"not_picked":["Halt","WindmillStrike+1","Sanctity+1"],"picked":"SKIP","floor":35.0},{"not_picked":["EmptyFist+1","CrushJoints+1","FlyingSleeves+1"],"picked":"SKIP","floor":39.0},{"not_picked":["Protect+1","PathToVictory+1","SandsOfTime+1"],"picked":"SKIP","floor":40.0},{"not_picked":["Protect+1","PathToVictory+1","SandsOfTime+1"],"picked":"SKIP","floor":40.0},{"not_picked":["Evaluate+1","TalkToTheHand+1","ForeignInfluence"],"picked":"SKIP","floor":42.0}],"player_experience":303152,"relics_obtained":[{"floor":9.0,"key":"PreservedInsect"},{"floor":23.0,"key":"Akabeko"},{"floor":26.0,"key":"Molten Egg 2"},{"floor":40.0,"key":"MealTicket"}],"event_choices":[{"cards_removed":["Defend_P"],"damage_healed":0.0,"max_hp_gain":0.0,"max_hp_loss":0.0,"gold_gain":0.0,"event_name":"Bonfire Elementals","player_choice":"Offered Basic","floor":8.0,"gold_loss":0.0,"damage_taken":0.0},{"damage_healed":0.0,"max_hp_gain":0.0,"max_hp_loss":0.0,"gold_gain":0.0,"event_name":"The Mausoleum","player_choice":"Ignored","floor":19.0,"gold_loss":0.0,"damage_taken":0.0},{"damage_healed":0.0,"max_hp_gain":0.0,"max_hp_loss":0.0,"gold_gain":99.0,"event_name":"Nest","player_choice":"Stole From Cult","floor":21.0,"gold_loss":0.0,"damage_taken":0.0},{"damage_healed":0.0,"max_hp_gain":0.0,"max_hp_loss":0.0,"gold_gain":0.0,"event_name":"Ghosts","player_choice":"Ignored","floor":22.0,"gold_loss":0.0,"damage_taken":0.0},{"cards_removed":["FearNoEvil"],"damage_healed":0.0,"max_hp_gain":0.0,"max_hp_loss":0.0,"gold_gain":0.0,"event_name":"Back to Basics","player_choice":"Elegance","floor":29.0,"gold_loss":0.0,"damage_taken":0.0},{"cards_removed":["MasterReality"],"damage_healed":0.0,"max_hp_gain":0.0,"max_hp_loss":0.0,"gold_gain":0.0,"event_name":"NoteForYourself","player_choice":"Took Card","floor":37.0,"gold_loss":0.0,"damage_taken":0.0,"cards_obtained":["Defend_G"]}],"is_beta":false,"boss_relics":[{"not_picked":["Fusion Hammer","Snecko Eye"],"picked":"Astrolabe"},{"not_picked":["Runic Dome","Runic Pyramid"],"picked":"Sozu"}],"items_purged_floors":[2,6,11,20,36],"is_endless":false,"potions_floor_spawned":[3,10,14,16,23,28,31,33,39,40],"killed_by":"Nemesis","ascension_level":0}}