{"host":"fx1msjnmzlhlr397","time":1610381018,"event":{"mods":["AchievementEnabler","Act Like it!","Astrologer","BaseMod","Better Third Choice","Colored Map","Colored Powertips","Downfall","Duelist Mod","Friendly Minions","Gensokyo","GifTheSpireLib","Googly Eyes","Hermit","Highlight Path","LagranYue(???·?)","Marisa????????","Minty Spire (QoL Compilation)","Permanent Neow","Prisma Mod","Quick Restart","Rare Cards Sparkle","Replay The Spire","SOS???????","Shop Mod","StSLib","SuperFastMode","Td1madao Mod","The Alterego","The Animator","The Hierophant","The Jungle","The Wild Card"],"gold_per_floor":[19,37,37,68,43,43,70,93,120,136,136,147,158,168,168,168,168],"floor_reached":16,"playtime":507,"items_purged":[],"score":96,"play_id":"80414cc7-81b5-4ad3-be45-ad79c79d4e60","local_time":"20210111110338","is_ascension_mode":false,"campfire_choices":[{"data":"animator:Illya","floor":6,"key":"SMITH"},{"floor":11,"key":"REST"}],"circlet_count":0,"master_deck":["animator:Strike_Konosuba","animator:Defend_Konosuba","animator:Strike","animator:Strike","animator:Strike","animator:Defend","animator:Defend+1","animator:Defend","animator:Kazuma","animator:Aqua","animator:Hibiki","animator:RinTohsaka","animator:Illya+1","animator:Sloth+1","animator:Sloth+1","animator:Vanir","animator:Priestess","animator:Illya","animator:Archer","animator:GoblinSlayer"],"relics":["animator:LivingPicture","animator:TheMissingPiece","LagranYue:RandomDrawCardRelic","Whetstone","Gremlin Food"],"acts_visited":["Exordium"],"potions_floor_usage":[],"damage_taken":[{"damage":8,"enemies":"Cultist","floor":1,"turns":4},{"damage":9,"enemies":"Jaw Worm","floor":2,"turns":4},{"damage":12,"enemies":"Small Slimes","floor":4,"turns":4},{"damage":3,"enemies":"Looter","floor":8,"turns":3},{"damage":10,"enemies":"Exordium Thugs","floor":10,"turns":5},{"damage":2,"enemies":"Large Slime","floor":12,"turns":5},{"damage":2,"enemies":"2 Fungi Beasts","floor":13,"turns":4},{"damage":0,"enemies":"Looter","floor":14,"turns":2},{"damage":57,"enemies":"Hexaghost","floor":16,"turns":9}],"seed_played":"6284311916509453442","potions_obtained":[{"floor":1,"key":"Weak Potion"},{"floor":8,"key":"SpeedPotion"},{"floor":14,"key":"LiquidMemories"}],"is_trial":false,"path_per_floor":["M","M","$","M","$","R","T","M","T","M","R","M","M","M","R_BF","B"],"character_chosen":"THE_ANIMATOR","items_purchased":["animator:Sloth"],"campfire_rested":1,"item_purchase_floors":[5],"current_hp_per_floor":[58,51,51,41,41,41,41,40,40,33,53,53,53,53,53,0,0],"gold":168,"neow_bonus":"RANDOM_COLORLESS_2","is_daily":false,"chose_seed":false,"campfire_upgraded":1,"win_rate":0.0,"timestamp":1610381018,"path_taken":["M","?","$","M","$","R","?","M","T","M","R","M","M","?","R_BF","BOSS"],"items_purchased_type":["Card"],"build_version":"2020-12-22","purchased_purges":0,"victory":false,"max_hp_per_floor":[66,66,66,66,66,66,66,66,66,67,67,67,67,67,67,67,67],"card_choices":[{"not_picked":["animator:TakanashiRikka","animator:Lelouch"],"picked":"animator:Hibiki","floor":0},{"not_picked":["animator:Ara","animator:Konayuki"],"picked":"animator:RinTohsaka","floor":1},{"not_picked":["animator:Rider","animator:ElricEdward"],"picked":"animator:Illya","floor":2},{"not_picked":["animator:Raven","animator:ElricAlphonse"],"picked":"animator:Sloth","floor":4},{"not_picked":["animator:Kazuma","animator:Vanir"],"picked":"animator:Mitsurugi","floor":8},{"not_picked":["animator:Ciel","animator:Aisha"],"picked":"animator:Vanir","floor":10},{"not_picked":["animator:CowGirl","animator:ShinjiMatou"],"picked":"animator:Priestess","floor":12},{"not_picked":["animator:Mitsurugi","animator:ElricEdward"],"picked":"animator:Illya","floor":13},{"not_picked":["animator:Caster","animator:SakuraMatou"],"picked":"animator:Archer","floor":14}],"player_experience":8378,"relics_obtained":[{"floor":7,"key":"Whetstone"},{"floor":9,"key":"Gremlin Food"}],"event_choices":[],"is_beta":false,"boss_relics":[],"items_purged_floors":[],"is_endless":false,"potions_floor_spawned":[1,8,14],"killed_by":"Hexaghost","ascension_level":0}}