{"host":"fnk117zi8wf5078t","time":1610348106,"event":{"mods":["AchievementEnabler","BaseMod","Colored Map","Minty Spire (QoL Compilation)","Rare Cards Sparkle","SuperFastMode","everything is the same but u backflip on backflip"],"gold_per_floor":[117,133,133,21,34,34,45,45,69,69,85,100,100,115,115,188,188,203,203,215,229,53,53,53,53,53],"floor_reached":25,"playtime":919,"items_purged":["Strike_R","Pain"],"score":380,"play_id":"cc2144b1-acb1-43bf-9306-7fed5cd5e8d3","local_time":"20210111155506","is_ascension_mode":true,"campfire_choices":[{"data":"Evolve","floor":6,"key":"SMITH"},{"data":"Carnage","floor":8,"key":"SMITH"},{"data":"Body Slam","floor":10,"key":"SMITH"},{"data":"Intimidate","floor":15,"key":"SMITH"},{"floor":23,"key":"REST"}],"circlet_count":0,"master_deck":["AscendersBane","Defend_R","Defend_R","Defend_R","Bash","Power Through","Body Slam+1","Carnage+1","Evolve+1","Reckless Charge","Infernal Blade","Intimidate+1","Juggernaut","Iron Wave+1","Rampage+1","Ghostly Armor+1","Entrench","Body Slam","Offering"],"relics":["Burning Blood","Tiny Chest","Astrolabe","WarpedTongs"],"acts_visited":["Exordium","TheCity"],"potions_floor_usage":[7,16,16,18,20],"damage_taken":[{"damage":12,"enemies":"Cultist","floor":1,"turns":4},{"damage":9,"enemies":"Jaw Worm","floor":2,"turns":4},{"damage":1,"enemies":"Small Slimes","floor":5,"turns":3},{"damage":7,"enemies":"Gremlin Gang","floor":7,"turns":6},{"damage":29,"enemies":"Exordium Thugs","floor":11,"turns":4},{"damage":0,"enemies":"Large Slime","floor":12,"turns":4},{"damage":0,"enemies":"2 Fungi Beasts","floor":14,"turns":2},{"damage":8,"enemies":"Slime Boss","floor":16,"turns":7},{"damage":18,"enemies":"3 Byrds","floor":18,"turns":6},{"damage":3,"enemies":"Chosen","floor":20,"turns":6},{"damage":40,"enemies":"Centurion and Healer","floor":21,"turns":8},{"damage":54,"enemies":"Slavers","floor":25,"turns":4}],"seed_played":"2483157814255876918","potions_obtained":[{"floor":5,"key":"HeartOfIron"},{"floor":7,"key":"AttackPotion"},{"floor":14,"key":"AttackPotion"},{"floor":16,"key":"Block Potion"},{"floor":18,"key":"SkillPotion"}],"is_trial":false,"path_per_floor":["M","M","?","$","M","R","M","R","T","R","M","M","?","M","R","B",null,"M","?","M","M","$","R","$","E"],"character_chosen":"IRONCLAD","items_purchased":["Carnage","Offering"],"campfire_rested":1,"item_purchase_floors":[4,22],"current_hp_per_floor":[62,59,64,64,69,69,68,68,68,68,45,51,44,50,50,48,72,60,60,63,29,29,53,53,0,0],"gold":53,"neow_bonus":"REMOVE_CARD","is_daily":false,"chose_seed":false,"campfire_upgraded":4,"win_rate":0.0,"timestamp":1610348106,"path_taken":["M","M","?","$","M","R","M","R","T","R","M","M","?","M","R","BOSS","M","?","M","?","$","R","$","E"],"items_purchased_type":["Card","Card"],"build_version":"2020-12-22","purchased_purges":2,"victory":false,"max_hp_per_floor":[75,75,80,80,80,80,80,80,80,80,80,80,80,80,80,80,80,80,80,80,80,80,80,80,80,80],"card_choices":[{"not_picked":["Perfected Strike","Flex"],"picked":"Power Through","floor":1},{"not_picked":["Shrug It Off","Iron Wave"],"picked":"Body Slam","floor":2},{"not_picked":["Clothesline","Heavy Blade"],"picked":"Evolve","floor":5},{"not_picked":["Ghostly Armor","Armaments"],"picked":"Reckless Charge","floor":7},{"not_picked":["Warcry","Second Wind"],"picked":"Infernal Blade","floor":11},{"not_picked":["Sever Soul","Disarm","Havoc"],"picked":"SKIP","floor":12},{"not_picked":["True Grit","Clothesline"],"picked":"Intimidate","floor":14},{"not_picked":["Double Tap","Fiend Fire"],"picked":"Juggernaut","floor":16},{"not_picked":["Clash","Battle Trance"],"picked":"Entrench","floor":18},{"not_picked":["Armaments","Spot Weakness"],"picked":"Body Slam","floor":20},{"not_picked":["Headbutt","Havoc","Anger"],"picked":"SKIP","floor":21}],"player_experience":367043,"relics_obtained":[{"floor":9,"key":"Tiny Chest"}],"event_choices":[{"damage_healed":0,"gold_gain":0,"player_choice":"Donut","damage_taken":0,"max_hp_gain":5,"max_hp_loss":0,"event_name":"Big Fish","floor":3,"gold_loss":0},{"cards_removed":["Strike_R"],"damage_healed":0,"gold_gain":0,"player_choice":"Card Removal","damage_taken":7,"max_hp_gain":0,"max_hp_loss":0,"event_name":"Golden Wing","floor":13,"gold_loss":0},{"damage_healed":0,"gold_gain":0,"player_choice":"Rummage","damage_taken":0,"relics_obtained":["WarpedTongs"],"max_hp_gain":0,"max_hp_loss":0,"event_name":"Accursed Blacksmith","floor":19,"gold_loss":0,"cards_obtained":["Pain"]}],"is_beta":false,"boss_relics":[{"not_picked":["Coffee Dripper","Black Blood"],"picked":"Astrolabe"}],"items_purged_floors":[4,22],"is_endless":false,"potions_floor_spawned":[5,7,14,16,18],"killed_by":"Slavers","ascension_level":19}}