{"host":"vx45j8cu2uwqk4g9","time":1610371435,"event":{"mods":["BaseMod","Marisa£®ÏF”Í°°ƒß¿Ì…≥£©","Minty Spire (QoL Compilation)","Remilia£®¿Ÿ√◊¿Ú—«£©","Replay The Spire","StSLib","The Servant 0.9.4","Yakumo Yukari mod"],"gold_per_floor":[139,139,139,150,225,255,255,281,306,356,366,366,263,273,273,373,373,390,401,413,413,413,439,439,458,458,458,458,458,458,477,525,537,537,637,637,647,659,508,508,520,520,537,537,561,561,561,588,588,603,603,603,603,603,264,293,293],"floor_reached":58,"playtime":3536,"items_purged":["Sickly","Writhe"],"score":1079,"play_id":"616a6930-a5c6-43fc-8e3e-8f08efd448a5","local_time":"20210111212355","is_ascension_mode":true,"campfire_choices":[{"data":"Human_Monster_Realm_purple","floor":7,"key":"SMITH"},{"floor":12,"key":"REST"},{"floor":15,"key":"RECALL"},{"data":"Know_ledgeAbilityRealm_purple","floor":24,"key":"SMITH"},{"floor":29,"key":"REST"},{"floor":34,"key":"REST"},{"data":"OpenedBox_purple","floor":42,"key":"SMITH"},{"data":"Theboundaryofcreation_purpleEX","floor":46,"key":"SMITH"},{"data":"D_absorption_purple","floor":49,"key":"SMITH"},{"data":"Know_ledgeAbilityRealm_purple","floor":51,"key":"SMITH"},{"data":"ContainerChange_purple","floor":54,"key":"SMITH"}],"circlet_count":0,"master_deck":["AT_purpleEX","AT_purpleEX","AT_purpleEX","AT_purpleEX","Defend_purpleEX","Defend_purpleEX","Defend_purpleEX","Defend_purpleEX","Observe_purple_1+1","Observe_purple_2","Charmbait_purple","Yakumo_Ran_purple+1","AdvanceAttack_purple","Human_Monster_Realm_purple+1","AdvanceAttack_purple","Bait_Toxicbait_purple","EighthInstrument_OneDividesIntoTwo_purple","Theboundaryofcreation_purpleEX+1","Know_ledgeAbilityRealm_purple+1","Photoelasticity_Doppler_Effect_purple","Bait_HighSpeedFlying_purple","Human_Monster_Realm_purple+1","ContainerChange_purple+1","OpenedBox_purple+1","Writhe","StateErode_purple","Know_ledgeAbilityRealm_purple+1","DarkRealmRedLine_purple","Doubt","WatchEChange_purple+1","D_absorption_purple+1","Line_surface_state_purple+1","StateErode_purple+1","StateDuplicate_purple","Boundary_of_Extermination_purpleEX","Line_surface_state_purple","Umbrella_purple+1","StateErode_purple+1","StateDuplicate_purple+1","Umbrella_purple","BarrageBoundary_PipeDream_purple","Umbrella_purple+1"],"relics":["Boundary_crack","Memoryfragments_purpleEX","Happy Flower","Blue Candle","Ring of Fury","Ring of Greed","MealTicket","Membership Card","Black Star","ReplayTheSpireMod:Lightbulb","Question Card","Ornamental Fan","PreservedInsect","Replay:Grab Bag","Busted Crown","Sozu","Honey Jar","Medical Kit","Toy Ornithopter","ReplayFunnel","Durian","Orrery","Replay:Towering Pillar of Hats","Orichalcum"],"acts_visited":["Exordium","TheCity","TheBeyond","TheEnding"],"potions_floor_usage":[23,25,57,57,57],"damage_taken":[{"damage":0,"enemies":"2 Louse","floor":1,"turns":2},{"damage":0,"enemies":"Small Slimes","floor":4,"turns":3},{"damage":20,"enemies":"Replay:BlueRogue","floor":6,"turns":5},{"damage":22,"enemies":"Gremlin Nob","floor":8,"turns":4},{"damage":0,"enemies":"Cultist","floor":11,"turns":2},{"damage":0,"enemies":"2 Fungi Beasts","floor":14,"turns":2},{"damage":30,"enemies":"Hexaghost","floor":16,"turns":6},{"damage":2,"enemies":"Chosen","floor":18,"turns":3},{"damage":0,"enemies":"Spheric Guardian","floor":19,"turns":1},{"damage":1,"enemies":"Chosen and Byrds","floor":20,"turns":4},{"damage":26,"enemies":"Book of Stabbing","floor":23,"turns":4},{"damage":21,"enemies":"Snake Plant","floor":25,"turns":3},{"damage":0,"enemies":"Snecko","floor":31,"turns":3},{"damage":7,"enemies":"Cultist and Chosen","floor":33,"turns":3},{"damage":42,"enemies":"Automaton","floor":35,"turns":5},{"damage":1,"enemies":"3 Darklings","floor":37,"turns":2},{"damage":1,"enemies":"3 Shapes","floor":38,"turns":1},{"damage":9,"enemies":"Maw","floor":41,"turns":4},{"damage":1,"enemies":"Sphere and 2 Shapes","floor":43,"turns":1},{"damage":3,"enemies":"3 Darklings","floor":50,"turns":2},{"damage":3,"enemies":"Replay:Hell Engine","floor":52,"turns":4},{"damage":1,"enemies":"Shield and Spear","floor":56,"turns":4},{"damage":19,"enemies":"The Heart","floor":57,"turns":4}],"seed_played":"4185137300438520226","potions_obtained":[{"floor":6,"key":"Block Potion"},{"floor":8,"key":"Languid Potion"},{"floor":11,"key":"Venom Potion"},{"floor":16,"key":"FearPotion"},{"floor":23,"key":"Doom Potion"},{"floor":31,"key":"SteroidPotion"}],"is_trial":false,"path_per_floor":["M","?","?","M","?","E","R","E","T","?","M","R","$","M","R","B",null,"M","M","M","?","?","E","R","M","PTL","PTL","T","R","?","M","T","M","R","B",null,"M","M","$","?","M","R","M","?","T","R","?","T","R","M","R","B",null,"R","$","E","B",null],"character_chosen":"Youkari","items_purchased":["Bait_Toxicbait_purple","EighthInstrument_OneDividesIntoTwo_purple","Medical Kit","D_absorption_purple","Durian","Boundary_of_Extermination_purpleEX","Line_surface_state_purple","Orrery"],"campfire_rested":3,"item_purchase_floors":[13,13,39,39,55,55,55,55],"current_hp_per_floor":[70,70,70,70,59,39,39,17,17,17,17,38,53,53,53,23,70,68,68,67,67,67,41,41,20,20,20,20,41,29,31,31,24,45,3,70,70,69,70,70,63,63,62,70,70,70,70,70,70,67,67,65,70,70,75,74,61],"gold":293,"neow_bonus":"THREE_CARDS","is_daily":false,"chose_seed":false,"campfire_upgraded":7,"win_rate":0.0,"timestamp":1610371435,"path_taken":["M","?","?","?","?","E","R","E","T","?","M","R","$","M","R","BOSS","M","M","M","?","?","E","R","?","PTL","PTL","T","R","?","M","?","M","R","BOSS","M","M","$","?","M","R","M","?","T","R","?","?","R","?","R","BOSS","R","$","E","BOSS"],"items_purchased_type":["Card","Card","Relic","Card","Relic","Card","Card","Relic"],"build_version":"2020-12-22","purchased_purges":2,"victory":true,"max_hp_per_floor":[70,70,70,70,70,70,70,70,70,70,70,70,70,70,70,70,70,70,70,70,70,70,70,70,70,70,70,70,70,70,70,70,70,70,70,70,70,70,70,70,70,70,70,70,70,70,70,70,70,70,70,70,70,70,75,75,75],"card_choices":[{"not_picked":["StretchesForeverDream_purple","SfantasyHide_purple"],"picked":"Charmbait_purple","floor":0},{"not_picked":["Worldmountain_purple","RealityDreamConfluencek_purple"],"picked":"Yakumo_Ran_purple","floor":1},{"not_picked":["SfantasyHide_purple","Worldmountain_purple"],"picked":"AdvanceAttack_purple","floor":4},{"not_picked":["Photoelasticity_Doppler_Effect_purple","Boundary_DreamRealityDamnation_purple"],"picked":"Human_Monster_Realm_purple","floor":6},{"not_picked":["DarkRealmRedLine_purple","WangLiang_LineAndCurveDreams_purple","MetroBOOM_purple"],"picked":"SKIP","floor":8},{"not_picked":["StateDuplicate_purple","Realm_recovery_purpleEX"],"picked":"AdvanceAttack_purple","floor":11},{"not_picked":["Charmbait_purple","Line_surface_state_purple"],"picked":"Theboundaryofcreation_purpleEX","floor":14},{"not_picked":["Price_of_realm_purpleEX","WasteWire_Metro_purple"],"picked":"Know_ledgeAbilityRealm_purple","floor":16},{"not_picked":["Mirror_FormAndEmptin_purple+1","Boundary_of_Extermination_purpleEX+1"],"picked":"Photoelasticity_Doppler_Effect_purple","floor":18},{"not_picked":["Mirror_FourBoundary_purple","Erosivefilter_purple+1"],"picked":"Bait_HighSpeedFlying_purple","floor":19},{"not_picked":["StateDuplicate_purple","ExistenceContinue_purple","MNeedle_purple"],"picked":"SKIP","floor":20},{"not_picked":["Shallow_ocean_purpleEX","Fantasy_PerpetualMotionMachine_purple"],"picked":"ContainerChange_purple","floor":23},{"not_picked":["ButterflyHabitatTemple_purple+1","WorldDissolvedintheRealm_purple","ExternalForce_HighSpeedFlying_purple"],"picked":"OpenedBox_purple","floor":25},{"not_picked":["Extrememeaning_purpleEX","Shallow_ocean_purpleEX","Realm_recovery_purpleEX+1","StateDuplicate_purple"],"picked":"SKIP","floor":31},{"not_picked":["WorldDissolvedintheRealm_purple+1","Line_surface_state_purple","DimensionStaggered_purple"],"picked":"StateErode_purple","floor":33},{"not_picked":["WasteWire_Metro_purple","Human_Monster_Realm_purple","WangLiang_OokamiKakushi_purple"],"picked":"Know_ledgeAbilityRealm_purple","floor":35},{"not_picked":["ExistenceContinue_purple","ButterflyHabitatTemple_purple"],"picked":"DarkRealmRedLine_purple","floor":37},{"not_picked":["Boundary_DynamicStaticEquilibrium_purple+1","OpenedBox_purple"],"picked":"WatchEChange_purple+1","floor":38},{"not_picked":["Charmbait_purple+1","StateDuplicate_purple"],"picked":"Line_surface_state_purple+1","floor":41},{"not_picked":["MeetDecomposer_purple+1","WorldDissolvedintheRealm_purple+1"],"picked":"StateErode_purple+1","floor":43},{"not_picked":["SfantasyHide_purple","WeekHit_purple"],"picked":"StateDuplicate_purple","floor":50},{"not_picked":["Mirror_FourBoundary_purple+1","RealityDreamConfluencek_purple+1"],"picked":"Umbrella_purple+1","floor":55},{"not_picked":["MonsterNeedle_purple+1","WingOfChimera_purple"],"picked":"StateErode_purple+1","floor":55},{"not_picked":["Charmbait_purple+1","PurpleNeedle_purple"],"picked":"StateDuplicate_purple+1","floor":55},{"not_picked":["AdvanceAttack_purple+1","ExistenceContinue_purple"],"picked":"Umbrella_purple","floor":55},{"not_picked":["Charmbait_purple+1","EighthInstrument_OneDividesIntoTwo_purple"],"picked":"BarrageBoundary_PipeDream_purple","floor":55},{"not_picked":["MeetDecomposer_purple+1","StateDuplicate_purple+1"],"picked":"Umbrella_purple+1","floor":56}],"player_experience":164190,"relics_obtained":[{"floor":6,"key":"Happy Flower"},{"floor":8,"key":"Blue Candle"},{"floor":10,"key":"Ring of Fury"},{"floor":10,"key":"Ring of Greed"},{"floor":10,"key":"MealTicket"},{"floor":10,"key":"Membership Card"},{"floor":23,"key":"ReplayTheSpireMod:Lightbulb"},{"floor":23,"key":"Question Card"},{"floor":28,"key":"Ornamental Fan"},{"floor":32,"key":"PreservedInsect"},{"floor":45,"key":"Toy Ornithopter"},{"floor":48,"key":"ReplayFunnel"},{"floor":56,"key":"Replay:Towering Pillar of Hats"},{"floor":56,"key":"Orichalcum"}],"event_choices":[{"damage_healed":0,"gold_gain":0,"player_choice":"Upgraded","damage_taken":0,"max_hp_gain":0,"max_hp_loss":0,"event_name":"Upgrade Shrine","floor":3,"gold_loss":0,"cards_upgraded":["Yakumo_Ran_purple"]},{"damage_healed":0,"gold_gain":75,"player_choice":"Gather Gold","damage_taken":11,"max_hp_gain":0,"max_hp_loss":0,"event_name":"World of Goop","floor":5,"gold_loss":0},{"cards_removed":["Pain"],"damage_healed":0,"gold_gain":0,"player_choice":"Elegance","damage_taken":0,"max_hp_gain":0,"max_hp_loss":0,"event_name":"Back to Basics","floor":21,"gold_loss":0},{"damage_healed":0,"gold_gain":0,"player_choice":"Copied","damage_taken":0,"max_hp_gain":0,"max_hp_loss":0,"event_name":"Duplicator","floor":22,"gold_loss":0,"cards_obtained":["Human_Monster_Realm_purple"]},{"damage_healed":0,"gold_gain":0,"player_choice":"Ignored","damage_taken":0,"max_hp_gain":0,"max_hp_loss":0,"event_name":"Tomb of Lord Red Mask","floor":40,"gold_loss":0},{"damage_healed":18,"gold_gain":0,"player_choice":"Writhe","damage_taken":0,"max_hp_gain":0,"max_hp_loss":0,"event_name":"Winding Halls","floor":44,"gold_loss":0,"cards_obtained":["Writhe"]},{"cards_removed":["EighthInstrument_OneDividesIntoTwo_purple"],"damage_healed":0,"gold_gain":0,"player_choice":"Removed Attack","damage_taken":0,"max_hp_gain":0,"max_hp_loss":0,"event_name":"Falling","floor":47,"gold_loss":0}],"is_beta":false,"boss_relics":[{"not_picked":["Fusion Hammer","ReplayTheSpireMod:DimensionalGlitch"],"picked":"Black Star"},{"not_picked":["Runic Pyramid","Kintsugi"],"picked":"Replay:Grab Bag"},{"not_picked":["Coffee Dripper","Velvet Choker"],"picked":"Busted Crown"},{"not_picked":["SlaversCollar","Cursed Key"],"picked":"Sozu"},{"not_picked":["Astrolabe","Empty Cage"],"picked":"Honey Jar"}],"items_purged_floors":[13,55],"is_endless":false,"potions_floor_spawned":[6,8,11,16,23,31,33,38,43,50,56],"ascension_level":2}}