{"host":"vjza61176pkzgzt7","time":1610342427,"event":{"mods":["BaseMod","Better Third Choice","Minty Spire (QoL Compilation)","StSLib","The Forsaken","The Senshi"],"gold_per_floor":[113,129,129,149,149,149,175,175,201,201,201,201,234,252,252,355,355,367,367,367,367,384,384,414,414,414,414,414,43,69,99,99,201,201,215,227,227,34,34,34,34,34,34,34,59,93,123,146,146,146],"floor_reached":51,"playtime":5983,"items_purged":[],"score":841,"play_id":"571454c2-0f2f-40b6-8581-5b74e2fcfd98","local_time":"20210110232027","daily_mods":["SealedDeck","ControlledChaos","Diverse","Flight"],"is_ascension_mode":false,"campfire_choices":[{"data":"TalkToTheHand","floor":6,"key":"SMITH"},{"data":"Adrenaline","floor":8,"key":"SMITH"},{"data":"theForsaken:MagicWeapon","floor":10,"key":"SMITH"},{"floor":12,"key":"REST"},{"floor":15,"key":"REST"},{"floor":23,"key":"REST"},{"floor":25,"key":"REST"},{"floor":27,"key":"REST"},{"data":"theForsaken:Mantra","floor":28,"key":"SMITH"},{"data":"1","floor":32,"key":"LIFT"},{"data":"2","floor":40,"key":"LIFT"},{"data":"theForsaken:WordsOfMight","floor":42,"key":"SMITH"},{"data":"3","floor":44,"key":"LIFT"},{"data":"Decay","floor":49,"key":"PURGE"}],"circlet_count":0,"master_deck":["ThirdEye","Shrug It Off","theForsaken:ShieldBash","theForsaken:Parry","theForsaken:MagicWeapon+1","theForsaken:Parry","Stack","Body Slam+1","Spot Weakness","theForsaken:QuickAttack","TalkToTheHand+1","WindmillStrike+1","Adrenaline+1","theForsaken:Mantra+1","Insight+1","Expertise","Finesse","Metallicize","Darkness","Corruption+1","CurseOfTheBell","theForsaken:WordsOfMight+1","Feel No Pain","Bandage Up"],"relics":["theSenshi:TransformationBroochRelic","Frozen Eye","Vajra","Art of War","theForsaken:Gavel","theSenshi:HolyGrailRelic","Black Star","Orichalcum","PreservedInsect","theSenshi:SailorFukuRelic","Lee\u0027s Waffle","Girya","theSenshi:SpiralHeartMoonRodRelic","Dream Catcher","theForsaken:ScaryMask","Calling Bell","Oddly Smooth Stone","Pear","Bird Faced Urn","ClockworkSouvenir","Singing Bowl","White Beast Statue","theSenshi:CutieMoonRodRelic","Peace Pipe","HornCleat","Ancient Tea Set","Thread and Needle","Akabeko"],"acts_visited":["Exordium","TheCity","TheBeyond"],"potions_floor_usage":[16,16,16,24,24,33,33,33,45,45,47,50,50],"damage_taken":[{"damage":0,"enemies":"2 Louse","floor":1,"turns":3},{"damage":0,"enemies":"Small Slimes","floor":2,"turns":4},{"damage":3,"enemies":"Jaw Worm","floor":4,"turns":3},{"damage":33,"enemies":"3 Sentries","floor":7,"turns":5},{"damage":9,"enemies":"Lagavulin","floor":13,"turns":4},{"damage":0,"enemies":"Exordium Wildlife","floor":14,"turns":3},{"damage":4,"enemies":"The Guardian","floor":16,"turns":5},{"damage":19,"enemies":"2 Thieves","floor":18,"turns":4},{"damage":10,"enemies":"3 Byrds","floor":22,"turns":5},{"damage":54,"enemies":"Gremlin Leader","floor":24,"turns":8},{"damage":6,"enemies":"Book of Stabbing","floor":30,"turns":4},{"damage":21,"enemies":"Slavers","floor":31,"turns":5},{"damage":31,"enemies":"Automaton","floor":33,"turns":6},{"damage":20,"enemies":"3 Darklings","floor":35,"turns":4},{"damage":0,"enemies":"Orb Walker","floor":36,"turns":4},{"damage":2,"enemies":"Nemesis","floor":45,"turns":7},{"damage":9,"enemies":"Giant Head","floor":46,"turns":4},{"damage":26,"enemies":"Nemesis","floor":47,"turns":5},{"damage":24,"enemies":"Donu and Deca","floor":50,"turns":5}],"seed_played":"2313890291455328016","potions_obtained":[{"floor":7,"key":"Weak Potion"},{"floor":13,"key":"DistilledChaos"},{"floor":14,"key":"CultistPotion"},{"floor":16,"key":"Regen Potion"},{"floor":18,"key":"SpeedPotion"},{"floor":31,"key":"PowerPotion"},{"floor":35,"key":"Swift Potion"},{"floor":36,"key":"SkillPotion"},{"floor":45,"key":"LiquidMemories"},{"floor":46,"key":"Explosive Potion"},{"floor":47,"key":"Explosive Potion"}],"is_trial":true,"path_per_floor":["M","M","?","M","?","R","E","R","T","R","?","R","E","M","R","B",null,"M","?","?","?","M","R","E","R","T","R","R","$","E","E","R","B",null,"M","M","?","$","?","R","$","R","T","R","E","E","E","T","R","B",null],"character_chosen":"THE_SENSHI","items_purchased":["Lee\u0027s Waffle","Finesse","LiquidMemories","SkillPotion","Feel No Pain","ClockworkSouvenir"],"campfire_rested":5,"item_purchase_floors":[29,29,29,29,38,38],"current_hp_per_floor":[75,75,68,65,65,65,32,32,32,32,25,47,38,38,60,56,75,56,56,56,56,46,68,23,45,45,67,67,82,76,61,61,58,92,82,88,88,88,88,88,88,88,88,88,94,95,82,82,82,84],"gold":146,"neow_bonus":"","is_daily":false,"chose_seed":false,"campfire_upgraded":5,"win_rate":0.0,"timestamp":1610342427,"path_taken":["M","M","?","M","?","R","E","R","T","R","?","R","E","?","R","BOSS","M","?","?","?","?","R","E","R","T","R","R","$","E","E","R","BOSS","M","M","?","?","?","R","$","R","T","R","E","E","E","?","R","BOSS"],"items_purchased_type":["Relic","Card","Potion","Potion","Card","Relic"],"build_version":"2020-12-22","purchased_purges":0,"victory":true,"max_hp_per_floor":[75,75,75,75,75,75,75,75,75,75,75,75,75,75,75,75,75,75,75,75,75,75,75,75,75,75,75,75,82,82,82,82,82,92,92,92,92,92,92,92,92,92,92,92,94,96,98,98,98,98],"card_choices":[{"not_picked":["Glacier","theSenshi:Sidestep"],"picked":"theForsaken:QuickAttack","floor":1},{"not_picked":["theSenshi:OdangoHead","Clothesline"],"picked":"TalkToTheHand","floor":2},{"not_picked":["theSenshi:SupersonicWaves","Doom and Gloom"],"picked":"WindmillStrike","floor":4},{"not_picked":["Sucker Punch","theForsaken:Preservation"],"picked":"Adrenaline","floor":7},{"not_picked":["Go for the Eyes","Sentinel","Shrug It Off"],"picked":"SKIP","floor":13},{"not_picked":["Wild Strike","theSenshi:SailorVenusAssists","Crescendo"],"picked":"SKIP","floor":14},{"not_picked":["Offering","theForsaken:TearsOfSunlight"],"picked":"theForsaken:Mantra","floor":16},{"not_picked":["Ball Lightning","Dagger Throw+1","theForsaken:WordsOfPestilence"],"picked":"SKIP","floor":18},{"not_picked":["Compile Driver","Double Energy"],"picked":"Expertise","floor":22},{"not_picked":["Dual Wield","theSenshi:LateForSchool","theSenshi:MoonTiaraMagic+1"],"picked":"SKIP","floor":24},{"not_picked":["CarveReality","Predator"],"picked":"Metallicize","floor":30},{"not_picked":["Poisoned Stab","Pray+1"],"picked":"Darkness","floor":31},{"not_picked":["theSenshi:InTheNameOfTheMoon","Tools of the Trade"],"picked":"Corruption","floor":33},{"not_picked":["theForsaken:PowerUp+1","Ball Lightning","Force Field"],"picked":"SKIP","floor":35},{"not_picked":["Clothesline","Static Discharge"],"picked":"theForsaken:WordsOfMight","floor":36},{"not_picked":["Deep Breath","Blind"],"picked":"Bandage Up","floor":39},{"not_picked":["Collect+1","theForsaken:SacredOath","theSenshi:YouCanTalk+1"],"picked":"Singing Bowl","floor":45},{"not_picked":["Barrage","PathToVictory","Warcry+1"],"picked":"Singing Bowl","floor":46},{"not_picked":["Chaos+1","theForsaken:QuickAttack+1","theSenshi:SailorJupiterAssists+1"],"picked":"Singing Bowl","floor":47}],"player_experience":215910,"relics_obtained":[{"floor":7,"key":"Vajra"},{"floor":9,"key":"Art of War"},{"floor":13,"key":"theSenshi:HolyGrailRelic"},{"floor":24,"key":"Orichalcum"},{"floor":24,"key":"PreservedInsect"},{"floor":26,"key":"theSenshi:SailorFukuRelic"},{"floor":30,"key":"Girya"},{"floor":30,"key":"theSenshi:SpiralHeartMoonRodRelic"},{"floor":31,"key":"Dream Catcher"},{"floor":31,"key":"theForsaken:ScaryMask"},{"floor":34,"key":"Oddly Smooth Stone"},{"floor":34,"key":"Pear"},{"floor":34,"key":"Bird Faced Urn"},{"floor":43,"key":"Singing Bowl"},{"floor":45,"key":"White Beast Statue"},{"floor":45,"key":"theSenshi:CutieMoonRodRelic"},{"floor":46,"key":"Peace Pipe"},{"floor":46,"key":"HornCleat"},{"floor":47,"key":"Ancient Tea Set"},{"floor":47,"key":"Thread and Needle"},{"floor":48,"key":"Akabeko"}],"event_choices":[{"cards_removed":["Stack"],"damage_healed":0,"gold_gain":0,"player_choice":"Card Removal","damage_taken":7,"max_hp_gain":0,"max_hp_loss":0,"event_name":"Golden Wing","floor":3,"gold_loss":0},{"damage_healed":0,"gold_gain":0,"player_choice":"Grow","damage_taken":0,"max_hp_gain":0,"max_hp_loss":0,"event_name":"Living Wall","floor":5,"gold_loss":0,"cards_upgraded":["WindmillStrike"]},{"damage_healed":0,"gold_gain":0,"player_choice":"Relic ","damage_taken":7,"max_hp_gain":0,"max_hp_loss":0,"event_name":"betterThird:BetterScrap","floor":11,"gold_loss":0,"cards_obtained":["Terror"]},{"damage_healed":0,"gold_gain":0,"player_choice":"Smashed Altar","damage_taken":0,"max_hp_gain":0,"max_hp_loss":0,"event_name":"Forgotten Altar","floor":19,"gold_loss":0,"cards_obtained":["Decay"]},{"damage_healed":0,"gold_gain":0,"player_choice":"Insight","damage_taken":1,"max_hp_gain":0,"max_hp_loss":0,"event_name":"betterThird:BetterWriting","floor":20,"gold_loss":0,"cards_obtained":["Insight"]},{"damage_healed":0,"gold_gain":0,"player_choice":"Forge","damage_taken":0,"max_hp_gain":0,"max_hp_loss":0,"event_name":"Accursed Blacksmith","floor":21,"gold_loss":0,"cards_upgraded":["Body Slam"]},{"damage_healed":0,"gold_gain":0,"player_choice":"Upgraded","damage_taken":0,"max_hp_gain":0,"max_hp_loss":0,"event_name":"Upgrade Shrine","floor":37,"gold_loss":0,"cards_upgraded":["Corruption"]},{"damage_healed":0,"gold_gain":0,"player_choice":"Memory 1","damage_taken":0,"max_hp_gain":0,"max_hp_loss":0,"event_name":"SensoryStone","floor":39,"gold_loss":0}],"is_beta":false,"boss_relics":[{"not_picked":["Ectoplasm","Tiny House"],"picked":"Black Star"},{"not_picked":["theSenshi:MoonKaleidoScopeRelic","Runic Pyramid"],"picked":"Calling Bell"}],"items_purged_floors":[],"is_endless":false,"potions_floor_spawned":[7,13,14,16,18,31,35,36,45,46,47],"ascension_level":0}}