{"host":"sxnl403xm2xmiyj1","time":1610354963,"event":{"mods":["AchievementEnabler","BaseMod","Colored Map","Keyboard Shortcuts","Minty Spire (QoL Compilation)","Quick Restart","StSLib","SuperFastMode"],"gold_per_floor":[110,110,126,126,139,139,168,168,195,211,211,211,228,239,239,312,312,331,7,7,20,39,39,50,50,50,65,65,65,94,110,110,110,110],"floor_reached":33,"playtime":699,"items_purged":[],"score":647,"play_id":"900499af-fe38-4c93-9243-b04419a0c7fc","local_time":"20210111174923","is_ascension_mode":true,"campfire_choices":[{"data":"Blizzard","floor":6.0,"key":"SMITH"},{"data":"Redo","floor":8.0,"key":"SMITH"},{"data":"Barrage","floor":12.0,"key":"SMITH"},{"data":"Dualcast","floor":15.0,"key":"SMITH"},{"data":"Coolheaded","floor":23.0,"key":"SMITH"},{"data":"Blizzard","floor":25.0,"key":"SMITH"},{"data":"Blizzard","floor":29.0,"key":"SMITH"},{"floor":32.0,"key":"REST"}],"circlet_count":0,"master_deck":["AscendersBane","Defend_B","Defend_B","Defend_B","Defend_B","Zap+1","Dualcast+1","Cold Snap","Redo+1","Echo Form","Sweeping Beam","Blizzard+1","Barrage+1","Chill","Electrodynamics","Cold Snap","Cold Snap","Core Surge","Cold Snap+1","Cold Snap+1","Go for the Eyes+1","Self Repair","Loop","Blizzard+1","Decay","Coolheaded+1","Blizzard+1","Hologram","Cold Snap","Compile Driver","Redo"],"relics":["Cracked Core","NeowsBlessing","Ancient Tea Set","Bronze Scales","Astrolabe","Anchor","Regal Pillow","Juzu Bracelet"],"acts_visited":["Exordium","TheCity"],"potions_floor_usage":[33],"damage_taken":[{"damage":0.0,"enemies":"Jaw Worm","floor":1.0,"turns":1.0},{"damage":0.0,"enemies":"Cultist","floor":3.0,"turns":1.0},{"damage":0.0,"enemies":"2 Louse","floor":5.0,"turns":1.0},{"damage":16.0,"enemies":"Lagavulin","floor":7.0,"turns":7.0},{"damage":11.0,"enemies":"Gremlin Gang","floor":10.0,"turns":4.0},{"damage":0.0,"enemies":"2 Fungi Beasts","floor":13.0,"turns":3.0},{"damage":0.0,"enemies":"Lots of Slimes","floor":14.0,"turns":1.0},{"damage":0.0,"enemies":"Slime Boss","floor":16.0,"turns":5.0},{"damage":0.0,"enemies":"Chosen","floor":18.0,"turns":3.0},{"damage":7.0,"enemies":"Shell Parasite","floor":21.0,"turns":4.0},{"damage":10.0,"enemies":"Sentry and Sphere","floor":22.0,"turns":6.0},{"damage":13.0,"enemies":"Snecko","floor":24.0,"turns":6.0},{"damage":15.0,"enemies":"Snake Plant","floor":27.0,"turns":5.0},{"damage":36.0,"enemies":"Gremlin Leader","floor":30.0,"turns":6.0},{"damage":0.0,"enemies":"Centurion and Healer","floor":31.0,"turns":5.0},{"damage":54,"enemies":"Automaton","floor":33,"turns":8}],"seed_played":"8792279335039759382","potions_obtained":[{"floor":1.0,"key":"Block Potion"},{"floor":7.0,"key":"Explosive Potion"},{"floor":18.0,"key":"Explosive Potion"},{"floor":22.0,"key":"Strength Potion"},{"floor":30.0,"key":"PowerPotion"}],"is_trial":false,"path_per_floor":["M","?","M","?","M","R","E","R","T","M","?","R","M","M","R","B",null,"M","$","?","M","M","R","M","R","T","M","$","R","E","M","R","B"],"character_chosen":"DEFECT","items_purchased":["Loop","Blizzard","Anchor"],"campfire_rested":1,"item_purchase_floors":[19,19,19],"current_hp_per_floor":[64,64,64,64,64,64,48,48,48,37,37,37,37,37,37,37,63,63,63,63,56,53,53,47,47,47,39,39,39,10,17,53,0,0],"gold":110,"neow_bonus":"THREE_ENEMY_KILL","is_daily":false,"chose_seed":false,"campfire_upgraded":7,"win_rate":0.0,"timestamp":1610354963,"path_taken":["M","?","?","?","?","R","E","R","T","M","?","R","?","M","R","BOSS","M","$","?","M","M","R","M","R","T","?","$","R","E","M","R","BOSS"],"items_purchased_type":["Card","Card","Relic"],"build_version":"2020-12-22","purchased_purges":0,"victory":false,"max_hp_per_floor":[71,71,71,71,71,71,71,71,71,71,71,71,71,71,71,71,71,71,71,71,71,71,71,71,71,71,71,71,71,71,71,71,71,71],"card_choices":[{"not_picked":["Force Field","Sweeping Beam"],"picked":"Cold Snap","floor":1.0},{"not_picked":["White Noise","BootSequence"],"picked":"Sweeping Beam","floor":3.0},{"not_picked":["Cold Snap","Self Repair"],"picked":"Blizzard","floor":5.0},{"not_picked":["Sweeping Beam","Meteor Strike"],"picked":"Barrage","floor":7.0},{"not_picked":["Rip and Tear","FTL"],"picked":"Chill","floor":10.0},{"not_picked":["FTL","Barrage"],"picked":"Cold Snap","floor":13.0},{"not_picked":["Steam Power","Leap"],"picked":"Cold Snap","floor":14.0},{"not_picked":["Seek","Hyperbeam"],"picked":"Core Surge","floor":16.0},{"not_picked":["Rebound","Compile Driver"],"picked":"Self Repair","floor":18.0},{"not_picked":["Rebound+1","Reprogram+1"],"picked":"Coolheaded","floor":21.0},{"not_picked":["Stack","Steam"],"picked":"Blizzard","floor":22.0},{"not_picked":["White Noise","Ball Lightning"],"picked":"Hologram","floor":24.0},{"not_picked":["Conserve Battery","Steam"],"picked":"Cold Snap","floor":27.0},{"not_picked":["Doom and Gloom+1","Seek"],"picked":"Compile Driver","floor":30.0},{"not_picked":["Fusion","Streamline"],"picked":"Redo","floor":31.0}],"player_experience":159064,"relics_obtained":[{"floor":7.0,"key":"Ancient Tea Set"},{"floor":9.0,"key":"Bronze Scales"},{"floor":26.0,"key":"Regal Pillow"},{"floor":30.0,"key":"Juzu Bracelet"}],"event_choices":[{"damage_healed":0.0,"max_hp_gain":0.0,"max_hp_loss":0.0,"gold_gain":0.0,"event_name":"Match and Keep!","player_choice":"2 cards matched","floor":2.0,"gold_loss":0.0,"damage_taken":0.0,"cards_obtained":["Redo","Echo Form"]},{"damage_healed":0.0,"max_hp_gain":0.0,"max_hp_loss":0.0,"gold_gain":0.0,"event_name":"Upgrade Shrine","player_choice":"Upgraded","floor":4.0,"gold_loss":0.0,"damage_taken":0.0,"cards_upgraded":["Zap"]},{"damage_healed":0.0,"max_hp_gain":0.0,"max_hp_loss":0.0,"gold_gain":0.0,"cards_transformed":["Strike_B"],"event_name":"Transmorgrifier","player_choice":"Transformed","floor":11.0,"gold_loss":0.0,"damage_taken":0.0,"cards_obtained":["Electrodynamics"]},{"damage_healed":0.0,"max_hp_gain":0.0,"max_hp_loss":0.0,"gold_gain":0.0,"event_name":"Wheel of Change","player_choice":"Cursed","floor":20.0,"gold_loss":0.0,"damage_taken":0.0,"cards_obtained":["Decay"]}],"is_beta":false,"boss_relics":[{"not_picked":["Busted Crown","Cursed Key"],"picked":"Astrolabe"}],"items_purged_floors":[],"is_endless":false,"potions_floor_spawned":[1,7,13,18,22,30],"killed_by":"Automaton","ascension_level":19}}