{"host":"c7y19xegjhmhlks5","time":1610394389,"event":{"mods":["AchievementEnabler","BaseMod","Better Note","Block Reminder","Colored Map","Downfall","Highlight Path","Infinite Spire","Minty Spire (QoL Compilation)","Replay The Spire","StSLib","everything is the same but u backflip on backflip"],"gold_per_floor":[99,109,209,209,4,4,4,4,15,41,41,41,41,41],"floor_reached":12,"playtime":656,"items_purged":[],"score":78,"play_id":"30d5839d-0823-4aac-8066-289d28edc0a8","local_time":"20210111144629","is_ascension_mode":true,"campfire_choices":[{"floor":1,"key":"RECALL"},{"floor":8,"key":"REST"}],"circlet_count":0,"master_deck":["Slimebound:Strike_Slimebound","Slimebound:Strike_Slimebound","Slimebound:Strike_Slimebound","Slimebound:Tackle","Slimebound:Defend_Slimebound","Slimebound:Defend_Slimebound","Slimebound:Defend_Slimebound+1","Slimebound:Defend_Slimebound+1","Slimebound:Split+1","Slimebound:CorrosiveSpit","Slimebound:OozeBath","Slimebound:Gluttony","Slimebound:LeechingTouch","Slimebound:RollThrough+1","Regret","Slimebound:Repurpose","Slimebound:TongueLash"],"relics":["m_BurningSludge","Tiny Chest","White Beast Statue","Art of War"],"acts_visited":["Exordium"],"potions_floor_usage":[12],"damage_taken":[{"damage":4,"enemies":"Small Slimes","floor":2,"turns":4},{"damage":15,"enemies":"downfall:FleeingMerchant","floor":5,"turns":4},{"damage":9,"enemies":"2 Louse","floor":9,"turns":2},{"damage":48,"enemies":"3 Sentries","floor":10,"turns":7},{"damage":19,"enemies":"Gremlin Nob","floor":12,"turns":2}],"seed_played":"-7242865523170633386","potions_obtained":[{"floor":9,"key":"Cursed Concoction"}],"is_trial":false,"path_per_floor":["R","M","?","?","$","?","T","R","M","E","?","E"],"character_chosen":"SLIMEBOUND","items_purchased":["Tiny Chest","Slimebound:RollThrough+1"],"campfire_rested":1,"item_purchase_floors":[5,5],"current_hp_per_floor":[42,50,50,50,41,41,41,59,50,14,11,0,0,0],"gold":41,"neow_bonus":"THREE_RARE_CARDS","is_daily":false,"chose_seed":false,"campfire_upgraded":0,"win_rate":0.0,"timestamp":1610394389,"path_taken":["R","M","?","?","$","?","T","R","?","E","?","E"],"items_purchased_type":["Relic","Card"],"build_version":"2020-12-22","purchased_purges":0,"victory":false,"max_hp_per_floor":[60,60,60,60,60,60,60,60,60,60,60,60,60,60],"card_choices":[{"not_picked":["Slimebound:Teamwork","Slimebound:RallyTheTroops"],"picked":"Slimebound:OozeBath","floor":0},{"not_picked":["Slimebound:DisruptingSlam","Slimebound:RollThrough"],"picked":"Slimebound:Gluttony","floor":2},{"not_picked":["Slimebound:SplitMire","Slimebound:GoopSpray"],"picked":"Slimebound:LeechingTouch","floor":5},{"not_picked":["Sword Boomerang","Slimebound:ComboTackle"],"picked":"Slimebound:Repurpose","floor":9},{"not_picked":["Slimebound:HungryTackle","Slimebound:SlimeBarrage"],"picked":"Slimebound:TongueLash","floor":10}],"player_experience":634574,"relics_obtained":[{"floor":10,"key":"White Beast Statue"}],"event_choices":[{"damage_healed":0,"gold_gain":0,"player_choice":"Success","damage_taken":3,"relics_obtained":["Art of War"],"max_hp_gain":0,"max_hp_loss":0,"event_name":"Scrap Ooze","floor":11,"gold_loss":0}],"is_beta":false,"boss_relics":[],"items_purged_floors":[],"is_endless":false,"potions_floor_spawned":[9],"killed_by":"Gremlin Nob","ascension_level":1}}