{"host":"d61fcf2p3sjwe6yo","time":1610394471,"event":{"mods":["AchievementEnabler","BaseMod","Colored Map","Minty Spire (QoL Compilation)","StSLib","SuperFastMode"],"gold_per_floor":[99,109,109,109,109,109,140,140,140,192,192,192,210,225,225,225],"floor_reached":16,"playtime":307,"items_purged":[],"score":377,"play_id":"538d5bbf-3019-460a-bdc2-f3517354f2aa","local_time":"20210111224751","is_ascension_mode":true,"campfire_choices":[{"floor":13,"key":"RECALL"}],"circlet_count":0,"master_deck":["AscendersBane","Strike_R+1","Strike_R+1","Strike_R+1","Strike_R+1","Strike_R+1","Defend_R+1","Defend_R+1","Defend_R+1","Bash+1"],"relics":["Burning Blood","Akabeko","Shuriken","Self Forming Clay","Kunai","HornCleat","Champion Belt","Potion Belt","Cauldron"],"acts_visited":["Exordium","TheBeyond"],"potions_floor_usage":[16,16],"damage_taken":[{"damage":4,"enemies":"3 Shapes","floor":3,"turns":2},{"damage":0,"enemies":"Reptomancer","floor":8,"turns":1},{"damage":0,"enemies":"Giant Head","floor":10,"turns":1},{"damage":0,"enemies":"Nemesis","floor":12,"turns":1},{"damage":0,"enemies":"3 Darklings","floor":14,"turns":2},{"damage":0,"enemies":"Spire Growth","floor":15,"turns":1},{"damage":0,"enemies":"Writhing Mass","floor":16,"turns":1}],"seed_played":"-749095382636084539","potions_obtained":[{"floor":3,"key":"SkillPotion"},{"floor":8,"key":"SteroidPotion"},{"floor":16,"key":"FearPotion"},{"floor":16,"key":"HeartOfIron"},{"floor":16,"key":"Weak Potion"},{"floor":16,"key":"Strength Potion"},{"floor":16,"key":"Explosive Potion"}],"is_trial":false,"path_per_floor":["M","?","?","?","?","E","$","E","T","E","R","M","M","M"],"character_chosen":"IRONCLAD","items_purchased":[],"campfire_rested":0,"item_purchase_floors":[],"current_hp_per_floor":[78,80,76,76,76,76,76,76,76,76,76,76,76,76,76,76],"gold":225,"neow_bonus":"THREE_ENEMY_KILL","is_daily":false,"chose_seed":false,"campfire_upgraded":0,"win_rate":0.0,"timestamp":1610394471,"path_taken":["M","?","?","?","?","E","$","E","T","E","R","M","M","M"],"items_purchased_type":[],"build_version":"2020-12-22","purchased_purges":0,"victory":false,"max_hp_per_floor":[80,80,76,76,76,76,76,76,76,76,76,76,76,76,76,76],"card_choices":[{"not_picked":["Shockwave","Anger","Flame Barrier+1"],"picked":"SKIP","floor":3},{"not_picked":["Headbutt","Blood for Blood+1","Spot Weakness"],"picked":"SKIP","floor":8},{"not_picked":["Thunderclap+1","Metallicize","Intimidate+1"],"picked":"SKIP","floor":10},{"not_picked":["Barricade","Clothesline+1","Uppercut"],"picked":"SKIP","floor":12},{"not_picked":["True Grit","Wild Strike+1","Anger+1"],"picked":"SKIP","floor":14},{"not_picked":["Clash","Rage+1","Anger+1"],"picked":"SKIP","floor":15}],"player_experience":195464,"relics_obtained":[{"floor":8,"key":"Vajra"}],"event_choices":[{"damage_healed":0,"gold_gain":0,"player_choice":"Max HP","damage_taken":0,"max_hp_gain":0,"max_hp_loss":4,"event_name":"Winding Halls","floor":4,"gold_loss":0},{"cards_removed":["Defend_R"],"damage_healed":0,"gold_gain":0,"player_choice":"Removed Skill","damage_taken":0,"max_hp_gain":0,"max_hp_loss":0,"event_name":"Falling","floor":5,"gold_loss":0},{"damage_healed":0,"gold_gain":0,"player_choice":"Ignored","damage_taken":0,"max_hp_gain":0,"max_hp_loss":0,"event_name":"Tomb of Lord Red Mask","floor":6,"gold_loss":0},{"damage_healed":0,"gold_gain":0,"player_choice":"Upgrade","damage_taken":0,"relics_obtained":["Mark of the Bloom"],"max_hp_gain":0,"max_hp_loss":0,"event_name":"MindBloom","floor":7,"gold_loss":0,"cards_upgraded":["Strike_R","Strike_R","Strike_R","Strike_R","Strike_R","Defend_R","Defend_R","Defend_R","Bash"]}],"is_beta":false,"boss_relics":[],"items_purged_floors":[],"is_endless":false,"potions_floor_spawned":[3,8,15],"killed_by":"Writhing Mass","ascension_level":10}}