{"host":"msa0wxqjs3jv1k3j","time":1610344936,"event":{"mods":["AchievementEnabler","BaseMod","BetterRewards","Colored Map","Highlight Path","KOR Keyword Fix","Keyboard Shortcuts","Minty Spire (QoL Compilation)","Quick Restart","SuperFastMode","everything is the same but u backflip on backflip"],"gold_per_floor":[113,188,207,307,318,318,336,336,336,336,354,366,366,381,381,486,536,549,27,27,42,42,42,54,54,108,108,108,118,118,128,128,128,128],"floor_reached":33,"playtime":1328,"items_purged":[],"score":289,"play_id":"6d561b86-9ce0-4771-81ca-80c1ec6428f5","local_time":"20210111150216","is_ascension_mode":false,"campfire_choices":[{"data":"BattleHymn","floor":6.0,"key":"SMITH"},{"floor":8.0,"key":"REST"},{"data":"Eruption","floor":10.0,"key":"SMITH"},{"floor":15.0,"key":"REST"},{"floor":23.0,"key":"DIG"},{"floor":28.0,"key":"REST"},{"floor":32.0,"key":"DIG"}],"circlet_count":0,"master_deck":["Strike_P","Strike_P","Strike_P","Strike_P","Defend_P","Defend_P","Defend_P","Defend_P+1","Eruption+1","Vigilance","EmptyFist","BattleHymn+1","Protect","Sanctity","SashWhip","Consecrate","FlurryOfBlows","EmptyMind","Halt","ClearTheMind","Establishment","Pray+1","SandsOfTime","Pray","Ghostly","Ghostly","Ghostly","Ghostly","Ghostly","Study+1"],"relics":["PureWater","Mango","Tiny Chest","MealTicket","Orrery","Singing Bowl","Ancient Tea Set","Tiny House","PreservedInsect","Shovel","Molten Egg 2","The Courier","Lantern","Gambling Chip"],"acts_visited":["Exordium","TheCity"],"potions_floor_usage":[33,33,33],"damage_taken":[{"damage":4.0,"enemies":"Jaw Worm","floor":1.0,"turns":4.0},{"damage":5.0,"enemies":"Small Slimes","floor":3.0,"turns":3.0},{"damage":0.0,"enemies":"Cultist","floor":5.0,"turns":2.0},{"damage":33.0,"enemies":"Gremlin Gang","floor":7.0,"turns":5.0},{"damage":20.0,"enemies":"Lots of Slimes","floor":11.0,"turns":3.0},{"damage":0.0,"enemies":"Large Slime","floor":12.0,"turns":4.0},{"damage":16.0,"enemies":"Exordium Wildlife","floor":14.0,"turns":3.0},{"damage":5.0,"enemies":"Slime Boss","floor":16.0,"turns":8.0},{"damage":29.0,"enemies":"2 Thieves","floor":18.0,"turns":4.0},{"damage":14.0,"enemies":"Shell Parasite","floor":21.0,"turns":6.0},{"damage":21.0,"enemies":"Shelled Parasite and Fungi","floor":24.0,"turns":7.0},{"damage":4.0,"enemies":"Centurion and Healer","floor":29.0,"turns":5.0},{"damage":17.0,"enemies":"Snecko","floor":31.0,"turns":6.0},{"damage":40,"enemies":"Automaton","floor":33,"turns":10}],"seed_played":"6831087989891349254","potions_obtained":[{"floor":3.0,"key":"FearPotion"},{"floor":7.0,"key":"DistilledChaos"},{"floor":11.0,"key":"ColorlessPotion"},{"floor":24.0,"key":"BottledMiracle"}],"is_trial":false,"path_per_floor":["M","?","M","?","M","R","M","R","T","R","M","M","T","M","R","B",null,"M","$","?","M","?","R","M","T","T","$","R","M","$","M","R","B"],"character_chosen":"WATCHER","items_purchased":["Tiny Chest","MealTicket","Orrery","PreservedInsect","Shovel","SandsOfTime"],"campfire_rested":3,"item_purchase_floors":[0,0,0,19,19,19],"current_hp_per_floor":[82,71,66,66,66,66,33,58,58,58,40,42,42,26,53,48,97,68,83,83,69,48,48,27,27,27,42,48,46,50,35,35,0,0],"gold":128,"neow_bonus":"","is_daily":false,"chose_seed":false,"campfire_upgraded":2,"win_rate":0.0,"timestamp":1610344936,"path_taken":["M","?","M","?","M","R","M","R","T","R","?","M","?","M","R","BOSS","M","?","?","M","?","R","M","?","T","?","R","M","$","M","R","BOSS"],"items_purchased_type":["Relic","Relic","Relic","Relic","Relic","Card"],"build_version":"2020-12-22","purchased_purges":0,"victory":false,"max_hp_per_floor":[86,86,86,86,86,86,86,86,86,86,88,90,90,90,90,90,97,97,97,97,97,48,48,48,48,48,48,48,50,50,52,52,52,52],"card_choices":[{"not_picked":["EmptyMind","PathToVictory"],"picked":"EmptyFist","floor":0.0},{"not_picked":["FollowUp","EmptyFist"],"picked":"BattleHymn","floor":0.0},{"not_picked":["Wallop","Halt"],"picked":"Protect","floor":0.0},{"not_picked":["FlyingSleeves","Swivel"],"picked":"Sanctity","floor":0.0},{"not_picked":["Meditate","WheelKick"],"picked":"SashWhip","floor":0.0},{"not_picked":["PathToVictory","BowlingBash"],"picked":"Consecrate","floor":1.0},{"not_picked":["Consecrate","ThirdEye"],"picked":"FlurryOfBlows","floor":3.0},{"not_picked":["ConjureBlade","InnerPeace"],"picked":"EmptyMind","floor":5.0},{"not_picked":["PathToVictory","Crescendo"],"picked":"Halt","floor":7.0},{"not_picked":["EmptyMind","CarveReality","FlurryOfBlows"],"picked":"Singing Bowl","floor":11.0},{"not_picked":["Consecrate","CutThroughFate","ReachHeaven"],"picked":"Singing Bowl","floor":12.0},{"not_picked":["DeceiveReality","SashWhip"],"picked":"ClearTheMind","floor":14.0},{"not_picked":["ConjureBlade","MasterReality"],"picked":"Establishment","floor":16.0},{"not_picked":["FearNoEvil","Study","WindmillStrike"],"picked":"Singing Bowl","floor":17.0},{"not_picked":["CutThroughFate","FlurryOfBlows"],"picked":"Pray+1","floor":18.0},{"not_picked":["SignatureMove","FollowUp"],"picked":"Pray","floor":21.0},{"not_picked":["Evaluate","ReachHeaven+1"],"picked":"Study+1","floor":24.0},{"not_picked":["CutThroughFate+1","Vengeance","TalkToTheHand+1"],"picked":"Singing Bowl","floor":29.0},{"not_picked":["EmptyFist+1","ThirdEye+1","Sanctity"],"picked":"Singing Bowl","floor":31.0}],"player_experience":78078,"relics_obtained":[{"floor":9.0,"key":"Singing Bowl"},{"floor":13.0,"key":"Ancient Tea Set"},{"floor":23.0,"key":"Molten Egg 2"},{"floor":25.0,"key":"The Courier"},{"floor":26.0,"key":"Lantern"},{"floor":32.0,"key":"Gambling Chip"}],"event_choices":[{"damage_healed":0.0,"max_hp_gain":0.0,"max_hp_loss":0.0,"gold_gain":75.0,"event_name":"World of Goop","player_choice":"Gather Gold","floor":2.0,"gold_loss":0.0,"damage_taken":11.0},{"damage_healed":0.0,"max_hp_gain":0.0,"max_hp_loss":0.0,"gold_gain":100.0,"event_name":"Golden Shrine","player_choice":"Pray","floor":4.0,"gold_loss":0.0,"damage_taken":0.0},{"damage_healed":0.0,"max_hp_gain":0.0,"max_hp_loss":0.0,"gold_gain":0.0,"event_name":"Cursed Tome","player_choice":"Ignored","floor":20.0,"gold_loss":0.0,"damage_taken":0.0},{"damage_healed":0.0,"max_hp_gain":0.0,"max_hp_loss":49.0,"gold_gain":0.0,"event_name":"Ghosts","player_choice":"Became a Ghost","floor":22.0,"gold_loss":0.0,"damage_taken":0.0,"cards_obtained":["Ghostly","Ghostly","Ghostly","Ghostly","Ghostly"]}],"is_beta":false,"boss_relics":[{"not_picked":["Runic Dome","Cursed Key"],"picked":"Tiny House"}],"items_purged_floors":[],"is_endless":false,"potions_floor_spawned":[3,7,11,24,31],"killed_by":"Automaton","ascension_level":0}}