{"host":"5wznv0010959mrmz","time":1610389641,"event":{"mods":["BaseMod","Highlight Path","Minty Spire (QoL Compilation)","Relic Stats"],"gold_per_floor":[218,230,250,79,4,4,37,37,37,71,86,86,86],"floor_reached":12,"playtime":404,"items_purged":[],"score":176,"play_id":"57b77196-03f9-4d4a-8c83-c3676527362f","local_time":"20210111122721","is_ascension_mode":true,"campfire_choices":[{"floor":8,"key":"REST"}],"circlet_count":0,"master_deck":["AscendersBane","Strike_G","Strike_G","Strike_G","Strike_G","Strike_G","Defend_G","Defend_G","Defend_G","Defend_G","Defend_G","Survivor","Neutralize","Dagger Spray","Leg Sweep","Backstab","Bouncing Flask","Tools of the Trade","Tactician","Deflect","Endless Agony"],"relics":["Ring of the Snake","Orrery","Pantograph","Centennial Puzzle","Bottled Lightning","Strawberry"],"acts_visited":["Exordium"],"potions_floor_usage":[7,12],"damage_taken":[{"damage":1,"enemies":"Cultist","floor":1,"turns":4},{"damage":0,"enemies":"Small Slimes","floor":2,"turns":3},{"damage":4,"enemies":"Jaw Worm","floor":3,"turns":6},{"damage":36,"enemies":"3 Sentries","floor":7,"turns":11},{"damage":18,"enemies":"Lagavulin","floor":10,"turns":5},{"damage":13,"enemies":"Blue Slaver","floor":11,"turns":3},{"damage":13,"enemies":"3 Sentries","floor":12,"turns":4}],"seed_played":"-759410064566303628","potions_obtained":[{"floor":1,"key":"Dexterity Potion"},{"floor":3,"key":"Weak Potion"}],"is_trial":false,"path_per_floor":["M","M","M","$","?","?","E","R","T","E","M","E"],"character_chosen":"THE_SILENT","items_purchased":["Orrery"],"campfire_rested":1,"item_purchase_floors":[4],"current_hp_per_floor":[58,58,54,54,54,49,13,32,32,21,8,0,0],"gold":86,"neow_bonus":"HUNDRED_GOLD","is_daily":false,"chose_seed":false,"campfire_upgraded":0,"win_rate":0.0,"timestamp":1610389641,"path_taken":["M","?","M","$","?","?","E","R","T","E","M","E"],"items_purchased_type":["Relic"],"build_version":"2020-12-22","purchased_purges":0,"victory":false,"max_hp_per_floor":[66,66,66,66,66,66,66,66,66,73,73,73,73],"relic_stats":{"Centennial Puzzle":[9],"counters":[7,36],"Pantograph":0,"obtain_stats":[{"Centennial Puzzle":7,"Pantograph":6,"Strawberry":10,"Orrery":4,"Bottled Lightning":9,"Ring of the Snake":0},{"Centennial Puzzle":4,"Pantograph":3,"Strawberry":5,"Orrery":3,"Bottled Lightning":4,"Ring of the Snake":0},{"Centennial Puzzle":24,"Pantograph":13,"Strawberry":29,"Orrery":13,"Bottled Lightning":24,"Ring of the Snake":0}],"Ring of the Snake":[14]},"card_choices":[{"not_picked":["Cloak And Dagger","Deflect"],"picked":"Dagger Spray","floor":1},{"not_picked":["Riddle With Holes","Caltrops"],"picked":"Leg Sweep","floor":2},{"not_picked":["Dodge and Roll","Outmaneuver"],"picked":"Flying Knee","floor":3},{"not_picked":["Predator","Sucker Punch"],"picked":"Backstab","floor":4},{"not_picked":["Distraction","Blur"],"picked":"Bouncing Flask","floor":4},{"not_picked":["Acrobatics","Quick Slash"],"picked":"Tools of the Trade","floor":4},{"not_picked":["Backflip","Flechettes"],"picked":"Tactician","floor":4},{"not_picked":["Dagger Spray","Dodge and Roll"],"picked":"Deflect","floor":7},{"not_picked":["Deflect","Night Terror"],"picked":"Endless Agony","floor":10},{"not_picked":["Dagger Spray","Heel Hook","Prepared"],"picked":"SKIP","floor":11}],"player_experience":441480,"relics_obtained":[{"floor":7,"key":"Centennial Puzzle"},{"floor":9,"key":"Bottled Lightning"},{"floor":10,"key":"Strawberry"}],"event_choices":[{"cards_removed":["Flying Knee"],"damage_healed":0,"gold_gain":0,"player_choice":"Card Removal","damage_taken":0,"max_hp_gain":0,"max_hp_loss":0,"event_name":"The Cleric","floor":5,"gold_loss":75},{"damage_healed":0,"gold_gain":0,"player_choice":"Success","damage_taken":5,"relics_obtained":["Pantograph"],"max_hp_gain":0,"max_hp_loss":0,"event_name":"Scrap Ooze","floor":6,"gold_loss":0}],"is_beta":false,"boss_relics":[],"items_purged_floors":[],"is_endless":false,"potions_floor_spawned":[1,3],"killed_by":"3 Sentries","ascension_level":20}}