{"host":"49c2zf0lajbcs427","time":1610327565,"event":{"mods":["AchievementEnabler","BaseMod","Colored Map","Colored Powertips","Highlight Path","Key Reminder","Minty Spire (QoL Compilation)","Relic Stats","StSLib"],"gold_per_floor":[113,113,129,30,45,45,60,60,60,94,110,30,59,70,70,166,166,180,194,154,167,95,95,114,114,140,152,164,176,219,312,324,440,452,480,542,554,576,600,612,635,675,712,751,432,442,442,18,18,18,18,18,18,53,53],"floor_reached":56,"playtime":5270,"items_purged":["All Out Attack","All Out Attack"],"score":1901,"play_id":"52d6a873-03d7-4588-a3ea-ffde1d8c051b","local_time":"20210111141245","is_ascension_mode":true,"campfire_choices":[{"data":"Well Laid Plans","floor":6,"key":"SMITH"},{"floor":8,"key":"REST"},{"floor":15,"key":"REST"},{"data":"Wraith Form v2","floor":23,"key":"SMITH"},{"floor":25,"key":"REST"},{"floor":27,"key":"REST"},{"floor":32,"key":"REST"},{"data":"Envenom","floor":40,"key":"SMITH"},{"floor":49,"key":"RECALL"},{"data":"Wraith Form v2","floor":52,"key":"SMITH"}],"circlet_count":0,"master_deck":["AscendersBane","Survivor","Neutralize","Flying Knee","Well Laid Plans+1","Poisoned Stab","Dagger Throw","Slice","Backflip","Dodge and Roll+1","Footwork","Envenom+1","Predator","After Image+1","Underhanded Strike","Finisher","Bane","Distraction","Crippling Poison","Tools of the Trade","Slice","Backflip+1","Backflip+1","Escape Plan+1","Wraith Form v2+1","Storm of Steel","Corpse Explosion","Footwork+1","Escape Plan","Backflip+1","Catalyst+1","Adrenaline","Noxious Fumes","Wraith Form v2+1","Bouncing Flask+1","Footwork+1","Catalyst","Envenom"],"relics":["Black Star","Question Card","Bag of Marbles","Bottled Tornado","Snake Skull","Potion Belt","Pandora\u0027s Box","MawBank","Nilry\u0027s Codex","Anchor","Mercury Hourglass","InkBottle","HoveringKite","The Specimen","Oddly Smooth Stone","The Courier","Juzu Bracelet","Nunchaku","Orrery","Vajra","Bottled Lightning","Strawberry","War Paint","White Beast Statue"],"acts_visited":["Exordium","TheCity","TheBeyond","TheEnding"],"potions_floor_usage":[7,10,13,16,24,33,36,38,41,50,55],"damage_taken":[{"damage":0,"enemies":"Small Slimes","floor":1,"turns":5},{"damage":2,"enemies":"Cultist","floor":3,"turns":4},{"damage":4,"enemies":"Jaw Worm","floor":5,"turns":3},{"damage":41,"enemies":"Exordium Thugs","floor":7,"turns":6},{"damage":8,"enemies":"3 Sentries","floor":10,"turns":6},{"damage":0,"enemies":"Exordium Wildlife","floor":11,"turns":2},{"damage":19,"enemies":"Gremlin Nob","floor":13,"turns":4},{"damage":3,"enemies":"3 Louse","floor":14,"turns":3},{"damage":27,"enemies":"Slime Boss","floor":16,"turns":8},{"damage":12,"enemies":"Chosen","floor":18,"turns":3},{"damage":12,"enemies":"Shell Parasite","floor":19,"turns":5},{"damage":2,"enemies":"Snecko","floor":21,"turns":6},{"damage":7,"enemies":"3 Cultists","floor":24,"turns":5},{"damage":21,"enemies":"Book of Stabbing","floor":30,"turns":7},{"damage":18,"enemies":"Collector","floor":33,"turns":9},{"damage":0,"enemies":"3 Shapes","floor":35,"turns":6},{"damage":0,"enemies":"Mind Bloom Boss Battle","floor":36,"turns":9},{"damage":12,"enemies":"3 Darklings","floor":38,"turns":4},{"damage":0,"enemies":"Maw","floor":39,"turns":8},{"damage":0,"enemies":"Transient","floor":41,"turns":5},{"damage":30,"enemies":"Nemesis","floor":42,"turns":9},{"damage":2,"enemies":"Giant Head","floor":44,"turns":9},{"damage":2,"enemies":"Jaw Worm Horde","floor":46,"turns":3},{"damage":0,"enemies":"Donu and Deca","floor":50,"turns":7},{"damage":2,"enemies":"Shield and Spear","floor":54,"turns":5},{"damage":18,"enemies":"The Heart","floor":55,"turns":11}],"seed_played":"-5120873295258938082","potions_obtained":[{"floor":1,"key":"LiquidMemories"},{"floor":7,"key":"EssenceOfSteel"},{"floor":11,"key":"SkillPotion"},{"floor":13,"key":"Swift Potion"},{"floor":16,"key":"LiquidMemories"},{"floor":18,"key":"Ancient Potion"},{"floor":30,"key":"Fire Potion"},{"floor":33,"key":"Energy Potion"},{"floor":36,"key":"Fruit Juice"},{"floor":39,"key":"SteroidPotion"},{"floor":41,"key":"EssenceOfSteel"},{"floor":44,"key":"SkillPotion"}],"is_trial":false,"path_per_floor":["M","?","M","$","M","R","M","R","T","E","M","$","E","M","R","B",null,"M","M","?","M","$","R","M","R","T","R","?","?","E","T","R","B",null,"M","?","?","M","M","R","M","E","T","E","$","M","?","$","R","B",null,"R","$","E","B",null],"character_chosen":"THE_SILENT","items_purchased":["Poisoned Stab","Dagger Throw","Footwork","Wraith Form v2","Noxious Fumes","Orrery","Vajra","Catalyst","Bottled Lightning","Strawberry"],"campfire_rested":5,"item_purchase_floors":[4,4,12,22,45,45,45,48,48,48],"current_hp_per_floor":[63,63,61,61,57,57,16,37,37,29,29,29,10,7,28,1,53,41,29,29,27,27,27,20,41,41,62,46,46,25,25,46,28,60,60,65,65,53,53,53,53,23,23,21,21,19,66,73,73,73,73,73,73,71,53],"gold":53,"neow_bonus":"BOSS_RELIC","is_daily":false,"chose_seed":false,"campfire_upgraded":4,"win_rate":0.0,"timestamp":1610327565,"path_taken":["M","?","?","?","M","R","M","R","T","E","M","$","E","M","R","BOSS","M","M","?","M","?","R","?","R","T","R","?","?","E","?","R","BOSS","M","?","?","M","M","R","M","E","T","E","$","M","?","$","R","BOSS","R","$","E","BOSS"],"items_purchased_type":["Card","Card","Card","Card","Card","Relic","Relic","Card","Relic","Relic"],"build_version":"2020-12-22","purchased_purges":2,"victory":true,"max_hp_per_floor":[70,70,70,70,70,70,70,70,70,70,70,70,70,70,70,70,70,70,70,70,70,70,70,70,70,70,70,70,70,70,70,70,70,70,70,75,75,75,75,75,75,75,75,75,75,75,66,73,73,73,73,73,73,73,73],"relic_stats":{"counters":[26,152],"HoveringKite":[51],"Snake Skull":[262],"Juzu Bracelet":0,"War Paint":["Escape Plan","Dodge and Roll"],"Question Card":25,"MawBank":228,"Mercury Hourglass":[306],"Nunchaku":[3],"Pandora\u0027s Box":["Underhanded Strike","Finisher","Bane","Distraction","All Out Attack","Crippling Poison","Tools of the Trade","All Out Attack","Slice"],"Black Star":6,"obtain_stats":[{"Nilry\u0027s Codex":28,"HoveringKite":34,"Vajra":45,"Snake Skull":13,"Juzu Bracelet":44,"Bottled Tornado":10,"Nunchaku":44,"Strawberry":48,"InkBottle":31,"Ring of the Snake":0,"Potion Belt":13,"The Specimen":36,"Oddly Smooth Stone":42,"The Courier":42,"War Paint":54,"Question Card":9,"MawBank":26,"White Beast Statue":54,"Mercury Hourglass":30,"keyreminder:keyreminder":43,"Anchor":30,"Orrery":45,"Pandora\u0027s Box":17,"Black Star":0,"Bag of Marbles":10,"Bottled Lightning":48},{"Nilry\u0027s Codex":13,"HoveringKite":15,"Vajra":22,"Snake Skull":7,"Juzu Bracelet":22,"Bottled Tornado":5,"Nunchaku":22,"Strawberry":23,"InkBottle":14,"Ring of the Snake":0,"Potion Belt":7,"The Specimen":17,"Oddly Smooth Stone":21,"The Courier":21,"War Paint":25,"Question Card":4,"MawBank":13,"White Beast Statue":25,"Mercury Hourglass":14,"keyreminder:keyreminder":21,"Anchor":14,"Orrery":22,"Pandora\u0027s Box":9,"Black Star":0,"Bag of Marbles":5,"Bottled Lightning":23},{"Nilry\u0027s Codex":60,"HoveringKite":76,"Vajra":126,"Snake Skull":30,"Juzu Bracelet":126,"Bottled Tornado":24,"Nunchaku":126,"Strawberry":129,"InkBottle":67,"Ring of the Snake":0,"Potion Belt":30,"The Specimen":91,"Oddly Smooth Stone":117,"The Courier":117,"War Paint":141,"Question Card":18,"MawBank":60,"White Beast Statue":141,"Mercury Hourglass":67,"keyreminder:keyreminder":117,"Anchor":67,"Orrery":126,"Pandora\u0027s Box":41,"Black Star":0,"Bag of Marbles":24,"Bottled Lightning":129}],"InkBottle":[39]},"card_choices":[{"not_picked":["Caltrops","PiercingWail"],"picked":"Flying Knee","floor":1},{"not_picked":["Concentrate","Catalyst"],"picked":"Well Laid Plans","floor":3},{"not_picked":["Riddle With Holes","Sucker Punch"],"picked":"Slice","floor":5},{"not_picked":["Flying Knee","Masterful Stab"],"picked":"All Out Attack","floor":7},{"not_picked":["Caltrops","Reflex","All Out Attack"],"picked":"Backflip","floor":10},{"not_picked":["Underhanded Strike","Bane","Sucker Punch"],"picked":"Dodge and Roll","floor":11},{"not_picked":["Blade Dance","Distraction","Footwork"],"picked":"Envenom","floor":13},{"not_picked":["Deflect","PiercingWail","Deadly Poison"],"picked":"Predator","floor":14},{"not_picked":["Tools of the Trade","Bullet Time","A Thousand Cuts"],"picked":"After Image","floor":16},{"not_picked":["Outmaneuver","Dodge and Roll","Prepared"],"picked":"Backflip+1","floor":18},{"not_picked":["Dodge and Roll","Underhanded Strike+1","Slice"],"picked":"Backflip+1","floor":19},{"not_picked":["Dagger Spray","Deflect","Flechettes"],"picked":"Escape Plan","floor":21},{"not_picked":["Bouncing Flask","Well Laid Plans+1","Blade Dance"],"picked":"Storm of Steel","floor":24},{"not_picked":["Expertise","Setup","Bane","Sucker Punch"],"picked":"SKIP","floor":30},{"not_picked":["Unload","Tools of the Trade","Die Die Die"],"picked":"Corpse Explosion","floor":33},{"not_picked":["Expertise","Deadly Poison","Deflect+1"],"picked":"Footwork+1","floor":35},{"not_picked":["Setup","Deadly Poison","Eviscerate"],"picked":"Escape Plan","floor":36},{"not_picked":["Quick Slash","Acrobatics","Setup"],"picked":"Backflip+1","floor":38},{"not_picked":["Caltrops","Quick Slash+1","Leg Sweep","Heel Hook"],"picked":"SKIP","floor":39},{"not_picked":["Blade Dance","Caltrops","Finisher+1"],"picked":"Catalyst+1","floor":41},{"not_picked":["Dodge and Roll","Reflex+1","PiercingWail"],"picked":"Adrenaline","floor":42},{"not_picked":["Terror","Skewer","Corpse Explosion","Sucker Punch"],"picked":"SKIP","floor":44},{"not_picked":["Prepared","Backflip","Storm of Steel"],"picked":"Wraith Form v2","floor":45},{"not_picked":["Blade Dance","Sucker Punch","Backflip"],"picked":"Bouncing Flask+1","floor":45},{"not_picked":["Sucker Punch","Backstab","Dagger Throw"],"picked":"Footwork+1","floor":46},{"not_picked":["Underhanded Strike","Eviscerate","Sucker Punch"],"picked":"Envenom","floor":54}],"player_experience":2290744,"relics_obtained":[{"floor":9,"key":"Question Card"},{"floor":10,"key":"Bag of Marbles"},{"floor":10,"key":"Bottled Tornado"},{"floor":13,"key":"Snake Skull"},{"floor":13,"key":"Potion Belt"},{"floor":26,"key":"MawBank"},{"floor":28,"key":"Nilry\u0027s Codex"},{"floor":30,"key":"Anchor"},{"floor":30,"key":"Mercury Hourglass"},{"floor":31,"key":"InkBottle"},{"floor":36,"key":"The Specimen"},{"floor":42,"key":"Oddly Smooth Stone"},{"floor":42,"key":"The Courier"},{"floor":44,"key":"Juzu Bracelet"},{"floor":44,"key":"Nunchaku"},{"floor":54,"key":"War Paint"},{"floor":54,"key":"White Beast Statue"}],"event_choices":[{"cards_removed":["Defend_G"],"damage_healed":0,"gold_gain":0,"player_choice":"Purged","damage_taken":0,"max_hp_gain":0,"max_hp_loss":0,"event_name":"Purifier","floor":2,"gold_loss":0},{"damage_healed":0,"gold_gain":0,"player_choice":"Upgrade","damage_taken":0,"max_hp_gain":0,"max_hp_loss":0,"event_name":"Designer","floor":20,"gold_loss":40,"cards_upgraded":["After Image"]},{"damage_healed":0,"gold_gain":0,"player_choice":"Obtained Book","damage_taken":16,"max_hp_gain":0,"max_hp_loss":0,"event_name":"Cursed Tome","floor":28,"gold_loss":0},{"damage_healed":0,"gold_gain":0,"player_choice":"Ignored","damage_taken":0,"max_hp_gain":0,"max_hp_loss":0,"event_name":"Ghosts","floor":29,"gold_loss":0},{"damage_healed":0,"gold_gain":0,"player_choice":"Fight","damage_taken":0,"max_hp_gain":0,"max_hp_loss":0,"event_name":"MindBloom","floor":36,"gold_loss":0},{"cards_removed":["All Out Attack"],"damage_healed":0,"gold_gain":0,"player_choice":"Removed Attack","damage_taken":0,"max_hp_gain":0,"max_hp_loss":0,"event_name":"Falling","floor":37,"gold_loss":0},{"damage_healed":66,"gold_gain":0,"player_choice":"Heal","damage_taken":0,"max_hp_gain":0,"max_hp_loss":9,"event_name":"The Moai Head","floor":47,"gold_loss":0}],"is_beta":false,"boss_relics":[{"not_picked":["Calling Bell","Velvet Choker"],"picked":"Pandora\u0027s Box"},{"not_picked":["SlaversCollar","Snecko Eye"],"picked":"HoveringKite"}],"items_purged_floors":[45,48],"is_endless":false,"potions_floor_spawned":[1,7,11,13,16,18,30,33,36,39,41,44],"ascension_level":12}}