{"host":"0fmi5fguj5lvt8pf","time":1610337174,"event":{"mods":["BaseMod","Colored Map","Curses Come First","Downfall","Minty Spire (QoL Compilation)","Permanent Neow","StSLib","Waifu the Spire"],"gold_per_floor":[99,110,129,149,149,161,161,194,194,223,234,234,249,424,443,539,539,539,558,558,324,335,366,418,448,465,465,240,125,151,11,22,119,119,119,142,192,17,36,56,107,45,45,45,56,56,71,83,99,99,99,127,29,29,29],"floor_reached":56,"playtime":4541,"items_purged":["Doubt","Slimebound:Tackle","Slimebound:Defend_Slimebound","Slimebound:Strike_Slimebound","Slimebound:Defend_Slimebound"],"score":1194,"play_id":"a30f39b0-cc2f-403e-bebb-74c587d1ec37","local_time":"20210110195254","is_ascension_mode":false,"campfire_choices":[{"data":"Slimebound:CorrosiveSpit","floor":1.0,"key":"SMITH"},{"data":"Slimebound:SamplingLick","floor":9.0,"key":"SMITH"},{"floor":18.0,"key":"RECALL"},{"data":"expansioncontent:Chronoboost","floor":28.0,"key":"SMITH"},{"data":"Slimebound:TongueLash","floor":35.0,"key":"SMITH"},{"floor":43.0,"key":"DIG"},{"data":"Slimebound:DuplicatedForm","floor":54,"key":"SMITH"}],"circlet_count":0,"master_deck":["Slimebound:Strike_Slimebound","Slimebound:Strike_Slimebound","Slimebound:Defend_Slimebound","Slimebound:CorrosiveSpit+1","Slimebound:LeechLife+1","Slimebound:SamplingLick+1","Slimebound:AcidTongue","Slimebound:DisruptingSlam+1","Slimebound:LivingWall","Slimebound:Recycling","Slimebound:SlimeSpikes","Slimebound:TongueLash+1","Slimebound:Recollect","Slimebound:GrowthPunch","Slimebound:SamplingLick","Slimebound:GrowthPunch","expansioncontent:Chronoboost+1","Slimebound:Schlurp","Slimebound:SamplingLick+1","Slimebound:OozeBath","Slimebound:SpikyOuterGoop","Slimebound:ItLooksTasty","Slimebound:Recycling","Slimebound:Recollect+1","Slimebound:LeechingTouch+1","Slimebound:HungryTackle","Slimebound:ViciousTackle+1","Slimebound:DuplicatedForm+1"],"relics":["Slimebound:AbsorbEndCombatUpgraded","Oddly Smooth Stone","Pantograph","Shovel","Slimebound:TarBlob","Meat on the Bone","sneckomod:BlankCard","White Beast Statue","downfall:HeartBlessingRed","downfall:HeartBlessingGreen","downfall:HeartBlessingBlue","Whetstone","champ:DeflectingBracers","MawBank","Blue Candle","Shuriken","Bag of Marbles"],"acts_visited":["Exordium","TheCity","TheBeyond","TheEnding"],"potions_floor_usage":[52,55,55,55],"damage_taken":[{"damage":5.0,"enemies":"Cultist","floor":2.0,"turns":3.0},{"damage":6.0,"enemies":"Small Slimes","floor":3.0,"turns":3.0},{"damage":1.0,"enemies":"2 Louse","floor":4.0,"turns":3.0},{"damage":13.0,"enemies":"Large Slime","floor":6.0,"turns":6.0},{"damage":9.0,"enemies":"Lagavulin","floor":8.0,"turns":8.0},{"damage":45.0,"enemies":"3 Sentries","floor":10.0,"turns":6.0},{"damage":7.0,"enemies":"Exordium Wildlife","floor":11.0,"turns":5.0},{"damage":1.0,"enemies":"Blue Slaver","floor":13.0,"turns":4.0},{"damage":3.0,"enemies":"2 Fungi Beasts","floor":15.0,"turns":5.0},{"damage":22.0,"enemies":"downfall:Defect","floor":16.0,"turns":14.0},{"damage":13.0,"enemies":"Spheric Guardian","floor":19.0,"turns":8.0},{"damage":0.0,"enemies":"downfall:FleeingMerchant","floor":21.0,"turns":4.0},{"damage":20.0,"enemies":"Chosen","floor":22.0,"turns":7.0},{"damage":10.0,"enemies":"Gremlin Leader","floor":23.0,"turns":8.0},{"damage":33.0,"enemies":"Book of Stabbing","floor":25.0,"turns":7.0},{"damage":17.0,"enemies":"Snake Plant","floor":26.0,"turns":4.0},{"damage":2.0,"enemies":"downfall:FleeingMerchant","floor":29.0,"turns":4.0},{"damage":36.0,"enemies":"Gremlin Leader","floor":30.0,"turns":6.0},{"damage":0.0,"enemies":"downfall:FleeingMerchant","floor":31.0,"turns":4.0},{"damage":17.0,"enemies":"Snecko","floor":32.0,"turns":6.0},{"damage":46.0,"enemies":"downfall:Silent","floor":33.0,"turns":10.0},{"damage":15.0,"enemies":"downfall:FleeingMerchant","floor":36.0,"turns":4.0},{"damage":11.0,"enemies":"Mind Bloom Boss Battle","floor":37.0,"turns":9.0},{"damage":33.0,"enemies":"3 Shapes","floor":39.0,"turns":5.0},{"damage":0.0,"enemies":"Orb Walker","floor":40.0,"turns":3.0},{"damage":8.0,"enemies":"Sphere and 2 Shapes","floor":45.0,"turns":5.0},{"damage":11.0,"enemies":"Spire Growth","floor":47.0,"turns":5.0},{"damage":41,"enemies":"Writhing Mass","floor":48,"turns":5},{"damage":26,"enemies":"Transient","floor":49,"turns":5},{"damage":63,"enemies":"downfall:Watcher","floor":50,"turns":8},{"damage":140,"enemies":"downfall:CharBossMerchant","floor":52,"turns":10},{"damage":83,"enemies":"downfall:NeowBoss","floor":55,"turns":18}],"seed_played":"1399940860714516601","potions_obtained":[{"floor":2.0,"key":"FearPotion"},{"floor":3.0,"key":"PowerPotion"},{"floor":6.0,"key":"Dexterity Potion"},{"floor":13.0,"key":"Slimebound:SlimedPotion"},{"floor":16.0,"key":"sneckomod:MuddlingPotion"},{"floor":22.0,"key":"DuplicationPotion"},{"floor":25.0,"key":"Energy Potion"},{"floor":26.0,"key":"Dexterity Potion"},{"floor":32.0,"key":"EntropicBrew"},{"floor":33.0,"key":"Regen Potion"},{"floor":36.0,"key":"sneckomod:MuddlingPotion"},{"floor":52,"key":"Strength Potion"}],"is_trial":false,"path_per_floor":["R","M","M","M","T","M","T","E","R","E","M","?","M","?","M","B",null,"R","M","?","$","M","E","T","E","M","?","R","$","E","$","M","B",null,"R","$","?","?","M","M","T","$","R","?","M","T","M","M","M","B",null,"E","$","R","B",null],"character_chosen":"SLIMEBOUND","items_purchased":["Slimebound:Schlurp","expansioncontent:Chronoboost","Slimebound:ItLooksTasty","Slimebound:Recycling","Slimebound:HungryTackle","EntropicBrew"],"campfire_rested":0,"item_purchase_floors":[21,21,36,36,42,53],"current_hp_per_floor":[54,54,50,54,54,54,54,54,54,42,50,50,51,51,52,54,54,54,49,33,41,38,54,54,41,48,48,58,64,50,64,64,44,64,64,64,64,64,50,64,64,64,64,64,64,64,57,64,45,21,64,34,34,34,64],"gold":29,"neow_bonus":"THREE_RARE_CARDS","is_daily":false,"chose_seed":false,"campfire_upgraded":5,"win_rate":0.0,"timestamp":1610337174,"path_taken":["R","M","M","M","?","?","T","E","R","E","M","?","M","?","M","BOSS","R","M","?","$","M","E","T","E","M","?","R","?","E","$","M","BOSS","R","$","?","?","M","M","T","?","R","?","M","?","M","?","M","BOSS","E","$","R","BOSS"],"items_purchased_type":["Card","Card","Card","Card","Card","Potion"],"build_version":"2020-12-22","purchased_purges":5,"victory":true,"max_hp_per_floor":[54,54,54,54,54,54,54,54,54,54,54,54,54,54,54,54,54,54,54,54,54,54,54,54,54,54,54,64,64,64,64,64,64,64,64,64,64,64,64,64,64,64,64,64,64,64,64,64,64,64,64,64,64,64,64],"card_choices":[{"not_picked":["Slimebound:OneTwoCombo","Slimebound:Teamwork"],"picked":"Slimebound:LeechLife","floor":0.0},{"not_picked":["Slimebound:FirmFortitude","Slimebound:SplitMire"],"picked":"Slimebound:SamplingLick","floor":2.0},{"not_picked":["Slimebound:ViciousTackle","Slimebound:PressTheAttack"],"picked":"Slimebound:AcidTongue","floor":3.0},{"not_picked":["Slimebound:SplitMire","Slimebound:ForwardTackle"],"picked":"Slimebound:DisruptingSlam","floor":4.0},{"not_picked":["Slimebound:FinishingTackle","Slimebound:LeechingTouch"],"picked":"Slimebound:LivingWall","floor":6.0},{"not_picked":["Slimebound:SlimeSpikes","Slimebound:LeechEnergy"],"picked":"Slimebound:Recycling","floor":8.0},{"not_picked":["Slimebound:FinishingTackle","Slimebound:ForwardTackle"],"picked":"Slimebound:SlimeSpikes","floor":10.0},{"not_picked":["Slimebound:GoopSpray","Slimebound:ViciousTackle"],"picked":"Slimebound:TongueLash","floor":11.0},{"not_picked":["Slimebound:SplitLeeching","Slimebound:SplitMire"],"picked":"Slimebound:Recollect","floor":13.0},{"not_picked":["Slimebound:RollThrough","Slimebound:LevelUp"],"picked":"Slimebound:GrowthPunch","floor":15.0},{"not_picked":["Slimebound:FirmFortitude","Slimebound:SplitBruiser"],"picked":"Slimebound:SamplingLick","floor":19.0},{"not_picked":["Slimebound:LeechEnergy","Slimebound:SplitLeeching+1"],"picked":"Slimebound:GrowthPunch","floor":21.0},{"not_picked":["Slimebound:SplitMire+1","Slimebound:GoopTackle+1","Slimebound:LeechingTouch"],"picked":"SKIP","floor":22.0},{"not_picked":["Slimebound:ViciousTackle","Slimebound:DouseInSlime"],"picked":"Slimebound:Schlurp","floor":23.0},{"not_picked":["Slimebound:SlimeSlap","Slimebound:LivingWall","Slimebound:LevelUp"],"picked":"SKIP","floor":25.0},{"not_picked":["Slimebound:Schlurp","Slimebound:DisruptingSlam","Slimebound:SlimeSpikes"],"picked":"SKIP","floor":26.0},{"not_picked":["Slimebound:SlimeSpikes","Slimebound:FinishingTackle"],"picked":"Slimebound:SamplingLick+1","floor":29.0},{"not_picked":["Slimebound:SplitLeeching","Slimebound:SlimeSpikes+1","Slimebound:GrowthPunch"],"picked":"SKIP","floor":30.0},{"not_picked":["Slimebound:SplitAcid","Slimebound:RollThrough","Slimebound:SplitBruiser"],"picked":"SKIP","floor":31.0},{"not_picked":["Slimebound:FinishingTackle","Slimebound:SplitMire","Slimebound:LeechEnergy"],"picked":"SKIP","floor":32.0},{"not_picked":["Slimebound:LeechLife","Slimebound:Teamwork"],"picked":"Slimebound:OozeBath","floor":33.0},{"not_picked":["Slimebound:Schlurp","Slimebound:SplitMire"],"picked":"Slimebound:SpikyOuterGoop","floor":36.0},{"not_picked":["Slimebound:TongueLash+1","Slimebound:PressTheAttack"],"picked":"Slimebound:Recollect+1","floor":39.0},{"not_picked":["Slimebound:ForwardTackle+1","Slimebound:AcidTongue"],"picked":"Slimebound:LeechingTouch+1","floor":40.0},{"not_picked":["Slimebound:LivingWall","Slimebound:SplitMire+1","Slimebound:PressTheAttack+1"],"picked":"SKIP","floor":45.0},{"not_picked":["Slimebound:SplitMire+1","Slimebound:ForwardTackle","Slimebound:MegaLick"],"picked":"SKIP","floor":47.0},{"not_picked":["Slimebound:LeechingTouch","Slimebound:ComboTackle+1","Slimebound:GrowthPunch"],"picked":"SKIP","floor":48},{"not_picked":["Slimebound:SlimeSpikes+1","Slimebound:ComboTackle"],"picked":"Slimebound:ViciousTackle+1","floor":49},{"not_picked":["Slimebound:ItLooksTasty","Slimebound:MassRepurpose"],"picked":"Slimebound:DuplicatedForm","floor":52}],"player_experience":1320043,"relics_obtained":[{"floor":5.0,"key":"Oddly Smooth Stone"},{"floor":8.0,"key":"Pantograph"},{"floor":10.0,"key":"Shovel"},{"floor":23.0,"key":"Meat on the Bone"},{"floor":24.0,"key":"sneckomod:BlankCard"},{"floor":25.0,"key":"White Beast Statue"},{"floor":30.0,"key":"Whetstone"},{"floor":37.0,"key":"champ:DeflectingBracers"},{"floor":41.0,"key":"MawBank"},{"floor":43.0,"key":"Blue Candle"},{"floor":46.0,"key":"Shuriken"},{"floor":52,"key":"Bag of Marbles"}],"event_choices":[{"cards_removed":["Slimebound:Split"],"damage_healed":0.0,"max_hp_gain":0.0,"max_hp_loss":0.0,"gold_gain":0.0,"event_name":"The Cleric","player_choice":"Card Removal","floor":12.0,"gold_loss":0.0,"damage_taken":0.0},{"cards_removed":["Slimebound:Defend_Slimebound"],"damage_healed":0.0,"max_hp_gain":0.0,"max_hp_loss":0.0,"gold_gain":0.0,"event_name":"Back to Basics","player_choice":"Elegance","floor":27.0,"gold_loss":0.0,"damage_taken":0.0},{"cards_removed":["Slimebound:Schlurp"],"damage_healed":0.0,"max_hp_gain":0.0,"max_hp_loss":0.0,"gold_gain":0.0,"event_name":"Falling","player_choice":"Removed Skill","floor":44.0,"gold_loss":0.0,"damage_taken":0.0}],"is_beta":false,"boss_relics":[{"not_picked":["SlaversCollar","Black Star"],"picked":"Slimebound:TarBlob"},{"not_picked":["sneckomod:SneckoTalon","Runic Dome"],"picked":"Slimebound:AbsorbEndCombatUpgraded"}],"items_purged_floors":[21,29,31,36,38],"is_endless":false,"potions_floor_spawned":[2,3,6,13,16,22,25,26,29,30,31,32,33,36,37,39,40,45,47,48,49,52],"ascension_level":0}}