{"host":"ci7cmvrwpmzqnw7e","time":1610344562,"event":{"mods":["BaseMod","BetterRewards","Colored Map","Downfall","GungeonMod","Highlight Path","Hubris","Infinite Spire","Minty Spire (QoL Compilation)","Random Character Button","Rare Cards Sparkle","Replay The Spire","Shop Mod","StSLib","The Disciple","The Forsaken","The Necromancer"],"gold_per_floor":[99,99,99,99,112,127,150,150,4,16,1,1,18,29,47,148,148,148,163,180,280,280,280,280,280],"floor_reached":23,"playtime":939,"items_purged":[],"score":181,"play_id":"e94e6e44-e094-4f0d-a566-66c4a2044a16","local_time":"20210110225602","is_ascension_mode":false,"campfire_choices":[{"data":"Slimebound:Split","floor":1,"key":"SMITH"},{"floor":8,"key":"REST"},{"floor":12,"key":"REST"},{"data":"Slimebound:CheckThePlaybook","floor":18,"key":"SMITH"}],"circlet_count":0,"master_deck":["Slimebound:Strike_Slimebound","Slimebound:Strike_Slimebound","Slimebound:Tackle","Slimebound:Defend_Slimebound","Slimebound:Defend_Slimebound","Slimebound:Defend_Slimebound","Slimebound:Split+1","Slimebound:CorrosiveSpit","Slimebound:Gluttony","Slimebound:GoopTackle","Slimebound:SamplingLick","Slimebound:SamplingLick","Slimebound:SpikyOuterGoop","Slimebound:TagTeam","Slimebound:RollThrough","Slimebound:MegaLick","Slimebound:FirmFortitude","Slimebound:Nibble","Slimebound:SplitAcid","Slimebound:SlimeBrawl","Slimebound:LivingWall","Slimebound:CheckThePlaybook+1","Slimebound:SplitBruiser+1","Slimebound:PressTheAttack","Slimebound:SplitMire","Slimebound:AcidTongue","J.A.X.","Slimebound:Schlurp","hubris:Fate","infinitespire:NeuralNetwork"],"relics":["Slimebound:AbsorbEndCombat","downfall:HeartsMalice","Nunchaku","hubris:ScarierMask","MutagenicStrength","Gremlin Horn"],"acts_visited":["Exordium","TheCity"],"potions_floor_usage":[11,11,16,16,21],"damage_taken":[{"damage":0,"enemies":"Jaw Worm","floor":2,"turns":1},{"damage":0,"enemies":"Small Slimes","floor":3,"turns":1},{"damage":0,"enemies":"Cultist","floor":4,"turns":1},{"damage":28,"enemies":"Blue Slaver","floor":5,"turns":3},{"damage":32,"enemies":"Gremlin Gang","floor":6,"turns":3},{"damage":20,"enemies":"downfall:FleeingMerchant","floor":9,"turns":4},{"damage":23,"enemies":"Large Slime","floor":10,"turns":4},{"damage":15,"enemies":"downfall:FleeingMerchant","floor":11,"turns":4},{"damage":18,"enemies":"Blue Slaver","floor":13,"turns":3},{"damage":5,"enemies":"Gremlin Gang","floor":14,"turns":4},{"damage":8,"enemies":"3 Louse","floor":15,"turns":2},{"damage":48,"enemies":"downfall:Ironclad","floor":16,"turns":6},{"damage":13,"enemies":"Chosen","floor":19,"turns":5},{"damage":26,"enemies":"Snake Plant","floor":20,"turns":2},{"damage":58,"enemies":"downfall:Augmenter","floor":21,"turns":3},{"damage":48,"enemies":"Book of Stabbing","floor":23,"turns":3}],"seed_played":"5556253967133544490","potions_obtained":[{"floor":5,"key":"SkillPotion"},{"floor":6,"key":"Fire Potion"},{"floor":10,"key":"DemoMod:LeadSkinPotion"},{"floor":14,"key":"LiquidMemories"},{"floor":15,"key":"Energy Potion"},{"floor":16,"key":"Strength Potion"},{"floor":21,"key":"GamblersBrew"}],"is_trial":false,"path_per_floor":["R","M","M","M","M","M","T","R","$","M","$","R","M","M","M","B",null,"R_BF","M","M","?","AVR","E"],"character_chosen":"SLIMEBOUND","items_purchased":["Slimebound:RollThrough","Slimebound:MegaLick"],"campfire_rested":2,"item_purchase_floors":[9,9],"current_hp_per_floor":[60,60,60,60,44,24,24,42,38,35,36,54,56,60,56,44,60,60,60,46,32,32,0,0,0],"gold":280,"neow_bonus":"THREE_ENEMY_KILL","is_daily":false,"chose_seed":false,"campfire_upgraded":2,"win_rate":0.0,"timestamp":1610344562,"path_taken":["R","M","M","M","M","M","T","R","$","M","$","R","M","M","M","BOSS","R_BF","M","M","?","AVR","E"],"items_purchased_type":["Card","Card"],"build_version":"2020-12-22","purchased_purges":0,"victory":false,"max_hp_per_floor":[60,60,60,60,60,60,60,60,60,60,60,60,60,60,60,60,60,60,60,60,60,60,60,60,60],"card_choices":[{"not_picked":["Slimebound:DivideAndConquer","Slimebound:PressTheAttack"],"picked":"Slimebound:Gluttony","floor":2},{"not_picked":["Slimebound:SlimeBarrage","Slimebound:SplitLeeching"],"picked":"Slimebound:GoopTackle","floor":3},{"not_picked":["Slimebound:DivideAndConquer","Slimebound:LeechingTouch"],"picked":"Slimebound:SamplingLick","floor":4},{"not_picked":["Slimebound:BestDefense","Slimebound:LeadByExample"],"picked":"Slimebound:SamplingLick","floor":5},{"not_picked":["Slimebound:RejuvenatingLick","Slimebound:FormOfPuddle"],"picked":"Slimebound:SpikyOuterGoop","floor":6},{"not_picked":["Slimebound:Prepare","Slimebound:SlimeSpikes"],"picked":"Slimebound:TagTeam","floor":9},{"not_picked":["Slimebound:Schlurp","Slimebound:DivideAndConquer"],"picked":"Slimebound:FirmFortitude","floor":10},{"not_picked":["Slimebound:FormOfPuddle","Slimebound:SlimeSpikes"],"picked":"Slimebound:Nibble","floor":11},{"not_picked":["Slimebound:FinishingTackle","Slimebound:ComboTackle"],"picked":"Slimebound:SplitAcid","floor":13},{"not_picked":["Slimebound:GrowthPunch","Slimebound:LeechingTouch"],"picked":"Slimebound:SlimeBrawl","floor":14},{"not_picked":["Slimebound:GoopSpray","Slimebound:ProtectTheBoss"],"picked":"Slimebound:LivingWall","floor":15},{"not_picked":["Slimebound:MassFeed","Slimebound:RallyTheTroops"],"picked":"Slimebound:CheckThePlaybook","floor":16},{"not_picked":["Slimebound:SplitAcid","Slimebound:PressTheAttack"],"picked":"Slimebound:SplitBruiser+1","floor":19},{"not_picked":["Slimebound:SplitMire","Slimebound:Prepare"],"picked":"Slimebound:PressTheAttack","floor":20},{"not_picked":[],"picked":"J.A.X.","floor":21},{"not_picked":["Slimebound:SplitLeeching+1","Slimebound:LeadByExample"],"picked":"Slimebound:Schlurp","floor":21}],"player_experience":48877,"relics_obtained":[{"floor":7,"key":"Nunchaku"},{"floor":21,"key":"MutagenicStrength"}],"event_choices":[],"is_beta":false,"boss_relics":[{"not_picked":["Kintsugi","Ring of Chaos"],"picked":"hubris:ScarierMask"}],"items_purged_floors":[],"is_endless":false,"potions_floor_spawned":[5,6,10,14,15,16,21],"killed_by":"Book of Stabbing","ascension_level":0}}