{"host":"sav7uxregyirlf69","time":1610351906,"event":{"mods":["AchievementEnabler","BaseMod","Colored Map","DeckTracker","Keyboard Shortcuts","Minty Spire (QoL Compilation)","READ ME - Guardian Mod","StSLib","SuperFastMode"],"gold_per_floor":[109,119,135,60,60,60,91,91,91,126,126,26,45,45,45,119,119,139,139,157,167,183,212,212,225,273,306,306,333,333,352,352,423,423,441,453,453,338,357,357,357,88,88],"floor_reached":42,"playtime":910,"items_purged":["Defend_G","Strike_G","Defend_G","Dash+1"],"score":859,"play_id":"ae985073-3355-4a8c-b563-538ad69cb009","local_time":"20210111165826","is_ascension_mode":true,"campfire_choices":[{"data":"Noxious Fumes","floor":6,"key":"SMITH"},{"data":"Catalyst","floor":8,"key":"SMITH"},{"floor":11,"key":"REST"},{"data":"Caltrops","floor":15,"key":"SMITH"},{"data":"Reflex","floor":24,"key":"SMITH"},{"data":"Adrenaline","floor":30,"key":"SMITH"},{"data":"Footwork","floor":32,"key":"SMITH"},{"data":"Concentrate","floor":40,"key":"SMITH"}],"circlet_count":0,"master_deck":["AscendersBane","Defend_G","Defend_G","Survivor","Neutralize+1","Deadly Poison","Noxious Fumes+1","Catalyst+1","Reflex+1","Caltrops+1","Adrenaline+1","Tools of the Trade+1","Phantasmal Killer+1","Footwork+1","Blade Dance+1","After Image","Wraith Form v2","Concentrate+1","Prepared+1","Tactician","Acrobatics"],"relics":["Ring of the Snake","Singing Bowl","InkBottle","Mummified Hand","Astrolabe","The Courier","Smiling Mask","MutagenicStrength","Whetstone","Runic Pyramid","TheAbacus"],"acts_visited":["Exordium","TheCity","TheBeyond"],"potions_floor_usage":[7,23,33,36],"damage_taken":[{"damage":3,"enemies":"Cultist","floor":1,"turns":5},{"damage":1,"enemies":"Jaw Worm","floor":2,"turns":5},{"damage":0,"enemies":"2 Louse","floor":3,"turns":3},{"damage":19,"enemies":"3 Sentries","floor":7,"turns":6},{"damage":18,"enemies":"Gremlin Nob","floor":10,"turns":4},{"damage":1,"enemies":"Looter","floor":13,"turns":3},{"damage":23,"enemies":"The Guardian","floor":16,"turns":8},{"damage":0,"enemies":"Chosen","floor":18,"turns":4},{"damage":0,"enemies":"3 Byrds","floor":20,"turns":2},{"damage":14,"enemies":"Shelled Parasite and Fungi","floor":21,"turns":4},{"damage":10,"enemies":"Centurion and Healer","floor":22,"turns":4},{"damage":11,"enemies":"Slavers","floor":23,"turns":4},{"damage":0,"enemies":"Snake Plant","floor":25,"turns":2},{"damage":18,"enemies":"Gremlin Leader","floor":27,"turns":4},{"damage":10,"enemies":"Slavers","floor":29,"turns":4},{"damage":3,"enemies":"Shelled Parasite and Fungi","floor":31,"turns":3},{"damage":20,"enemies":"Champ","floor":33,"turns":8},{"damage":0,"enemies":"3 Shapes","floor":35,"turns":5},{"damage":0,"enemies":"3 Darklings","floor":36,"turns":4},{"damage":0,"enemies":"Spire Growth","floor":39,"turns":4}],"seed_played":"4471382364886318261","potions_obtained":[{"floor":1,"key":"Explosive Potion"},{"floor":13,"key":"Regen Potion"},{"floor":16,"key":"SpeedPotion"},{"floor":23,"key":"Explosive Potion"},{"floor":36,"key":"FearPotion"},{"floor":39,"key":"GamblersBrew"}],"is_trial":false,"path_per_floor":["M","M","M","$","?","R","E","R","T","E","R","$","M","$","R","B",null,"M","?","M","M","M","E","R","M","T","E","?","E","R","M","R","B",null,"M","M","?","$","M","R","?","$"],"character_chosen":"THE_SILENT","items_purchased":["Concentrate","TheAbacus","Tactician","Acrobatics"],"campfire_rested":1,"item_purchase_floors":[38,42,42,42],"current_hp_per_floor":[56,55,55,55,55,55,36,36,36,18,37,37,38,38,38,15,55,57,70,70,58,48,53,53,55,55,37,37,29,29,28,28,8,62,64,66,66,66,66,66,66,66,66],"gold":88,"neow_bonus":"REMOVE_CARD","is_daily":false,"chose_seed":false,"campfire_upgraded":7,"win_rate":0.0,"timestamp":1610351906,"path_taken":["M","?","M","?","?","R","E","R","T","E","R","$","M","$","R","BOSS","M","?","M","M","?","E","R","M","T","E","?","E","R","M","R","BOSS","M","M","?","$","M","R","?","$"],"items_purchased_type":["Card","Relic","Card","Card"],"build_version":"2020-12-22","purchased_purges":4,"victory":false,"max_hp_per_floor":[66,66,66,66,66,66,66,66,66,66,66,66,68,68,68,68,68,70,70,70,72,72,74,74,76,76,76,76,78,78,80,80,80,80,82,84,84,84,84,84,84,84,84],"card_choices":[{"not_picked":["Dash","Caltrops"],"picked":"Deadly Poison","floor":1},{"not_picked":["Dash","Expertise"],"picked":"Noxious Fumes","floor":2},{"not_picked":["Slice","Cloak And Dagger"],"picked":"Dash","floor":3},{"not_picked":["Flechettes","Leg Sweep"],"picked":"Reflex","floor":7},{"not_picked":["Bane","Heel Hook"],"picked":"Caltrops","floor":10},{"not_picked":["Dagger Spray","Dodge and Roll","Caltrops"],"picked":"Singing Bowl","floor":13},{"not_picked":["Unload","Storm of Steel"],"picked":"Adrenaline","floor":16},{"not_picked":["Sucker Punch","Expertise","Leg Sweep"],"picked":"Singing Bowl","floor":18},{"not_picked":["Bane","Escape Plan"],"picked":"Footwork","floor":20},{"not_picked":["Poisoned Stab","Dagger Throw","Bane"],"picked":"Singing Bowl","floor":21},{"not_picked":["All Out Attack","Riddle With Holes"],"picked":"Blade Dance+1","floor":22},{"not_picked":["Prepared","Poisoned Stab","Venomology"],"picked":"Singing Bowl","floor":23},{"not_picked":["Distraction","Flying Knee","Expertise"],"picked":"Singing Bowl","floor":25},{"not_picked":["Backflip","Calculated Gamble"],"picked":"After Image","floor":27},{"not_picked":["Choke","Blade Dance+1","Poisoned Stab+1"],"picked":"Singing Bowl","floor":29},{"not_picked":["Deadly Poison","Endless Agony","Quick Slash"],"picked":"Singing Bowl","floor":31},{"not_picked":["Die Die Die","Corpse Explosion"],"picked":"Wraith Form v2","floor":33},{"not_picked":["Blade Dance","Cloak And Dagger","Quick Slash+1"],"picked":"Singing Bowl","floor":35},{"not_picked":["All Out Attack","Caltrops","Outmaneuver"],"picked":"Singing Bowl","floor":36},{"not_picked":["Accuracy","Predator"],"picked":"Prepared+1","floor":39}],"player_experience":1241823,"relics_obtained":[{"floor":7,"key":"Singing Bowl"},{"floor":9,"key":"InkBottle"},{"floor":10,"key":"Mummified Hand"},{"floor":23,"key":"The Courier"},{"floor":27,"key":"Smiling Mask"},{"floor":29,"key":"Whetstone"}],"event_choices":[{"damage_healed":0,"gold_gain":0,"cards_transformed":["Strike_G"],"player_choice":"Change","damage_taken":0,"max_hp_gain":0,"max_hp_loss":0,"event_name":"Living Wall","floor":5,"gold_loss":0,"cards_obtained":["Catalyst"]},{"damage_healed":13,"gold_gain":0,"player_choice":"Full Heal","damage_taken":0,"max_hp_gain":0,"max_hp_loss":0,"event_name":"Wheel of Change","floor":19,"gold_loss":0},{"damage_healed":0,"gold_gain":0,"player_choice":"Inject Mutagens","damage_taken":0,"relics_obtained":["MutagenicStrength"],"max_hp_gain":0,"max_hp_loss":0,"event_name":"Drug Dealer","floor":28,"gold_loss":0},{"damage_healed":0,"gold_gain":0,"player_choice":"Ignored","damage_taken":0,"max_hp_gain":0,"max_hp_loss":0,"event_name":"Mysterious Sphere","floor":37,"gold_loss":0},{"cards_removed":["Envenom"],"damage_healed":0,"gold_gain":0,"player_choice":"Removed Power","damage_taken":0,"max_hp_gain":0,"max_hp_loss":0,"event_name":"Falling","floor":41,"gold_loss":0}],"is_beta":false,"boss_relics":[{"not_picked":["Philosopher\u0027s Stone","Tiny House"],"picked":"Astrolabe"},{"not_picked":["Cursed Key","Coffee Dripper"],"picked":"Runic Pyramid"}],"items_purged_floors":[4,12,38,42],"is_endless":false,"potions_floor_spawned":[1,13,16,20,22,23,25,29,36,39],"ascension_level":15}}