{"host":"iv8gkcqs5ryn8eyc","time":1610355442,"event":{"mods":["Astrologer","BaseMod","Colored Map","Colored Powertips","Dio Mod","Magitek Elite","Minty Spire (QoL Compilation)","Replay The Spire","Shade Mod","Spire Birthday Party","StSLib","The Blackbeard","The Marked","The Runesmith","The Saiyan","The Servant 0.9.4","TheVacant"],"gold_per_floor":[19,29,29,46,57,91,91,126,178,178,203,19,39,55,55,155,155,95,35,51,62,73,108,108,208,208,208,222,241,0,11,11,116,116,129,174,174,174,174],"floor_reached":38,"playtime":2578,"items_purged":["Runesmith:Defend_RS"],"score":528,"play_id":"3825b976-9302-460e-8779-54205bd2087c","local_time":"20210111035722","is_ascension_mode":true,"campfire_choices":[{"floor":7,"key":"REST"},{"floor":10,"key":"REST"},{"floor":15,"key":"REST"},{"floor":24,"key":"REST"},{"floor":27,"key":"REST"},{"floor":32,"key":"REST"}],"circlet_count":0,"master_deck":["Runesmith:Strike_RS","Runesmith:CraftFirestone","Runesmith:Fortify","Runesmith:HammerThrow","Runesmith:Firestorm","Runesmith:Firewall","Runesmith:Grindstone","Runesmith:EnergizedChisel","Runesmith:BackupBattery","Pot Of Greed","Pot Of Greed","Runesmith:Prism","Runesmith:RuneHurl","Runesmith:PerfectChisel","Runesmith:PoweredAnvil","Runesmith:EarthShield+1","Runesmith:EarthShield+1","Runesmith:CraftIndustria+1","Parasite","Injury","Pot Of Greed+1","Sickly","Runesmith:MetallurgicalResearch+1","Runesmith:EnergizedChisel","Runesmith:Repurpose+1","Runesmith:Refine+1","Runesmith:EarthShield+1","Runesmith:Accelerate+1","Runesmith:Terraform+1","Runesmith:RuneHurl","Runesmith:CreatorForm","Runesmith:Augment+1","Runesmith:CraftIndustria+1","Pot Of Greed+1","Runesmith:Terraform+1","Runesmith:DoubleUp+1"],"relics":["Runesmith:BrokenRuby","Replay:PocketPolymizer","Matryoshka","Shuriken","Grinning Jar","Happy Flower","Toxic Egg 2","Replay:Ancient Bell","Regal Pillow","Iron Hammer","Replay:Arrowhead","Bag of Preparation","Nunchaku","Pantograph","Bottled Lightning","Sozu","Counterbalance","Mythril_Glove"],"acts_visited":["Exordium","TheCity","TheBeyond"],"potions_floor_usage":[6,18,22,31,33],"damage_taken":[{"damage":5,"enemies":"Small Slimes","floor":1,"turns":3},{"damage":3,"enemies":"Cultist","floor":2,"turns":4},{"damage":3,"enemies":"Jaw Worm","floor":4,"turns":4},{"damage":11,"enemies":"Looter","floor":5,"turns":4},{"damage":28,"enemies":"Gremlin Nob","floor":6,"turns":4},{"damage":26,"enemies":"3 Sentries","floor":8,"turns":9},{"damage":9,"enemies":"Replay:BlueRogue","floor":11,"turns":8},{"damage":0,"enemies":"Exordium Wildlife","floor":13,"turns":4},{"damage":1,"enemies":"Large Slime","floor":14,"turns":7},{"damage":5,"enemies":"The Guardian","floor":16,"turns":11},{"damage":2,"enemies":"2 Thieves","floor":18,"turns":4},{"damage":19,"enemies":"Spheric Guardian","floor":20,"turns":6},{"damage":10,"enemies":"3 Cultists","floor":21,"turns":5},{"damage":7,"enemies":"Shelled Parasite and Fungi","floor":22,"turns":7},{"damage":15,"enemies":"Book of Stabbing","floor":23,"turns":8},{"damage":29,"enemies":"Centurion and Healer","floor":28,"turns":9},{"damage":36,"enemies":"Snecko","floor":29,"turns":10},{"damage":0,"enemies":"3 Cultists","floor":31,"turns":8},{"damage":46,"enemies":"StardustCrusaders","floor":33,"turns":11},{"damage":0,"enemies":"Orb Walker","floor":35,"turns":3},{"damage":52,"enemies":"2 Orb Walkers","floor":36,"turns":7},{"damage":19,"enemies":"3 Shapes","floor":38,"turns":3}],"seed_played":"-9086748608168671593","potions_obtained":[{"floor":1,"key":"Fire Potion"},{"floor":8,"key":"Languid Potion"},{"floor":16,"key":"Dexterity Potion"},{"floor":21,"key":"AttackPotion"},{"floor":28,"key":"Flashbang"},{"floor":31,"key":"FearPotion"}],"is_trial":false,"path_per_floor":["M","M","?","M","M","E","R","E","T","R","E","$","M","M","R","B",null,"M","?","M","M","M","E","R","?","T","R","M","M","$","M","R","B",null,"M","?","T","M"],"character_chosen":"RUNESMITH_CLASS","items_purchased":["Runesmith:PerfectChisel","Runesmith:PoweredAnvil","Bottled Lightning"],"campfire_rested":6,"item_purchase_floors":[12,12,30],"current_hp_per_floor":[65,62,70,67,56,28,49,23,23,44,35,35,35,34,55,50,70,68,68,49,39,32,17,53,53,53,70,41,5,5,5,41,20,70,70,18,18,0,0],"gold":174,"neow_bonus":"ONE_RARE_RELIC","is_daily":false,"chose_seed":false,"campfire_upgraded":0,"win_rate":0.0,"timestamp":1610355442,"path_taken":["M","M","?","M","?","E","R","E","T","R","E","$","M","M","R","BOSS","M","?","M","M","M","E","R","?","T","R","M","M","$","M","R","BOSS","M","?","?","M"],"items_purchased_type":["Card","Card","Relic"],"build_version":"2020-12-22","purchased_purges":1,"victory":false,"max_hp_per_floor":[70,70,70,70,70,70,70,70,70,70,70,70,70,70,70,70,70,70,70,70,70,70,70,70,70,70,70,70,70,70,70,70,70,70,70,70,70,70,70],"card_choices":[{"not_picked":["Runesmith:Electrocute","Runesmith:ShiftingStrike"],"picked":"Runesmith:HammerThrow","floor":1},{"not_picked":["Runesmith:Accelerate","Runesmith:Overpower"],"picked":"Runesmith:Permafrost","floor":2},{"not_picked":["Runesmith:HeatedChisel","Runesmith:Reinforce"],"picked":"Runesmith:Firestorm","floor":4},{"not_picked":["Runesmith:EnergizedChisel","Runesmith:CraftProtectio"],"picked":"Runesmith:Firewall","floor":5},{"not_picked":["Runesmith:Refine","Runesmith:EnergizedChisel"],"picked":"Runesmith:Grindstone","floor":6},{"not_picked":["Runesmith:Empowerment","Runesmith:CraftSpiculum"],"picked":"Runesmith:BackupBattery","floor":8},{"not_picked":["Runesmith:HeatExchange","Runesmith:HeatedChisel"],"picked":"Runesmith:RuneHurl","floor":11},{"not_picked":["Runesmith:LightningRod+1","Runesmith:Discharge"],"picked":"Runesmith:EarthShield+1","floor":13},{"not_picked":["Runesmith:Electrocute","Runesmith:UnstableHammer","Runesmith:ShiftingStrike"],"picked":"SKIP","floor":14},{"not_picked":["Runesmith:CraftMedicinae+1","Runesmith:GrandSlam"],"picked":"Runesmith:CraftIndustria+1","floor":16},{"not_picked":["Languid","Voices"],"picked":"Parasite","floor":17},{"not_picked":["CurseOfTheBell","Decay"],"picked":"Injury","floor":17},{"not_picked":["Spreading Infection","Overencumbered"],"picked":"Sickly","floor":17},{"not_picked":["Runesmith:CraftMagma+1","Runesmith:HammerThrow"],"picked":"Runesmith:MetallurgicalResearch+1","floor":18},{"not_picked":["Runesmith:Overpower","Runesmith:MakeshiftArmor+1","Runesmith:ChiselStab"],"picked":"SKIP","floor":20},{"not_picked":["Runesmith:HammerThrow","Runesmith:ChiselStab"],"picked":"Runesmith:EnergizedChisel","floor":21},{"not_picked":["Runesmith:Grindstone+1","Runesmith:HeatedChisel+1"],"picked":"Runesmith:Repurpose+1","floor":22},{"not_picked":["Runesmith:LightningRod+1","Runesmith:CraftReservo+1"],"picked":"Runesmith:Refine+1","floor":23},{"not_picked":["Runesmith:EnergizedChisel","Runesmith:MakeshiftArmor+1"],"picked":"Runesmith:Terraform+1","floor":28},{"not_picked":["Runesmith:ShiftingStrike","Runesmith:MakeshiftArmor+1"],"picked":"Runesmith:RuneHurl","floor":29},{"not_picked":["Runesmith:FieryHammer","Runesmith:HeatedChisel+1"],"picked":"Runesmith:CreatorForm","floor":31},{"not_picked":["Runesmith:GenerateForcefield+1","Runesmith:ArcReactor"],"picked":"Runesmith:CraftIndustria+1","floor":33},{"not_picked":["Runesmith:Attraction+1","Runesmith:Electrocute+1"],"picked":"Runesmith:Terraform+1","floor":35},{"not_picked":["Runesmith:EarthShield+1","Runesmith:ChiselStab"],"picked":"Runesmith:DoubleUp+1","floor":36}],"player_experience":485963,"relics_obtained":[{"floor":6,"key":"Matryoshka"},{"floor":8,"key":"Shuriken"},{"floor":9,"key":"Grinning Jar"},{"floor":9,"key":"Happy Flower"},{"floor":11,"key":"Toxic Egg 2"},{"floor":23,"key":"Bag of Preparation"},{"floor":26,"key":"Nunchaku"},{"floor":26,"key":"Pantograph"},{"floor":36,"key":"Counterbalance"},{"floor":37,"key":"Mythril_Glove"}],"event_choices":[{"cards_removed":["Runesmith:Permafrost"],"damage_healed":8,"gold_gain":0,"player_choice":"Offered Uncommon","damage_taken":0,"max_hp_gain":0,"max_hp_loss":0,"event_name":"Bonfire Elementals","floor":3,"gold_loss":0},{"damage_healed":0,"gold_gain":100,"player_choice":"Pray","damage_taken":0,"max_hp_gain":0,"max_hp_loss":0,"event_name":"Golden Shrine","floor":25,"gold_loss":0},{"damage_healed":0,"gold_gain":0,"player_choice":"Fight","damage_taken":0,"max_hp_gain":0,"max_hp_loss":0,"event_name":"Mysterious Sphere","floor":36,"gold_loss":0}],"is_beta":false,"boss_relics":[{"not_picked":["Cursed Key","Runesmith:PocketReactor"],"picked":"Replay:Ancient Bell"},{"not_picked":["Replay:Mystery Machine","MealTicket"],"picked":"Regal Pillow"},{"not_picked":["Divine Protection","Molten Egg 2"],"picked":"Iron Hammer"},{"not_picked":["Replay:Multitool","Replay:Towering Pillar of Hats"],"picked":"Replay:Arrowhead"},{"not_picked":["ReplayTheSpireMod:DimensionalGlitch","Kintsugi"],"picked":"Sozu"}],"items_purged_floors":[12],"is_endless":false,"potions_floor_spawned":[1,8,16,21,28,31,35],"killed_by":"3 Shapes","ascension_level":3}}