{"host":"gsgpu9obojnqwpp0","time":1610407884,"event":{"mods":["AchievementEnabler","BaseMod","Block Reminder","DeckTracker","Minty Spire (QoL Compilation)","Permanent Neow"],"gold_per_floor":[119,23,41,41,141,141,151,8,8,40,40,40,50,63,63,161,161,176,176,193,108,108,108,128,128,153,169,169,185,185,202,202,202,202],"floor_reached":33,"playtime":1334,"items_purged":["Strike_G"],"score":284,"play_id":"3a8c7d81-82c3-48c7-bceb-c66eace4edc8","local_time":"20210111183124","is_ascension_mode":true,"campfire_choices":[{"data":"Infinite Blades","floor":6,"key":"SMITH"},{"data":"Noxious Fumes","floor":11,"key":"SMITH"},{"floor":15,"key":"REST"},{"data":"Storm of Steel","floor":23,"key":"SMITH"},{"data":"Choke","floor":25,"key":"SMITH"},{"data":"Adrenaline","floor":28,"key":"SMITH"},{"floor":32,"key":"REST"}],"circlet_count":0,"master_deck":["Strike_G","Strike_G","Strike_G","Defend_G","Defend_G","Defend_G","Defend_G","Defend_G","Survivor","Neutralize","Quick Slash","Infinite Blades+1","Slice","Choke+1","Backstab","Noxious Fumes+1","Dagger Throw","Storm of Steel+1","Adrenaline+1","Deflect+1","Outmaneuver+1","Cloak And Dagger"],"relics":["HoveringKite","Letter Opener","Dead Branch","Busted Crown","Tough Bandages","Art of War","Girya"],"acts_visited":["Exordium","TheCity"],"potions_floor_usage":[7,16,24,33],"damage_taken":[{"damage":5,"enemies":"Jaw Worm","floor":1,"turns":4},{"damage":0,"enemies":"Small Slimes","floor":3,"turns":3},{"damage":4,"enemies":"Cultist","floor":7,"turns":3},{"damage":19,"enemies":"3 Sentries","floor":10,"turns":6},{"damage":4,"enemies":"2 Fungi Beasts","floor":13,"turns":3},{"damage":5,"enemies":"Red Slaver","floor":14,"turns":3},{"damage":40,"enemies":"The Guardian","floor":16,"turns":7},{"damage":16,"enemies":"Shell Parasite","floor":18,"turns":3},{"damage":2,"enemies":"3 Byrds","floor":20,"turns":3},{"damage":10,"enemies":"Shelled Parasite and Fungi","floor":24,"turns":2},{"damage":10,"enemies":"Snecko","floor":27,"turns":4},{"damage":4,"enemies":"Snake Plant","floor":29,"turns":3},{"damage":10,"enemies":"Sentry and Sphere","floor":31,"turns":4},{"damage":48,"enemies":"Collector","floor":33,"turns":7}],"seed_played":"8580289351768925013","potions_obtained":[{"floor":3,"key":"Poison Potion"},{"floor":7,"key":"Fruit Juice"},{"floor":10,"key":"Energy Potion"},{"floor":20,"key":"LiquidMemories"}],"is_trial":false,"path_per_floor":["M","$","M","?","?","R","M","$","T","E","R","$","M","M","R","B",null,"M","?","M","?","?","R","M","R","T","M","R","M","T","M","R","B"],"character_chosen":"THE_SILENT","items_purchased":["Infinite Blades","Slice","Noxious Fumes"],"campfire_rested":2,"item_purchase_floors":[2,2,8],"current_hp_per_floor":[65,65,65,65,65,65,66,66,66,47,47,47,43,38,60,20,75,59,59,57,57,57,57,47,47,47,37,37,33,33,23,45,0,0],"gold":202,"neow_bonus":"BOSS_RELIC","is_daily":false,"chose_seed":false,"campfire_upgraded":5,"win_rate":0.0,"timestamp":1610407884,"path_taken":["M","$","M","?","?","R","M","$","T","E","R","$","M","?","R","BOSS","M","?","?","?","?","R","M","R","T","M","R","M","?","M","R","BOSS"],"items_purchased_type":["Card","Card","Card"],"build_version":"2020-12-22","purchased_purges":1,"victory":false,"max_hp_per_floor":[70,70,70,70,70,70,75,75,75,75,75,75,75,75,75,75,75,75,75,75,75,75,75,75,75,75,75,75,75,75,75,75,75,75],"card_choices":[{"not_picked":["Calculated Gamble","Outmaneuver"],"picked":"Quick Slash","floor":1},{"not_picked":["Flechettes","Predator"],"picked":"Choke","floor":3},{"not_picked":["Endless Agony","Poisoned Stab"],"picked":"Backstab","floor":7},{"not_picked":["Outmaneuver","Sucker Punch","Dagger Spray"],"picked":"SKIP","floor":10},{"not_picked":["Well Laid Plans","Choke"],"picked":"Dagger Throw","floor":13},{"not_picked":["Dagger Spray","Reflex"],"picked":"Storm of Steel","floor":14},{"not_picked":["Corpse Explosion","Grand Finale"],"picked":"Adrenaline","floor":16},{"not_picked":[],"picked":"Deflect+1","floor":18},{"not_picked":["Escape Plan"],"picked":"SKIP","floor":20},{"not_picked":["Underhanded Strike+1"],"picked":"SKIP","floor":24},{"not_picked":["Dagger Spray"],"picked":"SKIP","floor":27},{"not_picked":[],"picked":"Outmaneuver+1","floor":29},{"not_picked":[],"picked":"Cloak And Dagger","floor":31}],"player_experience":260777,"relics_obtained":[{"floor":9,"key":"Letter Opener"},{"floor":10,"key":"Dead Branch"},{"floor":26,"key":"Art of War"},{"floor":30,"key":"Girya"}],"event_choices":[{"cards_removed":["Strike_G"],"damage_healed":0,"gold_gain":0,"player_choice":"Forget","damage_taken":0,"max_hp_gain":0,"max_hp_loss":0,"event_name":"Living Wall","floor":4,"gold_loss":0},{"damage_healed":0,"gold_gain":100,"player_choice":"Pray","damage_taken":0,"max_hp_gain":0,"max_hp_loss":0,"event_name":"Golden Shrine","floor":5,"gold_loss":0},{"damage_healed":0,"gold_gain":0,"player_choice":"Ignored","damage_taken":0,"max_hp_gain":0,"max_hp_loss":0,"event_name":"N\u0027loth","floor":19,"gold_loss":0},{"damage_healed":0,"gold_gain":0,"player_choice":"Obtained Relic","damage_taken":0,"relics_obtained":["Tough Bandages"],"max_hp_gain":0,"max_hp_loss":0,"event_name":"Addict","floor":21,"gold_loss":85},{"damage_healed":0,"gold_gain":0,"player_choice":"Ignored","damage_taken":0,"max_hp_gain":0,"max_hp_loss":0,"event_name":"Ghosts","floor":22,"gold_loss":0}],"is_beta":false,"boss_relics":[{"not_picked":["Snecko Eye","Runic Pyramid"],"picked":"Busted Crown"}],"items_purged_floors":[8],"is_endless":false,"potions_floor_spawned":[3,7,10,20],"killed_by":"Collector","ascension_level":3}}