{"host":"grooae7peokc63vv","time":1610389496,"event":{"mods":["ATMod(阿瑾Mod)","BaseMod","Minty Spire (QoL Compilation)","MostiFishMod","Replay The Spire","StSLib","TestMod"],"gold_per_floor":[111,127,302,302,315,344,363,363,418,445,445,464,494,511,511,623,723,745,766,779,789,810,841,841,875,902,923,954,977,977,1127,1127,1228,1228,1244,1269,1288,1288,1288,1323,1323,1360,1360,1377,1137,1137,1178,1201,1201,1232],"floor_reached":51,"playtime":3030,"items_purged":[],"score":940,"play_id":"a859e28a-af96-4821-b6cd-0aa15acba6fb","local_time":"20210112022456","is_ascension_mode":true,"campfire_choices":[{"floor":8,"key":"REST"},{"floor":15,"key":"REST"},{"data":"Limit Break","floor":24,"key":"SMITH"},{"data":"RitualDagger","floor":32,"key":"SMITH"},{"data":"MostiFishMod:#F4004","floor":41,"key":"SMITH"},{"data":"Searing Blow+1","floor":49,"key":"SMITH"}],"circlet_count":0,"master_deck":["Strike_R+1","Strike_R+1","Strike_R+1","Strike_R+1","Strike_R+1","Defend_R+1","Defend_R+1","Defend_R+1","Defend_R+1","AT_ShrugMaster+1","Perfected Strike+1","Doubt","Entrench+1","MostiFishMod:Chiaki+1","Perfected Strike+1","Sword Boomerang+1","Searing Blow+2","Inflame+1","Run Through+1","MostiFishMod:CullingBlade+1","Anger+1","Perfected Strike+1","Flex+1","MostiFishMod:#F4004+1","Limit Break+1","Body Slam+1","Heavy Blade+1","Run Through+1","RitualDagger+1","Demon Form+1","Flame Barrier+1","Entrench+1","Armaments+1","Writhe","AT_IchimonjiDouble+1","Demonic Infusion+1","Replay:Undeath\u0027s Touch+1","ReplayTheSpireMod:Uncanny Aura+1","Spot Weakness+1"],"relics":["Burning Blood","testmod-TestBox","AT_ATBox","ChiXiaoBlade","Bag of Marbles","SynthV:TestCard","Meat on the Bone","Toy Ornithopter","testmod-Acrobat","ImprovedEquipment","Replay:Wanted Poster","Happy Flower","Question Card","ReplayFunnel","testmod-Maize","GreenFoldingFan","DaveBox","ChiXiaoBlade","Bronze Scales","Ornamental Fan","testmod-Hope","Replay:Bandana","Mark of the Bloom"],"acts_visited":["Exordium","TheCity","TheBeyond"],"potions_floor_usage":[12,13,18,23,29,29,29,40,44],"damage_taken":[{"damage":3,"enemies":"2 Louse","floor":1,"turns":4},{"damage":3,"enemies":"Small Slimes","floor":2,"turns":3},{"damage":6,"enemies":"Cultist","floor":5,"turns":3},{"damage":39,"enemies":"Gremlin Nob","floor":6,"turns":6},{"damage":11,"enemies":"Blue Slaver","floor":7,"turns":4},{"damage":28,"enemies":"3 Sentries","floor":10,"turns":11},{"damage":13,"enemies":"Exordium Thugs","floor":12,"turns":6},{"damage":46,"enemies":"Lagavulin","floor":13,"turns":7},{"damage":7,"enemies":"Large Slime","floor":14,"turns":6},{"damage":39,"enemies":"Fading Forest","floor":16,"turns":11},{"damage":23,"enemies":"2 Thieves","floor":18,"turns":4},{"damage":0,"enemies":"Spheric Guardian","floor":19,"turns":3},{"damage":12,"enemies":"Cultist and Chosen","floor":20,"turns":4},{"damage":0,"enemies":"Snake Plant","floor":21,"turns":2},{"damage":0,"enemies":"Snecko","floor":22,"turns":4},{"damage":36,"enemies":"Slavers","floor":23,"turns":3},{"damage":9,"enemies":"Replay:Snechameleon","floor":25,"turns":4},{"damage":0,"enemies":"Sentry and Sphere","floor":27,"turns":3},{"damage":4,"enemies":"Book of Stabbing","floor":28,"turns":3},{"damage":8,"enemies":"Centurion and Healer","floor":29,"turns":3},{"damage":8,"enemies":"Automaton","floor":33,"turns":6},{"damage":22,"enemies":"Orb Walker","floor":35,"turns":4},{"damage":21,"enemies":"3 Darklings","floor":36,"turns":6},{"damage":24,"enemies":"Jaw Worm Horde","floor":37,"turns":5},{"damage":16,"enemies":"R_Hoarder","floor":40,"turns":4},{"damage":29,"enemies":"Nemesis","floor":42,"turns":7},{"damage":10,"enemies":"Spire Growth","floor":44,"turns":5},{"damage":10,"enemies":"Maw","floor":47,"turns":5},{"damage":8,"enemies":"4 Shapes","floor":48,"turns":4},{"damage":13,"enemies":"Replay:Hell Engine","floor":50,"turns":4}],"seed_played":"-3415039114981236530","potions_obtained":[{"floor":7,"key":"Ancient Potion"},{"floor":10,"key":"ColorlessPotion"},{"floor":12,"key":"Strength Potion"},{"floor":16,"key":"BloodPotion"},{"floor":18,"key":"Explosive Potion"},{"floor":19,"key":"Dexterity Potion"},{"floor":25,"key":"Explosive Potion"},{"floor":27,"key":"Explosive Potion"},{"floor":28,"key":"SteroidPotion"},{"floor":35,"key":"Fire Potion"},{"floor":42,"key":"ColorlessPotion"},{"floor":44,"key":"Dexterity Potion"}],"is_trial":false,"path_per_floor":["M","M","?","?","M","E","M","R","T","E","?","M","E","M","R","B",null,"M","M","M","M","M","E","R","E","T","M","E","M","?","?","R","B",null,"M","M","M","?","?","E","R","E","T","M","$","?","M","M","R","B",null],"character_chosen":"IRONCLAD","items_purchased":["ReplayTheSpireMod:Uncanny Aura","Replay:Bandana"],"campfire_rested":2,"item_purchase_floors":[45,45],"current_hp_per_floor":[75,78,78,78,78,45,52,76,76,54,54,52,29,40,64,45,71,75,80,74,80,80,55,55,52,52,58,60,73,67,67,67,65,76,70,65,57,77,77,80,80,67,67,78,78,78,68,60,60,47],"gold":1232,"neow_bonus":"RANDOM_COMMON_RELIC","is_daily":false,"chose_seed":false,"campfire_upgraded":4,"win_rate":0.0,"timestamp":1610389496,"path_taken":["M","M","?","?","M","E","?","R","T","E","?","M","E","M","R","BOSS","M","M","M","M","M","E","R","E","T","M","E","M","?","?","R","BOSS","M","M","M","?","?","E","R","E","T","M","$","?","M","M","R","BOSS"],"items_purchased_type":["Card","Relic"],"build_version":"2020-12-22","purchased_purges":0,"victory":true,"max_hp_per_floor":[80,80,80,80,80,80,80,80,80,80,80,80,80,80,80,80,80,80,80,80,80,80,80,80,80,80,80,80,80,80,80,80,80,80,80,80,80,80,80,80,80,80,80,80,80,80,80,80,80,80],"card_choices":[{"not_picked":["Thunderclap","Heavy Blade","Iron Wave"],"picked":"SKIP","floor":1},{"not_picked":["Clash","Pummel","Bloodletting","Replay:Undeath\u0027s Touch"],"picked":"Perfected Strike","floor":2},{"not_picked":["Clash","True Grit","Wild Strike","Seeing Red"],"picked":"Entrench","floor":5},{"not_picked":["Metallicize","Wild Strike","Iron Wave","Hemokinesis"],"picked":"MostiFishMod:Chiaki","floor":6},{"not_picked":["Sword Boomerang","Massacre","Flex","Bloodletting"],"picked":"Perfected Strike","floor":7},{"not_picked":["ReplayTheSpireMod:Strike From Hell","Inflame","Sever Soul","Pommel Strike"],"picked":"Sword Boomerang","floor":10},{"not_picked":["AT_IchimonjiDouble","Disarm","Abandon","AT_BodySlamDance"],"picked":"Searing Blow","floor":12},{"not_picked":["AT_GerminateFire","Uppercut","Impervious","Life Link"],"picked":"Inflame","floor":13},{"not_picked":["Havoc","Bloodletting","Seeing Red","Flame Barrier"],"picked":"Run Through","floor":14},{"not_picked":["MostiFishMod:FireWorks","Fiend Fire","MostiFishMod:ChineseTea","MostiFishMod:UltimateDefense"],"picked":"MostiFishMod:CullingBlade","floor":16},{"not_picked":["Iron Wave","ReplayTheSpireMod:Strike From Hell","Twin Strike+1","Shrug It Off"],"picked":"Anger","floor":18},{"not_picked":["Infernal Blade","Warcry","Body Slam","Hemokinesis"],"picked":"Perfected Strike","floor":19},{"not_picked":["Havoc","Whirlwind+1","Warcry","MostiFishMod:BrandingRite+1","Intimidate"],"picked":"SKIP","floor":20},{"not_picked":["Cleave","Feel No Pain","Sword Boomerang","Dropkick"],"picked":"Flex+1","floor":21},{"not_picked":["Sword Boomerang","Ghostly Armor+1","Heavy Blade","ReplayTheSpireMod:Strike From Hell"],"picked":"MostiFishMod:#F4004","floor":22},{"not_picked":["Battle Trance","Bloodletting","Headbutt","Rupture"],"picked":"Limit Break","floor":23},{"not_picked":["AT_CaressingTears+1","ReplayTheSpireMod:Strike From Hell","Bloodletting+1","Second Wind"],"picked":"Body Slam+1","floor":25},{"not_picked":["Replay:Undeath\u0027s Touch","AT_BodySlamDance","Perfected Strike","Run Through","Headbutt"],"picked":"Heavy Blade","floor":27},{"not_picked":["Iron Wave+1","Shockwave","Flame Barrier","Anger","Power Through","Limit Break"],"picked":"SKIP","floor":28},{"not_picked":["Flex","Anger","Perfected Strike","Armaments","Feel No Pain"],"picked":"Run Through","floor":29},{"not_picked":["MostiFishMod:PerfectStrikeMKII","AT_Dispersion","Exhume","MostiFishMod:FireWorks","Eclipse"],"picked":"Demon Form","floor":33},{"not_picked":["ReplayReversal","Pummel+1","Shrug It Off","Blood for Blood","Anger"],"picked":"Flame Barrier","floor":35},{"not_picked":["Power Through+1","Sentinel","True Grit","Carnage","Thunderclap+1"],"picked":"Entrench","floor":36},{"not_picked":["Carnage+1","Seeing Red","Sentinel","ReplayTheSpireMod:Strike From Hell","AT_DiedThrough+1"],"picked":"Armaments+1","floor":37},{"not_picked":["ReplayTheSpireMod:Strike From Hell+1","Shrug It Off","AT_BodySlamDance+1","Sword Boomerang","Body Slam"],"picked":"AT_IchimonjiDouble+1","floor":40},{"not_picked":["Thunderclap+1","ReplayTheSpireMod:LeadingStrike+1","Anger+1","Cleave+1","Rage"],"picked":"Demonic Infusion","floor":42},{"not_picked":["AT_DrawKnifeCut+1","Bloodletting+1","ReplayTheSpireMod:Stacked","MostiFishMod:HellRitual","Armaments+1"],"picked":"Replay:Undeath\u0027s Touch+1","floor":44},{"not_picked":["Sword Boomerang+1","Warcry+1","True Grit","ReplayTheSpireMod:Strike From Hell","AT_BodySlamDance"],"picked":"Spot Weakness+1","floor":47},{"not_picked":["Headbutt","ReplayReversal+1","Havoc","AT_DiedThrough","True Grit","Offering"],"picked":"SKIP","floor":48}],"player_experience":173690,"relics_obtained":[{"floor":1,"key":"SynthV:TestCard"},{"floor":6,"key":"Meat on the Bone"},{"floor":9,"key":"Toy Ornithopter"},{"floor":10,"key":"testmod-Acrobat"},{"floor":13,"key":"ImprovedEquipment"},{"floor":23,"key":"Happy Flower"},{"floor":25,"key":"Question Card"},{"floor":26,"key":"ReplayFunnel"},{"floor":28,"key":"testmod-Maize"},{"floor":40,"key":"Bronze Scales"},{"floor":42,"key":"Ornamental Fan"},{"floor":43,"key":"testmod-Hope"}],"event_choices":[{"damage_healed":0,"gold_gain":175,"player_choice":"AGREE","damage_taken":0,"max_hp_gain":0,"max_hp_loss":0,"event_name":"Liars Game","floor":3,"gold_loss":0,"cards_obtained":["Doubt"]},{"damage_healed":0,"gold_gain":0,"player_choice":"Bought 0 Potions","damage_taken":0,"max_hp_gain":0,"max_hp_loss":0,"event_name":"The Woman in Blue","floor":4,"gold_loss":0},{"cards_removed":["Bash"],"damage_healed":0,"gold_gain":0,"player_choice":"Offered Basic","damage_taken":0,"max_hp_gain":0,"max_hp_loss":0,"event_name":"Bonfire Elementals","floor":11,"gold_loss":0},{"damage_healed":0,"gold_gain":0,"player_choice":"Joined the Cult","damage_taken":6,"max_hp_gain":0,"max_hp_loss":0,"event_name":"Nest","floor":30,"gold_loss":0,"cards_obtained":["RitualDagger"]},{"damage_healed":0,"gold_gain":150,"player_choice":"Sell","damage_taken":0,"max_hp_gain":0,"max_hp_loss":0,"event_name":"恩洛斯的盘子","floor":31,"relics_lost":["testmod-OneHitWonder"],"gold_loss":0},{"damage_healed":20,"gold_gain":0,"player_choice":"Writhe","damage_taken":0,"max_hp_gain":0,"max_hp_loss":0,"event_name":"Winding Halls","floor":38,"gold_loss":0,"cards_obtained":["Writhe"]},{"damage_healed":0,"gold_gain":0,"player_choice":"Swap Relic","damage_taken":0,"relics_obtained":["DaveBox"],"max_hp_gain":0,"max_hp_loss":0,"event_name":"给自己的盒子","floor":39,"relics_lost":["DaveBox"],"gold_loss":0},{"damage_healed":0,"gold_gain":0,"player_choice":"Upgrade","damage_taken":0,"relics_obtained":["Mark of the Bloom"],"max_hp_gain":0,"max_hp_loss":0,"event_name":"MindBloom","floor":46,"gold_loss":0,"cards_upgraded":["Strike_R","Strike_R","Strike_R","Strike_R","Strike_R","Defend_R","Defend_R","Defend_R","Defend_R","AT_ShrugMaster","Perfected Strike","Entrench","MostiFishMod:Chiaki","Perfected Strike","Sword Boomerang","Searing Blow","Inflame","Run Through","MostiFishMod:CullingBlade","Anger","Perfected Strike","Heavy Blade","Run Through","Demon Form","Flame Barrier","Entrench","Demonic Infusion","ReplayTheSpireMod:Uncanny Aura"]}],"is_beta":false,"boss_relics":[{"not_picked":["Astrolabe","Philosopher\u0027s Stone"],"picked":"Replay:Wanted Poster"},{"not_picked":["Ring of Chaos","TakeMeEscape"],"picked":"GreenFoldingFan"}],"items_purged_floors":[],"is_endless":false,"potions_floor_spawned":[7,10,12,16,18,19,25,27,28,35,42,44],"ascension_level":8}}