{"host":"kn32u0f2pym5bozc","time":1610364841,"event":{"mods":["2.2 Compatiblity","BaseMod","Better Third Choice","Minty Spire (QoL Compilation)","Permanent Neow","Relic Stats","StSLib","The Animator"],"gold_per_floor":[213,228,239,254,226,226,253,253,278,309,22,22,22,51,51,137,137,117,127,156,30,42,42,68,68,68,14,24,57,94,94,94,167,167,183,193,218,218,234,234,251,281,281,281,0,13,13,29,29,29],"floor_reached":51,"playtime":5023,"items_purged":["animator:Strike","animator:Strike"],"score":1327,"play_id":"dc7b6782-1cdd-4e2f-a5b4-7e0859475e47","local_time":"20210111063401","is_ascension_mode":true,"campfire_choices":[{"data":"animator:Spearman","floor":6.0,"key":"SMITH"},{"floor":8.0,"key":"REST"},{"floor":15.0,"key":"REST"},{"floor":23.0,"key":"REST"},{"data":"animator:LeleiLaLalena","floor":25,"key":"SMITH"},{"floor":32,"key":"REST"},{"floor":40,"key":"REST"},{"floor":44,"key":"REST"},{"data":"animator:Hitei","floor":49,"key":"SMITH"}],"circlet_count":0,"master_deck":["AscendersBane","animator:Strike_OwariNoSeraph","animator:Defend_OwariNoSeraph","animator:Strike","animator:Defend","animator:Defend","animator:Defend","animator:Shinoa","animator:Mikaela","animator:LizardPriest","animator:Demiurge","animator:Spearman+1","animator:Togame","animator:Raven","animator:Albedo","animator:HiiragiShinya","animator:RinTohsaka","animator:Yuuichirou","animator:FeridBathory","animator:Chung","animator:Mikaela","animator:Alexander","animator:Alexander","animator:Yoichi","animator:LeleiLaLalena+1","animator:TukaLunaMarceau","animator:IzunaHatsuse","animator:Shinoa+1","animator:Mitsuba","animator:RinTohsaka+1","animator:Guren+1","CurseOfTheBell","animator:Hitei+1","animator:Cocytus+1","animator:Verdia+1","animator:QuestionMark+1","animator:Berserker","animator:Nanami+1","animator:Priestess+1","animator:Vesta+1","animator:DolaCouronne+1","animator:DolaStephanie+1"],"relics":["animator:LivingPicture","animator:TheMissingPiece","animator:PurgingStone","Paper Frog","Oddly Smooth Stone","Bronze Scales","Red Skull","animator:HolyGrailRelic","animator:HallowedScabbard","Dream Catcher","Toxic Egg 2","Calling Bell","Orichalcum","InkBottle","Pocketwatch","Happy Flower","Torii","Red Mask"],"acts_visited":["Exordium","TheCity","TheBeyond"],"potions_floor_usage":[29,39,42,48,50],"damage_taken":[{"damage":0.0,"enemies":"Cultist","floor":1.0,"turns":3.0},{"damage":0.0,"enemies":"Small Slimes","floor":2.0,"turns":5.0},{"damage":12.0,"enemies":"Jaw Worm","floor":3.0,"turns":5.0},{"damage":15.0,"enemies":"Exordium Thugs","floor":4.0,"turns":8.0},{"damage":0.0,"enemies":"Looter","floor":5.0,"turns":4.0},{"damage":14.0,"enemies":"Lagavulin","floor":7.0,"turns":11.0},{"damage":0.0,"enemies":"2 Fungi Beasts","floor":10.0,"turns":4.0},{"damage":3.0,"enemies":"3 Sentries","floor":14.0,"turns":6.0},{"damage":13.0,"enemies":"The Guardian","floor":16.0,"turns":10.0},{"damage":13.0,"enemies":"2 Thieves","floor":18.0,"turns":4.0},{"damage":8.0,"enemies":"Spheric Guardian","floor":19.0,"turns":5.0},{"damage":9.0,"enemies":"Cultist and Chosen","floor":20.0,"turns":10.0},{"damage":20.0,"enemies":"Shelled Parasite and Fungi","floor":22.0,"turns":7.0},{"damage":4,"enemies":"Slavers","floor":24,"turns":5},{"damage":15,"enemies":"Chosen and Byrds","floor":28,"turns":7},{"damage":3,"enemies":"Book of Stabbing","floor":29,"turns":5},{"damage":2,"enemies":"Cultist and Chosen","floor":30,"turns":6},{"damage":8,"enemies":"Champ","floor":33,"turns":15},{"damage":25,"enemies":"3 Darklings","floor":35,"turns":8},{"damage":12,"enemies":"3 Shapes","floor":36,"turns":6},{"damage":6,"enemies":"Mind Bloom Boss Battle","floor":37,"turns":6},{"damage":33,"enemies":"Spire Growth","floor":39,"turns":8},{"damage":15,"enemies":"Sphere and 2 Shapes","floor":41,"turns":5},{"damage":0,"enemies":"Nemesis","floor":42,"turns":9},{"damage":19,"enemies":"Maw","floor":46,"turns":7},{"damage":3,"enemies":"Spire Growth","floor":48,"turns":6},{"damage":44,"enemies":"Time Eater","floor":50,"turns":13}],"seed_played":"3172366201333543547","potions_obtained":[{"floor":4.0,"key":"BlessingOfTheForge"},{"floor":7.0,"key":"ColorlessPotion"},{"floor":14.0,"key":"SpeedPotion"},{"floor":16.0,"key":"PowerPotion"},{"floor":18.0,"key":"SkillPotion"},{"floor":20.0,"key":"LiquidBronze"},{"floor":28,"key":"Fire Potion"},{"floor":33,"key":"SpeedPotion"},{"floor":41,"key":"SkillPotion"},{"floor":42,"key":"GamblersBrew"},{"floor":46,"key":"Energy Potion"},{"floor":48,"key":"Explosive Potion"}],"is_trial":false,"path_per_floor":["M","M","M","M","M","R","E","R","T","M","$","?","?","E","R","B",null,"M","M","M","$","M","R","E","R","T","$","M","E","M","?","R","B",null,"M","M","?","?","M","R","M","E","T","R","?","M","?","M","R","B",null],"character_chosen":"THE_ANIMATOR","items_purchased":["animator:RinTohsaka","Bronze Scales","animator:Alexander","animator:TukaLunaMarceau"],"campfire_rested":6,"item_purchase_floors":[11,11,21,27],"current_hp_per_floor":[54,54,42,27,27,27,13,31,31,31,31,31,26,24,42,29,61,49,43,36,36,19,41,37,37,37,37,22,19,17,29,47,43,60,47,41,37,37,15,38,29,29,29,51,51,42,42,41,41,17],"gold":29,"neow_bonus":"HUNDRED_GOLD","is_daily":false,"chose_seed":false,"campfire_upgraded":3,"win_rate":0.0,"timestamp":1610364841,"path_taken":["M","M","M","M","M","R","E","R","T","M","$","?","?","E","R","BOSS","M","M","M","$","M","R","E","R","T","$","M","E","M","?","R","BOSS","M","M","?","?","M","R","M","E","T","R","?","M","?","M","R","BOSS"],"items_purchased_type":["Card","Relic","Card","Card"],"build_version":"2020-12-22","purchased_purges":2,"victory":true,"max_hp_per_floor":[60,60,60,60,60,60,60,60,60,60,60,60,60,61,61,61,69,67,69,71,71,74,74,71,71,71,71,68,65,62,62,62,66,66,68,70,72,72,74,75,77,74,74,74,74,71,71,73,73,75],"relic_stats":{"Dream Catcher":3,"Happy Flower":[8],"Torii":12,"counters":[27,188],"Bronze Scales":[392],"Orichalcum":[42],"obtain_stats":[{"Happy Flower":42,"Torii":43,"animator:TheMissingPiece":0,"Oddly Smooth Stone":9,"Orichalcum":34,"Calling Bell":34,"animator:HolyGrailRelic":17,"Dream Catcher":26,"animator:PurgingStone":0,"Bronze Scales":11,"animator:LivingPicture":0,"Red Mask":45,"animator:HallowedScabbard":24,"Toxic Egg 2":29,"Red Skull":14,"InkBottle":34,"Paper Frog":7,"Pocketwatch":37},{"Happy Flower":24,"Torii":24,"animator:TheMissingPiece":0,"Oddly Smooth Stone":6,"Orichalcum":18,"Calling Bell":18,"animator:HolyGrailRelic":9,"Dream Catcher":14,"animator:PurgingStone":0,"Bronze Scales":7,"animator:LivingPicture":0,"Red Mask":24,"animator:HallowedScabbard":14,"Toxic Egg 2":16,"Red Skull":8,"InkBottle":18,"Paper Frog":6,"Pocketwatch":21},{"Happy Flower":162,"Torii":162,"animator:TheMissingPiece":0,"Oddly Smooth Stone":36,"Orichalcum":120,"Calling Bell":120,"animator:HolyGrailRelic":56,"Dream Catcher":87,"animator:PurgingStone":0,"Bronze Scales":40,"animator:LivingPicture":0,"Red Mask":162,"animator:HallowedScabbard":87,"Toxic Egg 2":99,"Red Skull":46,"InkBottle":120,"Paper Frog":36,"Pocketwatch":140}],"InkBottle":[27],"Pocketwatch":[38]},"card_choices":[{"not_picked":["animator:Shuna","animator:DolaRiku"],"picked":"animator:LizardPriest","floor":1.0},{"not_picked":["animator:Shion","animator:YaoHaDucy"],"picked":"animator:Demiurge","floor":2.0},{"not_picked":["animator:YunYun","animator:SakuraMatou"],"picked":"animator:Spearman","floor":3.0},{"not_picked":["animator:TsurugaMeisai","animator:Shichika"],"picked":"animator:Togame","floor":4.0},{"not_picked":["animator:Verdia","animator:TsurugaMeisai"],"picked":"animator:Raven","floor":5.0},{"not_picked":["animator:Benimaru","animator:Melzalgald"],"picked":"animator:Albedo","floor":7.0},{"not_picked":["animator:Genos","animator:Priestess"],"picked":"animator:HiiragiShinya","floor":10.0},{"not_picked":["animator:Shinoa","animator:KrulTepes"],"picked":"animator:Yuuichirou","floor":14.0},{"not_picked":["animator:Guren","animator:Biyorigo"],"picked":"animator:FeridBathory","floor":16.0},{"not_picked":["animator:Mikaela","animator:YaoHaDucy"],"picked":"animator:Chung","floor":18.0},{"not_picked":["animator:UneriGinkaku","animator:Assassin"],"picked":"animator:Mikaela","floor":19.0},{"not_picked":["animator:Emonzaemon","animator:Verdia"],"picked":"animator:Alexander","floor":20.0},{"not_picked":["animator:Shigure","animator:CrowleyEusford"],"picked":"animator:Yoichi","floor":22.0},{"not_picked":["animator:Shigure","animator:DolaCouronne"],"picked":"animator:LeleiLaLalena","floor":24},{"not_picked":["animator:Darkness","animator:Entoma"],"picked":"animator:IzunaHatsuse","floor":28},{"not_picked":["animator:Shuna+1","animator:Rimuru"],"picked":"animator:Shinoa+1","floor":29},{"not_picked":["animator:Yoichi+1","animator:Shigure"],"picked":"animator:Mitsuba","floor":30},{"not_picked":["animator:Shinoa+1","animator:LeleiLaLalena+1"],"picked":"animator:RinTohsaka+1","floor":32},{"not_picked":["animator:ItamiYouji","animator:Ainz"],"picked":"animator:Guren+1","floor":33},{"not_picked":["animator:Benimaru+1","animator:Priestess+1"],"picked":"animator:Hitei","floor":35},{"not_picked":["animator:LizardPriest+1","animator:Layla"],"picked":"animator:Cocytus+1","floor":36},{"not_picked":["animator:Vanir","animator:RinTohsaka+1"],"picked":"animator:Verdia+1","floor":37},{"not_picked":["animator:KotoriKanbe+1","animator:Emilia+1"],"picked":"animator:QuestionMark+1","floor":38},{"not_picked":["animator:GazelDwargon","animator:RoryMercury","animator:Chris"],"picked":"SKIP","floor":39},{"not_picked":["animator:Kazuma+1","animator:Emonzaemon"],"picked":"animator:Berserker","floor":40},{"not_picked":["animator:Hitei","animator:ZankiKiguchi"],"picked":"animator:Nanami+1","floor":41},{"not_picked":["animator:Guy+1","animator:AcuraTooru+1"],"picked":"animator:Priestess+1","floor":42},{"not_picked":["animator:DwarfShaman","animator:Sonic+1"],"picked":"animator:Vesta+1","floor":44},{"not_picked":["animator:Yoichi+1","animator:Shigure"],"picked":"animator:DolaCouronne+1","floor":46},{"not_picked":["animator:Yuuichirou","animator:EmiyaShirou+1"],"picked":"animator:DolaStephanie+1","floor":48}],"player_experience":819196,"relics_obtained":[{"floor":7.0,"key":"Paper Frog"},{"floor":9.0,"key":"Oddly Smooth Stone"},{"floor":14.0,"key":"Red Skull"},{"floor":24,"key":"animator:HallowedScabbard"},{"floor":26,"key":"Dream Catcher"},{"floor":29,"key":"Toxic Egg 2"},{"floor":34,"key":"Orichalcum"},{"floor":34,"key":"InkBottle"},{"floor":37,"key":"Pocketwatch"},{"floor":42,"key":"Happy Flower"},{"floor":43,"key":"Torii"}],"event_choices":[{"damage_healed":0.0,"max_hp_gain":0.0,"max_hp_loss":0.0,"gold_gain":0.0,"event_name":"Dead Adventurer","player_choice":"Searched \u00271\u0027 times","floor":12.0,"gold_loss":0.0,"damage_taken":0.0},{"damage_healed":0.0,"max_hp_gain":0.0,"max_hp_loss":0.0,"gold_gain":0.0,"event_name":"betterThird:BetterScrap","player_choice":"LEAVE","floor":13.0,"gold_loss":0.0,"damage_taken":5.0,"cards_obtained":["Melter"]},{"damage_healed":12,"gold_gain":0,"player_choice":"Heal","damage_taken":0,"max_hp_gain":0,"max_hp_loss":0,"event_name":"The Library","floor":31,"gold_loss":0},{"damage_healed":0,"gold_gain":0,"player_choice":"Fight","damage_taken":0,"max_hp_gain":0,"max_hp_loss":0,"event_name":"MindBloom","floor":37,"gold_loss":0},{"damage_healed":0,"gold_gain":0,"player_choice":"Memory 1","damage_taken":0,"max_hp_gain":0,"max_hp_loss":0,"event_name":"SensoryStone","floor":38,"gold_loss":0},{"damage_healed":0,"gold_gain":0,"player_choice":"Paid","damage_taken":0,"relics_obtained":["Red Mask"],"max_hp_gain":0,"max_hp_loss":0,"event_name":"Tomb of Lord Red Mask","floor":45,"gold_loss":281},{"damage_healed":0,"gold_gain":0,"player_choice":"Ignored","damage_taken":0,"max_hp_gain":0,"max_hp_loss":0,"event_name":"Mysterious Sphere","floor":47,"gold_loss":0}],"is_beta":false,"boss_relics":[{"not_picked":["Ectoplasm","Astrolabe"],"picked":"animator:HolyGrailRelic"},{"not_picked":["animator:RacePiece","Runic Dome"],"picked":"Calling Bell"}],"items_purged_floors":[11,21],"is_endless":false,"potions_floor_spawned":[4,7,14,16,18,20,28,33,41,42,46,48],"ascension_level":17}}