{"host":"w5vfr18i2ft1pzo2","time":1610402609,"event":{"mods":["AchievementEnabler","Act Like it!","Aspiration","BaseMod","Better Third Choice","BetterRewards","Colored Map","Colored Powertips","Conspire","Curses Come First","DNKmod","Defuse TimeMaze Blight","Dota2Spire","Elementarium","Energized Spire","Evolution","Force Act Four","Fox Events","Friendly Minions","Gensokyo","GifTheSpireLib","Gold Saver","GungeonMod","Halation","Hallownest","Hubris","Hyrulean Relics","Infinite Spire","Jedi Mod","Marisa????????","Minty Spire (QoL Compilation)","MostiFishMod","Poor People Problems","Prisma Mod","Remilia??????","Replay The Spire","SacredBarkPlus","Small Relic Pack","Spicy Shops","Spikes Relics","StSLib","Stuff the Spire","SuperFastMode","Synergy Search","The Animator","The Blue Laboratory","The Servant 0.9.4","Trackpad","Treasure Hunter","Uncapped","Wandering Minibosses","Yakumo Yukari mod","noobMod","vexMod","??????REMEMod"],"gold_per_floor":[109,109,123,91,105,105,137,137,161,161,373,392,425,438,438,538,538,556,573,573,573,573,573,604,604,604,58,93,93,105,78,78,180,180,794,704,704,920,920,920,920,920,946,1565,2194,2194,2194,2205,2205,2205,2205,2205,990,1040,1695,1776,1776,87,162,1442,1442,673,768,768,768,473,588,588,588],"floor_reached":70,"playtime":3021,"items_purged":["Defend_B","Defend_B","Strike_B"],"score":1728,"play_id":"732d14e6-6541-42de-84dd-d30c3a5f2899","local_time":"20210112060329","is_ascension_mode":true,"campfire_choices":[{"floor":6,"key":"RECALL"},{"data":"REME_ShadowForm","floor":10,"key":"SMITH"},{"data":"Acrobatics","floor":15,"key":"SMITH"},{"data":"Storm","floor":23,"key":"SMITH"},{"data":"MostiFishMod:SeaWaves","floor":25,"key":"SMITH"},{"data":"MostiFishMod:DeathFromBelow","floor":40,"key":"SMITH"},{"data":"infinitespire:Collect","floor":42,"key":"SMITH"},{"data":"Seek","floor":46,"key":"SMITH"},{"data":"MostiFishMod:IntelligentEquipment","floor":49,"key":"SMITH"},{"data":"Tempest","floor":52,"key":"SMITH"},{"data":"REME_DataAnalysis","floor":68,"key":"SMITH"}],"circlet_count":0,"master_deck":["Strike_B+1","Defend_B+1","Zap+1","Dualcast+1","REME_ShadowForm+1","conspire:Rain+1","Acrobatics+1","TH:DeckOfManyThings+1","Sweeping Beam+1","REME_Shoggoth+1","Storm+1","Hologram+1","MostiFishMod:SeaWaves+1","TH:BikiniMail+1","MostiFishMod:TalkingToTheRain+1","Coolheaded+1","Compile Driver+1","BasicCrystalCard+1","MostiFishMod:JungleRules+1","Electrodynamics+1","Redo+1","Loop+1","Gensokyo:ShootingStar+1","MostiFishMod:DeathFromBelow+1","Gensokyo:CustomPotion","Capacitor+1","Master of Strategy+1","Tempest+1","MostiFishMod:IntelligentEquipment+1","Seek+1","Gash+1","EnergyFlow+1","Glacier+1","Compile Driver+1","Loop+1","Aggregate+1","Compile Driver+1","Swift Strike+1","Transmutation+1","ReplayTheSpireMod:Calculation Training+1","Defragment+1","TH:BikiniMail","REME_DataAnalysis+1"],"relics":["animator:TheWolleyCore","animator:AncientMedallion","halation:EternalFortune"],"acts_visited":["Gensokyo:Gensokyo","Gensokyo:Gensokyoer","Gensokyo:Gensokyoest","TheEnding","EYB:TheUnnamedReign"],"potions_floor_usage":[19],"damage_taken":[{"damage":0,"enemies":"Gensokyo:Gryphon","floor":1,"turns":2},{"damage":0,"enemies":"Gensokyo:3_Fairies","floor":3,"turns":2},{"damage":0,"enemies":"Gensokyo:Python","floor":5,"turns":2},{"damage":6,"enemies":"Gensokyo:Cirno","floor":7,"turns":5},{"damage":0,"enemies":"Gensokyo:Gryphon_and_Rabbit","floor":11,"turns":2},{"damage":7,"enemies":"Gensokyo:CorruptedTreant","floor":12,"turns":1},{"damage":0,"enemies":"Gensokyo:Mamizou","floor":13,"turns":4},{"damage":0,"enemies":"Gensokyo:2_Rabbits","floor":14,"turns":2},{"damage":7,"enemies":"Gensokyo:Yukari","floor":16,"turns":5},{"damage":3,"enemies":"Gensokyo:AngelMirror","floor":18,"turns":3},{"damage":0,"enemies":"Gensokyo:CosmicMonolith","floor":19,"turns":2},{"damage":11,"enemies":"Gensokyo:Reisen","floor":24,"turns":3},{"damage":0,"enemies":"Gensokyo:Koishi","floor":28,"turns":3},{"damage":0,"enemies":"Gensokyo:3_Gloops","floor":30,"turns":2},{"damage":0,"enemies":"Gensokyo:Eiki","floor":33,"turns":3},{"damage":0,"enemies":"Gensokyo:AncientGuardian","floor":35,"turns":1},{"damage":0,"enemies":"Gensokyo:3_Bats","floor":38,"turns":2},{"damage":0,"enemies":"Gensokyo:AtlasGolem","floor":44,"turns":2},{"damage":0,"enemies":"Gensokyo:Kasen","floor":45,"turns":3},{"damage":16,"enemies":"Gensokyo:Rafflesia","floor":48,"turns":3},{"damage":9,"enemies":"Gensokyo:Shinki","floor":50,"turns":3},{"damage":0,"enemies":"animator:UNNAMED_CULTIST_1","floor":54,"turns":2},{"damage":8,"enemies":"animator:TRIPLE_SHAPES_WEAK","floor":55,"turns":4},{"damage":0,"enemies":"animator:UNNAMED_CULTIST_2","floor":59,"turns":3},{"damage":0,"enemies":"animator:TRIPLE_LAGAVULIN","floor":60,"turns":3},{"damage":0,"enemies":"animator:ULTIMATE_WISP","floor":63,"turns":1},{"damage":0,"enemies":"animator:ULTIMATE_CUBE","floor":67,"turns":1}],"seed_played":"-4486798609190087361","potions_obtained":[{"floor":3,"key":"blueLaboratory:SystemWipe"},{"floor":11,"key":"BlessingOfTheForge"},{"floor":13,"key":"blueLaboratory:Moonshine"},{"floor":18,"key":"blueLaboratory:FruitPunch"},{"floor":24,"key":"blueLaboratory:Moonshine"},{"floor":44,"key":"GamblersBrew"},{"floor":54,"key":"animator:FalseLifePotion"},{"floor":55,"key":"animator:FalseLifePotion"},{"floor":59,"key":"animator:FalseLifePotion"}],"is_trial":false,"path_per_floor":["M","?","M","COS","M","R","E","?","T","R","M","M","E","M","R","B",null,"M","M","?","?","AVR","R","E","R","T","$","E","?","M","COS","R_BF","B",null,"M","?","?","M","?","R","AVR","R","T","M","E","R","?","M","R","B",null,"R","??","M","M","T","?","$","M","M","?","$","E","T","?","$","E","R","B",null],"character_chosen":"DEFECT","items_purchased":["MostiFishMod:TalkingToTheRain+1","Coolheaded","Compile Driver","BasicCrystalCard","MostiFishMod:JungleRules","Compile Driver","Loop","Aggregate","animator:AncientMedallion","animator:AncientMedallion","animator:AncientMedallion","animator:AncientMedallion","animator:AncientMedallion","animator:AncientMedallion","Swift Strike","animator:AncientMedallion","animator:AncientMedallion","Transmutation","Defragment","animator:AncientMedallion"],"campfire_rested":0,"item_purchase_floors":[27,27,27,27,27,58,58,58,58,58,58,58,58,58,62,62,62,62,66,66],"current_hp_per_floor":[75,40,40,40,40,40,34,34,34,34,34,27,27,27,27,20,75,72,74,74,74,74,74,63,63,63,63,63,63,63,63,77,77,77,77,77,77,77,77,77,107,107,107,107,114,114,114,98,98,89,114,114,100,100,100,100,100,100,100,100,103,103,103,103,103,103,103,103,103],"gold":588,"neow_bonus":"NOSTALGIA","is_daily":false,"chose_seed":false,"campfire_upgraded":10,"win_rate":0.0,"timestamp":1610402609,"path_taken":["M","?","M","COS","M","R","E","?","T","R","M","?","E","M","R","BOSS","M","M","?","?","AVR","R","E","R","T","?","E","?","M","COS","R_BF","BOSS","M","?","?","?","?","R","AVR","R","T","?","E","R","?","M","R","BOSS","R","??","M","M","T","?","$","M","M","?","$","E","T","?","$","E","R","BOSS"],"items_purchased_type":["Card","Card","Card","Card","Card","Card","Card","Card","Relic","Relic","Relic","Relic","Relic","Relic","Card","Relic","Relic","Card","Card","Relic"],"build_version":"2020-12-22","purchased_purges":3,"victory":true,"max_hp_per_floor":[75,75,75,75,75,75,75,75,75,75,75,75,75,75,75,75,75,75,77,77,77,77,77,77,77,77,77,77,77,77,77,77,77,77,77,77,77,77,77,77,107,107,107,107,114,114,114,114,114,114,114,114,100,100,100,100,100,100,100,100,103,103,103,103,103,103,103,103,103],"card_choices":[{"not_picked":["Panic Button","MostiFishMod:PushDownKick","Prepared"],"picked":"SKIP","floor":1},{"not_picked":["Redo","MostiFishMod:ReprogramOld","StuffTheSpire:LoadUp","Barrage"],"picked":"conspire:Rain","floor":3},{"not_picked":["Beam Cell","Streamline","Stack","Barrage"],"picked":"Acrobatics","floor":5},{"not_picked":["TH:CursedSword","TH:ArmorSpikes","TH:ElvenBoots"],"picked":"TH:TreasureMap","floor":7},{"not_picked":["BasicCrystalCard","Leap","Steam","StuffTheSpire:GlassShard","jedi:BurstLightning"],"picked":"SKIP","floor":7},{"not_picked":["TH:Mimic","TH:CursedSword","TH:BikiniMail"],"picked":"TH:DeckOfManyThings","floor":9},{"not_picked":["Tactician","hubris:PowerSurge","Rip and Tear","jedi:blockon","Lockon"],"picked":"SKIP","floor":11},{"not_picked":["jedi:spotbugs","Sweeping Beam","Turbo","Panic Button"],"picked":"ReplayTheSpireMod:Calculation Training","floor":12},{"not_picked":["jedi:BurstLightning","Rebound","Auto Shields","Stack"],"picked":"Sweeping Beam","floor":13},{"not_picked":["TH:CursedSword","TH:ElvenBoots","TH:ArmorSpikes","TH:TreasureMap"],"picked":"SKIP","floor":13},{"not_picked":["Prepared","StuffTheSpire:LoadUp","jedi:sharpshooter","MostiFishMod:FluxCapactior","Barrage"],"picked":"SKIP","floor":14},{"not_picked":["jedi:readyaimfire","Rainbow","Core Surge","REME_ForAll"],"picked":"REME_Shoggoth","floor":16},{"not_picked":["MostiFishMod:PushDownKick","Stack","Beam Cell","Turbo"],"picked":"Storm","floor":18},{"not_picked":["Streamline","StuffTheSpire:Plugnplay","Go for the Eyes","Ball Lightning"],"picked":"Hologram","floor":19},{"not_picked":["Panic Button","Stack","Go for the Eyes","ReplayTheSpireMod:Calculation Training"],"picked":"MostiFishMod:SeaWaves","floor":24},{"not_picked":["TH:CursedSword","TH:ElvenBoots","TH:PixieDust","TH:Mimic"],"picked":"SKIP","floor":24},{"not_picked":["TH:ElvenBoots","TH:TreasureMap","TH:CopperCoins"],"picked":"TH:BikiniMail","floor":26},{"not_picked":["MostiFishMod:Overload","hubris:SpecializedCircuitry"],"picked":"Electrodynamics","floor":28},{"not_picked":["ReplaySolidLightProjector","Rebound","Stack+1","Amplify"],"picked":"Redo","floor":28},{"not_picked":["TH:TreasureMap","TH:Mimic","TH:DeckOfManyThings","TH:ArmorSpikes"],"picked":"SKIP","floor":28},{"not_picked":["Streamline","StuffTheSpire:Plugnplay","StuffTheSpire:LoadUp","ReplayTheSpireMod:GoodbyeWorld"],"picked":"Loop","floor":30},{"not_picked":[],"picked":"Gensokyo:ShootingStar","floor":33},{"not_picked":["MostiFishMod:StarOceanB","MostiFishMod:Hijack","MostiFishMod:SeaWaves","Echo Form"],"picked":"MostiFishMod:DeathFromBelow","floor":33},{"not_picked":["DeepEcoloBomb+1","WitchLeyline","GrandCross","FairyDestructionRay+1","Rip and Tear+1","DragonMeteor"],"picked":"SKIP","floor":35},{"not_picked":["MilkyWay","MachineGunSpark","MostiFishMod:LinkProtocol+1","EarthLightRay","StuffTheSpire:GlassShard+1"],"picked":"Capacitor+1","floor":38},{"not_picked":["TH:EnergyPotion","TH:PixieDust","TH:TreasureMap","TH:Mimic","TH:CursedSword"],"picked":"SKIP","floor":43},{"not_picked":["Storm+1","StuffTheSpire:GlassShard+1","Acceleration+1","Static Discharge+1","NonDirectionalLaser"],"picked":"Tempest","floor":44},{"not_picked":["Biased Cognition","Electrodynamics"],"picked":"MostiFishMod:IntelligentEquipment","floor":45},{"not_picked":["Acceleration+1","Steam+1","Rip and Tear","Capacitor+1","FairyDestructionRay+1"],"picked":"Seek","floor":45},{"not_picked":["TH:TreasureMap","TH:EnergyPotion","TH:BikiniMail","TH:Mimic","TH:ElvenBoots"],"picked":"SKIP","floor":45},{"not_picked":["AsteroidBelt","StuffTheSpire:Plugnplay+1","DC+1","hubris:Ukulele","DarkSpark","LuminesStrike+1"],"picked":"SKIP","floor":48},{"not_picked":["StuffTheSpire:GlassShard+1","Leap"],"picked":"Glacier+1","floor":54},{"not_picked":["Glacier","Turbo","StuffTheSpire:LoadUp+1"],"picked":"SKIP","floor":55},{"not_picked":["TH:EnergyPotion","TH:TreasureMap"],"picked":"SKIP","floor":56},{"not_picked":["jedi:darknesscall","Reinforced Body"],"picked":"Compile Driver","floor":59},{"not_picked":["Cold Snap+1","hubris:Ukulele","Barrage+1"],"picked":"SKIP","floor":60},{"not_picked":["Storm+1","Self Repair+1"],"picked":"ReplayTheSpireMod:Calculation Training","floor":63},{"not_picked":["TH:Mimic","TH:ElvenBoots"],"picked":"SKIP","floor":63},{"not_picked":["TH:BikiniMail","TH:PixieDust"],"picked":"SKIP","floor":64},{"not_picked":["TH:CopperCoins"],"picked":"TH:BikiniMail","floor":67},{"not_picked":["MostiFishMod:ReprogramOld","Stack"],"picked":"REME_DataAnalysis","floor":67}],"player_experience":436553,"relics_obtained":[{"floor":1,"key":"SynthV:TestCard"},{"floor":7,"key":"infinitespire:Beetle Shell"},{"floor":13,"key":"StuffTheSpire:Gunfinga"},{"floor":16,"key":"Gensokyo:OccultBall"},{"floor":19,"key":"Gensokyo:OccultBall"},{"floor":26,"key":"vexMod:HeadHunter"},{"floor":28,"key":"hubris:ToyBattleship"},{"floor":33,"key":"Gensokyo:OccultBall"},{"floor":38,"key":"Gensokyo:OccultBall"},{"floor":43,"key":"Boot"},{"floor":45,"key":"Strawberry"},{"floor":48,"key":"Gensokyo:OccultBall"},{"floor":53,"key":"animator:TheWolleyCore"},{"floor":55,"key":"wanderingMiniBosses:OtherGremlinHorn"},{"floor":56,"key":"animator:AncientMedallion"},{"floor":63,"key":"animator:AncientMedallion"},{"floor":64,"key":"animator:AncientMedallion"},{"floor":67,"key":"animator:AncientMedallion"}],"event_choices":[],"is_beta":false,"boss_relics":[{"not_picked":["relicPack:KazumaCape","FrostBlade"],"picked":"ShadowXiaoBlade"},{"not_picked":["FixedStarFall","vexMod:CursedCompass"],"picked":"aspiration:MarisaSkillbook"}],"items_purged_floors":[22,27,41],"is_endless":false,"potions_floor_spawned":[3,11,13,14,18,24,44,55,59,60,63],"ascension_level":4}}