{"host":"066y5nba5qw19k68","time":1610337043,"event":{"mods":["BaseMod","Colored Powertips","Downfall","Minty Spire (QoL Compilation)","Replay The Spire","Shop Mod","StSLib"],"gold_per_floor":[113,127,143,218,318,336,370,46,46,80,80,105,118,153,153,251,251,262,274,289,289,309,309,343,361,407,438,438,438,467,567,567,567,567],"floor_reached":33,"playtime":2187,"items_purged":["Strike_P"],"score":421,"play_id":"c7cfa87f-9a3e-448b-974a-05e9e108d184","local_time":"20210111115043","is_ascension_mode":true,"campfire_choices":[{"data":"Eruption","floor":11.0,"key":"SMITH"},{"data":"EmptyMind","floor":15.0,"key":"SMITH"},{"data":"SignatureMove","floor":23.0,"key":"SMITH"},{"data":"Collect","floor":29.0,"key":"SMITH"},{"data":"Ragnarok","floor":32,"key":"SMITH"}],"circlet_count":0,"master_deck":["Strike_P","Defend_P","Defend_P","Defend_P","Defend_P","Eruption+1","Vigilance","Collect+1","BowlingBash","Blasphemy","Ragnarok+1","EmptyMind+1","FlurryOfBlows","Scrawl+1","ReplayTheSpireMod:Restless Dread","SignatureMove+1","MentalFortress","Crescendo","Replay:ManipulateFuture","Vault+1","FearNoEvil+1"],"relics":["Coffee Dripper","Mirror","Pantograph","Durian","Mango","Omamori","Golden Egg","Replay:Ancient Bell","Blood Vial","Meat on the Bone","Replay:Purple Gloves","Replay:Bottled Flurry","Bronze Scales","PreservedInsect","Ancient Tea Set","Counterbalance","Question Card"],"acts_visited":["Exordium","TheCity"],"potions_floor_usage":[33,33],"damage_taken":[{"damage":0.0,"enemies":"Jaw Worm","floor":1.0,"turns":3.0},{"damage":1.0,"enemies":"2 Louse","floor":2.0,"turns":2.0},{"damage":0.0,"enemies":"Cultist","floor":3.0,"turns":2.0},{"damage":0.0,"enemies":"2 Fungi Beasts","floor":6.0,"turns":2.0},{"damage":13.0,"enemies":"Lagavulin","floor":7.0,"turns":6.0},{"damage":8.0,"enemies":"Gremlin Nob","floor":10.0,"turns":3.0},{"damage":0.0,"enemies":"Lagavulin","floor":12.0,"turns":3.0},{"damage":0.0,"enemies":"Looter","floor":13.0,"turns":2.0},{"damage":18.0,"enemies":"Replay:BlueRogue","floor":14.0,"turns":4.0},{"damage":43.0,"enemies":"Fading Forest","floor":16.0,"turns":11.0},{"damage":2.0,"enemies":"Chosen","floor":18.0,"turns":4.0},{"damage":4.0,"enemies":"3 Byrds","floor":19.0,"turns":3.0},{"damage":15.0,"enemies":"Centurion and Healer","floor":20.0,"turns":6.0},{"damage":52.0,"enemies":"Snecko","floor":22.0,"turns":7.0},{"damage":15.0,"enemies":"Gremlin Leader","floor":24.0,"turns":2.0},{"damage":8.0,"enemies":"Shelled Parasite and Fungi","floor":25.0,"turns":2.0},{"damage":14.0,"enemies":"Book of Stabbing","floor":27.0,"turns":5.0},{"damage":5.0,"enemies":"Replay:Snechameleon","floor":30.0,"turns":3.0},{"damage":26,"enemies":"Colosseum Slavers","floor":31,"turns":4},{"damage":8,"enemies":"Colosseum Nobs","floor":31,"turns":3},{"damage":210,"enemies":"Automaton","floor":33,"turns":6}],"seed_played":"7205731340478277147","potions_obtained":[{"floor":1.0,"key":"Adrenaline Potion"},{"floor":12.0,"key":"EssenceOfSteel"},{"floor":14.0,"key":"Strength Potion"},{"floor":16.0,"key":"SkillPotion"},{"floor":20.0,"key":"hexamod:EctoCoolerPotion"},{"floor":30.0,"key":"SteroidPotion"},{"floor":31,"key":"Milkshake"}],"is_trial":false,"path_per_floor":["M","M","M","?","?","M","E","$","T","E","R","E","M","E","R","B",null,"M","M","M","?","M","R","E","M","T","E","?","R","E","?","R","B"],"character_chosen":"WATCHER","items_purchased":["Pantograph"],"campfire_rested":0,"item_purchase_floors":[8],"current_hp_per_floor":[72,71,71,60,60,60,47,47,52,58,58,58,58,40,40,36,91,89,87,74,56,18,18,17,23,23,23,23,23,32,26,26,0,0],"gold":567,"neow_bonus":"BOSS_RELIC","is_daily":false,"chose_seed":false,"campfire_upgraded":5,"win_rate":0.0,"timestamp":1610337043,"path_taken":["M","M","M","?","?","M","E","$","T","E","R","E","M","E","R","BOSS","M","M","M","?","M","R","E","M","T","E","?","R","E","?","R","BOSS"],"items_purchased_type":["Relic"],"build_version":"2020-12-22","purchased_purges":1,"victory":false,"max_hp_per_floor":[72,72,72,72,72,72,72,72,77,91,91,91,91,91,91,91,91,91,91,91,96,96,96,96,96,96,96,96,96,96,96,96,96,96],"card_choices":[{"not_picked":["Wireheading","EmptyBody","Evaluate"],"picked":"SKIP","floor":1.0},{"not_picked":["PathToVictory","ForeignInfluence"],"picked":"Collect","floor":2.0},{"not_picked":["Perseverance","Prostrate"],"picked":"BowlingBash","floor":3.0},{"not_picked":["Crescendo","Replay:Vibes"],"picked":"Blasphemy","floor":6.0},{"not_picked":["Prostrate","WheelKick"],"picked":"Ragnarok","floor":7.0},{"not_picked":["Worship","Consecrate","Replay:ManipulateFuture"],"picked":"SKIP","floor":10.0},{"not_picked":["Wireheading","ClearTheMind"],"picked":"EmptyMind","floor":12.0},{"not_picked":["ForeignInfluence","Replay:BluntJabs","Replay:Battleflow"],"picked":"SKIP","floor":13.0},{"not_picked":["Replay:Vibes","Replay:DivineShield"],"picked":"FlurryOfBlows","floor":14.0},{"not_picked":["Brilliance","Blasphemy"],"picked":"Scrawl","floor":16.0},{"not_picked":["Decay","Spreading Infection"],"picked":"ReplayTheSpireMod:IOU","floor":17.0},{"not_picked":["sneckomod:Bewildered","ReplayTheSpireMod:Faulty Equipment"],"picked":"CommonCold","floor":17.0},{"not_picked":["Parasite","Pain"],"picked":"ReplayTheSpireMod:Restless Dread","floor":17.0},{"not_picked":["CutThroughFate","Vengeance","Replay:Battleflow+1"],"picked":"SKIP","floor":18.0},{"not_picked":["Replay:ManipulateFuture+1","Halt","Prostrate+1"],"picked":"SKIP","floor":19.0},{"not_picked":["ReachHeaven","CrushJoints","EmptyFist"],"picked":"SKIP","floor":20.0},{"not_picked":["Replay:ManipulateFuture+1","EmptyBody+1"],"picked":"SignatureMove","floor":22.0},{"not_picked":["Replay:Battleflow","FlurryOfBlows"],"picked":"MentalFortress","floor":24.0},{"not_picked":["FollowUp","Replay:AtTheReady"],"picked":"Crescendo","floor":25.0},{"not_picked":["Evaluate+1","CrushJoints","Protect"],"picked":"SKIP","floor":27.0},{"not_picked":["Crescendo","SignatureMove","EmptyBody"],"picked":"SKIP","floor":30.0},{"not_picked":["Consecrate","Replay:Battleflow"],"picked":"FearNoEvil+1","floor":31}],"player_experience":100362,"relics_obtained":[{"floor":7.0,"key":"Mirror"},{"floor":9.0,"key":"Durian"},{"floor":10.0,"key":"Mango"},{"floor":12.0,"key":"Omamori"},{"floor":14.0,"key":"Golden Egg"},{"floor":24.0,"key":"Replay:Bottled Flurry"},{"floor":26.0,"key":"Bronze Scales"},{"floor":27.0,"key":"PreservedInsect"},{"floor":30.0,"key":"Ancient Tea Set"},{"floor":31,"key":"Counterbalance"},{"floor":31,"key":"Question Card"}],"event_choices":[{"damage_healed":0.0,"max_hp_gain":0.0,"max_hp_loss":0.0,"gold_gain":75.0,"event_name":"World of Goop","player_choice":"Gather Gold","floor":4.0,"gold_loss":0.0,"damage_taken":11.0},{"damage_healed":0.0,"max_hp_gain":0.0,"max_hp_loss":0.0,"gold_gain":100.0,"event_name":"Wheel of Change","player_choice":"Gold","floor":5.0,"gold_loss":0.0,"damage_taken":0.0},{"damage_healed":0.0,"max_hp_gain":5.0,"max_hp_loss":0.0,"gold_gain":0.0,"event_name":"Forgotten Altar","player_choice":"Shed Blood","floor":21.0,"gold_loss":0.0,"damage_taken":23.0},{"damage_healed":0.0,"max_hp_gain":0.0,"max_hp_loss":0.0,"gold_gain":0.0,"cards_transformed":["Strike_P","Strike_P"],"event_name":"Drug Dealer","player_choice":"Became Test Subject","floor":28.0,"gold_loss":0.0,"damage_taken":0.0,"cards_obtained":["Replay:ManipulateFuture","Vault"]},{"damage_healed":0,"gold_gain":0,"player_choice":"Fight","damage_taken":0,"max_hp_gain":0,"max_hp_loss":0,"event_name":"Colosseum","floor":31,"gold_loss":0},{"damage_healed":0,"gold_gain":0,"player_choice":"Fought Nobs","damage_taken":0,"max_hp_gain":0,"max_hp_loss":0,"event_name":"Colosseum","floor":31,"gold_loss":0}],"is_beta":false,"boss_relics":[{"not_picked":["Empty Cage","Honey Jar"],"picked":"Replay:Ancient Bell"},{"not_picked":["Toy Ornithopter","Oddly Smooth Stone"],"picked":"Blood Vial"},{"not_picked":["Ornamental Fan","Garlic"],"picked":"Meat on the Bone"},{"not_picked":["Prayer Wheel","StoneCalendar"],"picked":"Replay:Purple Gloves"}],"items_purged_floors":[8],"is_endless":false,"potions_floor_spawned":[1,12,14,16,20,30,31,31],"killed_by":"Automaton","ascension_level":2}}