{"host":"oy4pyvr762z5n0bb","time":1610391015,"event":{"mods":["AchievementEnabler","BaseMod","Colored Map","Colored Powertips","Googly Eyes","Key Reminder","Minty Spire (QoL Compilation)","Quick Restart","Relic Sorter","Slay the Relics Exporter","StSLib","SuperFastMode","Unceasing Turn Reminder","slay the spire mod where everything is the same but ironclad has a cowboy hat"],"gold_per_floor":[115,128,128,146,146,146,146,189,189,189,32,56,56,75,75,75,75],"floor_reached":16,"playtime":243,"items_purged":[],"score":148,"play_id":"52f6bb52-c352-400e-9c5d-c92a0c2b24df","local_time":"20210111105015","is_ascension_mode":true,"campfire_choices":[{"floor":6,"key":"REST"},{"floor":7,"key":"REST"},{"floor":13,"key":"REST"},{"data":"Inflame","floor":15,"key":"SMITH"}],"circlet_count":0,"master_deck":["Strike_R","Strike_R","Strike_R","Strike_R","Defend_R","Defend_R","Defend_R","Bash","Clumsy","Blood for Blood","Inflame+1","Wild Strike","Pommel Strike","Cleave","Fire Breathing","Whirlwind","Inflame"],"relics":["Burning Blood","Golden Idol","WingedGreaves","Mercury Hourglass","StoneCalendar"],"acts_visited":["Exordium"],"potions_floor_usage":[10],"damage_taken":[{"damage":13,"enemies":"2 Louse","floor":1,"turns":3},{"damage":16,"enemies":"Small Slimes","floor":2,"turns":3},{"damage":11,"enemies":"Cultist","floor":4,"turns":4},{"damage":51,"enemies":"Lagavulin","floor":8,"turns":7},{"damage":0,"enemies":"2 Fungi Beasts","floor":10,"turns":1},{"damage":0,"enemies":"Large Slime","floor":12,"turns":4},{"damage":27,"enemies":"Exordium Wildlife","floor":14,"turns":4},{"damage":47,"enemies":"The Guardian","floor":16,"turns":7}],"seed_played":"941610925697615358","potions_obtained":[{"floor":1,"key":"SmokeBomb"}],"is_trial":false,"path_per_floor":["M","M","?","M","?","R","R","E","T","M","$","M","R","M","R","B"],"character_chosen":"IRONCLAD","items_purchased":["Fire Breathing","Whirlwind"],"campfire_rested":3,"item_purchase_floors":[11,11],"current_hp_per_floor":[65,55,35,30,23,47,71,26,26,32,32,38,62,41,41,0,0],"gold":75,"neow_bonus":"TRANSFORM_TWO_CARDS","is_daily":false,"chose_seed":false,"campfire_upgraded":1,"win_rate":0.0,"timestamp":1610391015,"path_taken":["M","M","?","M","?","R","R","E","T","M","$","M","R","M","R","BOSS"],"items_purchased_type":["Card","Card"],"build_version":"2020-12-22","purchased_purges":0,"victory":false,"max_hp_per_floor":[80,80,80,80,80,80,80,80,80,80,80,80,80,80,80,80,80],"card_choices":[{"not_picked":["Warcry","Havoc"],"picked":"Wild Strike","floor":1},{"not_picked":["Anger","Second Wind","Clash"],"picked":"SKIP","floor":2},{"not_picked":["Warcry","Clash"],"picked":"Pommel Strike","floor":4},{"not_picked":["Heavy Blade","Whirlwind"],"picked":"Cleave","floor":8},{"not_picked":["Searing Blow","True Grit"],"picked":"Inflame","floor":12},{"not_picked":["Anger","Havoc","Body Slam"],"picked":"SKIP","floor":14}],"player_experience":729926,"relics_obtained":[{"floor":8,"key":"Mercury Hourglass"},{"floor":9,"key":"StoneCalendar"}],"event_choices":[{"damage_healed":0,"gold_gain":0,"player_choice":"Take Damage","damage_taken":20,"relics_obtained":["Golden Idol"],"max_hp_gain":0,"max_hp_loss":0,"event_name":"Golden Idol","floor":3,"gold_loss":0},{"damage_healed":0,"gold_gain":0,"player_choice":"Success","damage_taken":7,"relics_obtained":["WingedGreaves"],"max_hp_gain":0,"max_hp_loss":0,"event_name":"Scrap Ooze","floor":5,"gold_loss":0}],"is_beta":false,"boss_relics":[],"items_purged_floors":[],"is_endless":false,"potions_floor_spawned":[1,10],"killed_by":"The Guardian","ascension_level":9}}