{"host":"31s8hzukbhz1k6i6","time":1610404235,"event":{"mods":["AchievementEnabler","BaseMod","Bestiary","Colored Map","Filter the Spire","Minty Spire (QoL Compilation)","Relic Stats","ojb\u0027s Info Mod"],"gold_per_floor":[109,125,125,137,152,152,179,179,204,17,17,61,61,61,61,61,61],"floor_reached":16,"playtime":462,"items_purged":["Strike_G"],"score":216,"play_id":"fff9c0ca-024f-4359-8bda-e13d4c57e2b5","local_time":"20210111143035","is_ascension_mode":true,"campfire_choices":[{"data":"Predator","floor":6,"key":"SMITH"},{"floor":8,"key":"REST"},{"data":"Deadly Poison","floor":13,"key":"SMITH"},{"data":"Catalyst","floor":15,"key":"SMITH"}],"circlet_count":0,"master_deck":["AscendersBane","Strike_G","Strike_G","Strike_G","Defend_G","Defend_G","Defend_G","Defend_G","Defend_G","Survivor","Neutralize","Slice","Backflip","Predator+1","Quick Slash","Deadly Poison+1","Catalyst+1","Slice"],"relics":["Ring of the Snake","Torii","Happy Flower","Bronze Scales","PreservedInsect","Golden Idol","Meat on the Bone"],"acts_visited":["Exordium"],"potions_floor_usage":[7,12,16],"damage_taken":[{"damage":1,"enemies":"Cultist","floor":1,"turns":5},{"damage":1,"enemies":"2 Louse","floor":2,"turns":3},{"damage":1,"enemies":"Small Slimes","floor":4,"turns":4},{"damage":1,"enemies":"2 Fungi Beasts","floor":5,"turns":4},{"damage":27,"enemies":"Gremlin Nob","floor":7,"turns":4},{"damage":1,"enemies":"3 Sentries","floor":12,"turns":5},{"damage":24,"enemies":"Slime Boss","floor":16,"turns":5}],"seed_played":"-7339356201588137779","potions_obtained":[{"floor":1,"key":"SteroidPotion"},{"floor":4,"key":"BlessingOfTheForge"},{"floor":12,"key":"Swift Potion"}],"is_trial":false,"path_per_floor":["M","M","?","M","M","R","E","R","T","$","?","E","R","?","R","B"],"character_chosen":"THE_SILENT","items_purchased":["Deadly Poison","Catalyst"],"campfire_rested":1,"item_purchase_floors":[10,10],"current_hp_per_floor":[43,42,31,30,29,29,2,21,21,21,21,20,20,20,20,0,0],"gold":61,"neow_bonus":"ONE_RARE_RELIC","is_daily":false,"chose_seed":false,"campfire_upgraded":3,"win_rate":0.0,"timestamp":1610404235,"path_taken":["M","?","?","M","M","R","E","R","T","$","?","E","R","?","R","BOSS"],"items_purchased_type":["Card","Card"],"build_version":"2020-12-22","purchased_purges":1,"victory":false,"max_hp_per_floor":[66,66,66,66,66,66,66,66,66,66,60,60,60,60,60,60,60],"relic_stats":{"Torii":7,"Happy Flower":[7],"counters":[7,30],"Golden Idol":9,"Bronze Scales":[12],"PreservedInsect":33,"obtain_stats":[{"Torii":0,"Happy Flower":3,"Golden Idol":11,"Bronze Scales":7,"PreservedInsect":9,"Ring of the Snake":0,"Meat on the Bone":12},{"Torii":0,"Happy Flower":2,"Golden Idol":5,"Bronze Scales":5,"PreservedInsect":5,"Ring of the Snake":0,"Meat on the Bone":6},{"Torii":0,"Happy Flower":8,"Golden Idol":20,"Bronze Scales":20,"PreservedInsect":20,"Ring of the Snake":0,"Meat on the Bone":25}],"Ring of the Snake":[14],"Meat on the Bone":0},"card_choices":[{"not_picked":["Caltrops","Backflip"],"picked":"Slice","floor":1},{"not_picked":["Heel Hook","Slice"],"picked":"Backflip","floor":2},{"not_picked":["All Out Attack","Backstab"],"picked":"Predator","floor":4},{"not_picked":["Expertise","Choke","Escape Plan"],"picked":"SKIP","floor":5},{"not_picked":["Expertise","Choke","Escape Plan"],"picked":"SKIP","floor":5},{"not_picked":["Outmaneuver","Choke"],"picked":"Quick Slash","floor":7},{"not_picked":["Dodge and Roll","Flying Knee","Finisher"],"picked":"SKIP","floor":12}],"player_experience":172101,"relics_obtained":[{"floor":7,"key":"Bronze Scales"},{"floor":9,"key":"PreservedInsect"},{"floor":12,"key":"Meat on the Bone"}],"event_choices":[{"damage_healed":0,"gold_gain":0,"player_choice":"Success","damage_taken":11,"relics_obtained":["Happy Flower"],"max_hp_gain":0,"max_hp_loss":0,"event_name":"Scrap Ooze","floor":3,"gold_loss":0},{"damage_healed":0,"gold_gain":0,"player_choice":"Lose Max HP","damage_taken":0,"relics_obtained":["Golden Idol"],"max_hp_gain":0,"max_hp_loss":6,"event_name":"Golden Idol","floor":11,"gold_loss":0},{"damage_healed":0,"gold_gain":0,"cards_transformed":["Strike_G"],"player_choice":"Transformed","damage_taken":0,"max_hp_gain":0,"max_hp_loss":0,"event_name":"Transmorgrifier","floor":14,"gold_loss":0,"cards_obtained":["Slice"]}],"is_beta":false,"boss_relics":[],"items_purged_floors":[10],"is_endless":false,"potions_floor_spawned":[1,4,12],"killed_by":"Slime Boss","ascension_level":20}}