{"host":"c3lc60y5x60jlt1y","time":1610367357,"event":{"mods":["AchievementEnabler","BaseMod","Bestiary","Colored Map","Minty Spire (QoL Compilation)","Quick Restart","StSLib","ojb\u0027s Info Mod"],"gold_per_floor":[113,63,24,24,24,55,75,75,99,113,129,164,176,214,226,339,351,378,401,413,40,64,93,93,120,147,147,147,147],"floor_reached":28,"playtime":1956,"items_purged":["Strike_B"],"score":370,"play_id":"b447be12-41c3-48ea-9f3b-59aa469d4cc3","local_time":"20210111141557","is_ascension_mode":true,"campfire_choices":[{"data":"Streamline","floor":8,"key":"SMITH"},{"data":"Loop","floor":13,"key":"SMITH"},{"data":"Coolheaded","floor":15,"key":"SMITH"},{"data":"Creative AI","floor":24,"key":"SMITH"},{"data":"Electrodynamics","floor":27,"key":"SMITH"}],"circlet_count":0,"master_deck":["Strike_B","Strike_B","Defend_B+1","Defend_B","Defend_B","Zap","Dualcast+1","Self Repair","Glacier","Blizzard","Streamline+1","Coolheaded+1","Stack","Loop+1","BootSequence","Electrodynamics+1","Ball Lightning","Steam","Hello World","Panacea","Creative AI+1","Auto Shields","Conserve Battery"],"relics":["Cracked Core","NeowsBlessing","Toy Ornithopter","Gremlin Horn","MealTicket","MawBank","Tiny Chest","Inserter","Happy Flower","Ornamental Fan","Sundial","Smiling Mask"],"acts_visited":["Exordium","TheCity"],"potions_floor_usage":[11,14,18,25,25],"damage_taken":[{"damage":0,"enemies":"Cultist","floor":1,"turns":1},{"damage":0,"enemies":"Gremlin Nob","floor":6,"turns":1},{"damage":0,"enemies":"Small Slimes","floor":7,"turns":1},{"damage":0,"enemies":"2 Louse","floor":10,"turns":1},{"damage":4,"enemies":"Gremlin Gang","floor":11,"turns":4},{"damage":16,"enemies":"3 Sentries","floor":12,"turns":8},{"damage":18,"enemies":"Gremlin Nob","floor":14,"turns":4},{"damage":4,"enemies":"The Guardian","floor":16,"turns":14},{"damage":16,"enemies":"Chosen","floor":18,"turns":5},{"damage":24,"enemies":"2 Thieves","floor":19,"turns":5},{"damage":0,"enemies":"Gremlin Leader","floor":23,"turns":6},{"damage":41,"enemies":"Slavers","floor":25,"turns":6},{"damage":48,"enemies":"Book of Stabbing","floor":28,"turns":5}],"seed_played":"-8227702833445311697","potions_obtained":[{"floor":6,"key":"AttackPotion"},{"floor":10,"key":"SteroidPotion"},{"floor":14,"key":"Block Potion"},{"floor":19,"key":"DuplicationPotion"},{"floor":23,"key":"PotionOfCapacity"}],"is_trial":false,"path_per_floor":["M","?","$","?","?","E","M","R","T","M","M","E","R","E","R","B",null,"M","M","?","$","T","E","R","E","T","R","E"],"character_chosen":"DEFECT","items_purchased":["Glacier","Panacea","Creative AI","DistilledChaos"],"campfire_rested":0,"item_purchase_floors":[3,21,21,21],"current_hp_per_floor":[75,75,75,60,60,60,67,67,67,67,75,66,66,60,60,63,75,70,53,53,68,68,75,75,43,43,43,0,0],"gold":147,"neow_bonus":"THREE_ENEMY_KILL","is_daily":false,"chose_seed":false,"campfire_upgraded":5,"win_rate":0.0,"timestamp":1610367357,"path_taken":["M","?","$","?","?","E","M","R","T","?","M","E","R","E","R","BOSS","M","M","?","$","?","E","R","E","T","R","E"],"items_purchased_type":["Card","Card","Card","Potion"],"build_version":"2020-12-22","purchased_purges":1,"victory":false,"max_hp_per_floor":[75,75,75,75,75,75,75,75,75,75,75,75,75,75,75,75,75,75,75,75,75,75,75,75,75,75,75,75,75],"card_choices":[{"not_picked":["Cold Snap","Rebound"],"picked":"Self Repair","floor":1},{"not_picked":["Beam Cell","Rebound"],"picked":"Blizzard","floor":6},{"not_picked":["Hologram","Conserve Battery"],"picked":"Streamline","floor":7},{"not_picked":["Reinforced Body","Aggregate"],"picked":"Coolheaded","floor":10},{"not_picked":["Turbo","Hello World"],"picked":"Stack","floor":11},{"not_picked":["Heatsinks","Compile Driver"],"picked":"Loop","floor":12},{"not_picked":["Blizzard","Rebound"],"picked":"BootSequence","floor":14},{"not_picked":["Amplify","Echo Form"],"picked":"Electrodynamics","floor":16},{"not_picked":["Beam Cell","Leap"],"picked":"Ball Lightning","floor":18},{"not_picked":["Gash","Compile Driver"],"picked":"Steam","floor":19},{"not_picked":["Machine Learning","Compile Driver+1"],"picked":"Auto Shields","floor":23},{"not_picked":["Loop","Steam+1"],"picked":"Conserve Battery","floor":25}],"player_experience":7782960,"relics_obtained":[{"floor":5,"key":"Toy Ornithopter"},{"floor":6,"key":"Gremlin Horn"},{"floor":9,"key":"MealTicket"},{"floor":12,"key":"MawBank"},{"floor":14,"key":"Tiny Chest"},{"floor":22,"key":"Happy Flower"},{"floor":23,"key":"Ornamental Fan"},{"floor":25,"key":"Sundial"},{"floor":26,"key":"Smiling Mask"}],"event_choices":[{"cards_removed":["Defend_B"],"damage_healed":0,"gold_gain":0,"player_choice":"Card Removal","damage_taken":0,"max_hp_gain":0,"max_hp_loss":0,"event_name":"The Cleric","floor":2,"gold_loss":50},{"damage_healed":0,"gold_gain":0,"player_choice":"Entered Light","damage_taken":15,"max_hp_gain":0,"max_hp_loss":0,"event_name":"Shining Light","floor":4,"gold_loss":0,"cards_upgraded":["Defend_B","Dualcast"]},{"damage_healed":0,"gold_gain":0,"player_choice":"Relic","damage_taken":0,"max_hp_gain":0,"max_hp_loss":0,"event_name":"Wheel of Change","floor":5,"gold_loss":0},{"damage_healed":0,"gold_gain":0,"cards_transformed":["Strike_B"],"player_choice":"Transformed","damage_taken":0,"max_hp_gain":0,"max_hp_loss":0,"event_name":"Transmorgrifier","floor":20,"gold_loss":0,"cards_obtained":["Hello World"]}],"is_beta":false,"boss_relics":[{"not_picked":["Philosopher\u0027s Stone","Busted Crown"],"picked":"Inserter"}],"items_purged_floors":[21],"is_endless":false,"potions_floor_spawned":[6,10,14,19,23],"killed_by":"Book of Stabbing","ascension_level":3}}