{"host":"tgr1xoidyjfo4u0n","time":1610371161,"event":{"mods":["Act Like it!","Alarm Clock","BaseMod","CapriCore","Colored Powertips","GifTheSpireLib","Highlight Path","Minty Spire (QoL Compilation)","StSLib"],"gold_per_floor":[111,111,36,51,51,94,94,110,181,181,181,200,223,71,71,200,200,225,244,257,280,6,6,19,19,19],"floor_reached":25,"playtime":1350,"items_purged":["Strike_B","Strike_B"],"score":242,"play_id":"7e38a1d8-fdd6-41a6-9d7f-fcd8b158ff9f","local_time":"20210111211921","is_ascension_mode":true,"campfire_choices":[{"data":"Zap","floor":7.0,"key":"SMITH"},{"data":"Skim","floor":10.0,"key":"SMITH"},{"data":"Coolheaded","floor":15.0,"key":"SMITH"},{"data":"Turbo","floor":23,"key":"SMITH"}],"circlet_count":0,"master_deck":["Strike_B","Strike_B","Defend_B","Defend_B","Defend_B","Defend_B","Zap+1","Dualcast","Ball Lightning","Hologram","Ball Lightning","Skim+1","White Noise","Conserve Battery","Coolheaded+1","Double Energy","Auto Shields","Recycle","Reboot","Loop+1","Turbo+1","Glacier","Compile Driver","Capacitor","Hologram","Hologram"],"relics":["Cracked Core","NeowsBlessing","Golden Idol","Nunchaku","Bottled Lightning","Orrery","Nuclear Battery"],"acts_visited":["Exordium","TheCity"],"potions_floor_usage":[25],"damage_taken":[{"damage":0.0,"enemies":"Small Slimes","floor":1.0,"turns":1.0},{"damage":0.0,"enemies":"Jaw Worm","floor":4.0,"turns":1.0},{"damage":0.0,"enemies":"Gremlin Nob","floor":6.0,"turns":1.0},{"damage":0.0,"enemies":"Cultist","floor":8.0,"turns":2.0},{"damage":3.0,"enemies":"Red Slaver","floor":12.0,"turns":3.0},{"damage":4.0,"enemies":"Exordium Thugs","floor":13.0,"turns":3.0},{"damage":32.0,"enemies":"Slime Boss","floor":16.0,"turns":8.0},{"damage":2.0,"enemies":"3 Byrds","floor":18.0,"turns":4.0},{"damage":12.0,"enemies":"Shell Parasite","floor":19.0,"turns":5.0},{"damage":0,"enemies":"Shelled Parasite and Fungi","floor":20,"turns":5},{"damage":8,"enemies":"Sentry and Sphere","floor":21,"turns":6},{"damage":18,"enemies":"Cultist and Chosen","floor":24,"turns":7},{"damage":0,"enemies":"Book of Stabbing","floor":25,"turns":4}],"seed_played":"-8442650421262852290","potions_obtained":[{"floor":1.0,"key":"PowerPotion"},{"floor":8.0,"key":"SteroidPotion"},{"floor":13.0,"key":"EssenceOfSteel"}],"is_trial":false,"path_per_floor":["M","?","$","M","?","E","R","M","T","R","?","M","M","$","R","B",null,"M","M","M","M","$","R","M","E"],"character_chosen":"DEFECT","items_purchased":["Orrery","Compile Driver","Capacitor","Hologram"],"campfire_rested":0,"item_purchase_floors":[14,22,22,22],"current_hp_per_floor":[75,69,69,69,74,74,74,74,74,74,74,71,67,67,67,35,74,72,60,60,52,52,52,34,34,34],"gold":19,"neow_bonus":"THREE_ENEMY_KILL","is_daily":false,"chose_seed":false,"campfire_upgraded":4,"win_rate":0.0,"timestamp":1610371161,"path_taken":["M","?","$","M","?","E","R","M","T","R","?","M","M","?","R","BOSS","M","?","M","M","$","R","M","E"],"items_purchased_type":["Relic","Card","Card","Card"],"build_version":"2020-12-22","purchased_purges":2,"victory":false,"max_hp_per_floor":[75,69,69,69,74,74,74,74,74,74,74,74,74,74,74,74,74,74,74,74,74,74,74,74,74,74],"card_choices":[{"not_picked":["Tempest","Streamline"],"picked":"Ball Lightning","floor":1.0},{"not_picked":["Compile Driver","Steam Power"],"picked":"Hologram","floor":4.0},{"not_picked":["Redo","Streamline"],"picked":"Ball Lightning","floor":6.0},{"not_picked":["Gash","Beam Cell"],"picked":"Skim","floor":8.0},{"not_picked":["Compile Driver","Ball Lightning"],"picked":"White Noise","floor":12.0},{"not_picked":["Gash","Force Field"],"picked":"Conserve Battery","floor":13.0},{"not_picked":["Rip and Tear","Force Field"],"picked":"Coolheaded","floor":14.0},{"not_picked":["Ball Lightning","Steam"],"picked":"Double Energy","floor":14.0},{"not_picked":["Go for the Eyes","Genetic Algorithm"],"picked":"Auto Shields","floor":14.0},{"not_picked":["Rebound","All For One"],"picked":"Recycle","floor":14.0},{"not_picked":["Machine Learning","Thunder Strike"],"picked":"Reboot","floor":16.0},{"not_picked":["Ball Lightning","Steam"],"picked":"Loop+1","floor":18.0},{"not_picked":["Genetic Algorithm+1","Compile Driver"],"picked":"Turbo","floor":19.0},{"not_picked":["Conserve Battery","FTL","Steam+1"],"picked":"SKIP","floor":20},{"not_picked":["Chaos","Gash"],"picked":"Glacier","floor":21},{"not_picked":["Steam","Cold Snap"],"picked":"Hologram","floor":24}],"player_experience":350967,"relics_obtained":[{"floor":6.0,"key":"Nunchaku"},{"floor":9.0,"key":"Bottled Lightning"}],"event_choices":[{"damage_healed":0.0,"max_hp_gain":0.0,"max_hp_loss":6.0,"gold_gain":0.0,"event_name":"Golden Idol","player_choice":"Lose Max HP","floor":2.0,"gold_loss":0.0,"damage_taken":0.0,"relics_obtained":["Golden Idol"]},{"damage_healed":0.0,"max_hp_gain":5.0,"max_hp_loss":0.0,"gold_gain":0.0,"event_name":"Big Fish","player_choice":"Donut","floor":5.0,"gold_loss":0.0,"damage_taken":0.0},{"damage_healed":0.0,"max_hp_gain":0.0,"max_hp_loss":0.0,"gold_gain":0.0,"event_name":"Liars Game","player_choice":"Ignored","floor":11.0,"gold_loss":0.0,"damage_taken":0.0}],"is_beta":false,"boss_relics":[{"not_picked":["FrozenCore","Inserter"],"picked":"Nuclear Battery"}],"items_purged_floors":[3,22],"is_endless":false,"potions_floor_spawned":[1,8,13,20],"killed_by":"Book of Stabbing","ascension_level":1}}