{"host":"cjhtzh7tp54jdfyv","time":1610348066,"event":{"mods":["AchievementEnabler","BaseMod","Colored Map","Colored Powertips","Curses Come First","DeckTracker","Filter the Spire","Minty Spire (QoL Compilation)","RNG Fix","Relic Sorter","Relic Stats","StSLib","UnlockEverythingMod","ojb\u0027s Better Paths Mod","ojb\u0027s Info Mod"],"gold_per_floor":[110,110,122,47,47,79,79,109,157,157,13,45,64,99,99,99,99],"floor_reached":16,"playtime":1012,"items_purged":["Defend_P","Defend_P"],"score":302,"play_id":"720c8907-29a4-45c6-84df-16de24ea59a3","local_time":"20210111015426","is_ascension_mode":true,"campfire_choices":[{"data":"Eruption","floor":7,"key":"SMITH"},{"data":"InnerPeace","floor":15,"key":"SMITH"}],"circlet_count":0,"master_deck":["AscendersBane","Strike_P","Strike_P","Strike_P","Strike_P","Defend_P","Defend_P","Eruption+1","Vigilance","CrushJoints","InnerPeace+1","Tantrum"],"relics":["SlaversCollar","Meat on the Bone","Bottled Lightning","Lantern","Eternal Feather","Toxic Egg 2"],"acts_visited":["Exordium"],"potions_floor_usage":[16],"damage_taken":[{"damage":4,"enemies":"2 Louse","floor":1,"turns":4},{"damage":1,"enemies":"Cultist","floor":3,"turns":4},{"damage":37,"enemies":"3 Sentries","floor":6,"turns":7},{"damage":17,"enemies":"Lagavulin","floor":8,"turns":7},{"damage":0,"enemies":"Gremlin Nob","floor":12,"turns":2},{"damage":3,"enemies":"Small Slimes","floor":13,"turns":2},{"damage":14,"enemies":"Lagavulin","floor":14,"turns":4},{"damage":31,"enemies":"The Guardian","floor":16,"turns":7}],"seed_played":"-9070138259130362668","potions_obtained":[{"floor":3,"key":"SmokeBomb"},{"floor":13,"key":"Fruit Juice"}],"is_trial":false,"path_per_floor":["M","$","M","$","?","E","R","E","T","?","$","E","M","E","R","B"],"character_chosen":"WATCHER","items_purchased":["Tantrum"],"campfire_rested":0,"item_purchase_floors":[11],"current_hp_per_floor":[57,57,56,56,61,24,24,19,19,1,1,13,22,20,26,0,0],"gold":99,"neow_bonus":"BOSS_RELIC","is_daily":false,"chose_seed":false,"campfire_upgraded":2,"win_rate":0.0,"timestamp":1610348066,"path_taken":["M","?","M","$","?","E","R","E","T","?","$","E","?","E","R","BOSS"],"items_purchased_type":["Card"],"build_version":"2020-12-22","purchased_purges":2,"victory":false,"max_hp_per_floor":[68,68,68,68,73,73,73,73,73,73,73,73,73,73,73,78,78],"relic_stats":{"counters":[8,37],"Eternal Feather":6,"obtain_stats":[{"SlaversCollar":0,"Lantern":9,"Eternal Feather":12,"Bottled Lightning":8,"PureWater":0,"Toxic Egg 2":14,"Meat on the Bone":6},{"SlaversCollar":0,"Lantern":4,"Eternal Feather":5,"Bottled Lightning":4,"PureWater":0,"Toxic Egg 2":7,"Meat on the Bone":3},{"SlaversCollar":0,"Lantern":22,"Eternal Feather":24,"Bottled Lightning":22,"PureWater":0,"Toxic Egg 2":30,"Meat on the Bone":15}],"Meat on the Bone":48},"card_choices":[{"not_picked":["DeceiveReality","ClearTheMind"],"picked":"CrushJoints","floor":1},{"not_picked":["ForeignInfluence","EmptyBody","ClearTheMind"],"picked":"SKIP","floor":3},{"not_picked":["JustLucky","FlyingSleeves"],"picked":"InnerPeace","floor":6},{"not_picked":["CrushJoints","Evaluate","EmptyFist"],"picked":"SKIP","floor":8},{"not_picked":["Nirvana","WindmillStrike","FollowUp"],"picked":"SKIP","floor":12},{"not_picked":["Indignation","PathToVictory","CarveReality"],"picked":"SKIP","floor":13},{"not_picked":["Consecrate","Pray+1","EmptyBody+1"],"picked":"SKIP","floor":14}],"player_experience":4441015,"relics_obtained":[{"floor":6,"key":"Meat on the Bone"},{"floor":8,"key":"Bottled Lightning"},{"floor":9,"key":"Lantern"},{"floor":12,"key":"Eternal Feather"},{"floor":14,"key":"Toxic Egg 2"}],"event_choices":[{"damage_healed":0,"gold_gain":0,"player_choice":"Donut","damage_taken":0,"max_hp_gain":5,"max_hp_loss":0,"event_name":"Big Fish","floor":5,"gold_loss":0},{"damage_healed":0,"gold_gain":0,"player_choice":"Fled","damage_taken":18,"max_hp_gain":0,"max_hp_loss":0,"event_name":"Scrap Ooze","floor":10,"gold_loss":0}],"is_beta":false,"boss_relics":[],"items_purged_floors":[4,11],"is_endless":false,"potions_floor_spawned":[3,13],"killed_by":"The Guardian","ascension_level":20}}