{"host":"091y6d77ht7dl3wb","time":1610350775,"event":{"mods":["AchievementEnabler","BaseMod","Colored Map","Hermit","Minty Spire (QoL Compilation)","Rare Cards Sparkle","StSLib"],"gold_per_floor":[361,173,184,184,200,200,5,30,112,37,89,102,177,196,196,325,325,349,340,439,457,487,487,512,512,538,538,538],"floor_reached":27,"playtime":1012,"items_purged":["Regret"],"score":240,"play_id":"ac140ced-6f7f-4fd5-8ad0-9bec4d207a23","local_time":"20210111163935","is_ascension_mode":false,"campfire_choices":[{"data":"Lockon","floor":6,"key":"SMITH"},{"floor":15,"key":"REST"},{"data":"Defragment","floor":23,"key":"SMITH"},{"data":"Static Discharge","floor":25,"key":"SMITH"}],"circlet_count":0,"master_deck":["Strike_B","Strike_B","Defend_B","Defend_B","Defend_B","Defend_B","Zap","Dualcast","BootSequence","Rip and Tear","Lockon+1","Redo","Injury","Stack","Ball Lightning","BootSequence","Force Field","Amplify","Lockon","Rebound","Static Discharge","Gash","Multi-Cast","Leap","Tempest","Static Discharge+1","Defragment+1","Conserve Battery"],"relics":["Cracked Core","Golden Idol","Membership Card","Singing Bowl","Orrery","CeramicFish","Coffee Dripper","Bag of Preparation"],"acts_visited":["Exordium","TheCity"],"potions_floor_usage":[11,11,22,22,24],"damage_taken":[{"damage":0,"enemies":"2 Louse","floor":1,"turns":3},{"damage":1,"enemies":"Jaw Worm","floor":3,"turns":2},{"damage":0,"enemies":"Small Slimes","floor":5,"turns":2},{"damage":8,"enemies":"2 Fungi Beasts","floor":8,"turns":3},{"damage":8,"enemies":"Gremlin Nob","floor":11,"turns":3},{"damage":6,"enemies":"3 Louse","floor":12,"turns":3},{"damage":4,"enemies":"Looter","floor":14,"turns":3},{"damage":48,"enemies":"Hexaghost","floor":16,"turns":9},{"damage":14,"enemies":"Chosen","floor":18,"turns":5},{"damage":14,"enemies":"2 Thieves","floor":19,"turns":5},{"damage":39,"enemies":"Shelled Parasite and Fungi","floor":22,"turns":6},{"damage":14,"enemies":"Centurion and Healer","floor":24,"turns":5},{"damage":4,"enemies":"Cultist and Chosen","floor":27,"turns":6}],"seed_played":"-4268807730948961820","potions_obtained":[{"floor":5,"key":"Fire Potion"},{"floor":8,"key":"ColorlessPotion"},{"floor":16,"key":"LiquidMemories"},{"floor":19,"key":"Weak Potion"},{"floor":22,"key":"Block Potion"}],"is_trial":false,"path_per_floor":["M","$","M","?","M","R","$","M","T","$","E","M","?","M","R","B",null,"M","M","?","?","M","R","M","R","T","M"],"character_chosen":"DEFECT","items_purchased":["Rip and Tear","Lockon","Membership Card","Ball Lightning","BootSequence","Orrery"],"campfire_rested":1,"item_purchase_floors":[2,2,7,7,7,10],"current_hp_per_floor":[75,75,74,74,74,74,74,66,66,68,60,56,45,43,67,19,81,67,55,55,55,16,16,2,2,2,0,0],"gold":538,"neow_bonus":"TWO_FIFTY_GOLD","is_daily":false,"chose_seed":false,"campfire_upgraded":3,"win_rate":0.0,"timestamp":1610350775,"path_taken":["M","$","M","?","M","R","$","M","T","?","E","M","?","M","R","BOSS","M","M","?","?","M","R","M","R","T","M"],"items_purchased_type":["Card","Card","Relic","Card","Card","Relic"],"build_version":"2020-12-22","purchased_purges":1,"victory":false,"max_hp_per_floor":[75,75,75,75,75,75,75,75,75,77,77,79,79,81,81,81,81,81,83,83,83,83,83,83,83,83,83,83],"card_choices":[{"not_picked":["Gash","Skim"],"picked":"BootSequence","floor":1},{"not_picked":["Streamline","Stack"],"picked":"Redo","floor":3},{"not_picked":["Coolheaded","Scrape"],"picked":"Stack","floor":5},{"not_picked":["Compile Driver","Barrage"],"picked":"Force Field","floor":8},{"not_picked":["Ball Lightning","Scrape"],"picked":"Amplify","floor":10},{"not_picked":["Go for the Eyes","Gash"],"picked":"Lockon","floor":10},{"not_picked":["Reinforced Body","Glacier","Coolheaded"],"picked":"Singing Bowl","floor":10},{"not_picked":["Steam","Force Field"],"picked":"Rebound","floor":10},{"not_picked":["Rainbow","Self Repair"],"picked":"Static Discharge","floor":10},{"not_picked":["Fusion","Compile Driver"],"picked":"Gash","floor":11},{"not_picked":["Hologram","Double Energy","Amplify"],"picked":"Singing Bowl","floor":12},{"not_picked":["Stack","Hologram","Static Discharge"],"picked":"Singing Bowl","floor":14},{"not_picked":["Reboot","Meteor Strike"],"picked":"Multi-Cast","floor":16},{"not_picked":["Sweeping Beam","Lockon"],"picked":"Leap","floor":18},{"not_picked":["Aggregate+1","Stack+1","Reinforced Body"],"picked":"Singing Bowl","floor":19},{"not_picked":["Streamline+1","Loop"],"picked":"Defragment","floor":22},{"not_picked":["Melter","Lockon"],"picked":"Conserve Battery","floor":24}],"player_experience":216979,"relics_obtained":[{"floor":9,"key":"Singing Bowl"},{"floor":11,"key":"CeramicFish"},{"floor":26,"key":"Bag of Preparation"}],"event_choices":[{"damage_healed":0,"gold_gain":0,"player_choice":"Take Wound","damage_taken":0,"relics_obtained":["Golden Idol"],"max_hp_gain":0,"max_hp_loss":0,"event_name":"Golden Idol","floor":4,"gold_loss":0,"cards_obtained":["Injury"]},{"damage_healed":0,"gold_gain":75,"player_choice":"Gather Gold","damage_taken":11,"max_hp_gain":0,"max_hp_loss":0,"event_name":"World of Goop","floor":13,"gold_loss":0},{"damage_healed":0,"gold_gain":99,"player_choice":"Stole From Cult","damage_taken":0,"max_hp_gain":0,"max_hp_loss":0,"event_name":"Nest","floor":20,"gold_loss":0},{"damage_healed":0,"gold_gain":0,"cards_transformed":["Strike_B","Strike_B"],"player_choice":"Became Test Subject","damage_taken":0,"max_hp_gain":0,"max_hp_loss":0,"event_name":"Drug Dealer","floor":21,"gold_loss":0,"cards_obtained":["Tempest","Static Discharge"]}],"is_beta":false,"boss_relics":[{"not_picked":["Runic Dome","Philosopher\u0027s Stone"],"picked":"Coffee Dripper"}],"items_purged_floors":[2],"is_endless":false,"potions_floor_spawned":[5,8,16,19,22],"killed_by":"Cultist and Chosen","ascension_level":0}}