{"host":"qgrlfjrqk9z96gfi","time":1610332424,"event":{"mods":["BaseMod","Block Reminder","Colored Map","DeckTracker","Minty Spire (QoL Compilation)"],"gold_per_floor":[119,169,2,20,30,30,46,46,93,93,93,119,136,151,151,230,230,247,247,86,99,18,46,46,63,63,83,98,124,153,153,153,224,224,240,240,86,86,6,6,33,49,49,9,21,34,62,80,80,80,80],"floor_reached":50,"playtime":2403,"items_purged":["Strike_G","Strike_G"],"score":1134,"play_id":"d13e3867-eb63-4028-8a60-08f23b71e35d","local_time":"20210110163344","is_ascension_mode":true,"campfire_choices":[{"data":"Bane","floor":6.0,"key":"SMITH"},{"floor":8.0,"key":"REST"},{"data":"Terror","floor":11.0,"key":"SMITH"},{"data":"Neutralize","floor":15.0,"key":"SMITH"},{"data":"Noxious Fumes","floor":24,"key":"SMITH"},{"floor":32,"key":"REST"},{"data":"Finisher","floor":40,"key":"SMITH"},{"floor":49,"key":"REST"}],"circlet_count":0,"master_deck":["AscendersBane","Strike_G","Strike_G","Strike_G","Defend_G","Defend_G","Defend_G","Defend_G","Defend_G","Survivor","Neutralize+1","Bane+1","PiercingWail","Terror+1","Blade Dance","Finisher+1","All Out Attack","Noxious Fumes+1","Blade Dance+1","Well Laid Plans","Malaise","Bouncing Flask+1","Decay","After Image+1","Finisher","Acrobatics","Master of Strategy","Infinite Blades+1","Leg Sweep","Backflip","Blur","Die Die Die"],"relics":["Philosopher\u0027s Stone","TwistedFunnel","Bag of Marbles","Bag of Preparation","Sozu","InkBottle","Frozen Egg 2","Strawberry","Oddly Smooth Stone","WristBlade","The Specimen","Ancient Tea Set","Turnip"],"acts_visited":["Exordium","TheCity","TheBeyond"],"potions_floor_usage":[33],"damage_taken":[{"damage":2.0,"enemies":"Cultist","floor":1.0,"turns":5.0},{"damage":0.0,"enemies":"Jaw Worm","floor":4.0,"turns":3.0},{"damage":0.0,"enemies":"Small Slimes","floor":5.0,"turns":3.0},{"damage":22.0,"enemies":"Exordium Thugs","floor":7.0,"turns":6.0},{"damage":10.0,"enemies":"Lagavulin","floor":12.0,"turns":5.0},{"damage":0.0,"enemies":"Looter","floor":13.0,"turns":1.0},{"damage":0.0,"enemies":"2 Fungi Beasts","floor":14.0,"turns":2.0},{"damage":25.0,"enemies":"Hexaghost","floor":16.0,"turns":8.0},{"damage":8.0,"enemies":"Shell Parasite","floor":18.0,"turns":4.0},{"damage":13.0,"enemies":"3 Byrds","floor":21.0,"turns":4.0},{"damage":18,"enemies":"Book of Stabbing","floor":23,"turns":4},{"damage":10,"enemies":"Centurion and Healer","floor":25,"turns":3},{"damage":10,"enemies":"Sentry and Sphere","floor":27,"turns":5},{"damage":5,"enemies":"3 Cultists","floor":28,"turns":3},{"damage":5,"enemies":"Slavers","floor":30,"turns":4},{"damage":39,"enemies":"Champ","floor":33,"turns":11},{"damage":2,"enemies":"Orb Walker","floor":35,"turns":2},{"damage":12,"enemies":"Giant Head","floor":41,"turns":5},{"damage":0,"enemies":"3 Darklings","floor":42,"turns":4},{"damage":18,"enemies":"4 Shapes","floor":45,"turns":4},{"damage":12,"enemies":"Writhing Mass","floor":46,"turns":5},{"damage":0,"enemies":"Reptomancer","floor":47,"turns":3},{"damage":7,"enemies":"Jaw Worm Horde","floor":48,"turns":3},{"damage":46,"enemies":"Time Eater","floor":50,"turns":5}],"seed_played":"7586389112991367554","potions_obtained":[{"floor":1.0,"key":"FearPotion"},{"floor":5.0,"key":"LiquidBronze"},{"floor":10.0,"key":"CultistPotion"},{"floor":12.0,"key":"ColorlessPotion"}],"is_trial":false,"path_per_floor":["M","?","$","M","M","R","M","R","T","?","R","E","M","M","R","B",null,"M","?","$","M","$","E","R","M","T","M","M","T","E","?","R","B",null,"M","?","$","?","$","R","E","M","T","$","M","M","E","M","R","B"],"character_chosen":"THE_SILENT","items_purchased":["TwistedFunnel","Noxious Fumes","Well Laid Plans","Acrobatics","Infinite Blades+1","Blur"],"campfire_rested":3,"item_purchase_floors":[3,20,22,37,39,44],"current_hp_per_floor":[57,51,51,51,51,51,29,48,48,48,48,38,38,38,38,13,53,45,76,76,63,63,45,45,35,35,25,20,27,22,22,46,7,64,62,62,62,62,62,62,50,50,50,50,32,20,20,13,37,0,0],"gold":80,"neow_bonus":"BOSS_RELIC","is_daily":false,"chose_seed":false,"campfire_upgraded":5,"win_rate":0.0,"timestamp":1610332424,"path_taken":["M","?","$","?","M","R","M","R","T","?","R","E","?","M","R","BOSS","M","?","$","M","$","E","R","M","T","?","M","?","E","?","R","BOSS","M","?","$","?","?","R","E","M","T","$","M","M","E","M","R","BOSS"],"items_purchased_type":["Relic","Card","Card","Card","Card","Card"],"build_version":"2020-12-22","purchased_purges":2,"victory":false,"max_hp_per_floor":[66,66,66,66,66,66,66,66,66,66,66,66,66,66,66,66,66,66,76,76,76,76,76,76,76,76,76,76,83,83,83,83,83,83,83,83,83,83,83,83,83,83,83,83,83,83,83,83,83,83,83],"card_choices":[{"not_picked":["Setup","Prepared"],"picked":"Bane","floor":1.0},{"not_picked":["Caltrops","Underhanded Strike"],"picked":"Cloak And Dagger","floor":4.0},{"not_picked":["Choke","Sucker Punch"],"picked":"PiercingWail","floor":5.0},{"not_picked":["Quick Slash","Prepared"],"picked":"Terror","floor":7.0},{"not_picked":["Finisher","Tactician"],"picked":"Blade Dance","floor":12.0},{"not_picked":["Grand Finale","Backflip"],"picked":"Finisher","floor":13.0},{"not_picked":["Deflect","Dagger Throw","Flechettes"],"picked":"SKIP","floor":14.0},{"not_picked":["Burst","Glass Knife"],"picked":"Venomology","floor":16.0},{"not_picked":["Deflect","Underhanded Strike"],"picked":"All Out Attack","floor":18.0},{"not_picked":["Catalyst","Dagger Spray"],"picked":"Blade Dance+1","floor":21.0},{"not_picked":["Heel Hook","Bane","Dodge and Roll"],"picked":"SKIP","floor":23},{"not_picked":["Underhanded Strike","PiercingWail"],"picked":"Malaise","floor":25},{"not_picked":["Quick Slash","Underhanded Strike","Bane"],"picked":"SKIP","floor":27},{"not_picked":["Poisoned Stab","Deflect","Prepared"],"picked":"SKIP","floor":28},{"not_picked":["Crippling Poison","All Out Attack+1"],"picked":"Bouncing Flask+1","floor":30},{"not_picked":["Storm of Steel","Tools of the Trade+1"],"picked":"After Image+1","floor":33},{"not_picked":["Slice","Flying Knee"],"picked":"Finisher","floor":35},{"not_picked":["Forethought","Transmutation"],"picked":"Master of Strategy","floor":38},{"not_picked":["Tactician","Caltrops+1"],"picked":"Leg Sweep","floor":41},{"not_picked":["Skewer+1","Cloak And Dagger"],"picked":"Backflip","floor":42},{"not_picked":["Terror","Outmaneuver","Slice"],"picked":"SKIP","floor":45},{"not_picked":["Underhanded Strike+1","Dodge and Roll","Sucker Punch+1"],"picked":"SKIP","floor":46},{"not_picked":["Backstab","Bane"],"picked":"Die Die Die","floor":47},{"not_picked":["Quick Slash+1","Flying Knee","Tactician"],"picked":"SKIP","floor":48}],"player_experience":990758,"relics_obtained":[{"floor":9.0,"key":"Bag of Marbles"},{"floor":12.0,"key":"Bag of Preparation"},{"floor":23,"key":"InkBottle"},{"floor":26,"key":"Frozen Egg 2"},{"floor":29,"key":"Strawberry"},{"floor":30,"key":"Oddly Smooth Stone"},{"floor":41,"key":"The Specimen"},{"floor":43,"key":"Ancient Tea Set"},{"floor":47,"key":"Turnip"}],"event_choices":[{"damage_healed":0.0,"max_hp_gain":0.0,"max_hp_loss":0.0,"gold_gain":50.0,"event_name":"FaceTrader","player_choice":"Touch","floor":2.0,"gold_loss":0.0,"damage_taken":6.0},{"damage_healed":0.0,"max_hp_gain":0.0,"max_hp_loss":0.0,"gold_gain":0.0,"event_name":"Lab","player_choice":"Got Potions","floor":10.0,"gold_loss":0.0,"damage_taken":0.0},{"cards_removed":["Venomology"],"damage_healed":21.0,"max_hp_gain":10.0,"max_hp_loss":0.0,"gold_gain":0.0,"event_name":"Bonfire Elementals","player_choice":"Offered Rare","floor":19.0,"gold_loss":0.0,"damage_taken":0.0},{"damage_healed":0,"gold_gain":0,"player_choice":"Smashed Altar","damage_taken":0,"max_hp_gain":0,"max_hp_loss":0,"event_name":"Forgotten Altar","floor":31,"gold_loss":0,"cards_obtained":["Decay"]},{"cards_removed":["Cloak And Dagger"],"damage_healed":0,"gold_gain":0,"player_choice":"Removed Skill","damage_taken":0,"max_hp_gain":0,"max_hp_loss":0,"event_name":"Falling","floor":36,"gold_loss":0},{"damage_healed":0,"gold_gain":0,"player_choice":"Memory 1","damage_taken":0,"max_hp_gain":0,"max_hp_loss":0,"event_name":"SensoryStone","floor":38,"gold_loss":0}],"is_beta":false,"boss_relics":[{"not_picked":["Empty Cage","Snecko Eye"],"picked":"Sozu"},{"not_picked":["Runic Dome","Busted Crown"],"picked":"WristBlade"}],"items_purged_floors":[20,37],"is_endless":false,"potions_floor_spawned":[1,5,12,14,21,25,27,28,42,47],"killed_by":"Time Eater","ascension_level":20}}