{"host":"x7xd4wkamhrqrrvw","time":1610351716,"event":{"mods":["BaseMod","Minty Spire (QoL Compilation)","StSLib"],"gold_per_floor":[114,74,86,98,110,110,110,142,142,142,157,186,205,235,235,339,339,349,61,73,73,93,120,120,154,180,198,231,231,242,256,256,354,354,365,142,142,142,142,142,172,192,218,233,262,262,282,317,317,317,317,317,42,68,68,68],"floor_reached":55,"playtime":2468,"items_purged":["Strike_R","Reaper"],"score":1277,"play_id":"88dbddbe-f345-4640-9668-41dddee8a1c3","local_time":"20210111055516","is_ascension_mode":true,"campfire_choices":[{"data":"Dual Wield","floor":6,"key":"SMITH"},{"data":"Clash","floor":10,"key":"SMITH"},{"data":"Clash","floor":15,"key":"SMITH"},{"data":"True Grit","floor":24,"key":"SMITH"},{"data":"Corruption","floor":29,"key":"SMITH"},{"floor":32,"key":"RECALL"},{"data":"Bash","floor":40,"key":"SMITH"},{"data":"Uppercut","floor":46,"key":"SMITH"},{"data":"Burning Pact","floor":49,"key":"SMITH"},{"floor":52,"key":"REST"}],"circlet_count":0,"master_deck":["Defend_R","Defend_R","Bash+1","Clash+1","Clash+1","Dual Wield+1","Intimidate","Rage","Headbutt+1","Immolate+1","True Grit+1","Clash+1","Feel No Pain","Corruption+1","Burning Pact+1","Offering","Iron Wave+1","Uppercut+1"],"relics":["Black Blood","Akabeko","PreservedInsect","Kunai","Nunchaku","Astrolabe","TungstenRod","Red Skull","Regal Pillow","Lantern","Omamori","Potion Belt","Anchor","Strawberry","Blue Candle"],"acts_visited":["Exordium","TheCity","TheBeyond","TheEnding"],"potions_floor_usage":[5,8,12,16,23,25,25,41,50,50,50,50,54,54,55,55],"damage_taken":[{"damage":13,"enemies":"Jaw Worm","floor":1,"turns":5},{"damage":0,"enemies":"Cultist","floor":3,"turns":4},{"damage":5,"enemies":"Small Slimes","floor":4,"turns":3},{"damage":0,"enemies":"2 Fungi Beasts","floor":5,"turns":5},{"damage":15,"enemies":"Lagavulin","floor":8,"turns":5},{"damage":10,"enemies":"Lots of Slimes","floor":11,"turns":2},{"damage":12,"enemies":"3 Sentries","floor":12,"turns":13},{"damage":0,"enemies":"Exordium Thugs","floor":13,"turns":3},{"damage":2,"enemies":"Lagavulin","floor":14,"turns":3},{"damage":29,"enemies":"The Guardian","floor":16,"turns":7},{"damage":0,"enemies":"2 Thieves","floor":18,"turns":2},{"damage":0,"enemies":"Spheric Guardian","floor":20,"turns":2},{"damage":0,"enemies":"Snake Plant","floor":22,"turns":1},{"damage":0,"enemies":"Book of Stabbing","floor":23,"turns":2},{"damage":0,"enemies":"Slavers","floor":25,"turns":2},{"damage":11,"enemies":"Centurion and Healer","floor":27,"turns":6},{"damage":11,"enemies":"Gremlin Leader","floor":28,"turns":4},{"damage":5,"enemies":"Chosen and Byrds","floor":30,"turns":3},{"damage":9,"enemies":"Shelled Parasite and Fungi","floor":31,"turns":3},{"damage":37,"enemies":"Collector","floor":33,"turns":5},{"damage":12,"enemies":"3 Shapes","floor":35,"turns":5},{"damage":12,"enemies":"Nemesis","floor":41,"turns":3},{"damage":5,"enemies":"Orb Walker","floor":42,"turns":3},{"damage":5,"enemies":"3 Darklings","floor":44,"turns":3},{"damage":5,"enemies":"Reptomancer","floor":45,"turns":2},{"damage":0,"enemies":"4 Shapes","floor":47,"turns":1},{"damage":5,"enemies":"Nemesis","floor":48,"turns":3},{"damage":76,"enemies":"Time Eater","floor":50,"turns":9},{"damage":5,"enemies":"Shield and Spear","floor":54,"turns":2},{"damage":87,"enemies":"The Heart","floor":55,"turns":5}],"seed_played":"-8857526317930170183","potions_obtained":[{"floor":2,"key":"DuplicationPotion"},{"floor":2,"key":"HeartOfIron"},{"floor":2,"key":"HeartOfIron"},{"floor":5,"key":"Swift Potion"},{"floor":8,"key":"FearPotion"},{"floor":14,"key":"Energy Potion"},{"floor":16,"key":"Energy Potion"},{"floor":18,"key":"Block Potion"},{"floor":23,"key":"Regen Potion"},{"floor":25,"key":"LiquidMemories"},{"floor":33,"key":"EssenceOfSteel"},{"floor":41,"key":"AttackPotion"},{"floor":44,"key":"DistilledChaos"},{"floor":45,"key":"Strength Potion"},{"floor":54,"key":"Weak Potion"}],"is_trial":false,"path_per_floor":["M","?","M","M","M","R","?","E","T","R","M","E","M","E","R","B",null,"M","$","M","?","M","E","R","E","T","M","E","R","M","M","R","B",null,"M","$","?","?","?","R","E","M","T","M","E","R","M","E","R","B",null,"R","$","E","B"],"character_chosen":"IRONCLAD","items_purchased":["TungstenRod","Lantern","LiquidMemories","Strength Potion","ColorlessPotion"],"campfire_rested":1,"item_purchase_floors":[19,36,53,53,53],"current_hp_per_floor":[48,48,58,63,69,69,69,64,64,64,76,74,80,80,80,61,75,80,80,80,80,80,80,80,80,80,80,80,80,80,79,79,48,72,76,76,76,76,76,76,77,80,80,80,80,80,80,87,87,41,76,87,87,87,0,0],"gold":68,"neow_bonus":"TRANSFORM_TWO_CARDS","is_daily":false,"chose_seed":false,"campfire_upgraded":8,"win_rate":0.0,"timestamp":1610351716,"path_taken":["M","?","M","?","M","R","?","E","T","R","M","E","M","E","R","BOSS","M","$","M","?","M","E","R","E","T","?","E","R","M","M","R","BOSS","M","$","?","?","?","R","E","M","T","?","E","R","M","E","R","BOSS","R","$","E","BOSS"],"items_purchased_type":["Relic","Relic","Potion","Potion","Potion"],"build_version":"2020-12-22","purchased_purges":2,"victory":false,"max_hp_per_floor":[80,80,80,80,80,80,80,80,80,80,80,80,80,80,80,80,80,80,80,80,80,80,80,80,80,80,80,80,80,80,80,80,80,80,80,80,80,80,80,80,80,80,80,80,80,80,80,87,87,87,87,87,87,87,87,87],"card_choices":[{"not_picked":["Shrug It Off","Clothesline"],"picked":"Clash","floor":1},{"not_picked":["Feel No Pain","Power Through","Wild Strike"],"picked":"SKIP","floor":3},{"not_picked":["Heavy Blade","Pommel Strike","Sentinel"],"picked":"SKIP","floor":4},{"not_picked":["Entrench","Iron Wave"],"picked":"Dual Wield","floor":5},{"not_picked":["Uppercut","Carnage","Metallicize"],"picked":"SKIP","floor":8},{"not_picked":["Shockwave","Spot Weakness","Ghostly Armor"],"picked":"SKIP","floor":11},{"not_picked":["Pommel Strike","Warcry"],"picked":"Rage","floor":12},{"not_picked":["Shockwave","Shrug It Off","Flame Barrier"],"picked":"SKIP","floor":13},{"not_picked":["Headbutt","Iron Wave","Combust"],"picked":"SKIP","floor":14},{"not_picked":["Thunderclap","Sword Boomerang","Entrench"],"picked":"SKIP","floor":18},{"not_picked":["Body Slam","Reaper"],"picked":"True Grit","floor":20},{"not_picked":["Combust","Sword Boomerang"],"picked":"Feel No Pain","floor":22},{"not_picked":["Headbutt+1","Armaments","Havoc+1"],"picked":"SKIP","floor":23},{"not_picked":["Warcry","Clothesline+1"],"picked":"Corruption","floor":25},{"not_picked":["Rupture","Havoc+1","Wild Strike+1"],"picked":"SKIP","floor":27},{"not_picked":["Shrug It Off+1","True Grit"],"picked":"Burning Pact","floor":28},{"not_picked":["Metallicize","Clothesline","Headbutt+1"],"picked":"SKIP","floor":30},{"not_picked":["Flex","Wild Strike"],"picked":"Offering","floor":31},{"not_picked":["Carnage+1","Body Slam","Clash+1"],"picked":"SKIP","floor":35},{"not_picked":["Armaments","Dropkick","Pommel Strike+1"],"picked":"SKIP","floor":41},{"not_picked":["Clash+1","Metallicize"],"picked":"Iron Wave+1","floor":42},{"not_picked":["Headbutt+1","Entrench","Wild Strike+1"],"picked":"SKIP","floor":44},{"not_picked":["Body Slam+1","Double Tap"],"picked":"Uppercut","floor":45},{"not_picked":["Anger+1","Sword Boomerang","Wild Strike"],"picked":"SKIP","floor":47},{"not_picked":["Armaments+1","Burning Pact+1","Intimidate"],"picked":"SKIP","floor":48},{"not_picked":["Clash+1","Infernal Blade","Burning Pact+1"],"picked":"SKIP","floor":54}],"player_experience":302462,"relics_obtained":[{"floor":8,"key":"Akabeko"},{"floor":9,"key":"PreservedInsect"},{"floor":12,"key":"Kunai"},{"floor":14,"key":"Nunchaku"},{"floor":25,"key":"Red Skull"},{"floor":28,"key":"Regal Pillow"},{"floor":41,"key":"Omamori"},{"floor":43,"key":"Potion Belt"},{"floor":45,"key":"Anchor"},{"floor":48,"key":"Strawberry"},{"floor":54,"key":"Blue Candle"}],"event_choices":[{"damage_healed":0,"gold_gain":0,"player_choice":"Bought 3 Potions","damage_taken":0,"max_hp_gain":0,"max_hp_loss":0,"event_name":"The Woman in Blue","floor":2,"gold_loss":0},{"damage_healed":0,"gold_gain":0,"cards_transformed":["Strike_R"],"player_choice":"Change","damage_taken":0,"max_hp_gain":0,"max_hp_loss":0,"event_name":"Living Wall","floor":7,"gold_loss":0,"cards_obtained":["Intimidate"]},{"damage_healed":0,"gold_gain":0,"player_choice":"Copied","damage_taken":0,"max_hp_gain":0,"max_hp_loss":0,"event_name":"Duplicator","floor":21,"gold_loss":0,"cards_obtained":["Clash"]},{"damage_healed":0,"gold_gain":0,"player_choice":"Memory 1","damage_taken":0,"max_hp_gain":0,"max_hp_loss":0,"event_name":"SensoryStone","floor":37,"gold_loss":0},{"cards_removed":["Havoc"],"damage_healed":0,"gold_gain":0,"player_choice":"Removed Skill","damage_taken":0,"max_hp_gain":0,"max_hp_loss":0,"event_name":"Falling","floor":38,"gold_loss":0},{"damage_healed":0,"gold_gain":0,"player_choice":"Ignored","damage_taken":0,"max_hp_gain":0,"max_hp_loss":0,"event_name":"SecretPortal","floor":39,"gold_loss":0}],"is_beta":false,"boss_relics":[{"not_picked":["Snecko Eye","Velvet Choker"],"picked":"Astrolabe"},{"not_picked":["Mark of Pain","Coffee Dripper"],"picked":"Black Blood"}],"items_purged_floors":[36,53],"is_endless":false,"potions_floor_spawned":[4,5,8,14,16,18,23,25,33,41,44,45,54],"killed_by":"The Heart","ascension_level":8}}