{"host":"gk9qdtkqd8dwfeg2","time":1610372373,"event":{"mods":["Aspiration","BaseMod","Colored Powertips","KomeijiMod","Minty Spire (QoL Compilation)","Quick Restart","Replay The Spire","Shop Mod","StSLib","TestMod","The Gatherer","The Servant 0.9.4","Waifu the Spire","WarShipGirlsR/战舰少女R mod","Yuri Mod"],"gold_per_floor":[16,16,31,31,31,63,63,88,111,140,160,160,160,179,179,284,284,303,32,49,49,49,76,76,106,106,125,151,33,33,48,48,145,145,165,16,29,29,79,110,110,110,110,145,45,45,45,45,45,45,45,45,34,63,63],"floor_reached":56,"playtime":2264,"items_purged":["Strike_R","Strike_R"],"score":2003,"play_id":"9e466c7d-3b74-42a8-ae58-6486d3bda16a","local_time":"20210111213933","is_ascension_mode":true,"campfire_choices":[{"floor":7.0,"key":"DIG"},{"data":"Armaments","floor":12.0,"key":"SMITH"},{"floor":13.0,"key":"DIG"},{"floor":15.0,"key":"DIG"},{"floor":24,"key":"DIG"},{"floor":30,"key":"DIG"},{"floor":32,"key":"DIG"},{"floor":41,"key":"DIG"},{"floor":42,"key":"DIG"},{"floor":47,"key":"RECALL"},{"floor":49,"key":"DIG"},{"floor":52,"key":"DIG"}],"circlet_count":0,"master_deck":["AscendersBane","Strike_R","Defend_R","Defend_R+1","Bash","Sword Boomerang","Burning Pact+1","Replay:Many Hands+1","Dark Embrace","Armaments+1","Immolate","Body Slam","Replay:Undeath\u0027s Touch","Berserk","Power Through","Power Through","ReplayTheSpireMod:Muscle Training+1","testmod-LimitFlipper","Fiend Fire","Adrenaline","MasterReality","Abandon+1","Burning Pact","Brutality","Sentinel+1"],"relics":["testmod-TestBox","testmod-SaigiyounoYou","Shovel","WingedGreaves","aspiration:FrozenJewel","Pantograph","HoshigumaDish","aspiration:SecretTechniqueScroll","MerchantsRug","Mummified Hand","ReplayTheSpireMod:Lightbulb","White Beast Statue","Replay:M_StaffOfTheSnake","Chemical X","Bottled Tornado","aspiration:HatOfInfinitePower","testmod-IncinerationGenerator","Shuriken","ReplayTheSpireMod:Spearhead","Turnip","ReplayTheSpireMod:Ninjato","testmod-AssaultLearning","Replay:Kaleidoscope","PreservedInsect","Blood Vial","Chameleon Ring","testmod-BalancedPeriapt"],"acts_visited":["Exordium","TheCity","TheBeyond","TheEnding"],"potions_floor_usage":[23,28,40,55,55],"damage_taken":[{"damage":12.0,"enemies":"2 Louse","floor":1.0,"turns":3.0},{"damage":1.0,"enemies":"Cultist","floor":3.0,"turns":3.0},{"damage":39.0,"enemies":"Replay:BlueRogue","floor":6.0,"turns":6.0},{"damage":35.0,"enemies":"Lagavulin","floor":8.0,"turns":6.0},{"damage":55.0,"enemies":"3 Sentries","floor":10.0,"turns":9.0},{"damage":0.0,"enemies":"Small Slimes","floor":11.0,"turns":3.0},{"damage":11.0,"enemies":"Blue Slaver","floor":14.0,"turns":2.0},{"damage":60.0,"enemies":"Slime Boss","floor":16.0,"turns":12.0},{"damage":26.0,"enemies":"Shell Parasite","floor":18.0,"turns":4.0},{"damage":5.0,"enemies":"Spheric Guardian","floor":20.0,"turns":4.0},{"damage":10,"enemies":"Gremlin Leader","floor":23,"turns":5},{"damage":3,"enemies":"Replay:Snechameleon","floor":25,"turns":5},{"damage":11,"enemies":"Centurion and Healer","floor":27,"turns":4},{"damage":35,"enemies":"Slavers","floor":28,"turns":6},{"damage":1,"enemies":"Sentry and Sphere","floor":31,"turns":3},{"damage":2,"enemies":"Automaton","floor":33,"turns":5},{"damage":7,"enemies":"Orb Walker","floor":35,"turns":3},{"damage":9,"enemies":"3 Shapes","floor":37,"turns":3},{"damage":21,"enemies":"Mind Bloom Boss Battle","floor":39,"turns":3},{"damage":19,"enemies":"R_Hoarder","floor":40,"turns":4},{"damage":0,"enemies":"Giant Head","floor":44,"turns":1},{"damage":4,"enemies":"Awakened One","floor":50,"turns":4},{"damage":0,"enemies":"Shield and Spear","floor":54,"turns":2},{"damage":19,"enemies":"The Heart","floor":55,"turns":4}],"seed_played":"3986466366103484112","potions_obtained":[{"floor":1.0,"key":"ColorlessPotion"},{"floor":10.0,"key":"ColorlessPotion"},{"floor":11.0,"key":"Strength Potion"},{"floor":20.0,"key":"BloodPotion"},{"floor":23,"key":"Death Potion"},{"floor":27,"key":"LifebloodPotion"},{"floor":28,"key":"Dexterity Potion"},{"floor":31,"key":"DuplicationPotion"},{"floor":40,"key":"Regen Potion"}],"is_trial":false,"path_per_floor":["M","?","M","?","?","E","R","E","T","E","M","R","R","M","R","B",null,"M","$","M","?","?","E","R","E","T","M","E","$","R","M","R","B",null,"M","$","M","?","?","E","R","R","T","E","$","?","R","?","R","B",null,"R","$","E","B",null],"character_chosen":"IRONCLAD","items_purchased":["Power Through","MerchantsRug","Adrenaline","Chemical X","Shuriken","Elixir"],"campfire_rested":0,"item_purchase_floors":[19,19,29,29,36,53],"current_hp_per_floor":[74,74,80,80,80,61,61,51,51,34,47,47,47,43,43,43,71,58,58,61,61,61,74,74,80,80,80,66,66,66,74,74,80,80,74,74,72,72,65,70,70,70,70,80,80,76,76,76,76,76,76,76,76,76,68],"gold":63,"neow_bonus":"TRANSFORM_TWO_CARDS","is_daily":false,"chose_seed":false,"campfire_upgraded":1,"win_rate":0.0,"timestamp":1610372373,"path_taken":["M","?","M","?","?","E","R","E","T","E","?","R","R","M","R","BOSS","M","$","M","?","?","E","R","E","T","M","E","$","R","M","R","BOSS","M","$","M","?","?","E","R","R","T","E","$","?","R","?","R","BOSS","R","$","E","BOSS"],"items_purchased_type":["Card","Relic","Card","Relic","Relic","Potion"],"build_version":"2020-12-22","purchased_purges":2,"victory":true,"max_hp_per_floor":[80,80,80,80,80,80,80,80,80,80,80,80,80,80,80,80,80,80,80,80,80,80,80,80,80,80,80,80,80,80,80,80,80,80,80,80,80,80,80,80,80,80,80,80,80,76,76,76,76,76,76,76,76,76,76],"card_choices":[{"not_picked":["ReplayTheSpireMod:LeadingStrike","Havoc","Cleave"],"picked":"SKIP","floor":1.0},{"not_picked":["Perfected Strike","Replay:Undeath\u0027s Touch"],"picked":"Burning Pact","floor":3.0},{"not_picked":["True Grit","Combust"],"picked":"Dark Embrace","floor":6.0},{"not_picked":["Iron Wave","Pommel Strike"],"picked":"Armaments","floor":8.0},{"not_picked":["Sword Boomerang","Ghostly Armor"],"picked":"Immolate","floor":10.0},{"not_picked":["ReplayTheSpireMod:LeadingStrike","Sentinel"],"picked":"Body Slam","floor":11.0},{"not_picked":["ReplayTheSpireMod:Strike From Hell","Replay:Undeath\u0027s Touch","Clothesline"],"picked":"SKIP","floor":14.0},{"not_picked":["ReplayTheSpireMod:Strike From Hell","Clothesline"],"picked":"Replay:Undeath\u0027s Touch","floor":14.0},{"not_picked":["Reaper","Exhume"],"picked":"Berserk","floor":16.0},{"not_picked":["Intimidate+1","Life Link","Twin Strike"],"picked":"SKIP","floor":18.0},{"not_picked":["Defy Death","ReplayTheSpireMod:Strike From Hell"],"picked":"ReplayTheSpireMod:Muscle Training+1","floor":20.0},{"not_picked":["Cleave","Run Through","ReplayTheSpireMod:Limb From Limb"],"picked":"SKIP","floor":23},{"not_picked":["Sentinel","Iron Wave","Fiend Fire"],"picked":"SKIP","floor":25},{"not_picked":["Body Slam","Reckless Charge+1","ReplayTheSpireMod:Stacked"],"picked":"SKIP","floor":27},{"not_picked":["Armaments","Pummel","Battle Trance"],"picked":"SKIP","floor":28},{"not_picked":["ThirdEye","Flying Knee","Sentinel"],"picked":"SKIP","floor":31},{"not_picked":["Establishment","Double Tap"],"picked":"MasterReality","floor":33},{"not_picked":["Rage","Anger+1"],"picked":"Abandon+1","floor":35},{"not_picked":["Body Slam+1","Wild Strike","Infernal Blade"],"picked":"SKIP","floor":37},{"not_picked":["Infernal Blade+1","Warcry","Defy Death+1"],"picked":"SKIP","floor":40},{"not_picked":["Headbutt","Body Slam+1"],"picked":"Burning Pact","floor":44},{"not_picked":["Massacre","Thunderclap"],"picked":"Sentinel+1","floor":54}],"player_experience":618555,"relics_obtained":[{"floor":6.0,"key":"WingedGreaves"},{"floor":7.0,"key":"Replay:Accelerometer"},{"floor":8.0,"key":"aspiration:FrozenJewel"},{"floor":9.0,"key":"Replay:Mystery Machine"},{"floor":10.0,"key":"Pantograph"},{"floor":13.0,"key":"Regal Pillow"},{"floor":15.0,"key":"HoshigumaDish"},{"floor":23,"key":"Mummified Hand"},{"floor":24,"key":"War Paint"},{"floor":25,"key":"ReplayTheSpireMod:Lightbulb"},{"floor":26,"key":"White Beast Statue"},{"floor":28,"key":"aspiration:SeaSaltIceCream"},{"floor":30,"key":"Bottled Tornado"},{"floor":32,"key":"aspiration:HatOfInfinitePower"},{"floor":38,"key":"ReplayTheSpireMod:Spearhead"},{"floor":39,"key":"Turnip"},{"floor":40,"key":"ReplayTheSpireMod:Ninjato"},{"floor":41,"key":"testmod-AssaultLearning"},{"floor":42,"key":"Replay:Kaleidoscope"},{"floor":44,"key":"PreservedInsect"},{"floor":49,"key":"Blood Vial"},{"floor":52,"key":"Chameleon Ring"},{"floor":54,"key":"testmod-BalancedPeriapt"}],"event_choices":[{"damage_healed":0.0,"max_hp_gain":0.0,"max_hp_loss":0.0,"gold_gain":0.0,"event_name":"给自己的盒子","player_choice":"Swap Relic","floor":2.0,"relics_lost":["Burning Blood"],"gold_loss":0.0,"damage_taken":0.0,"relics_obtained":["Shovel"]},{"damage_healed":0.0,"max_hp_gain":0.0,"max_hp_loss":0.0,"gold_gain":0.0,"event_name":"Upgrade Shrine","player_choice":"Upgraded","floor":5.0,"gold_loss":0.0,"damage_taken":0.0,"cards_upgraded":["Burning Pact"]},{"damage_healed":0,"gold_gain":0,"player_choice":"2 cards matched","damage_taken":0,"max_hp_gain":0,"max_hp_loss":0,"event_name":"Match and Keep!","floor":22,"gold_loss":0,"cards_obtained":["testmod-LimitFlipper","Fiend Fire"]},{"damage_healed":0,"gold_gain":0,"player_choice":"Fight","damage_taken":0,"max_hp_gain":0,"max_hp_loss":0,"event_name":"MindBloom","floor":39,"gold_loss":0},{"damage_healed":0,"gold_gain":0,"player_choice":"Max HP","damage_taken":0,"max_hp_gain":0,"max_hp_loss":4,"event_name":"Winding Halls","floor":46,"gold_loss":0},{"damage_healed":0,"gold_gain":0,"cards_transformed":["Strike_R"],"player_choice":"Transformed","damage_taken":0,"max_hp_gain":0,"max_hp_loss":0,"event_name":"Transmorgrifier","floor":48,"gold_loss":0,"cards_obtained":["Brutality"]}],"is_beta":false,"boss_relics":[{"not_picked":["Replay:Bronze Core","Honey Jar"],"picked":"aspiration:SecretTechniqueScroll"},{"not_picked":["testmod-Recursion","Kintsugi"],"picked":"testmod-IncinerationGenerator"}],"items_purged_floors":[19,45],"is_endless":false,"potions_floor_spawned":[1,10,11,14,20,23,27,28,31,33,35,37,39,40,44,54],"ascension_level":11}}