{"host":"kw4o7b3ro2ktmmbe","time":1610354791,"event":{"mods":["BaseMod","Evolution","Minty Spire (QoL Compilation)","StSLib","TheArtist"],"gold_per_floor":[115,115,126,51,65,65,99,99,99,114,129,129,129,204,204,309,309,319,319,30,480,491,491,491,491],"floor_reached":24,"playtime":997,"items_purged":["Pain"],"score":269,"play_id":"2868b82f-651c-425f-b08b-85ec87b8e6db","local_time":"20210111214631","is_ascension_mode":false,"campfire_choices":[{"data":"artistmod:RedRage","floor":8,"key":"SMITH"},{"data":"artistmod:BlueBrews","floor":12,"key":"SMITH"},{"floor":15,"key":"REST"},{"data":"artistmod:ReddeningRampage","floor":23,"key":"SMITH"}],"circlet_count":0,"master_deck":["artistmod:RedRage+1","artistmod:RedRage","artistmod:RedRage","artistmod:StrokeStrike","artistmod:DaringDefend","artistmod:DaringDefend","artistmod:DaringDefend","artistmod:DaringDefend","artistmod:BrushBash","artistmod:DarkenDrawing","artistmod:PaintballPelt+1","artistmod:PaintballPelt","artistmod:GloriousGallery","artistmod:RedRage","artistmod:BlueBrews+1","artistmod:ProfoundPurple","artistmod:ReddeningRampage+1"],"relics":["artistmod:BlueBrush","EVO:Axolotl","WarpedTongs","Bottled Flame","Vajra","Sozu","TungstenRod"],"acts_visited":["Exordium","TheCity"],"potions_floor_usage":[],"damage_taken":[{"damage":1.0,"enemies":"Jaw Worm","floor":1.0,"turns":2.0},{"damage":11.0,"enemies":"Cultist","floor":3.0,"turns":4.0},{"damage":5.0,"enemies":"Small Slimes","floor":5.0,"turns":3.0},{"damage":28.0,"enemies":"Gremlin Nob","floor":7.0,"turns":4.0},{"damage":8,"enemies":"Red Slaver","floor":10,"turns":2},{"damage":0,"enemies":"2 Fungi Beasts","floor":11,"turns":2},{"damage":0,"enemies":"Slime Boss","floor":16,"turns":6},{"damage":0,"enemies":"Spheric Guardian","floor":18,"turns":3},{"damage":4,"enemies":"Chosen","floor":22,"turns":3},{"damage":39,"enemies":"Shelled Parasite and Fungi","floor":24,"turns":3}],"seed_played":"-2971381563341551073","potions_obtained":[{"floor":3.0,"key":"Explosive Potion"},{"floor":5.0,"key":"Explosive Potion"},{"floor":7,"key":"Explosive Potion"},{"floor":11,"key":"LiquidBronze"}],"is_trial":false,"path_per_floor":["M","?","M","$","M","?","E","R","T","M","M","R","$","?","R","B",null,"M","?","$","?","M","R","M"],"character_chosen":"THE_ARTIST","items_purchased":["TungstenRod"],"campfire_rested":1,"item_purchase_floors":[20],"current_hp_per_floor":[77,77,66,66,61,61,33,33,33,25,25,25,25,14,37,37,78,78,78,78,38,34,34,0,0],"gold":491,"neow_bonus":"TEN_PERCENT_HP_BONUS","is_daily":false,"chose_seed":false,"campfire_upgraded":3,"win_rate":0.0,"timestamp":1610354791,"path_taken":["M","?","?","$","M","?","E","R","T","M","M","R","?","?","R","BOSS","M","?","$","?","M","R","?"],"items_purchased_type":["Relic"],"build_version":"2020-12-22","purchased_purges":1,"victory":false,"max_hp_per_floor":[78,78,78,78,78,78,78,78,78,78,78,78,78,78,78,78,78,78,78,78,78,78,78,78,78],"card_choices":[{"not_picked":["artistmod:BrownBrush","artistmod:ColorCopy","artistmod:SuperbSchooling"],"picked":"SKIP","floor":1.0},{"not_picked":["artistmod:IndigoIncapitation","artistmod:InsaneInspiration"],"picked":"artistmod:PaintballPelt","floor":3.0},{"not_picked":["artistmod:MagentaMadness","artistmod:DualDebuffs"],"picked":"artistmod:PaintballPelt","floor":5.0},{"not_picked":["artistmod:YellowYearning","artistmod:VibrantVision"],"picked":"artistmod:GloriousGallery","floor":7},{"not_picked":["artistmod:TreasureTrove","artistmod:CursedClash"],"picked":"artistmod:RedRage","floor":10},{"not_picked":["artistmod:YellowYearning","artistmod:MagentaMadness"],"picked":"artistmod:BlueBrews","floor":11},{"not_picked":["artistmod:YellowYouth","artistmod:ArtificialArt"],"picked":"artistmod:ProfoundPurple","floor":16},{"not_picked":["artistmod:CanvasCatapult","artistmod:ColorCopy","artistmod:RainbowReality"],"picked":"SKIP","floor":18},{"not_picked":["artistmod:DualDash","artistmod:DarkerDanger","artistmod:ClearChroma+1"],"picked":"SKIP","floor":22}],"player_experience":1839987,"relics_obtained":[{"floor":7,"key":"Bottled Flame"},{"floor":9,"key":"Vajra"}],"event_choices":[{"damage_healed":0.0,"max_hp_gain":0.0,"max_hp_loss":0.0,"gold_gain":0.0,"event_name":"Accursed Blacksmith","player_choice":"Rummage","floor":2.0,"gold_loss":0.0,"damage_taken":0.0,"relics_obtained":["WarpedTongs"],"cards_obtained":["Pain"]},{"damage_healed":0.0,"max_hp_gain":0.0,"max_hp_loss":0.0,"gold_gain":0.0,"event_name":"Upgrade Shrine","player_choice":"Upgraded","floor":6.0,"gold_loss":0.0,"damage_taken":0.0,"cards_upgraded":["artistmod:PaintballPelt"]},{"damage_healed":0,"gold_gain":75,"player_choice":"Gather Gold","damage_taken":11,"max_hp_gain":0,"max_hp_loss":0,"event_name":"World of Goop","floor":14,"gold_loss":0},{"damage_healed":0,"gold_gain":0,"player_choice":"Read","damage_taken":0,"max_hp_gain":0,"max_hp_loss":0,"event_name":"The Library","floor":19,"gold_loss":0,"cards_obtained":["artistmod:ReddeningRampage"]},{"damage_healed":0,"gold_gain":450,"player_choice":"GOLD GOLD GOLD GOLD GOLD ","damage_taken":46,"max_hp_gain":0,"max_hp_loss":0,"event_name":"Knowing Skull","floor":21,"potions_obtained":[],"gold_loss":0,"cards_obtained":[]}],"is_beta":false,"boss_relics":[{"not_picked":["Runic Dome","SacredBark"],"picked":"Sozu"}],"items_purged_floors":[4],"is_endless":false,"potions_floor_spawned":[3,5,7,11,18],"killed_by":"Shelled Parasite and Fungi","ascension_level":0}}