{"host":"zex3ujd3lwod1gma","time":1610395497,"event":{"mods":["BaseMod","Better Vampires","Better-Laid Plans","Custom Start","Minty Spire (QoL Compilation)","Quick Restart","Relic Stats","StSLib","[地精首领爬塔]The Maniac","篝火指南"],"gold_per_floor":[116,128,141,159,159,159,190,190,215,232,262,262,262,262,262,358,358,367,466,479,484,484,484,506,509,509,509,513,536,536,542,542,637,637,642,85,127,117,117],"floor_reached":38,"playtime":1757,"items_purged":["maniac:Strike"],"score":576,"play_id":"900a30e4-e83e-48ce-9dab-0b887d3f95d0","local_time":"20210112040457","is_ascension_mode":true,"campfire_choices":[{"data":"maniac:ShiftingShadows","floor":6.0,"key":"SMITH"},{"floor":8.0,"key":"REST"},{"data":"maniac:FoilArmor","floor":12.0,"key":"SMITH"},{"data":"maniac:Deal","floor":15.0,"key":"SMITH"},{"data":"maniac:Deal+1","floor":23.0,"key":"SMITH"},{"data":"maniac:Deal+2","floor":27.0,"key":"SMITH"},{"data":"maniac:Deal+3","floor":30.0,"key":"SMITH"},{"data":"maniac:Deal+4","floor":32.0,"key":"SMITH"}],"circlet_count":0,"master_deck":["maniac:Strike","maniac:Defend","maniac:Defend","maniac:Defend","maniac:BurnBlood","maniac:AbyssShackle","maniac:ShiftingShadows+1","maniac:RallyToMe","maniac:FoilArmor+1","maniac:Deal+5","maniac:DashForward","maniac:TwistedEddies","maniac:FanTheHammer","maniac:Retrospect+1","maniac:ExpectedMoves+1","maniac:Quickdraw+1","maniac:SpectralKnives+1"],"relics":["maniac:DamagedAnvil","maniac:BrokenHorn","Turnip","maniac:SmartDetector","Ancient Tea Set","Boot","Sozu","The Courier","Vajra","Astrolabe","Medical Kit","Art of War","Bag of Preparation","Omamori","Shovel"],"acts_visited":["Exordium","TheCity","TheBeyond"],"potions_floor_usage":[33],"damage_taken":[{"damage":2.0,"enemies":"2 Louse","floor":1.0,"turns":3.0},{"damage":0.0,"enemies":"Small Slimes","floor":2.0,"turns":3.0},{"damage":5.0,"enemies":"Cultist","floor":3.0,"turns":4.0},{"damage":6.0,"enemies":"3 Louse","floor":4.0,"turns":5.0},{"damage":33.0,"enemies":"Lagavulin","floor":7.0,"turns":7.0},{"damage":7.0,"enemies":"Blue Slaver","floor":10.0,"turns":4.0},{"damage":12.0,"enemies":"Gremlin Nob","floor":11.0,"turns":6.0},{"damage":0.0,"enemies":"Hexaghost","floor":16.0,"turns":7.0},{"damage":7.0,"enemies":"Shell Parasite","floor":18.0,"turns":5.0},{"damage":27.0,"enemies":"2 Thieves","floor":20.0,"turns":4.0},{"damage":2.0,"enemies":"Shelled Parasite and Fungi","floor":21.0,"turns":5.0},{"damage":0.0,"enemies":"Book of Stabbing","floor":24.0,"turns":3.0},{"damage":9.0,"enemies":"Snecko","floor":25.0,"turns":5.0},{"damage":2.0,"enemies":"Cultist and Chosen","floor":28.0,"turns":5.0},{"damage":16.0,"enemies":"Gremlin Leader","floor":29.0,"turns":5.0},{"damage":6.0,"enemies":"Shelled Parasite and Fungi","floor":31.0,"turns":4.0},{"damage":0,"enemies":"Automaton","floor":33,"turns":9},{"damage":6,"enemies":"3 Shapes","floor":35,"turns":7},{"damage":24,"enemies":"2 Orb Walkers","floor":37,"turns":4},{"damage":4,"enemies":"3 Darklings","floor":38,"turns":4}],"seed_played":"1132532267925027789","potions_obtained":[{"floor":2.0,"key":"SneckoOil"},{"floor":4.0,"key":"Strength Potion"},{"floor":11.0,"key":"Fire Potion"}],"is_trial":false,"path_per_floor":["M","M","M","M","?","R","E","R","T","M","E","R","?","?","R","B",null,"M","?","M","M","?","R","E","M","T","R","M","E","R","M","R","B",null,"M","$","?","M"],"character_chosen":"THE_MANIAC","items_purchased":["Medical Kit","Art of War","Bag of Preparation","Omamori"],"campfire_rested":1,"item_purchase_floors":[36,36,36,36],"current_hp_per_floor":[54,54,49,43,36,36,3,27,27,20,8,8,13,13,13,13,85,78,78,51,49,43,43,43,34,34,34,32,16,16,10,10,10,85,79,79,55,51,51],"gold":117,"neow_bonus":"ONE_RARE_RELIC","is_daily":false,"chose_seed":false,"campfire_upgraded":7,"win_rate":0.0,"timestamp":1610395497,"path_taken":["M","M","M","M","?","R","E","R","T","M","E","R","?","?","R","BOSS","M","?","M","M","?","R","E","M","T","R","M","E","R","?","R","BOSS","M","$","?","M"],"items_purchased_type":["Relic","Relic","Relic","Relic"],"build_version":"2020-12-22","purchased_purges":1,"victory":false,"max_hp_per_floor":[80,80,80,80,80,80,80,80,80,80,80,80,85,85,85,85,85,85,85,85,85,85,85,85,85,85,85,85,85,85,85,85,85,85,85,85,85,85,85],"relic_stats":{"Sozu":5,"Shovel":0,"counters":[20,99],"Astrolabe":["maniac:Retrospect","maniac:ExpectedMoves","maniac:Quickdraw"],"Turnip":[3],"Art of War":[3],"Bag of Preparation":[4],"Boot":[12],"Medical Kit":[3],"obtain_stats":[{"maniac:DamagedAnvil":0,"maniac:SmartDetector":7,"Astrolabe":34,"Vajra":29,"The Courier":24,"Bag of Preparation":36,"Omamori":36,"Ancient Tea Set":9,"Boot":11,"Medical Kit":36,"Sozu":17,"maniac:BrokenHorn":0,"Shovel":37,"Turnip":0,"Art of War":36},{"maniac:DamagedAnvil":0,"maniac:SmartDetector":5,"Astrolabe":17,"Vajra":15,"The Courier":12,"Bag of Preparation":18,"Omamori":18,"Ancient Tea Set":5,"Boot":7,"Medical Kit":18,"Sozu":8,"maniac:BrokenHorn":0,"Shovel":19,"Turnip":0,"Art of War":18},{"maniac:DamagedAnvil":0,"maniac:SmartDetector":22,"Astrolabe":84,"Vajra":71,"The Courier":56,"Bag of Preparation":91,"Omamori":91,"Ancient Tea Set":22,"Boot":32,"Medical Kit":91,"Sozu":39,"maniac:BrokenHorn":0,"Shovel":95,"Turnip":0,"Art of War":91}]},"card_choices":[{"not_picked":["maniac:BladesInCloak","maniac:UntravelledPath"],"picked":"maniac:ShiftingShadows","floor":1.0},{"not_picked":["maniac:FindAShortcut","maniac:WardAndDefend","maniac:ShiftingShadows"],"picked":"SKIP","floor":2.0},{"not_picked":["maniac:MortalSteel","maniac:SpectralKnives"],"picked":"maniac:RallyToMe","floor":3.0},{"not_picked":["maniac:SpectralKnives","maniac:BladesInCloak","maniac:ShelteringEdge"],"picked":"SKIP","floor":4.0},{"not_picked":["maniac:Confront","maniac:Refine"],"picked":"maniac:FoilArmor","floor":7.0},{"not_picked":["maniac:WardAndDefend","maniac:BladeArtist","maniac:MeleeStrike"],"picked":"SKIP","floor":10.0},{"not_picked":["maniac:BladesInCloak","maniac:FindAShortcut"],"picked":"maniac:Deal","floor":11.0},{"not_picked":["maniac:Exterminator","maniac:UndyingDesire"],"picked":"maniac:DashForward","floor":18.0},{"not_picked":["maniac:BladeShoot","maniac:Intimidate","maniac:WardAndDefend"],"picked":"SKIP","floor":20.0},{"not_picked":["maniac:ListenToNone","maniac:MeleeStrike","maniac:Whirlscythe"],"picked":"SKIP","floor":21.0},{"not_picked":["maniac:ExceedEnchantment","maniac:MeleeStrike","maniac:WitnessTrueSorcery"],"picked":"SKIP","floor":24.0},{"not_picked":["maniac:UndyingDesire","maniac:ShelteringEdge","maniac:BladeShoot"],"picked":"SKIP","floor":25.0},{"not_picked":["maniac:UntravelledPath","maniac:BladeEnd","maniac:ObscuredAttack"],"picked":"SKIP","floor":28.0},{"not_picked":["maniac:Confront","maniac:UntravelledPath"],"picked":"maniac:TwistedEddies","floor":29.0},{"not_picked":["maniac:BladeArtist","maniac:Lacerate","maniac:WardAndDefend"],"picked":"SKIP","floor":31.0},{"not_picked":["maniac:Deal","maniac:Trap"],"picked":"maniac:FanTheHammer","floor":33},{"not_picked":["maniac:BladesInCloak+1","maniac:UntravelledPath+1"],"picked":"maniac:SpectralKnives+1","floor":35}],"player_experience":1248818,"relics_obtained":[{"floor":7.0,"key":"maniac:SmartDetector"},{"floor":9.0,"key":"Ancient Tea Set"},{"floor":11.0,"key":"Boot"},{"floor":24.0,"key":"The Courier"},{"floor":29.0,"key":"Vajra"},{"floor":37,"key":"Shovel"}],"event_choices":[{"cards_removed":["maniac:Defend"],"damage_healed":0.0,"max_hp_gain":0.0,"max_hp_loss":0.0,"gold_gain":0.0,"event_name":"Golden Wing","player_choice":"Card Removal","floor":5.0,"gold_loss":0.0,"damage_taken":7.0},{"damage_healed":0.0,"max_hp_gain":5.0,"max_hp_loss":0.0,"gold_gain":0.0,"event_name":"Big Fish","player_choice":"Donut","floor":13.0,"gold_loss":0.0,"damage_taken":0.0},{"damage_healed":0.0,"max_hp_gain":0.0,"max_hp_loss":0.0,"gold_gain":0.0,"event_name":"Scrap Ooze","player_choice":"Fled","floor":14.0,"gold_loss":0.0,"damage_taken":0.0},{"damage_healed":0.0,"max_hp_gain":0.0,"max_hp_loss":0.0,"gold_gain":99.0,"event_name":"Nest","player_choice":"Stole From Cult","floor":19.0,"gold_loss":0.0,"damage_taken":0.0},{"damage_healed":0.0,"max_hp_gain":0.0,"max_hp_loss":0.0,"gold_gain":0.0,"event_name":"Knowing Skull","player_choice":"","floor":22.0,"potions_obtained":[],"gold_loss":0.0,"damage_taken":6.0,"cards_obtained":[]},{"damage_healed":0,"gold_gain":0,"player_choice":"Fight","damage_taken":0,"max_hp_gain":0,"max_hp_loss":0,"event_name":"Mysterious Sphere","floor":37,"gold_loss":0}],"is_beta":false,"boss_relics":[{"not_picked":["Velvet Choker","SlaversCollar"],"picked":"Sozu"},{"not_picked":["Calling Bell","Black Star"],"picked":"Astrolabe"}],"items_purged_floors":[36],"is_endless":false,"potions_floor_spawned":[2,4,11,18,20,28,29,37],"killed_by":"3 Darklings","ascension_level":1}}