{"host":"pa65g39v0cwbmgvo","time":1610374595,"event":{"mods":["2.2 Compatiblity","ATMod(°¢èªMod)","BaseMod","Better Skull","Better Third Choice","BetterRewards","Dota2Spire","Minty Spire (QoL Compilation)","Quick Restart","Replay The Spire","Spicy Shops","StSLib","SuperFastMode","¡¾ÒÅÎï¿¨ÅÆ¡¿REMEMod"],"gold_per_floor":[130,159,159,186,286,337,337,357,357,401,429,453,471,506,506,617,617,638,663,698,733,779,820,820,855,855,899,629,649,687,687,687,809,809,827,858,886,916,948,979,1022,139,191,215,262,262,289,289,289,321,321,321,9,61,159],"floor_reached":56,"playtime":1812,"items_purged":["Strike_R","Strike_R","Strike_R","True Grit+1"],"score":2294,"play_id":"99d56228-80ea-4510-ab93-7694b135eaa9","local_time":"20210111221635","is_ascension_mode":true,"campfire_choices":[{"data":"True Grit","floor":7,"key":"SMITH"},{"floor":15,"key":"RECALL"},{"data":"Brutality","floor":24,"key":"SMITH"},{"data":"Dropkick","floor":32,"key":"SMITH"},{"floor":49,"key":"DIG"},{"data":"Bash","floor":52,"key":"SMITH"}],"circlet_count":0,"master_deck":["Strike_R","Strike_R","Defend_R+1","Defend_R+1","Defend_R+1","Bash+1","Strike_R","Body Slam+1","AT_FamilyPortrait+1","AT_BodySlamDance+1","True Grit+1","Brutality+1","REME_Fury+1","Shrug It Off+1","Entrench+1","Dropkick+1","Limit Break+1","Entrench+1"],"relics":["Burning Blood","REME_ComplimentaryCards","AT_ATBox","Kunai","Replay:Bandana","REME_CardOfGreed","DollysMirror","Dota2Spire:CrimsonGuard","Mango","Replay:Bottled Snecko","Ice Cream","AT_BellDemon","Calipers","AT_SeraphEmbrace","Lizard Tail","Dota2Spire:LinkenSphere","Replay:Bottled Eggs","Gremlin Food","Matryoshka","Dream Catcher","Strawberry","Turnip","AT_RedNoBalance","AT_ForceNature","AT_BellowingDragoncrestRing","BranchBurnRelic","AT_DeathDance","Coffee Dripper","REME_LimitBreaker","WingedGreaves","Akabeko","Replay:Baseball","Red Mask","Replay:Rubber Ducky","Dota2Spire:OrchidMalevolence","Replay:Towering Pillar of Hats","Toxic Egg 2","Dota2Spire:Desolator","REME_HourglassOfDeath","Art of War","Magic Flower","Centennial Puzzle","Garlic","War Paint","Dota2Spire:BladeMail","Philosopher\u0027s Stone","Replay:Accelerometer","Dota2Spire:MantaStyle","Dota2Spire:MaskOfMadness","TungstenRod","Replay:Multitool","Blue Doll","Dota2Spire:OctarineCore","Dota2Spire:PhaseBoots","Dota2Spire:Mjollnir","Dota2Spire:PowerTreads","Medical Kit","ClockworkSouvenir","Meat on the Bone","Pet Ghost","Sundial","Dota2Spire:EtherealBlade","AT_TimeSand","Ancient Tea Set","Replay:Ringing Soul","CaptainsWheel","Pen Nib","Dota2Spire:MonkeyKingBar"],"acts_visited":["Exordium","TheCity","TheBeyond","TheEnding"],"potions_floor_usage":[14,14,23,27,55,55],"damage_taken":[{"damage":2,"enemies":"Jaw Worm","floor":1,"turns":3},{"damage":0,"enemies":"Cultist","floor":2,"turns":2},{"damage":0,"enemies":"Small Slimes","floor":4,"turns":3},{"damage":8,"enemies":"3 Sentries","floor":6,"turns":4},{"damage":0,"enemies":"2 Fungi Beasts","floor":8,"turns":2},{"damage":0,"enemies":"Lagavulin","floor":10,"turns":3},{"damage":7,"enemies":"Large Slime","floor":11,"turns":3},{"damage":9,"enemies":"Blue Slaver","floor":12,"turns":2},{"damage":0,"enemies":"2 Fungi Beasts","floor":13,"turns":2},{"damage":0,"enemies":"3 Sentries","floor":14,"turns":4},{"damage":0,"enemies":"Slime Boss","floor":16,"turns":4},{"damage":0,"enemies":"Spheric Guardian","floor":18,"turns":1},{"damage":5,"enemies":"3 Byrds","floor":19,"turns":3},{"damage":1,"enemies":"Cultist and Chosen","floor":20,"turns":4},{"damage":2,"enemies":"3 Cultists","floor":21,"turns":3},{"damage":2,"enemies":"Masked Bandits","floor":22,"turns":3},{"damage":4,"enemies":"Gremlin Leader","floor":23,"turns":2},{"damage":1,"enemies":"Replay:Snechameleon","floor":25,"turns":2},{"damage":0,"enemies":"Slavers","floor":27,"turns":1},{"damage":1,"enemies":"Shelled Parasite and Fungi","floor":29,"turns":2},{"damage":1,"enemies":"Centurion and Healer","floor":30,"turns":2},{"damage":1,"enemies":"Collector","floor":33,"turns":2},{"damage":1,"enemies":"Orb Walker","floor":35,"turns":2},{"damage":1,"enemies":"3 Darklings","floor":36,"turns":2},{"damage":1,"enemies":"4 Shapes","floor":37,"turns":2},{"damage":1,"enemies":"Writhing Mass","floor":38,"turns":2},{"damage":0,"enemies":"Jaw Worm Horde","floor":39,"turns":2},{"damage":0,"enemies":"3 Darklings","floor":40,"turns":2},{"damage":0,"enemies":"R_Hoarder","floor":41,"turns":2},{"damage":0,"enemies":"Maw","floor":44,"turns":1},{"damage":0,"enemies":"Giant Head","floor":45,"turns":2},{"damage":0,"enemies":"Jaw Worm Horde","floor":47,"turns":1},{"damage":0,"enemies":"Time Eater","floor":50,"turns":3},{"damage":8,"enemies":"Shield and Spear","floor":54,"turns":2},{"damage":7,"enemies":"The Heart","floor":55,"turns":4}],"seed_played":"-736951782774235320","potions_obtained":[{"floor":1,"key":"Regen Potion"},{"floor":10,"key":"Fruit Juice"},{"floor":13,"key":"Explosive Potion"},{"floor":16,"key":"Swift Potion"},{"floor":18,"key":"SpeedPotion"},{"floor":25,"key":"Dexterity Potion"},{"floor":29,"key":"Death Potion"}],"is_trial":false,"path_per_floor":["M","M","?","M","?","E","R","M","T","E","M","M","M","E","R","B",null,"M","M","M","M","?","E","R","E","T","E","$","M","M","?","R","B",null,"M","M","M","M","M","M","E","$","T","M","E","?","M","?","R","B",null,"R","$","E","B",null],"character_chosen":"IRONCLAD","items_purchased":["Kunai","Replay:Bandana","REME_CardOfGreed","DollysMirror","Dota2Spire:CrimsonGuard","Body Slam","Replay:Bottled Snecko","Ice Cream","AT_BellDemon","Calipers","Centennial Puzzle","Dota2Spire:Mjollnir","Dota2Spire:PowerTreads","Medical Kit","ClockworkSouvenir","CaptainsWheel"],"campfire_rested":0,"item_purchase_floors":[0,0,0,0,0,0,0,0,0,0,28,42,42,42,42,53],"current_hp_per_floor":[94,94,94,94,94,92,92,94,94,94,100,97,101,73,73,94,106,106,106,106,106,106,106,106,106,106,106,106,106,106,106,106,106,106,106,106,106,106,106,106,106,106,106,106,106,106,106,101,101,101,101,101,101,104,104],"gold":159,"neow_bonus":"","is_daily":false,"chose_seed":false,"campfire_upgraded":4,"win_rate":0.0,"timestamp":1610374595,"path_taken":["M","M","?","?","?","E","R","M","T","E","M","M","?","E","R","BOSS","M","M","M","M","?","E","R","E","T","E","$","M","M","?","R","BOSS","M","M","M","M","M","M","E","$","T","M","E","?","M","?","R","BOSS","R","$","E","BOSS"],"items_purchased_type":["Relic","Relic","Relic","Relic","Relic","Card","Relic","Relic","Relic","Relic","Relic","Relic","Relic","Relic","Relic","Relic"],"build_version":"2020-12-22","purchased_purges":4,"victory":true,"max_hp_per_floor":[94,94,94,94,94,94,94,94,94,94,101,101,101,106,106,106,106,106,106,106,106,106,106,106,106,106,106,106,106,106,106,106,106,106,106,106,106,106,106,106,106,106,106,106,106,106,106,101,101,101,101,101,101,104,104],"card_choices":[{"not_picked":["AT_IchimonjiDouble","Flex","Perfected Strike"],"picked":"SKIP","floor":1},{"not_picked":["Run Through","Flex"],"picked":"AT_BodySlamDance","floor":2},{"not_picked":["Massacre","Warcry","Sentinel"],"picked":"SKIP","floor":4},{"not_picked":["Replay:Undeath\u0027s Touch","Feed"],"picked":"True Grit","floor":6},{"not_picked":["AT_GerminateFire","Cleave","Uppercut"],"picked":"SKIP","floor":8},{"not_picked":["Second Wind","Combust","Blood for Blood"],"picked":"SKIP","floor":10},{"not_picked":["Seeing Red","Armaments","Clothesline"],"picked":"SKIP","floor":11},{"not_picked":["True Grit","Warcry","Wild Strike"],"picked":"SKIP","floor":12},{"not_picked":["Replay:Undeath\u0027s Touch","ReplayTheSpireMod:LeadingStrike","True Grit"],"picked":"SKIP","floor":13},{"not_picked":["REME_Cut","Armaments","Ghostly Armor"],"picked":"SKIP","floor":14},{"not_picked":["AT_Dispersion","Corruption"],"picked":"Brutality","floor":16},{"not_picked":["ReplayTheSpireMod:Strike From Hell","Run Through","Abandon"],"picked":"SKIP","floor":18},{"not_picked":["Defy Death+1","REME_FearOfPain","Battle Trance"],"picked":"SKIP","floor":19},{"not_picked":["Cleave","Replay:Undeath\u0027s Touch","Bloodletting"],"picked":"SKIP","floor":20},{"not_picked":["Wild Strike","Thunderclap"],"picked":"True Grit+1","floor":21},{"not_picked":["ReplayTheSpireMod:LeadingStrike+1","Warcry","Power Through"],"picked":"SKIP","floor":23},{"not_picked":["AT_BodySlamDance+1","Double Tap+1"],"picked":"REME_Fury+1","floor":25},{"not_picked":["Demon Form","Second Wind+1"],"picked":"Shrug It Off+1","floor":27},{"not_picked":["Fire Breathing","ReplayReversal+1"],"picked":"Entrench+1","floor":29},{"not_picked":["Replay:Undeath\u0027s Touch","Twin Strike","Clothesline"],"picked":"SKIP","floor":30},{"not_picked":["Double Tap+1","Bludgeon"],"picked":"Limit Break+1","floor":33},{"not_picked":["AT_CaressingTears+1","Feel No Pain","ReplayTheSpireMod:Corrosion Curse+1"],"picked":"SKIP","floor":35},{"not_picked":["Anger","Body Slam","AT_IchimonjiDouble"],"picked":"SKIP","floor":36},{"not_picked":["Thunderclap+1","Anger+1","Cleave"],"picked":"SKIP","floor":37},{"not_picked":["Clash","Rampage","Armaments+1"],"picked":"SKIP","floor":38},{"not_picked":["True Grit+1","Rage+1","Sword Boomerang+1"],"picked":"SKIP","floor":39},{"not_picked":["Armaments+1","Anger+1","REME_Scribble+1"],"picked":"SKIP","floor":40},{"not_picked":["Havoc+1","Feed","Clash"],"picked":"SKIP","floor":41},{"not_picked":["Armaments+1","Thunderclap","REME_Scribble+1"],"picked":"SKIP","floor":44},{"not_picked":["Corruption","Headbutt+1","Cleave"],"picked":"SKIP","floor":45},{"not_picked":["Sentinel+1","Shrug It Off+1","AT_BodySlamDance+1"],"picked":"SKIP","floor":47},{"not_picked":["Warcry+1","Power Through+1"],"picked":"Entrench+1","floor":54}],"player_experience":63778,"relics_obtained":[{"floor":2,"key":"AT_ArchangelStaff"},{"floor":4,"key":"Lizard Tail"},{"floor":6,"key":"Dota2Spire:LinkenSphere"},{"floor":6,"key":"Replay:Bottled Eggs"},{"floor":8,"key":"Gremlin Food"},{"floor":9,"key":"Matryoshka"},{"floor":10,"key":"Dead Branch"},{"floor":10,"key":"Dream Catcher"},{"floor":11,"key":"Strawberry"},{"floor":12,"key":"Turnip"},{"floor":13,"key":"AT_SilverBalance"},{"floor":14,"key":"AT_ForceNature"},{"floor":14,"key":"AT_BellowingDragoncrestRing"},{"floor":16,"key":"AT_DeathDance"},{"floor":18,"key":"REME_LimitBreaker"},{"floor":19,"key":"WingedGreaves"},{"floor":20,"key":"Akabeko"},{"floor":21,"key":"Replay:Baseball"},{"floor":22,"key":"Red Mask"},{"floor":22,"key":"Replay:Rubber Ducky"},{"floor":23,"key":"Dota2Spire:OrchidMalevolence"},{"floor":23,"key":"Replay:Towering Pillar of Hats"},{"floor":25,"key":"Toxic Egg 2"},{"floor":25,"key":"Dota2Spire:Desolator"},{"floor":26,"key":"REME_HourglassOfDeath"},{"floor":27,"key":"Art of War"},{"floor":27,"key":"Magic Flower"},{"floor":29,"key":"Garlic"},{"floor":30,"key":"War Paint"},{"floor":33,"key":"Dota2Spire:BladeMail"},{"floor":35,"key":"Replay:Accelerometer"},{"floor":36,"key":"Dota2Spire:MantaStyle"},{"floor":37,"key":"Dota2Spire:MaskOfMadness"},{"floor":38,"key":"TungstenRod"},{"floor":39,"key":"Replay:Multitool"},{"floor":40,"key":"Blue Doll"},{"floor":41,"key":"Dota2Spire:OctarineCore"},{"floor":41,"key":"Dota2Spire:PhaseBoots"},{"floor":43,"key":"Meat on the Bone"},{"floor":43,"key":"Pet Ghost"},{"floor":44,"key":"Sundial"},{"floor":45,"key":"Dota2Spire:EtherealBlade"},{"floor":45,"key":"AT_TimeSand"},{"floor":47,"key":"Ancient Tea Set"},{"floor":49,"key":"Replay:Ringing Soul"},{"floor":54,"key":"Pen Nib"},{"floor":54,"key":"Dota2Spire:MonkeyKingBar"}],"event_choices":[{"damage_healed":0,"gold_gain":0,"player_choice":"Forge","damage_taken":0,"max_hp_gain":0,"max_hp_loss":0,"event_name":"Accursed Blacksmith","floor":3,"gold_loss":0,"cards_upgraded":["Body Slam"]},{"damage_healed":0,"gold_gain":100,"player_choice":"Pray","damage_taken":0,"max_hp_gain":0,"max_hp_loss":0,"event_name":"Golden Shrine","floor":5,"gold_loss":0},{"damage_healed":0,"gold_gain":0,"player_choice":"Fought Bandits","damage_taken":0,"max_hp_gain":0,"max_hp_loss":0,"event_name":"Masked Bandits","floor":22,"gold_loss":0},{"damage_healed":0,"gold_gain":0,"player_choice":"Read","damage_taken":0,"max_hp_gain":0,"max_hp_loss":0,"event_name":"The Library","floor":31,"gold_loss":0,"cards_obtained":["Dropkick"]},{"cards_removed":["Defend_R"],"damage_healed":0,"gold_gain":0,"player_choice":"Removed Skill","damage_taken":0,"max_hp_gain":0,"max_hp_loss":0,"event_name":"Falling","floor":46,"gold_loss":0},{"damage_healed":0,"gold_gain":0,"player_choice":"Max HP","damage_taken":0,"max_hp_gain":0,"max_hp_loss":5,"event_name":"Winding Halls","floor":48,"gold_loss":0}],"is_beta":false,"boss_relics":[{"not_picked":["Cursed Key","SlaversCollar"],"picked":"Coffee Dripper"},{"not_picked":["Abe\u0027s Treasure","Astrolabe"],"picked":"Philosopher\u0027s Stone"}],"items_purged_floors":[0,0,28,42],"is_endless":false,"potions_floor_spawned":[1,10,13,16,18,19,25,29,30,35,38,41,47,54],"ascension_level":3}}