{"host":"eeuhgv8goqdjv4ip","time":1610357162,"event":{"mods":["2.2 Compatiblity","AchievementEnabler","BaseMod","Challenge The Spire","Colored Map","Colored Powertips","Conspire","Custom Start","Dark Map","Hubris","Infinite Spire","Marisa????????","Minty Spire (QoL Compilation)","Permanent Neow","Quick Restart","Replay The Spire","SIMod","StSLib","The Animator","The Saiyan","The Servant 0.9.4","The Wild Card"],"gold_per_floor":[88,100,117,131,153,179,179,42,65,65,65,75,75,86,86,86,86],"floor_reached":16,"playtime":1450,"items_purged":[],"score":153,"play_id":"27acf09e-3d03-4645-a520-fb871d1a4533","local_time":"20210111052602","is_ascension_mode":true,"campfire_choices":[{"data":"Saiyan:Taunt","floor":11,"key":"SMITH"},{"data":"Saiyan:SuperSaiyanForm","floor":13,"key":"SMITH"},{"data":"Saiyan:TurtleShell","floor":15,"key":"SMITH"}],"circlet_count":0,"master_deck":["Saiyan:UltraInstinct+1","Saiyan:UltraInstinct+1","Saiyan:UltraInstinct+1","Saiyan:SAIYA_Defend","Saiyan:SAIYA_Defend","Saiyan:SAIYA_Defend","Saiyan:SAIYA_Strike","Saiyan:SAIYA_Strike","Saiyan:SAIYA_Strike","Saiyan:SAIYA_Strike","Saiyan:SAIYA_Strike","Saiyan:KiExplosion","Saiyan:PowerStance","Saiyan:BigBangAttack","Saiyan:FingerParry","Saiyan:Taunt+1","Saiyan:UltraInstinct+1","Flash of Steel","Saiyan:KiExplosion","Pot Of Greed","Pot Of Greed","Saiyan:SuperSaiyanForm+1","Saiyan:TurtleShell+1"],"relics":["SaiyanSoul","SaiyanHeart","Replay:Bottled Eggs","WingedGreaves","Replay:Wax Seal","Grinning Jar","infinitespire:CursedDice"],"acts_visited":["Exordium"],"potions_floor_usage":[6,16],"damage_taken":[{"damage":5,"enemies":"conspire:RoseBush","floor":1,"turns":4},{"damage":0,"enemies":"2 Louse","floor":2,"turns":2},{"damage":1,"enemies":"Small Slimes","floor":3,"turns":4},{"damage":13,"enemies":"Blue Slaver","floor":4,"turns":3},{"damage":18,"enemies":"Gremlin Nob","floor":6,"turns":5},{"damage":0,"enemies":"Red Slaver","floor":12,"turns":4},{"damage":0,"enemies":"Exordium Thugs","floor":14,"turns":6},{"damage":12,"enemies":"The Guardian","floor":16,"turns":11}],"seed_played":"7015720725255003555","potions_obtained":[{"floor":1,"key":"Weak Potion"},{"floor":2,"key":"Ancient Potion"},{"floor":3,"key":"Weak Potion"}],"is_trial":true,"path_per_floor":["M","M","M","M","?","E","?","$","T","?","R","M","R","M","R","B"],"character_chosen":"SAIYAJIN","items_purchased":["Flash of Steel","Saiyan:KiExplosion"],"campfire_rested":0,"item_purchase_floors":[8,8],"current_hp_per_floor":[56,56,56,43,19,3,8,8,8,8,8,11,11,12,12,0,0],"gold":86,"neow_bonus":"","is_daily":false,"chose_seed":false,"campfire_upgraded":3,"win_rate":0.0,"timestamp":1610357162,"path_taken":["M","M","M","M","?","E","?","$","T","?","R","M","R","M","R","BOSS"],"items_purchased_type":["Card","Card"],"build_version":"2020-12-22","purchased_purges":0,"victory":false,"max_hp_per_floor":[61,61,62,62,62,64,69,69,69,69,69,72,72,73,73,73,73],"card_choices":[{"not_picked":["Saiyan:Afterimage","Saiyan:DragonFist"],"picked":"Saiyan:KiExplosion","floor":1},{"not_picked":["Saiyan:SpiritSword","Saiyan:ReverberatingForce"],"picked":"Saiyan:PowerStance","floor":2},{"not_picked":["Saiyan:BackAttack","Saiyan:Planning"],"picked":"Saiyan:BigBangAttack","floor":3},{"not_picked":["Saiyan:Quickening","Saiyan:Overexert"],"picked":"Saiyan:FingerParry","floor":4},{"not_picked":["Saiyan:TurtleShell","Saiyan:PowerUp"],"picked":"Saiyan:Taunt","floor":5},{"not_picked":["Saiyan:TurtleShell","Saiyan:Teleport"],"picked":"Saiyan:UltraInstinct","floor":6},{"not_picked":["Saiyan:BurningSoul","Saiyan:SaiyanHubris"],"picked":"Saiyan:SuperSaiyanForm","floor":12},{"not_picked":["Saiyan:Makankosappo","Saiyan:Scouter"],"picked":"Saiyan:TurtleShell","floor":14}],"player_experience":478959,"relics_obtained":[{"floor":5,"key":"WingedGreaves"},{"floor":6,"key":"Replay:Wax Seal"},{"floor":9,"key":"Grinning Jar"},{"floor":10,"key":"infinitespire:CursedDice"}],"event_choices":[{"damage_healed":0,"gold_gain":0,"player_choice":"Donut","damage_taken":0,"max_hp_gain":5,"max_hp_loss":0,"event_name":"Big Fish","floor":7,"gold_loss":0},{"damage_healed":0,"gold_gain":0,"player_choice":"Relic","damage_taken":0,"max_hp_gain":0,"max_hp_loss":0,"event_name":"Wheel of Change","floor":10,"gold_loss":0}],"is_beta":false,"boss_relics":[],"items_purged_floors":[],"is_endless":false,"potions_floor_spawned":[1,2,3],"killed_by":"The Guardian","ascension_level":5}}