{"host":"2hea6pl5vmah38iy","time":1610396752,"event":{"mods":["AchievementEnabler","BaseMod","Colored Map","DeckTracker","Keyboard Shortcuts","Minty Spire (QoL Compilation)","Rare Cards Sparkle","StSLib","SuperFastMode","everything is the same but u backflip on backflip"],"gold_per_floor":[119,134,153,29,29,29,29,45,45,120,150,150,150,171,171,260,260,279,279,96,96,112,112,133,157,157,157,157,157],"floor_reached":28,"playtime":1023,"items_purged":["Clumsy","Distraction"],"score":385,"play_id":"cb70a018-d658-4210-9665-4d61b1565d6a","local_time":"20210112052552","is_ascension_mode":true,"campfire_choices":[{"data":"Neutralize","floor":7.0,"key":"SMITH"},{"floor":12,"key":"REST"},{"data":"Malaise","floor":15,"key":"SMITH"},{"data":"Concentrate","floor":23,"key":"SMITH"}],"circlet_count":0,"master_deck":["AscendersBane","Survivor","Neutralize+1","Dagger Spray","Masterful Stab","Poisoned Stab","Reflex+1","Bane","Dagger Throw","Malaise+1","Underhanded Strike","A Thousand Cuts","Reflex","Setup","Dodge and Roll","Deadly Poison","Deadly Poison","Concentrate+1","Flash of Steel","Flash of Steel","Calculated Gamble"],"relics":["Ring of the Snake","Dream Catcher","Darkstone Periapt","Golden Idol","Pandora\u0027s Box","Singing Bowl"],"acts_visited":["Exordium","TheCity"],"potions_floor_usage":[27],"damage_taken":[{"damage":5.0,"enemies":"Jaw Worm","floor":1.0,"turns":6.0},{"damage":6.0,"enemies":"Cultist","floor":2.0,"turns":3.0},{"damage":4.0,"enemies":"Small Slimes","floor":3.0,"turns":3.0},{"damage":0.0,"enemies":"2 Fungi Beasts","floor":8.0,"turns":2.0},{"damage":12,"enemies":"Lagavulin","floor":11,"turns":6},{"damage":11,"enemies":"Looter","floor":14,"turns":2},{"damage":14,"enemies":"The Guardian","floor":16,"turns":14},{"damage":14,"enemies":"Spheric Guardian","floor":18,"turns":4},{"damage":0,"enemies":"Chosen","floor":22,"turns":4},{"damage":11,"enemies":"Sentry and Sphere","floor":24,"turns":3},{"damage":11,"enemies":"3 Cultists","floor":25,"turns":5},{"damage":0,"enemies":"Chosen and Byrds","floor":27,"turns":1},{"damage":6,"enemies":"Shelled Parasite and Fungi","floor":28,"turns":3}],"seed_played":"-6687580296620648370","potions_obtained":[{"floor":1.0,"key":"SmokeBomb"},{"floor":3.0,"key":"Ancient Potion"},{"floor":8.0,"key":"Explosive Potion"},{"floor":16,"key":"DuplicationPotion"}],"is_trial":false,"path_per_floor":["M","M","M","$","?","?","R","M","T","?","E","R","?","M","R","B",null,"M","?","$","?","M","R","M","M","T","M","M"],"character_chosen":"THE_SILENT","items_purchased":["Bane","Flash of Steel"],"campfire_rested":1,"item_purchase_floors":[4,20],"current_hp_per_floor":[54,48,44,44,37,37,37,37,37,26,14,33,33,22,22,8,47,33,33,33,33,33,33,22,11,11,11,5,5],"gold":157,"neow_bonus":"TRANSFORM_TWO_CARDS","is_daily":false,"chose_seed":false,"campfire_upgraded":3,"win_rate":0.0,"timestamp":1610396752,"path_taken":["M","M","M","$","?","?","R","?","T","?","E","R","?","M","R","BOSS","M","?","$","?","M","R","M","M","T","M","?"],"items_purchased_type":["Card","Card"],"build_version":"2020-12-22","purchased_purges":2,"victory":false,"max_hp_per_floor":[66,66,66,66,66,66,66,66,66,66,66,66,60,60,60,60,60,60,60,60,60,60,60,60,60,60,60,60,60],"card_choices":[{"not_picked":["Outmaneuver","Dodge and Roll"],"picked":"Poisoned Stab","floor":1.0},{"not_picked":["Sucker Punch","PiercingWail"],"picked":"Reflex","floor":2.0},{"not_picked":["Deflect","Quick Slash","Infinite Blades"],"picked":"SKIP","floor":3.0},{"not_picked":["Poisoned Stab","Quick Slash"],"picked":"Dagger Throw","floor":8.0},{"not_picked":["Outmaneuver","Cloak And Dagger"],"picked":"Malaise","floor":11},{"not_picked":["Accuracy","Bane"],"picked":"Underhanded Strike","floor":14},{"not_picked":["Unload","Doppelganger"],"picked":"A Thousand Cuts","floor":16},{"not_picked":["Slice+1","Bane"],"picked":"Concentrate","floor":18},{"not_picked":["Deflect","All Out Attack+1","Quick Slash"],"picked":"SKIP","floor":22},{"not_picked":["Deflect","All Out Attack+1","Quick Slash"],"picked":"SKIP","floor":22},{"not_picked":["Bane+1","Poisoned Stab"],"picked":"Calculated Gamble","floor":24},{"not_picked":["Bane","Flechettes","Poisoned Stab"],"picked":"SKIP","floor":25}],"player_experience":466161,"relics_obtained":[{"floor":9.0,"key":"Dream Catcher"},{"floor":11,"key":"Darkstone Periapt"},{"floor":26,"key":"Singing Bowl"}],"event_choices":[{"cards_removed":["Defend_G"],"damage_healed":0.0,"max_hp_gain":0.0,"max_hp_loss":0.0,"gold_gain":0.0,"event_name":"Golden Wing","player_choice":"Card Removal","floor":5.0,"gold_loss":0.0,"damage_taken":7.0},{"damage_healed":0.0,"max_hp_gain":0.0,"max_hp_loss":0.0,"gold_gain":0.0,"event_name":"Accursed Blacksmith","player_choice":"Forge","floor":6.0,"gold_loss":0.0,"damage_taken":0.0,"cards_upgraded":["Reflex"]},{"damage_healed":0.0,"max_hp_gain":0.0,"max_hp_loss":0.0,"gold_gain":75.0,"event_name":"World of Goop","player_choice":"Gather Gold","floor":10.0,"gold_loss":0.0,"damage_taken":11.0},{"damage_healed":0,"gold_gain":0,"player_choice":"Lose Max HP","damage_taken":0,"relics_obtained":["Golden Idol"],"max_hp_gain":0,"max_hp_loss":6,"event_name":"Golden Idol","floor":13,"gold_loss":0},{"cards_removed":["Accuracy"],"damage_healed":0,"gold_gain":0,"player_choice":"Elegance","damage_taken":0,"max_hp_gain":0,"max_hp_loss":0,"event_name":"Back to Basics","floor":19,"gold_loss":0},{"damage_healed":0,"gold_gain":0,"player_choice":"Copied","damage_taken":0,"max_hp_gain":0,"max_hp_loss":0,"event_name":"Duplicator","floor":21,"gold_loss":0,"cards_obtained":["Flash of Steel"]}],"is_beta":false,"boss_relics":[{"not_picked":["Velvet Choker","Snecko Eye"],"picked":"Pandora\u0027s Box"}],"items_purged_floors":[4,20],"is_endless":false,"potions_floor_spawned":[1,3,8,16,18,25],"killed_by":"Shelled Parasite and Fungi","ascension_level":15}}