{"host":"yuoancq4cku3x8wq","time":1610378194,"event":{"mods":["AchievementEnabler","BaseMod","Minty Spire (QoL Compilation)","Quick Restart","StSLib","SuperFastMode"],"gold_per_floor":[115,127,146,160,32,64,80,107,107,107,142,142,168,181,181,258,258,277,89,4,14,14,14,45,58,58,86,86,86],"floor_reached":28,"playtime":1001,"items_purged":["Defend_P","Defend_P"],"score":556,"play_id":"0451ed4e-f320-49f3-b298-a28ecd3974ba","local_time":"20210111231634","is_ascension_mode":true,"campfire_choices":[{"data":"Eruption","floor":12.0,"key":"SMITH"},{"floor":15.0,"key":"REST"},{"floor":23.0,"key":"REST"}],"circlet_count":0,"master_deck":["AscendersBane","Strike_P","Strike_P+1","Strike_P","Strike_P","Defend_P","Defend_P","Eruption+1","Vigilance","BowlingBash+1","ForeignInfluence","EmptyFist","TalkToTheHand","Wallop","FlurryOfBlows","Indignation","MasterReality","Omniscience","FearNoEvil","InnerPeace+1","Tantrum"],"relics":["PureWater","NeowsBlessing","Whetstone","Ice Cream","Shuriken","Odd Mushroom","SlaversCollar","Toxic Egg 2","Shovel","Mango","Art of War","PreservedInsect"],"acts_visited":["Exordium","TheCity"],"potions_floor_usage":[],"damage_taken":[{"damage":0.0,"enemies":"Jaw Worm","floor":1.0,"turns":1.0},{"damage":0.0,"enemies":"Small Slimes","floor":2.0,"turns":1.0},{"damage":0.0,"enemies":"2 Louse","floor":3.0,"turns":1.0},{"damage":9.0,"enemies":"Blue Slaver","floor":4.0,"turns":7.0},{"damage":5.0,"enemies":"3 Sentries","floor":6.0,"turns":3.0},{"damage":10.0,"enemies":"Gremlin Gang","floor":7.0,"turns":3.0},{"damage":19.0,"enemies":"Lagavulin","floor":8.0,"turns":6.0},{"damage":12.0,"enemies":"3 Sentries","floor":11.0,"turns":6.0},{"damage":0.0,"enemies":"The Mushroom Lair","floor":13.0,"turns":1.0},{"damage":0.0,"enemies":"2 Fungi Beasts","floor":14.0,"turns":3.0},{"damage":8.0,"enemies":"The Guardian","floor":16.0,"turns":6.0},{"damage":16.0,"enemies":"3 Byrds","floor":18.0,"turns":4.0},{"damage":18.0,"enemies":"2 Thieves","floor":21.0,"turns":4.0},{"damage":1.0,"enemies":"Book of Stabbing","floor":24.0,"turns":3.0},{"damage":31.0,"enemies":"Snake Plant","floor":25.0,"turns":4.0},{"damage":16.0,"enemies":"Slavers","floor":27.0,"turns":3.0},{"damage":12,"enemies":"3 Cultists","floor":28,"turns":2}],"seed_played":"-6512873547627271110","potions_obtained":[{"floor":3.0,"key":"Explosive Potion"},{"floor":6.0,"key":"Strength Potion"},{"floor":7.0,"key":"Dexterity Potion"},{"floor":11.0,"key":"ColorlessPotion"},{"floor":14.0,"key":"Ancient Potion"},{"floor":21.0,"key":"Strength Potion"},{"floor":25.0,"key":"LiquidMemories"}],"is_trial":false,"path_per_floor":["M","M","M","M","$","E","M","E","T","?","E","R","?","M","R","B",null,"M","$","?","M","?","R","E","M","T","E","M"],"character_chosen":"WATCHER","items_purchased":["EmptyFist","FearNoEvil"],"campfire_rested":2,"item_purchase_floors":[5,19],"current_hp_per_floor":[61,61,61,52,52,47,37,18,18,18,6,6,6,6,26,18,56,40,40,40,22,22,42,55,24,24,8,0,0],"gold":86,"neow_bonus":"THREE_ENEMY_KILL","is_daily":false,"chose_seed":false,"campfire_upgraded":1,"win_rate":0.0,"timestamp":1610378194,"path_taken":["M","M","M","M","$","E","M","E","T","?","E","R","?","?","R","BOSS","M","$","?","M","?","R","E","?","T","E","M"],"items_purchased_type":["Card","Card"],"build_version":"2020-12-22","purchased_purges":2,"victory":false,"max_hp_per_floor":[68,68,68,68,68,68,68,68,68,68,68,68,68,68,68,68,68,68,68,68,68,68,68,82,82,82,82,82,82],"card_choices":[{"not_picked":["Evaluate","MentalFortress","SashWhip"],"picked":"SKIP","floor":1.0},{"not_picked":["Evaluate","SignatureMove","EmptyBody"],"picked":"SKIP","floor":2.0},{"not_picked":["Meditate","EmptyFist"],"picked":"BowlingBash","floor":3.0},{"not_picked":["MentalFortress","SashWhip"],"picked":"ForeignInfluence","floor":4.0},{"not_picked":["Conclude","Nirvana"],"picked":"TalkToTheHand","floor":6.0},{"not_picked":["Swivel","ThirdEye"],"picked":"Wallop","floor":7.0},{"not_picked":["ThirdEye","LikeWater"],"picked":"FlurryOfBlows","floor":8.0},{"not_picked":["TalkToTheHand","BattleHymn"],"picked":"Indignation","floor":11.0},{"not_picked":["Swivel","WaveOfTheHand"],"picked":"MasterReality","floor":13.0},{"not_picked":["Perseverance","PathToVictory","DeceiveReality"],"picked":"SKIP","floor":14.0},{"not_picked":["Alpha","MasterReality"],"picked":"Omniscience","floor":16.0},{"not_picked":["CrushJoints","Vengeance","Perseverance"],"picked":"SKIP","floor":18.0},{"not_picked":["PathToVictory+1","Indignation+1","Evaluate+1"],"picked":"SKIP","floor":21.0},{"not_picked":["Study","FlyingSleeves","EmptyBody+1"],"picked":"SKIP","floor":24.0},{"not_picked":["Prostrate+1","Crescendo+1"],"picked":"InnerPeace+1","floor":25.0},{"not_picked":["Pray+1","Wish+1"],"picked":"Tantrum","floor":27.0}],"player_experience":267781,"relics_obtained":[{"floor":6.0,"key":"Whetstone"},{"floor":8.0,"key":"Ice Cream"},{"floor":11.0,"key":"Shuriken"},{"floor":13.0,"key":"Odd Mushroom"},{"floor":24.0,"key":"Mango"},{"floor":26.0,"key":"Art of War"},{"floor":27.0,"key":"PreservedInsect"}],"event_choices":[{"damage_healed":0.0,"max_hp_gain":0.0,"max_hp_loss":0.0,"gold_gain":0.0,"event_name":"Scrap Ooze","player_choice":"Fled","floor":10.0,"gold_loss":0.0,"damage_taken":0.0},{"damage_healed":0.0,"max_hp_gain":0.0,"max_hp_loss":0.0,"gold_gain":0.0,"event_name":"Mushrooms","player_choice":"Fought Mushrooms","floor":13.0,"gold_loss":0.0,"damage_taken":0.0},{"damage_healed":0.0,"max_hp_gain":0.0,"max_hp_loss":0.0,"gold_gain":0.0,"event_name":"Addict","player_choice":"Obtained Relic","floor":20.0,"gold_loss":85.0,"damage_taken":0.0,"relics_obtained":["Toxic Egg 2"]},{"damage_healed":0.0,"max_hp_gain":0.0,"max_hp_loss":0.0,"gold_gain":0.0,"event_name":"WeMeetAgain","player_choice":"Gave Potion","floor":22.0,"gold_loss":0.0,"damage_taken":0.0,"relics_obtained":["Shovel"]}],"is_beta":false,"boss_relics":[{"not_picked":["Velvet Choker","Ectoplasm"],"picked":"SlaversCollar"}],"items_purged_floors":[5,19],"is_endless":false,"potions_floor_spawned":[3,6,7,11,14,21,25],"killed_by":"3 Cultists","ascension_level":20}}