{"host":"p1xsuo25udtrkbq2","time":1610341869,"event":{"mods":["BaseMod","Colored Map","Highlight Path","Minty Spire (QoL Compilation)","Rare Cards Sparkle","Relic Stats","Slay the Relics Exporter","StSLib","everything is the same but u backflip on backflip"],"gold_per_floor":[111,31,49,65,65,103,123,123,150,194,269,310,310,325,325,418,418,442,190,140,128,141,141,175,175,175,208,228,228,228],"floor_reached":29,"playtime":3661,"items_purged":["Strike_R"],"score":467,"play_id":"bb2c149f-8203-49ea-9f08-fa3e3cc934bb","local_time":"20210111001109","is_ascension_mode":true,"campfire_choices":[{"data":"Uppercut","floor":8,"key":"SMITH"},{"floor":13,"key":"REST"},{"data":"Inflame","floor":15,"key":"SMITH"},{"data":"Barricade","floor":23,"key":"SMITH"},{"floor":25,"key":"REST"}],"circlet_count":0,"master_deck":["AscendersBane","Strike_R","Strike_R","Strike_R","Strike_R","Defend_R","Defend_R","Defend_R+1","Defend_R","Bash","Uppercut+1","Inflame+1","Cleave","Power Through+1","Intimidate","Shrug It Off","Flame Barrier","Twin Strike","Barricade+1","Combust","Inflame+1","Second Wind","Immolate","Entrench","Body Slam+1"],"relics":["Burning Blood","NeowsBlessing","Golden Idol","Smiling Mask","Blood Vial","War Paint","Regal Pillow","Runic Pyramid","DollysMirror","Orichalcum","Molten Egg 2","Potion Belt"],"acts_visited":["Exordium","TheCity"],"potions_floor_usage":[6,10,16,19,21,24],"damage_taken":[{"damage":0,"enemies":"Small Slimes","floor":1,"turns":1},{"damage":0,"enemies":"Jaw Worm","floor":3,"turns":1},{"damage":0,"enemies":"Cultist","floor":4,"turns":1},{"damage":22,"enemies":"Gremlin Nob","floor":6,"turns":4},{"damage":2,"enemies":"2 Fungi Beasts","floor":7,"turns":3},{"damage":15,"enemies":"Lagavulin","floor":10,"turns":6},{"damage":28,"enemies":"Gremlin Nob","floor":12,"turns":5},{"damage":4,"enemies":"Red Slaver","floor":14,"turns":5},{"damage":66,"enemies":"Slime Boss","floor":16,"turns":13},{"damage":13,"enemies":"Chosen","floor":18,"turns":5},{"damage":11,"enemies":"2 Thieves","floor":21,"turns":4},{"damage":4,"enemies":"Snecko","floor":22,"turns":6},{"damage":30,"enemies":"Gremlin Leader","floor":24,"turns":7},{"damage":57,"enemies":"Slavers","floor":27,"turns":5},{"damage":13,"enemies":"3 Cultists","floor":28,"turns":5},{"damage":22,"enemies":"Shelled Parasite and Fungi","floor":29,"turns":3}],"seed_played":"-7454613008027672905","potions_obtained":[{"floor":1,"key":"DistilledChaos"},{"floor":3,"key":"EssenceOfSteel"},{"floor":6,"key":"AttackPotion"},{"floor":14,"key":"LiquidBronze"},{"floor":16,"key":"BloodPotion"},{"floor":21,"key":"Swift Potion"},{"floor":28,"key":"FearPotion"}],"is_trial":false,"path_per_floor":["M","$","M","M","?","E","M","R","T","E","?","E","R","M","R","B",null,"M","$","?","M","M","R","E","R","T","E","M","M"],"character_chosen":"IRONCLAD","items_purchased":["Inflame","SkillPotion","DollysMirror"],"campfire_rested":2,"item_purchase_floors":[2,19,19],"current_hp_per_floor":[78,78,80,80,74,58,62,62,62,55,44,24,61,65,65,7,57,52,66,66,63,67,67,45,74,74,23,18,0,0],"gold":228,"neow_bonus":"THREE_ENEMY_KILL","is_daily":false,"chose_seed":false,"campfire_upgraded":3,"win_rate":0.0,"timestamp":1610341869,"path_taken":["M","$","M","M","?","E","M","R","T","E","?","E","R","M","R","BOSS","M","$","?","M","M","R","E","R","T","E","M","M"],"items_purchased_type":["Card","Potion","Relic"],"build_version":"2020-12-22","purchased_purges":1,"victory":false,"max_hp_per_floor":[80,80,80,80,74,74,74,74,74,74,74,74,74,74,74,74,74,74,74,74,74,74,74,74,74,74,74,74,74,74],"relic_stats":{"Blood Vial":20,"Regal Pillow":22,"counters":[16,74],"Golden Idol":81,"War Paint":["Power Through","Defend_R"],"Orichalcum":[12],"Smiling Mask":25,"obtain_stats":[{"Blood Vial":9,"Potion Belt":27,"Regal Pillow":12,"NeowsBlessing":0,"Golden Idol":5,"DollysMirror":19,"Molten Egg 2":26,"War Paint":10,"Orichalcum":24,"Smiling Mask":6,"Burning Blood":0,"Runic Pyramid":17},{"Blood Vial":5,"Potion Belt":14,"Regal Pillow":7,"NeowsBlessing":0,"Golden Idol":3,"DollysMirror":10,"Molten Egg 2":13,"War Paint":6,"Orichalcum":13,"Smiling Mask":4,"Burning Blood":0,"Runic Pyramid":9},{"Blood Vial":10,"Potion Belt":66,"Regal Pillow":21,"NeowsBlessing":0,"Golden Idol":3,"DollysMirror":44,"Molten Egg 2":61,"War Paint":16,"Orichalcum":61,"Smiling Mask":7,"Burning Blood":0,"Runic Pyramid":39}],"Burning Blood":80},"card_choices":[{"not_picked":["Sentinel","Shockwave"],"picked":"Uppercut","floor":1},{"not_picked":["Clash","Havoc"],"picked":"Cleave","floor":3},{"not_picked":["Cleave","Clash"],"picked":"Power Through","floor":4},{"not_picked":["Thunderclap","Flex","Sentinel"],"picked":"SKIP","floor":6},{"not_picked":["Twin Strike","Clothesline"],"picked":"Intimidate","floor":7},{"not_picked":["Thunderclap","Intimidate"],"picked":"Shrug It Off","floor":10},{"not_picked":["Entrench","Flex"],"picked":"Flame Barrier","floor":12},{"not_picked":["Intimidate","Rage"],"picked":"Twin Strike","floor":14},{"not_picked":["Double Tap","Exhume"],"picked":"Barricade","floor":16},{"not_picked":["True Grit","Pommel Strike+1"],"picked":"Combust","floor":18},{"not_picked":["Iron Wave","Flame Barrier"],"picked":"Second Wind","floor":21},{"not_picked":["Pommel Strike","Twin Strike"],"picked":"Immolate","floor":24},{"not_picked":["Inflame","Warcry"],"picked":"Entrench","floor":27},{"not_picked":["Burning Pact","Shrug It Off+1"],"picked":"Body Slam+1","floor":28}],"player_experience":885724,"relics_obtained":[{"floor":6,"key":"Smiling Mask"},{"floor":9,"key":"Blood Vial"},{"floor":10,"key":"War Paint"},{"floor":12,"key":"Regal Pillow"},{"floor":24,"key":"Orichalcum"},{"floor":26,"key":"Molten Egg 2"},{"floor":27,"key":"Potion Belt"}],"event_choices":[{"damage_healed":0,"gold_gain":0,"player_choice":"Lose Max HP","damage_taken":0,"relics_obtained":["Golden Idol"],"max_hp_gain":0,"max_hp_loss":6,"event_name":"Golden Idol","floor":5,"gold_loss":0},{"damage_healed":0,"gold_gain":75,"player_choice":"Gather Gold","damage_taken":11,"max_hp_gain":0,"max_hp_loss":0,"event_name":"World of Goop","floor":11,"gold_loss":0},{"damage_healed":0,"gold_gain":0,"player_choice":"Bet on Owner","damage_taken":0,"max_hp_gain":0,"max_hp_loss":0,"event_name":"The Joust","floor":20,"gold_loss":50}],"is_beta":false,"boss_relics":[{"not_picked":["Black Blood","SacredBark"],"picked":"Runic Pyramid"}],"items_purged_floors":[19],"is_endless":false,"potions_floor_spawned":[1,3,6,14,16,21,28],"killed_by":"Shelled Parasite and Fungi","ascension_level":13}}