{"host":"dfyfjscm69glluav","time":1610333162,"event":{"mods":["BaseMod","Minty Spire (QoL Compilation)","Replay The Spire","StSLib"],"gold_per_floor":[119,119,131,81,81,81,109,132,191,203,226,15,34,48,48,151,201,216,141,220,68,68,68],"floor_reached":22,"playtime":1049,"items_purged":["Defend_B"],"score":184,"play_id":"d0cdbd8d-11ac-4817-b7c3-553a7fe93c5a","local_time":"20210111114602","is_ascension_mode":false,"campfire_choices":[{"data":"Recycle","floor":15.0,"key":"SMITH"}],"circlet_count":0,"master_deck":["Strike_B","Defend_B","Defend_B","Zap","Dualcast","Purity","Rebound","Loop","Cold Snap+1","Double Energy+1","Self Repair","FIFO Queue","Recycle+1","Echo Form","Stack","Loop","Fusion","Static Discharge"],"relics":["Cracked Core","MawBank","Gremlin Food","Tiny Chest","Tiny House","Omamori","Raider\u0027s Mask"],"acts_visited":["Exordium","TheCity"],"potions_floor_usage":[],"damage_taken":[{"damage":1.0,"enemies":"Jaw Worm","floor":1.0,"turns":3.0},{"damage":10.0,"enemies":"Small Slimes","floor":3.0,"turns":3.0},{"damage":24.0,"enemies":"Gremlin Nob","floor":7.0,"turns":4.0},{"damage":7.0,"enemies":"2 Louse","floor":8.0,"turns":3.0},{"damage":11.0,"enemies":"2 Fungi Beasts","floor":11.0,"turns":4.0},{"damage":17.0,"enemies":"Lots of Slimes","floor":13.0,"turns":4.0},{"damage":7.0,"enemies":"Blue Slaver","floor":14.0,"turns":4.0},{"damage":26.0,"enemies":"Fading Forest","floor":16.0,"turns":11.0},{"damage":43.0,"enemies":"Spheric Guardian","floor":18.0,"turns":6.0},{"damage":25,"enemies":"Chosen","floor":22,"turns":4}],"seed_played":"-1451869048202889095","potions_obtained":[{"floor":1.0,"key":"AttackPotion"},{"floor":8.0,"key":"EntropicBrew"},{"floor":11.0,"key":"FearPotion"},{"floor":14.0,"key":"Weak Potion"},{"floor":17.0,"key":"LiquidBronze"}],"is_trial":false,"path_per_floor":["M","?","M","?","?","?","E","M","T","?","M","$","M","M","R","B",null,"M","?","?","$","M"],"character_chosen":"DEFECT","items_purchased":["Tiny Chest","Raider\u0027s Mask"],"campfire_rested":0,"item_purchase_floors":[12,21],"current_hp_per_floor":[74,74,64,64,64,64,40,33,33,33,29,29,19,19,19,24,80,44,44,24,24,0,0],"gold":68,"neow_bonus":"RANDOM_COLORLESS","is_daily":false,"chose_seed":false,"campfire_upgraded":1,"win_rate":0.0,"timestamp":1610333162,"path_taken":["M","?","M","?","?","?","E","?","T","?","M","$","M","M","R","BOSS","M","?","?","$","M"],"items_purchased_type":["Relic","Relic"],"build_version":"2020-12-22","purchased_purges":1,"victory":false,"max_hp_per_floor":[75,75,75,75,75,75,75,75,75,75,75,75,75,75,75,75,80,80,80,80,80,80,80],"card_choices":[{"not_picked":["Impatience","Survey Options"],"picked":"Purity","floor":0.0},{"not_picked":["Chill","Hologram"],"picked":"Go for the Eyes","floor":1.0},{"not_picked":["Hologram","Steam"],"picked":"Loop","floor":3.0},{"not_picked":["ReplayTheSpireMod:Reroute Power","ReplaySolidLightProjector"],"picked":"Double Energy","floor":7.0},{"not_picked":["Compile Driver","Leap"],"picked":"Self Repair","floor":8.0},{"not_picked":["Heatsinks","Blizzard"],"picked":"FIFO Queue","floor":11.0},{"not_picked":["Consume","ReplayTheSpireMod:Calculation Training","Aggregate"],"picked":"SKIP","floor":13.0},{"not_picked":["Steam","Sweeping Beam"],"picked":"Recycle","floor":14.0},{"not_picked":["All For One","Amplify"],"picked":"Echo Form","floor":16.0},{"not_picked":["Barrage","ReplayTheSpireMod:Calculation Training"],"picked":"Stack","floor":17.0},{"not_picked":["Conserve Battery","Sweeping Beam"],"picked":"Loop","floor":18.0},{"not_picked":["Cold Snap+1","Heatsinks"],"picked":"Fusion","floor":20.0},{"not_picked":["Steam","Go for the Eyes"],"picked":"Static Discharge","floor":20.0}],"player_experience":157808,"relics_obtained":[{"floor":7.0,"key":"MawBank"},{"floor":9.0,"key":"Gremlin Food"},{"floor":20.0,"key":"Omamori"}],"event_choices":[{"damage_healed":0.0,"max_hp_gain":0.0,"max_hp_loss":0.0,"gold_gain":0.0,"cards_transformed":["Strike_B"],"event_name":"Living Wall","player_choice":"Change","floor":2.0,"gold_loss":0.0,"damage_taken":0.0,"cards_obtained":["Rebound"]},{"cards_removed":["Defend_B"],"damage_healed":0.0,"max_hp_gain":0.0,"max_hp_loss":0.0,"gold_gain":0.0,"event_name":"The Cleric","player_choice":"Card Removal","floor":4.0,"gold_loss":50.0,"damage_taken":0.0},{"damage_healed":0.0,"max_hp_gain":0.0,"max_hp_loss":0.0,"gold_gain":0.0,"event_name":"The Woman in Blue","player_choice":"Bought 0 Potions","floor":6.0,"gold_loss":0.0,"damage_taken":0.0},{"cards_removed":["Strike_B"],"damage_healed":0.0,"max_hp_gain":0.0,"max_hp_loss":0.0,"gold_gain":0.0,"event_name":"Purifier","player_choice":"Purged","floor":10.0,"gold_loss":0.0,"damage_taken":0.0},{"cards_removed":["Strike_B"],"damage_healed":0.0,"max_hp_gain":0.0,"max_hp_loss":0.0,"gold_gain":0.0,"event_name":"Beggar","player_choice":"Gave Gold","floor":19.0,"gold_loss":75.0,"damage_taken":0.0}],"is_beta":false,"boss_relics":[{"not_picked":["Kintsugi","Snecko Eye"],"picked":"Tiny House"}],"items_purged_floors":[12],"is_endless":false,"potions_floor_spawned":[1,8,11,14],"killed_by":"Chosen","ascension_level":0}}