{"host":"egskdxp2q9kv48xe","time":1610408017,"event":{"mods":["BaseMod","Colored Powertips","Minty Spire (QoL Compilation)","Slay the Relics Exporter","StSLib"],"gold_per_floor":[213,233,308,308,325,325,325,325,349,349,220,253,273,20,20,121,121,135,135,135,145,145,145,178,198,198,198,198],"floor_reached":27,"playtime":1318,"items_purged":["Defend_G"],"score":240,"play_id":"7dba5e25-7362-4ecd-8fd1-d999db0e36e1","local_time":"20210111163337","is_ascension_mode":true,"campfire_choices":[{"data":"Cloak And Dagger","floor":6,"key":"SMITH"},{"data":"Poisoned Stab","floor":8,"key":"SMITH"},{"floor":10,"key":"REST"},{"floor":15,"key":"REST"},{"data":"Blade Dance","floor":23,"key":"SMITH"}],"circlet_count":0,"master_deck":["Strike_G","Strike_G","Strike_G","Strike_G","Defend_G","Defend_G","Survivor","Neutralize","PiercingWail","Poisoned Stab+1","Infinite Blades","Cloak And Dagger+1","Dagger Throw","Bane","Sucker Punch","Blade Dance+1","Prepared","A Thousand Cuts","Deflect","Writhe","Flying Knee","Accuracy","Blade Dance"],"relics":["Ring of the Snake","Dream Catcher","PreservedInsect","Ninja Scroll","Empty Cage","Omamori","Blood Vial","Gremlin Horn","Mercury Hourglass"],"acts_visited":["Exordium","TheCity"],"potions_floor_usage":[12,16],"damage_taken":[{"damage":0,"enemies":"Small Slimes","floor":1,"turns":3},{"damage":6,"enemies":"Jaw Worm","floor":2,"turns":4},{"damage":0,"enemies":"2 Louse","floor":5,"turns":3},{"damage":19,"enemies":"Lagavulin","floor":12,"turns":4},{"damage":2,"enemies":"2 Fungi Beasts","floor":13,"turns":3},{"damage":66,"enemies":"The Guardian","floor":16,"turns":12},{"damage":6,"enemies":"Chosen","floor":18,"turns":4},{"damage":0,"enemies":"3 Byrds","floor":21,"turns":4},{"damage":38,"enemies":"Slavers","floor":24,"turns":4},{"damage":27,"enemies":"Sentry and Sphere","floor":25,"turns":5},{"damage":13,"enemies":"Shelled Parasite and Fungi","floor":27,"turns":3}],"seed_played":"-6413498260947760480","potions_obtained":[{"floor":5,"key":"Strength Potion"},{"floor":12,"key":"Strength Potion"},{"floor":21,"key":"LiquidMemories"}],"is_trial":false,"path_per_floor":["M","M","?","?","M","R","T","R","T","R","$","E","M","$","R","B",null,"M","?","$","M","?","R","E","M","T","M"],"character_chosen":"THE_SILENT","items_purchased":["Bane","Ninja Scroll"],"campfire_rested":2,"item_purchase_floors":[11,14],"current_hp_per_floor":[70,64,53,53,53,53,53,53,53,70,70,51,49,49,70,4,70,64,64,64,64,64,64,28,3,3,0,0],"gold":198,"neow_bonus":"HUNDRED_GOLD","is_daily":false,"chose_seed":false,"campfire_upgraded":3,"win_rate":0.0,"timestamp":1610408017,"path_taken":["M","M","?","?","M","R","?","R","T","R","?","E","M","$","R","BOSS","M","?","$","M","?","R","E","M","T","?"],"items_purchased_type":["Card","Relic"],"build_version":"2020-12-22","purchased_purges":1,"victory":false,"max_hp_per_floor":[70,70,70,70,70,70,70,70,70,70,70,70,70,70,70,70,70,70,70,70,70,70,70,70,70,70,70,70],"card_choices":[{"not_picked":["Underhanded Strike","Skewer"],"picked":"PiercingWail","floor":1},{"not_picked":["Dagger Throw","Prepared"],"picked":"Poisoned Stab","floor":2},{"not_picked":["Riddle With Holes","Dodge and Roll"],"picked":"Cloak And Dagger","floor":5},{"not_picked":["Bullet Time","Expertise"],"picked":"Dagger Throw","floor":10},{"not_picked":["Eviscerate","Underhanded Strike"],"picked":"Sucker Punch","floor":12},{"not_picked":["Deadly Poison","Slice"],"picked":"Blade Dance","floor":13},{"not_picked":["Heel Hook","Bane"],"picked":"Prepared","floor":15},{"not_picked":["Doppelganger","Unload"],"picked":"A Thousand Cuts","floor":16},{"not_picked":["Leg Sweep","Dagger Throw+1"],"picked":"Deflect","floor":18},{"not_picked":["Eviscerate","Underhanded Strike+1"],"picked":"Flying Knee","floor":21},{"not_picked":["Footwork+1","Poisoned Stab"],"picked":"Accuracy","floor":24},{"not_picked":["Expertise","PiercingWail"],"picked":"Blade Dance","floor":25}],"player_experience":441228,"relics_obtained":[{"floor":9,"key":"Dream Catcher"},{"floor":12,"key":"PreservedInsect"},{"floor":24,"key":"Gremlin Horn"},{"floor":26,"key":"Mercury Hourglass"}],"event_choices":[{"damage_healed":0,"gold_gain":75,"player_choice":"Gather Gold","damage_taken":11,"max_hp_gain":0,"max_hp_loss":0,"event_name":"World of Goop","floor":3,"gold_loss":0},{"damage_healed":0,"gold_gain":0,"cards_transformed":["Defend_G"],"player_choice":"Change","damage_taken":0,"max_hp_gain":0,"max_hp_loss":0,"event_name":"Living Wall","floor":4,"gold_loss":0,"cards_obtained":["Infinite Blades"]},{"damage_healed":0,"gold_gain":0,"player_choice":"Opened","damage_taken":0,"relics_obtained":["Omamori"],"max_hp_gain":0,"max_hp_loss":0,"event_name":"The Mausoleum","floor":19,"gold_loss":0,"cards_obtained":["Writhe"]},{"damage_healed":0,"gold_gain":0,"player_choice":"Gave Potion","damage_taken":0,"relics_obtained":["Blood Vial"],"max_hp_gain":0,"max_hp_loss":0,"event_name":"WeMeetAgain","floor":22,"gold_loss":0}],"is_beta":false,"boss_relics":[{"not_picked":["Philosopher\u0027s Stone","Runic Pyramid"],"picked":"Empty Cage"}],"items_purged_floors":[11],"is_endless":false,"potions_floor_spawned":[5,12,21],"killed_by":"Shelled Parasite and Fungi","ascension_level":1}}