{"host":"v4pe0ixo3k7iwzp0","time":1610343382,"event":{"mods":["BaseMod","Bestiary","Highlight Path","Minty Spire (QoL Compilation)","StSLib","The Marked"],"gold_per_floor":[213,232,246,259,274,299,373,40,40,40,13,13,188,198,198,303,303,322,272,285,296,307,307,321,16,16,16,32,32,50,50,50],"floor_reached":31,"playtime":1750,"items_purged":[],"score":241,"play_id":"b5d4c34b-375f-4a53-865b-d68d8ff5b2d3","local_time":"20210110213622","is_ascension_mode":false,"campfire_choices":[{"floor":10.0,"key":"REST"},{"data":"Rupture","floor":12.0,"key":"SMITH"},{"data":"Spot Weakness","floor":15.0,"key":"SMITH"},{"floor":23.0,"key":"REST"},{"floor":27.0,"key":"REST"}],"circlet_count":0,"master_deck":["Strike_R","Strike_R","Strike_R","Strike_R","Strike_R","Defend_R","Defend_R","Defend_R","Defend_R","Bash","Reckless Charge","Shrug It Off","Hemokinesis","Blood for Blood","Dropkick","Combust","Rupture+1","Headbutt+1","Doubt","Spot Weakness+1","Bludgeon+1","Uppercut+1","Cleave+1","Heavy Blade+1","Disarm","Iron Wave+1","Intimidate+1","Flex+1"],"relics":["Burning Blood","Orichalcum","Molten Egg 2","White Beast Statue","Philosopher\u0027s Stone","Kunai","Matryoshka"],"acts_visited":["Exordium","TheCity"],"potions_floor_usage":[28,30,31,31,31],"damage_taken":[{"damage":2.0,"enemies":"2 Louse","floor":1.0,"turns":4.0},{"damage":3.0,"enemies":"Jaw Worm","floor":2.0,"turns":4.0},{"damage":0.0,"enemies":"Cultist","floor":3.0,"turns":3.0},{"damage":21.0,"enemies":"3 Louse","floor":4.0,"turns":5.0},{"damage":7.0,"enemies":"2 Fungi Beasts","floor":5.0,"turns":3.0},{"damage":10.0,"enemies":"Gremlin Nob","floor":6.0,"turns":3.0},{"damage":5.0,"enemies":"Red Slaver","floor":14.0,"turns":2.0},{"damage":61.0,"enemies":"Hexaghost","floor":16.0,"turns":8.0},{"damage":13.0,"enemies":"Shell Parasite","floor":18.0,"turns":3.0},{"damage":21.0,"enemies":"3 Byrds","floor":20.0,"turns":4.0},{"damage":28.0,"enemies":"Shelled Parasite and Fungi","floor":21.0,"turns":4.0},{"damage":20.0,"enemies":"Snake Plant","floor":22.0,"turns":2.0},{"damage":4.0,"enemies":"3 Cultists","floor":24.0,"turns":4.0},{"damage":21,"enemies":"Centurion and Healer","floor":28,"turns":5},{"damage":20,"enemies":"Snake Plant","floor":30,"turns":4},{"damage":54,"enemies":"Slavers","floor":31,"turns":4}],"seed_played":"-6356324296007967350","potions_obtained":[{"floor":2.0,"key":"FearPotion"},{"floor":6.0,"key":"Strength Potion"},{"floor":14.0,"key":"SteroidPotion"},{"floor":16.0,"key":"Fire Potion"},{"floor":18.0,"key":"GamblersBrew"},{"floor":20.0,"key":"Fire Potion"},{"floor":21.0,"key":"SteroidPotion"},{"floor":22.0,"key":"SteroidPotion"},{"floor":24.0,"key":"Fire Potion"},{"floor":28,"key":"DistilledChaos"},{"floor":30,"key":"ColorlessPotion"}],"is_trial":false,"path_per_floor":["M","M","M","M","M","E","?","$","T","R","$","R","?","M","R","B",null,"M","?","M","M","M","R","M","$","T","R","M","$","M","E"],"character_chosen":"IRONCLAD","items_purchased":["Rupture","Molten Egg 2","Headbutt+1","Kunai","Iron Wave+1"],"campfire_rested":3,"item_purchase_floors":[8,8,11,25,25],"current_hp_per_floor":[80,80,80,65,64,60,60,60,60,80,80,80,80,80,80,25,80,73,73,58,36,22,46,48,48,48,72,57,57,43,0,0],"gold":50,"neow_bonus":"HUNDRED_GOLD","is_daily":false,"chose_seed":false,"campfire_upgraded":2,"win_rate":0.0,"timestamp":1610343382,"path_taken":["M","M","M","M","M","E","?","$","T","R","$","R","?","M","R","BOSS","M","?","M","M","M","R","M","$","T","R","M","?","M","E"],"items_purchased_type":["Card","Relic","Card","Relic","Card"],"build_version":"2020-12-22","purchased_purges":0,"victory":false,"max_hp_per_floor":[80,80,80,80,80,80,80,80,80,80,80,80,80,80,80,80,80,80,80,80,80,80,80,80,80,80,80,80,80,80,80,80],"card_choices":[{"not_picked":["Wild Strike","Pommel Strike"],"picked":"Reckless Charge","floor":1.0},{"not_picked":["Pommel Strike","True Grit"],"picked":"Shrug It Off","floor":2.0},{"not_picked":["Feel No Pain","Clothesline"],"picked":"Hemokinesis","floor":3.0},{"not_picked":["Body Slam","Shockwave"],"picked":"Blood for Blood","floor":4.0},{"not_picked":["Cleave","Pommel Strike"],"picked":"Dropkick","floor":5.0},{"not_picked":["Limit Break","Brutality"],"picked":"Combust","floor":6.0},{"not_picked":["True Grit","Havoc"],"picked":"Spot Weakness","floor":14.0},{"not_picked":["Limit Break","Berserk"],"picked":"Bludgeon+1","floor":16.0},{"not_picked":["Intimidate","Wild Strike+1"],"picked":"Uppercut+1","floor":18.0},{"not_picked":["Infernal Blade","Spot Weakness","Clothesline+1"],"picked":"SKIP","floor":20.0},{"not_picked":["Burning Pact","Wild Strike+1"],"picked":"Cleave+1","floor":21.0},{"not_picked":["Sword Boomerang+1","Flex"],"picked":"Heavy Blade+1","floor":22.0},{"not_picked":["Battle Trance+1","Perfected Strike+1"],"picked":"Disarm","floor":24.0},{"not_picked":["Uppercut+1","Warcry+1"],"picked":"Intimidate+1","floor":28},{"not_picked":["Body Slam+1","Spot Weakness"],"picked":"Flex+1","floor":30}],"player_experience":116446,"relics_obtained":[{"floor":6.0,"key":"Orichalcum"},{"floor":9.0,"key":"White Beast Statue"},{"floor":26.0,"key":"Matryoshka"}],"event_choices":[{"damage_healed":0.0,"max_hp_gain":0.0,"max_hp_loss":0.0,"gold_gain":74.0,"event_name":"Golden Wing","player_choice":"Gained Gold","floor":7.0,"gold_loss":0.0,"damage_taken":0.0},{"damage_healed":0.0,"max_hp_gain":0.0,"max_hp_loss":0.0,"gold_gain":175.0,"event_name":"Liars Game","player_choice":"AGREE","floor":13.0,"gold_loss":0.0,"damage_taken":0.0,"cards_obtained":["Doubt"]},{"damage_healed":0.0,"max_hp_gain":0.0,"max_hp_loss":0.0,"gold_gain":0.0,"event_name":"The Joust","player_choice":"Bet on Murderer","floor":19.0,"gold_loss":50.0,"damage_taken":0.0}],"is_beta":false,"boss_relics":[{"not_picked":["SacredBark","Busted Crown"],"picked":"Philosopher\u0027s Stone"}],"items_purged_floors":[],"is_endless":false,"potions_floor_spawned":[2,6,14,16,18,20,21,22,24,28,30],"killed_by":"Slavers","ascension_level":0}}