{"host":"ok3pmhc1fiz31noj","time":1610379091,"event":{"mods":["AchievementEnabler","BaseMod","Colored Map","Colored Powertips","Minty Spire (QoL Compilation)","Quick Restart","Relic Stats","Replay The Spire","StSLib"],"gold_per_floor":[110,110,60,75,75,75,75,75],"floor_reached":7,"playtime":274,"items_purged":[],"score":43,"play_id":"c6b35f82-60ef-4ea7-ba59-d2e19b4c758b","local_time":"20210111233131","is_ascension_mode":true,"campfire_choices":[{"data":"Outmaneuver","floor":6,"key":"SMITH"}],"circlet_count":0,"master_deck":["Strike_G","Strike_G","Strike_G","Strike_G","Defend_G","Defend_G","Defend_G","Defend_G","Survivor","Neutralize","Outmaneuver+1"],"relics":["SlaversCollar","Golden Idol"],"acts_visited":["Exordium"],"potions_floor_usage":[7],"damage_taken":[{"damage":2,"enemies":"Cultist","floor":1,"turns":4},{"damage":9,"enemies":"Jaw Worm","floor":4,"turns":8},{"damage":57,"enemies":"3 Sentries","floor":7,"turns":10}],"seed_played":"6485334259454439874","potions_obtained":[{"floor":1,"key":"Flashbang"}],"is_trial":false,"path_per_floor":["M","?","?","M","?","R","E"],"character_chosen":"THE_SILENT","items_purchased":[],"campfire_rested":0,"item_purchase_floors":[],"current_hp_per_floor":[68,68,68,59,59,59,2,2],"gold":75,"neow_bonus":"BOSS_RELIC","is_daily":false,"chose_seed":false,"campfire_upgraded":1,"win_rate":0.0,"timestamp":1610379091,"path_taken":["M","?","?","M","?","R","E"],"items_purchased_type":[],"build_version":"2020-12-22","purchased_purges":0,"victory":false,"max_hp_per_floor":[70,70,70,70,65,65,65,65],"relic_stats":{"counters":[3,22],"Golden Idol":0,"obtain_stats":[{"SlaversCollar":0,"Golden Idol":5,"Ring of the Snake":0},{"SlaversCollar":0,"Golden Idol":2,"Ring of the Snake":0},{"SlaversCollar":0,"Golden Idol":12,"Ring of the Snake":0}]},"card_choices":[{"not_picked":["Skewer","Dagger Throw"],"picked":"Outmaneuver","floor":1},{"not_picked":["Quick Slash","Footwork","Cloak And Dagger"],"picked":"SKIP","floor":4}],"player_experience":140516,"relics_obtained":[],"event_choices":[{"cards_removed":["Defend_G"],"damage_healed":0,"gold_gain":0,"player_choice":"Forget","damage_taken":0,"max_hp_gain":0,"max_hp_loss":0,"event_name":"Living Wall","floor":2,"gold_loss":0},{"cards_removed":["Strike_G"],"damage_healed":0,"gold_gain":0,"player_choice":"Card Removal","damage_taken":0,"max_hp_gain":0,"max_hp_loss":0,"event_name":"The Cleric","floor":3,"gold_loss":50},{"damage_healed":0,"gold_gain":0,"player_choice":"Lose Max HP","damage_taken":0,"relics_obtained":["Golden Idol"],"max_hp_gain":0,"max_hp_loss":5,"event_name":"Golden Idol","floor":5,"gold_loss":0}],"is_beta":false,"boss_relics":[],"items_purged_floors":[],"is_endless":false,"potions_floor_spawned":[1],"killed_by":"3 Sentries","ascension_level":2}}