{"host":"jscggscbx0p7706o","time":1610377213,"event":{"mods":["AchievementEnabler","BaseMod","Block Reminder","Colored Powertips","Highlight Path","Minty Spire (QoL Compilation)","Permanent Neow","Quick Restart","StSLib"],"gold_per_floor":[113,113,29,47,67,67,79,112,112,131,131,131,150,165,165,265,265,251,251,266,266,36,36,64,77,77,102,102,302,337,354,354,449,449,469,469,469,469,488,488,838,838,914,914,629,642,20,36,36,36],"floor_reached":51,"playtime":3952,"items_purged":["Decay","Writhe","Strike_G"],"score":749,"play_id":"51990ca1-a952-4c8a-84d8-fa7ead94f4de","local_time":"20210111230013","is_ascension_mode":true,"campfire_choices":[{"data":"Infinite Blades","floor":6.0,"key":"SMITH"},{"data":"Caltrops","floor":12.0,"key":"SMITH"},{"data":"Reflex","floor":15.0,"key":"SMITH"},{"data":"Tactician","floor":23.0,"key":"SMITH"},{"data":"Accuracy","floor":28.0,"key":"SMITH"},{"floor":32.0,"key":"REST"},{"data":"Storm of Steel","floor":40.0,"key":"SMITH"},{"data":"A Thousand Cuts","floor":42,"key":"SMITH"},{"data":"Footwork","floor":49,"key":"SMITH"}],"circlet_count":0,"master_deck":["Strike_G","Strike_G+1","Defend_G","Defend_G","Defend_G","Defend_G","Survivor","Neutralize+1","Backflip","Infinite Blades+1","Acrobatics","Cloak And Dagger","Backflip","Caltrops+1","Cloak And Dagger","Reflex+1","A Thousand Cuts+1","Deflect","Tactician+1","Deadly Poison","Accuracy+1","Leg Sweep+1","Backflip","Accuracy+1","Crippling Poison","Storm of Steel+1","Underhanded Strike+1","Leg Sweep","Deflect+1","Accuracy","Reflex","Footwork+1","Well Laid Plans","Footwork","Deflect","Blur"],"relics":["Ring of the Snake","Whetstone","Boot","Smiling Mask","Sozu","Lee\u0027s Waffle","Paper Crane","The Courier","Bag of Marbles","CaptainsWheel","Busted Crown","Old Coin","Ornamental Fan","TheAbacus","Ancient Tea Set","Pen Nib","Toy Ornithopter"],"acts_visited":["Exordium","TheCity","TheBeyond"],"potions_floor_usage":[50],"damage_taken":[{"damage":0.0,"enemies":"Jaw Worm","floor":1.0,"turns":5.0},{"damage":0.0,"enemies":"2 Louse","floor":4.0,"turns":4.0},{"damage":0.0,"enemies":"Cultist","floor":5.0,"turns":4.0},{"damage":0.0,"enemies":"Blue Slaver","floor":7.0,"turns":4.0},{"damage":5.0,"enemies":"Lagavulin","floor":8.0,"turns":9.0},{"damage":0.0,"enemies":"Looter","floor":10.0,"turns":4.0},{"damage":1.0,"enemies":"Exordium Thugs","floor":13.0,"turns":5.0},{"damage":2.0,"enemies":"2 Fungi Beasts","floor":14.0,"turns":5.0},{"damage":34.0,"enemies":"The Guardian","floor":16.0,"turns":13.0},{"damage":9.0,"enemies":"2 Thieves","floor":18.0,"turns":5.0},{"damage":5.0,"enemies":"Chosen","floor":20.0,"turns":6.0},{"damage":9.0,"enemies":"Book of Stabbing","floor":24.0,"turns":6.0},{"damage":3.0,"enemies":"3 Cultists","floor":25.0,"turns":7.0},{"damage":12.0,"enemies":"Slavers","floor":30.0,"turns":7.0},{"damage":7.0,"enemies":"Cultist and Chosen","floor":31.0,"turns":6.0},{"damage":18.0,"enemies":"Champ","floor":33.0,"turns":13.0},{"damage":11.0,"enemies":"Orb Walker","floor":35.0,"turns":4.0},{"damage":0.0,"enemies":"3 Shapes","floor":39.0,"turns":4.0},{"damage":0,"enemies":"Mind Bloom Boss Battle","floor":41,"turns":6},{"damage":3,"enemies":"3 Darklings","floor":46,"turns":5},{"damage":0,"enemies":"Transient","floor":48,"turns":5},{"damage":18,"enemies":"Donu and Deca","floor":50,"turns":10}],"seed_played":"9042903384066488901","potions_obtained":[{"floor":5.0,"key":"AttackPotion"},{"floor":8.0,"key":"DistilledChaos"},{"floor":14.0,"key":"SkillPotion"},{"floor":16.0,"key":"PowerPotion"}],"is_trial":false,"path_per_floor":["M","?","$","M","M","R","M","E","T","M","?","R","M","M","R","B",null,"M","?","M","?","$","R","E","M","T","T","R","?","E","M","R","B",null,"M","?","?","?","M","R","?","R","T","?","$","M","$","M","R","B",null],"character_chosen":"THE_SILENT","items_purchased":["Infinite Blades","Acrobatics","Accuracy","Lee\u0027s Waffle","Accuracy","Reflex","Footwork","Well Laid Plans","Footwork","Deflect","TheAbacus","Ancient Tea Set","Pen Nib","Toy Ornithopter"],"campfire_rested":1,"item_purchase_floors":[3,3,22,22,45,45,45,45,47,47,47,47,47,47],"current_hp_per_floor":[70,63,63,63,63,63,63,58,58,58,58,58,57,55,55,21,70,61,61,56,56,77,77,68,65,65,65,65,65,53,46,69,51,77,66,66,66,66,66,66,66,66,66,77,77,74,74,74,74,59],"gold":36,"neow_bonus":"RANDOM_COMMON_RELIC","is_daily":false,"chose_seed":false,"campfire_upgraded":8,"win_rate":0.0,"timestamp":1610377213,"path_taken":["M","?","$","M","M","R","M","E","T","M","?","R","M","M","R","BOSS","M","?","M","?","$","R","E","M","T","?","R","?","E","M","R","BOSS","M","?","?","?","M","R","?","R","T","?","$","M","$","?","R","BOSS"],"items_purchased_type":["Card","Card","Card","Relic","Card","Card","Card","Card","Card","Card","Relic","Relic","Relic","Relic"],"build_version":"2020-12-22","purchased_purges":3,"victory":true,"max_hp_per_floor":[70,70,70,70,70,70,70,70,70,70,70,70,70,70,70,70,70,70,70,70,70,77,77,77,77,77,77,77,77,77,77,77,77,77,77,77,77,77,77,77,77,77,77,77,77,77,77,77,77,77],"card_choices":[{"not_picked":["Prepared","Masterful Stab"],"picked":"Backflip","floor":1.0},{"not_picked":["Deflect","Slice"],"picked":"Cloak And Dagger","floor":4.0},{"not_picked":["Dagger Spray","All Out Attack","Eviscerate"],"picked":"SKIP","floor":5.0},{"not_picked":["Dagger Throw","Doppelganger","Flying Knee"],"picked":"SKIP","floor":7.0},{"not_picked":["Acrobatics","Choke"],"picked":"Backflip","floor":8.0},{"not_picked":["PiercingWail","Bane"],"picked":"Caltrops","floor":10.0},{"not_picked":["Prepared","Dodge and Roll"],"picked":"Cloak And Dagger","floor":13.0},{"not_picked":["Slice","Flying Knee"],"picked":"Reflex","floor":14.0},{"not_picked":["Wraith Form v2","Burst"],"picked":"A Thousand Cuts","floor":16.0},{"not_picked":["Dodge and Roll+1","Poisoned Stab"],"picked":"Deflect","floor":18.0},{"not_picked":["Underhanded Strike","Dagger Spray+1"],"picked":"Deadly Poison","floor":20.0},{"not_picked":["Predator","Distraction"],"picked":"Leg Sweep+1","floor":24.0},{"not_picked":["Heel Hook","Dodge and Roll"],"picked":"Backflip","floor":25.0},{"not_picked":["Dodge and Roll","Leg Sweep+1"],"picked":"Accuracy+1","floor":30.0},{"not_picked":["Quick Slash","Dash"],"picked":"Crippling Poison","floor":31.0},{"not_picked":["Phantasmal Killer","Night Terror"],"picked":"Storm of Steel","floor":33.0},{"not_picked":[],"picked":"Underhanded Strike+1","floor":35.0},{"not_picked":[],"picked":"Leg Sweep","floor":39.0},{"not_picked":[],"picked":"Deflect+1","floor":41},{"not_picked":["Riddle With Holes+1"],"picked":"SKIP","floor":46},{"not_picked":[],"picked":"Blur","floor":48}],"player_experience":197415,"relics_obtained":[{"floor":8.0,"key":"Boot"},{"floor":9.0,"key":"Smiling Mask"},{"floor":24.0,"key":"Paper Crane"},{"floor":26.0,"key":"The Courier"},{"floor":27.0,"key":"Bag of Marbles"},{"floor":30.0,"key":"CaptainsWheel"},{"floor":41,"key":"Old Coin"},{"floor":43,"key":"Ornamental Fan"}],"event_choices":[{"cards_removed":["Strike_G"],"damage_healed":0.0,"max_hp_gain":0.0,"max_hp_loss":0.0,"gold_gain":0.0,"event_name":"Golden Wing","player_choice":"Card Removal","floor":2.0,"gold_loss":0.0,"damage_taken":7.0},{"cards_removed":["Strike_G"],"damage_healed":0.0,"max_hp_gain":0.0,"max_hp_loss":0.0,"gold_gain":0.0,"event_name":"Purifier","player_choice":"Purged","floor":11.0,"gold_loss":0.0,"damage_taken":0.0},{"damage_healed":0.0,"max_hp_gain":0.0,"max_hp_loss":0.0,"gold_gain":0.0,"event_name":"The Library","player_choice":"Read","floor":19.0,"gold_loss":0.0,"damage_taken":0.0,"cards_obtained":["Tactician"]},{"damage_healed":0.0,"max_hp_gain":0.0,"max_hp_loss":0.0,"gold_gain":0.0,"event_name":"Forgotten Altar","player_choice":"Smashed Altar","floor":21.0,"gold_loss":0.0,"damage_taken":0.0,"cards_obtained":["Decay"]},{"damage_healed":0.0,"max_hp_gain":0.0,"max_hp_loss":0.0,"gold_gain":250.0,"event_name":"The Joust","player_choice":"Bet on Owner","floor":29.0,"gold_loss":50.0,"damage_taken":0.0},{"damage_healed":0.0,"max_hp_gain":0.0,"max_hp_loss":0.0,"gold_gain":0.0,"event_name":"Tomb of Lord Red Mask","player_choice":"Ignored","floor":36.0,"gold_loss":0.0,"damage_taken":0.0},{"damage_healed":0.0,"max_hp_gain":0.0,"max_hp_loss":0.0,"gold_gain":0.0,"event_name":"Mysterious Sphere","player_choice":"Ignored","floor":37.0,"gold_loss":0.0,"damage_taken":0.0},{"cards_removed":["Defend_G"],"damage_healed":0.0,"max_hp_gain":0.0,"max_hp_loss":0.0,"gold_gain":0.0,"event_name":"Falling","player_choice":"Removed Skill","floor":38.0,"gold_loss":0.0,"damage_taken":0.0},{"damage_healed":0,"gold_gain":0,"player_choice":"Fight","damage_taken":0,"max_hp_gain":0,"max_hp_loss":0,"event_name":"MindBloom","floor":41,"gold_loss":0},{"damage_healed":19,"gold_gain":0,"player_choice":"Writhe","damage_taken":0,"max_hp_gain":0,"max_hp_loss":0,"event_name":"Winding Halls","floor":44,"gold_loss":0,"cards_obtained":["Writhe"]}],"is_beta":false,"boss_relics":[{"not_picked":["Cursed Key","HoveringKite"],"picked":"Sozu"},{"not_picked":["Velvet Choker","Pandora\u0027s Box"],"picked":"Busted Crown"}],"items_purged_floors":[22,45,47],"is_endless":false,"potions_floor_spawned":[5,8,14,16,18,20,30,41,46],"ascension_level":2}}