{"host":"r8a4u61birs30cn6","time":1610340768,"event":{"mods":["BaseMod","BetterRewards","Highlight Path","Minty Spire (QoL Compilation)","Rare Cards Sparkle","Shop Mod"],"gold_per_floor":[117,117,135,145,163,192,172,199,199,199,231,251,47,109,109,208,208,226,257,257,271,283,283,185,185,185,110,209,209,234,251,251,355,355,374,596,613,627,627,656,656,656,681,708,708,495,495,515,515,515,515],"floor_reached":50,"playtime":10555,"items_purged":["Strike_P","Strike_P","Strike_P","Strike_P","Injury"],"score":761,"play_id":"4625b4dc-76e7-4763-9997-0bbc0536e9dc","local_time":"20210111125248","is_ascension_mode":false,"campfire_choices":[{"data":"Eruption","floor":10.0,"key":"SMITH"},{"data":"Brilliance","floor":15.0,"key":"SMITH"},{"floor":23.0,"key":"RECALL"},{"data":"Adaptation","floor":25.0,"key":"SMITH"},{"data":"Defend_P","floor":32.0,"key":"SMITH"},{"data":"DevaForm","floor":41,"key":"SMITH"},{"data":"EmptyBody","floor":47,"key":"PURGE"},{"data":"Judgement+1","floor":49,"key":"PURGE"}],"circlet_count":0,"master_deck":["Defend_P+1","Defend_P+1","Eruption+1","InnerPeace+1","Brilliance+1","ClearTheMind+1","Pray+1","Adaptation+1","DeceiveReality+1","Tantrum+1","DevaForm+1","Crescendo+1","Establishment","Perseverance+1"],"relics":["PureWater","Membership Card","FossilizedHelix","MerchantsRug","Bird Faced Urn","Oddly Smooth Stone","Pocketwatch","Singing Bowl","Orichalcum","Mercury Hourglass","Juzu Bracelet","War Paint","Toxic Egg 2","Pen Nib","Sozu","Red Mask","Kunai","Question Card","Cursed Key","Peace Pipe","Bottled Lightning","Pantograph"],"acts_visited":[],"potions_floor_usage":[],"damage_taken":[{"damage":0.0,"enemies":"Jaw Worm","floor":1.0,"turns":2.0},{"damage":0.0,"enemies":"Cultist","floor":3.0,"turns":3.0},{"damage":0.0,"enemies":"Small Slimes","floor":4.0,"turns":4.0},{"damage":0.0,"enemies":"Red Slaver","floor":5.0,"turns":4.0},{"damage":6.0,"enemies":"Lagavulin","floor":6.0,"turns":8.0},{"damage":0.0,"enemies":"3 Sentries","floor":8.0,"turns":11.0},{"damage":0.0,"enemies":"Gremlin Nob","floor":11.0,"turns":3.0},{"damage":0.0,"enemies":"Looter","floor":12.0,"turns":3.0},{"damage":0.0,"enemies":"3 Sentries","floor":14.0,"turns":5.0},{"damage":6.0,"enemies":"The Guardian","floor":16.0,"turns":8.0},{"damage":0.0,"enemies":"Shell Parasite","floor":18.0,"turns":2.0},{"damage":0.0,"enemies":"Masked Bandits","floor":19.0,"turns":3.0},{"damage":0.0,"enemies":"2 Thieves","floor":21.0,"turns":3.0},{"damage":5.0,"enemies":"Snake Plant","floor":22.0,"turns":3.0},{"damage":9.0,"enemies":"Gremlin Leader","floor":30.0,"turns":4.0},{"damage":0.0,"enemies":"Cultist and Chosen","floor":31.0,"turns":5.0},{"damage":0.0,"enemies":"Automaton","floor":33.0,"turns":6.0},{"damage":0.0,"enemies":"Orb Walker","floor":35.0,"turns":3.0},{"damage":0.0,"enemies":"3 Shapes","floor":37.0,"turns":3.0},{"damage":0.0,"enemies":"Maw","floor":38.0,"turns":6.0},{"damage":0,"enemies":"Nemesis","floor":40,"turns":5},{"damage":0,"enemies":"Giant Head","floor":44,"turns":6},{"damage":0,"enemies":"Sphere and 2 Shapes","floor":48,"turns":3},{"damage":101,"enemies":"Donu and Deca","floor":50,"turns":6}],"seed_played":"-7278693438299802103","potions_obtained":[{"floor":3.0,"key":"Block Potion"},{"floor":4.0,"key":"SteroidPotion"},{"floor":7.0,"key":"Weak Potion"},{"floor":11.0,"key":"BottledMiracle"}],"is_trial":false,"path_per_floor":["M","?","M","M","M","E","?","E","T","R","E","M","$","?","R","B",null,"M","?","?","M","M","R","$","R","T","$","?","?","E","M","R","B",null,"M","?","M","M","?","E","R","?","T","E","?","$","R","M","R","B"],"character_chosen":"WATCHER","items_purchased":["Membership Card","MerchantsRug","Oddly Smooth Stone","Toxic Egg 2","ClearTheMind+1","Adaptation","Pantograph"],"campfire_rested":0,"item_purchase_floors":[0,0,0,13,13,24,46],"current_hp_per_floor":[40,40,42,44,46,40,40,40,40,40,42,44,44,44,44,38,82,84,86,69,71,68,68,68,68,68,68,68,68,61,63,63,65,95,97,97,99,99,99,101,101,101,101,101,96,96,96,96,96,0,0],"gold":515,"neow_bonus":"","is_daily":false,"chose_seed":false,"campfire_upgraded":5,"win_rate":0.0,"timestamp":1610340768,"path_taken":["M","?","M","?","M","E","?","E","T","R","E","M","$","?","R","BOSS","M","?","?","M","M","R","$","R","T","$","?","?","E","M","R","BOSS","M","?","M","M","?","E","R","?","T","E","?","$","R","M","R","BOSS"],"items_purchased_type":["Relic","Relic","Relic","Relic","Card","Card","Relic"],"build_version":"2020-12-22","purchased_purges":5,"victory":false,"max_hp_per_floor":[72,72,74,76,78,78,78,78,78,78,80,82,82,82,82,82,82,84,86,91,93,95,95,95,95,95,95,95,95,95,95,95,95,95,97,97,99,99,99,101,101,101,101,101,96,96,96,96,96,96,96],"card_choices":[{"not_picked":["Nirvana","FollowUp"],"picked":"EmptyBody","floor":1.0},{"not_picked":["Nirvana","Consecrate","EmptyFist"],"picked":"Singing Bowl","floor":3.0},{"not_picked":["EmptyBody","FlurryOfBlows","Protect"],"picked":"Singing Bowl","floor":4.0},{"not_picked":["FlyingSleeves","FlurryOfBlows","Protect"],"picked":"Singing Bowl","floor":5.0},{"not_picked":["LikeWater","FlyingSleeves"],"picked":"InnerPeace","floor":6.0},{"not_picked":["Halt","Protect"],"picked":"Brilliance","floor":8.0},{"not_picked":["FlurryOfBlows","BowlingBash","Crescendo"],"picked":"Singing Bowl","floor":11.0},{"not_picked":["ConjureBlade","Vengeance","Crescendo"],"picked":"Singing Bowl","floor":12.0},{"not_picked":["JustLucky","EmptyFist"],"picked":"Pray+1","floor":14.0},{"not_picked":["LessonLearned","DeusExMachina+1"],"picked":"Judgement+1","floor":16.0},{"not_picked":["Nirvana","WreathOfFlame+1","EmptyBody+1"],"picked":"Singing Bowl","floor":18.0},{"not_picked":["Meditate+1","Weave","JustLucky"],"picked":"Singing Bowl","floor":19.0},{"not_picked":["Halt+1","Protect+1","WaveOfTheHand+1"],"picked":"Singing Bowl","floor":21.0},{"not_picked":["SignatureMove","CutThroughFate+1","InnerPeace+1"],"picked":"Singing Bowl","floor":22.0},{"not_picked":["TalkToTheHand","EmptyFist+1"],"picked":"DeceiveReality+1","floor":30.0},{"not_picked":["FollowUp","WreathOfFlame+1","EmptyBody+1"],"picked":"Tantrum+1","floor":31.0},{"not_picked":["MasterReality","LessonLearned","DeusExMachina+1"],"picked":"DevaForm","floor":33.0},{"not_picked":["ClearTheMind+1","Vengeance+1","Nirvana+1","CutThroughFate"],"picked":"Singing Bowl","floor":35.0},{"not_picked":["ThirdEye+1","Halt+1","JustLucky","BowlingBash+1"],"picked":"Singing Bowl","floor":37.0},{"not_picked":["SashWhip","MasterReality","EmptyFist+1"],"picked":"Crescendo+1","floor":38.0},{"not_picked":["JustLucky+1","Evaluate+1","FlurryOfBlows","Protect+1"],"picked":"Singing Bowl","floor":40},{"not_picked":["TalkToTheHand+1","Worship+1","BattleHymn"],"picked":"Establishment","floor":44},{"not_picked":["BowlingBash+1","Consecrate","Wallop"],"picked":"Perseverance+1","floor":48}],"player_experience":866743,"relics_obtained":[{"floor":2.0,"key":"Singing Bowl"},{"floor":6.0,"key":"Orichalcum"},{"floor":8.0,"key":"Mercury Hourglass"},{"floor":9.0,"key":"Juzu Bracelet"},{"floor":11.0,"key":"War Paint"},{"floor":14.0,"key":"Pen Nib"},{"floor":19.0,"key":"Red Mask"},{"floor":26.0,"key":"Kunai"},{"floor":30.0,"key":"Question Card"},{"floor":40,"key":"Peace Pipe"},{"floor":44,"key":"Bottled Lightning"}],"event_choices":[{"damage_healed":0.0,"max_hp_gain":0.0,"max_hp_loss":0.0,"gold_gain":0.0,"event_name":"Wheel of Change","player_choice":"Relic","floor":2.0,"gold_loss":0.0,"damage_taken":0.0},{"damage_healed":0.0,"max_hp_gain":0.0,"max_hp_loss":0.0,"gold_gain":0.0,"event_name":"The Woman in Blue","player_choice":"Bought 1 Potion","floor":7.0,"gold_loss":0.0,"damage_taken":0.0},{"damage_healed":0.0,"max_hp_gain":0.0,"max_hp_loss":0.0,"gold_gain":0.0,"event_name":"Dead Adventurer","player_choice":"Searched \u00271\u0027 times","floor":14.0,"gold_loss":0.0,"damage_taken":0.0},{"damage_healed":0.0,"max_hp_gain":0.0,"max_hp_loss":0.0,"gold_gain":0.0,"event_name":"Masked Bandits","player_choice":"Fought Bandits","floor":19.0,"gold_loss":0.0,"damage_taken":0.0},{"damage_healed":0.0,"max_hp_gain":5.0,"max_hp_loss":0.0,"gold_gain":0.0,"event_name":"Forgotten Altar","player_choice":"Shed Blood","floor":20.0,"gold_loss":0.0,"damage_taken":22.0},{"damage_healed":0.0,"max_hp_gain":0.0,"max_hp_loss":0.0,"gold_gain":99.0,"event_name":"Nest","player_choice":"Stole From Cult","floor":28.0,"gold_loss":0.0,"damage_taken":0.0},{"cards_removed":["Defend_P"],"damage_healed":0.0,"max_hp_gain":0.0,"max_hp_loss":0.0,"gold_gain":0.0,"event_name":"Back to Basics","player_choice":"Elegance","floor":29.0,"gold_loss":0.0,"damage_taken":0.0},{"damage_healed":0.0,"max_hp_gain":0.0,"max_hp_loss":0.0,"gold_gain":222.0,"event_name":"Tomb of Lord Red Mask","player_choice":"Wore Mask","floor":36.0,"gold_loss":0.0,"damage_taken":0.0},{"cards_removed":["Vigilance"],"damage_healed":0.0,"max_hp_gain":0.0,"max_hp_loss":0.0,"gold_gain":0.0,"event_name":"Bonfire Elementals","player_choice":"Offered Basic","floor":39.0,"gold_loss":0.0,"damage_taken":0.0},{"cards_removed":["Defend_P"],"damage_healed":0,"gold_gain":0,"player_choice":"Removed Skill","damage_taken":0,"max_hp_gain":0,"max_hp_loss":0,"event_name":"Falling","floor":42,"gold_loss":0},{"damage_healed":0,"gold_gain":0,"player_choice":"Max HP","damage_taken":0,"max_hp_gain":0,"max_hp_loss":5,"event_name":"Winding Halls","floor":45,"gold_loss":0}],"is_beta":false,"boss_relics":[{"not_picked":["Busted Crown","Calling Bell"],"picked":"Sozu"},{"not_picked":["Snecko Eye","Astrolabe"],"picked":"Cursed Key"}],"items_purged_floors":[0,13,24,27,46],"is_endless":false,"potions_floor_spawned":[3,4,8,11,18,19,21,31,33,35,37],"killed_by":"Donu and Deca","ascension_level":0}}