{"host":"cv77zuuuekizn3ic","time":1610350840,"event":{"mods":["AchievementEnabler","BaseMod","Marisa£®ÏF”Í°°ƒß¿Ì…≥£©","Minty Spire (QoL Compilation)","StSLib","Waifu the Spire","everything is the same but u backflip on backflip","slay the spire mod where everything is the same but ironclad has a cowboy hat"],"gold_per_floor":[117,129,279,297,297,297,51,68,68,68,98,108,133,164,164,237,237,249,249,261,276,201,226,236,266,266,284,319,319,319],"floor_reached":29,"playtime":1912,"items_purged":["Strike_R"],"score":740,"play_id":"fe46c56a-e331-4e59-b2fa-48df9c580a5f","local_time":"20210111154040","is_ascension_mode":true,"campfire_choices":[{"data":"Pommel Strike","floor":6.0,"key":"SMITH"},{"data":"Uppercut","floor":15.0,"key":"SMITH"}],"circlet_count":0,"master_deck":["AscendersBane","Defend_R","Defend_R","Defend_R","Bash","Corruption","Bloodletting","Infernal Blade","Pommel Strike+1","Dark Embrace","True Grit","Thunderclap","Shrug It Off+1","Uppercut+1","Offering+1","Pommel Strike+1","Sever Soul+1","Burning Pact+1","Headbutt","Flex+1","Rampage+1","Havoc+1","Limit Break+1"],"relics":["Burning Blood","Happy Flower","Toxic Egg 2","PreservedInsect","StrikeDummy","Empty Cage","Pen Nib","Ancient Tea Set","Frozen Egg 2","Nunchaku"],"acts_visited":["Exordium","TheCity"],"potions_floor_usage":[29],"damage_taken":[{"damage":22.0,"enemies":"Small Slimes","floor":1.0,"turns":4.0},{"damage":15.0,"enemies":"Jaw Worm","floor":2.0,"turns":3.0},{"damage":11.0,"enemies":"2 Louse","floor":4.0,"turns":3.0},{"damage":5.0,"enemies":"Looter","floor":8.0,"turns":3.0},{"damage":38.0,"enemies":"3 Sentries","floor":11.0,"turns":8.0},{"damage":2.0,"enemies":"2 Fungi Beasts","floor":12.0,"turns":5.0},{"damage":3.0,"enemies":"Lagavulin","floor":14.0,"turns":5.0},{"damage":30.0,"enemies":"Slime Boss","floor":16.0,"turns":9.0},{"damage":16.0,"enemies":"Shell Parasite","floor":18.0,"turns":3.0},{"damage":11.0,"enemies":"Chosen","floor":20.0,"turns":4.0},{"damage":18.0,"enemies":"Snake Plant","floor":21.0,"turns":2.0},{"damage":16.0,"enemies":"Book of Stabbing","floor":23.0,"turns":3.0},{"damage":13.0,"enemies":"Snecko","floor":24.0,"turns":3.0},{"damage":3.0,"enemies":"Gremlin Leader","floor":25.0,"turns":2.0},{"damage":9.0,"enemies":"Centurion and Healer","floor":27.0,"turns":2.0},{"damage":9.0,"enemies":"Book of Stabbing","floor":28.0,"turns":2.0},{"damage":11,"enemies":"Snake Plant","floor":29,"turns":3}],"seed_played":"7455890054805084879","potions_obtained":[{"floor":1.0,"key":"CultistPotion"},{"floor":8.0,"key":"Weak Potion"},{"floor":20.0,"key":"Fire Potion"},{"floor":21.0,"key":"Fire Potion"},{"floor":24.0,"key":"Block Potion"},{"floor":27.0,"key":"Energy Potion"}],"is_trial":false,"path_per_floor":["M","M","?","M","?","R","$","M","T","?","E","M","T","E","R","B",null,"M","?","M","M","?","E","M","E","T","M","E","M"],"character_chosen":"IRONCLAD","items_purchased":["Dark Embrace","True Grit","BloodPotion"],"campfire_rested":0,"item_purchase_floors":[7,7,7],"current_hp_per_floor":[52,43,43,38,38,38,38,52,52,57,25,29,29,32,32,8,57,47,47,42,30,30,20,13,16,16,13,10,0,0],"gold":319,"neow_bonus":"THREE_RARE_CARDS","is_daily":false,"chose_seed":false,"campfire_upgraded":2,"win_rate":0.0,"timestamp":1610350840,"path_taken":["M","M","?","M","?","R","$","M","T","?","E","M","?","E","R","BOSS","M","?","M","?","?","E","M","E","T","?","E","M"],"items_purchased_type":["Card","Card","Potion"],"build_version":"2020-12-22","purchased_purges":1,"victory":false,"max_hp_per_floor":[68,68,68,68,68,68,68,68,68,73,73,73,73,73,73,73,73,73,73,73,73,73,73,73,73,73,73,73,73,73],"card_choices":[{"not_picked":["Demon Form","Juggernaut"],"picked":"Corruption","floor":0.0},{"not_picked":["True Grit","Disarm"],"picked":"Bloodletting","floor":1.0},{"not_picked":["Clash","Armaments"],"picked":"Infernal Blade","floor":2.0},{"not_picked":["Flex","Rage"],"picked":"Pommel Strike","floor":4.0},{"not_picked":["Combust","Entrench"],"picked":"Thunderclap","floor":8.0},{"not_picked":["Rupture","Twin Strike"],"picked":"Shrug It Off+1","floor":11.0},{"not_picked":["Perfected Strike","Body Slam"],"picked":"Uppercut","floor":12.0},{"not_picked":["Blood for Blood","Wild Strike","Corruption"],"picked":"SKIP","floor":14.0},{"not_picked":["Barricade","Exhume+1"],"picked":"Offering+1","floor":16.0},{"not_picked":["Perfected Strike","Armaments+1","Flex+1"],"picked":"SKIP","floor":18.0},{"not_picked":["Body Slam","Iron Wave+1"],"picked":"Pommel Strike+1","floor":20.0},{"not_picked":["Heavy Blade","Dual Wield+1"],"picked":"Sever Soul+1","floor":21.0},{"not_picked":["Flex+1","Twin Strike","Clothesline"],"picked":"SKIP","floor":23.0},{"not_picked":["Clash","Anger"],"picked":"Flex+1","floor":24.0},{"not_picked":["Reckless Charge+1","Armaments+1"],"picked":"Rampage+1","floor":25.0},{"not_picked":["Pommel Strike","Cleave"],"picked":"Havoc+1","floor":27.0},{"not_picked":["Power Through+1","Shrug It Off+1"],"picked":"Limit Break+1","floor":28.0}],"player_experience":858097,"relics_obtained":[{"floor":9.0,"key":"Happy Flower"},{"floor":11.0,"key":"Toxic Egg 2"},{"floor":13.0,"key":"PreservedInsect"},{"floor":14.0,"key":"StrikeDummy"},{"floor":23.0,"key":"Pen Nib"},{"floor":25.0,"key":"Ancient Tea Set"},{"floor":26.0,"key":"Frozen Egg 2"},{"floor":28.0,"key":"Nunchaku"}],"event_choices":[{"damage_healed":0.0,"max_hp_gain":0.0,"max_hp_loss":0.0,"gold_gain":150.0,"event_name":"Liars Game","player_choice":"AGREE","floor":3.0,"gold_loss":0.0,"damage_taken":0.0,"cards_obtained":["Doubt"]},{"cards_removed":["Doubt"],"damage_healed":0.0,"max_hp_gain":0.0,"max_hp_loss":0.0,"gold_gain":0.0,"event_name":"Living Wall","player_choice":"Forget","floor":5.0,"gold_loss":0.0,"damage_taken":0.0},{"damage_healed":0.0,"max_hp_gain":5.0,"max_hp_loss":0.0,"gold_gain":0.0,"event_name":"Big Fish","player_choice":"Donut","floor":10.0,"gold_loss":0.0,"damage_taken":0.0},{"cards_removed":["Strike_R"],"damage_healed":0.0,"max_hp_gain":0.0,"max_hp_loss":0.0,"gold_gain":0.0,"event_name":"Purifier","player_choice":"Purged","floor":19.0,"gold_loss":0.0,"damage_taken":0.0},{"damage_healed":0.0,"max_hp_gain":0.0,"max_hp_loss":0.0,"gold_gain":0.0,"cards_transformed":["Strike_R","Defend_R"],"event_name":"Designer","player_choice":"Transformed Cards","floor":22.0,"gold_loss":75.0,"damage_taken":0.0,"cards_obtained":["Burning Pact","Headbutt"]}],"is_beta":false,"boss_relics":[{"not_picked":["Busted Crown","Cursed Key"],"picked":"Empty Cage"}],"items_purged_floors":[7],"is_endless":false,"potions_floor_spawned":[1,8,11,20,21,24,27],"killed_by":"Snake Plant","ascension_level":20}}