{"host":"t7mx8yfj1no5p62f","time":1610331216,"event":{"mods":["BaseMod","Bestiary","Colored Map","Colored Powertips","Minty Spire (QoL Compilation)","Relic Stats","StSLib"],"gold_per_floor":[112,112,132,147,147,147,180,180,226,260,275,292,292,322,322,401,401,420,420,335,346,356,356,389,389,415,415,615,27,54,64,64,135,135,155,155,155],"floor_reached":36,"playtime":1740,"items_purged":["Zap"],"score":890,"play_id":"af76220b-5e9e-4a5f-9486-877d4e5ee687","local_time":"20210110211336","is_ascension_mode":true,"campfire_choices":[{"data":"Fission","floor":6,"key":"SMITH"},{"data":"Rainbow","floor":8,"key":"SMITH"},{"data":"Buffer","floor":13,"key":"SMITH"},{"data":"Creative AI","floor":15,"key":"SMITH"},{"data":"Fission","floor":23,"key":"SMITH"},{"data":"Capacitor","floor":25,"key":"SMITH"},{"data":"Hologram","floor":32,"key":"SMITH"}],"circlet_count":0,"master_deck":["AscendersBane","Rip and Tear","Hologram+1","Rainbow+1","Leap","Fission+1","Creative AI+1","Glacier+1","Gash","Conserve Battery","Buffer+1","Capacitor+1","Compile Driver","Fission+1","Compile Driver","Skim+1","Hologram+1","Core Surge","Capacitor","Seek"],"relics":["Pandora\u0027s Box","Omamori","DataDisk","Regal Pillow","StrikeDummy","Empty Cage","PreservedInsect","War Paint","Strawberry","Gambling Chip","FossilizedHelix","Black Star"],"acts_visited":["Exordium","TheCity","TheBeyond"],"potions_floor_usage":[10,24,33,33],"damage_taken":[{"damage":0,"enemies":"2 Louse","floor":1,"turns":2},{"damage":11,"enemies":"Small Slimes","floor":3,"turns":4},{"damage":0,"enemies":"Cultist","floor":4,"turns":4},{"damage":12,"enemies":"Lagavulin","floor":7,"turns":7},{"damage":2,"enemies":"3 Sentries","floor":10,"turns":7},{"damage":0,"enemies":"Looter","floor":11,"turns":4},{"damage":0,"enemies":"2 Fungi Beasts","floor":12,"turns":3},{"damage":0,"enemies":"Gremlin Nob","floor":14,"turns":4},{"damage":6,"enemies":"Hexaghost","floor":16,"turns":10},{"damage":0,"enemies":"Chosen","floor":18,"turns":6},{"damage":1,"enemies":"Shell Parasite","floor":21,"turns":9},{"damage":0,"enemies":"Snecko","floor":22,"turns":6},{"damage":20,"enemies":"Slavers","floor":24,"turns":6},{"damage":40,"enemies":"Gremlin Leader","floor":30,"turns":10},{"damage":0,"enemies":"Snake Plant","floor":31,"turns":6},{"damage":12,"enemies":"Automaton","floor":33,"turns":14},{"damage":0,"enemies":"3 Shapes","floor":35,"turns":6},{"damage":61,"enemies":"3 Darklings","floor":36,"turns":4}],"seed_played":"89938110682319598","potions_obtained":[{"floor":3,"key":"Strength Potion"},{"floor":7,"key":"Energy Potion"},{"floor":11,"key":"EssenceOfDarkness"},{"floor":12,"key":"DuplicationPotion"},{"floor":30,"key":"FocusPotion"},{"floor":33,"key":"DistilledChaos"},{"floor":35,"key":"LiquidBronze"}],"is_trial":false,"path_per_floor":["M","?","M","M","?","R","E","R","T","E","M","M","R","E","R","B",null,"M","?","?","M","M","R","E","R","T","?","?","$","E","M","R","B",null,"M","M"],"character_chosen":"DEFECT","items_purchased":["Core Surge","Gambling Chip","Capacitor"],"campfire_rested":0,"item_purchase_floors":[29,29,29],"current_hp_per_floor":[64,57,46,46,36,36,24,24,24,22,22,22,22,22,22,16,57,57,57,57,56,56,56,36,36,43,59,59,59,19,19,19,7,60,60,0,0],"gold":155,"neow_bonus":"BOSS_RELIC","is_daily":false,"chose_seed":false,"campfire_upgraded":7,"win_rate":0.0,"timestamp":1610331216,"path_taken":["M","?","M","M","?","R","E","R","T","E","M","M","R","E","R","BOSS","M","?","?","M","M","R","E","R","T","?","?","$","E","M","R","BOSS","M","M"],"items_purchased_type":["Card","Relic","Card"],"build_version":"2020-12-22","purchased_purges":1,"victory":false,"max_hp_per_floor":[71,71,71,71,71,71,71,71,71,71,71,71,71,71,71,71,71,71,71,71,71,71,71,71,71,78,78,78,78,78,78,78,78,78,78,78,78],"relic_stats":{"Regal Pillow":0,"counters":[18,112],"Gambling Chip":[18],"Pandora\u0027s Box":["Rip and Tear","Streamline","Hologram","Streamline","Rainbow","Leap","Fission","Creative AI"],"PreservedInsect":89,"Black Star":0,"War Paint":["Glacier","Hologram"],"obtain_stats":[{"Regal Pillow":10,"PreservedInsect":20,"Omamori":7,"War Paint":24,"Empty Cage":17,"DataDisk":9,"Strawberry":26,"Gambling Chip":29,"Pandora\u0027s Box":0,"Black Star":34,"Cracked Core":0,"StrikeDummy":14,"FossilizedHelix":30},{"Regal Pillow":5,"PreservedInsect":10,"Omamori":4,"War Paint":13,"Empty Cage":9,"DataDisk":4,"Strawberry":13,"Gambling Chip":13,"Pandora\u0027s Box":0,"Black Star":16,"Cracked Core":0,"StrikeDummy":8,"FossilizedHelix":14},{"Regal Pillow":24,"PreservedInsect":51,"Omamori":17,"War Paint":72,"Empty Cage":45,"DataDisk":17,"Strawberry":72,"Gambling Chip":72,"Pandora\u0027s Box":0,"Black Star":102,"Cracked Core":0,"StrikeDummy":35,"FossilizedHelix":82}]},"card_choices":[{"not_picked":["Sweeping Beam","Redo"],"picked":"Glacier","floor":1},{"not_picked":["Aggregate","Ball Lightning"],"picked":"Gash","floor":3},{"not_picked":["Ball Lightning","Sweeping Beam","Leap"],"picked":"SKIP","floor":4},{"not_picked":["Blizzard","Go for the Eyes"],"picked":"Conserve Battery","floor":7},{"not_picked":["Stack","Hello World"],"picked":"Buffer","floor":10},{"not_picked":["Conserve Battery","Sweeping Beam","Hello World"],"picked":"SKIP","floor":11},{"not_picked":["Coolheaded","Sweeping Beam"],"picked":"Capacitor","floor":12},{"not_picked":["White Noise","Meteor Strike"],"picked":"Compile Driver","floor":14},{"not_picked":["Creative AI","Buffer"],"picked":"Fission","floor":16},{"not_picked":["Loop","Barrage"],"picked":"Compile Driver","floor":18},{"not_picked":["Coolheaded","Hello World","Go for the Eyes"],"picked":"SKIP","floor":21},{"not_picked":["Tempest+1","Coolheaded"],"picked":"Skim+1","floor":22},{"not_picked":["Steam Power","Streamline"],"picked":"Hologram","floor":24},{"not_picked":["Redo","Lockon","Hello World"],"picked":"SKIP","floor":30},{"not_picked":["Compile Driver","Double Energy","Hologram"],"picked":"SKIP","floor":31},{"not_picked":["Electrodynamics","All For One"],"picked":"Seek","floor":33},{"not_picked":["Rebound","Leap","Stack"],"picked":"SKIP","floor":35}],"player_experience":1716278,"relics_obtained":[{"floor":7,"key":"Omamori"},{"floor":9,"key":"DataDisk"},{"floor":10,"key":"Regal Pillow"},{"floor":14,"key":"StrikeDummy"},{"floor":24,"key":"War Paint"},{"floor":26,"key":"Strawberry"},{"floor":30,"key":"FossilizedHelix"}],"event_choices":[{"cards_removed":["Streamline"],"damage_healed":0,"gold_gain":0,"player_choice":"Card Removal","damage_taken":7,"max_hp_gain":0,"max_hp_loss":0,"event_name":"Golden Wing","floor":2,"gold_loss":0},{"damage_healed":0,"gold_gain":0,"player_choice":"Damaged","damage_taken":10,"max_hp_gain":0,"max_hp_loss":0,"event_name":"Wheel of Change","floor":5,"gold_loss":0},{"damage_healed":0,"gold_gain":0,"player_choice":"Ignored","damage_taken":0,"max_hp_gain":0,"max_hp_loss":0,"event_name":"The Mausoleum","floor":19,"gold_loss":0},{"damage_healed":0,"gold_gain":0,"player_choice":"Obtained Relic","damage_taken":0,"relics_obtained":["PreservedInsect"],"max_hp_gain":0,"max_hp_loss":0,"event_name":"Addict","floor":20,"gold_loss":85},{"damage_healed":16,"gold_gain":0,"player_choice":"Heal","damage_taken":0,"max_hp_gain":0,"max_hp_loss":0,"event_name":"The Library","floor":27,"gold_loss":0},{"damage_healed":0,"gold_gain":250,"player_choice":"Bet on Owner","damage_taken":0,"max_hp_gain":0,"max_hp_loss":0,"event_name":"The Joust","floor":28,"gold_loss":50}],"is_beta":false,"boss_relics":[{"not_picked":["Runic Dome","SlaversCollar"],"picked":"Empty Cage"},{"not_picked":["Runic Pyramid","Inserter"],"picked":"Black Star"}],"items_purged_floors":[29],"is_endless":false,"potions_floor_spawned":[3,7,11,12,18,21,30,33,35],"killed_by":"3 Darklings","ascension_level":20}}