{"host":"z6c1sol8rulx2ubz","time":1610400920,"event":{"mods":["AchievementEnabler","Act Like it!","BaseMod","Better Note","Better Third Choice","Downfall","Elementarium","Gold Saver","Hallownest","Hermit","Hubris","Infinite Spire","Jorbs\u0027s Wanderer Trilogy","Minty Spire (QoL Compilation)","Potionbrewer","Quick Restart","Rare Cards Sparkle","StSLib","The Animator","The Bug Knight","The Cursed","The Dragon Tamer","The Necromancer","Wandering Minibosses"],"gold_per_floor":[175,175,191,191,211,211,236,236,236,250,250,260,246,171,171,266,266,284,284,284,301,315,225,225,245,245,260,272,222,222],"floor_reached":29,"playtime":3568,"items_purged":["HollowMod:FocusHealStart"],"score":229,"play_id":"b222c1ef-9dd4-4166-b756-6df28b0ea63c","local_time":"20210111213520","is_ascension_mode":false,"campfire_choices":[{"data":"HollowMod:MawleksShell","floor":6,"key":"SMITH"},{"floor":11,"key":"REST"},{"floor":15,"key":"RECALL"},{"floor":24,"key":"REST"}],"circlet_count":0,"master_deck":["HollowMod:NailStrikeStart","HollowMod:NailStrikeStart","HollowMod:NailStrikeStart","HollowMod:NailStrikeStart","HollowMod:QuickDashStart","HollowMod:QuickDashStart","HollowMod:QuickDashStart","HollowMod:QuickDashStart+1","HollowMod:PogoStrike","HollowMod:CycloneSlash","HollowMod:InfectionAssault","HollowMod:MawleksShell+1","HollowMod:NewInfectedGuardian","HollowMod:InfectedAttack","infinitespire:Starlight","HollowMod:NewJinnsSoul","HollowMod:CycloneSlash"],"relics":["infinitespire:Cupcake","Hallownest:TeacherSealRelic","potionbrewer:ToyAutogyro","Runic Pyramid","Hallownest:StagBellRelic1","Mercury Hourglass"],"acts_visited":["Hallownest:Greenpath","Hallownest:CityofTears"],"potions_floor_usage":[16,21,22,27,27],"damage_taken":[{"damage":0,"enemies":"Hallownest:monsterHuskGuard","floor":1,"turns":4},{"damage":0,"enemies":"Hallownest:2_Baldur","floor":3,"turns":2},{"damage":0,"enemies":"Hallownest:monsterHuskWarrior","floor":5,"turns":2},{"damage":9,"enemies":"Hallownest:eliteVengeflyKing","floor":7,"turns":4},{"damage":13,"enemies":"Hallownest:2_Tiktiks_1_Baldur_1_Crawlid","floor":10,"turns":3},{"damage":0,"enemies":"Hallownest:monsterMossCharger","floor":12,"turns":2},{"damage":16,"enemies":"Hallownest:monsterFoolEater","floor":13,"turns":5},{"damage":40,"enemies":"Hallownest:BossFalseKnight","floor":16,"turns":12},{"damage":22,"enemies":"Hallownest:Guard_and_Sentry","floor":18,"turns":6},{"damage":20,"enemies":"Hallownest:2_Mistakes","floor":21,"turns":9},{"damage":10,"enemies":"Hallownest:Warrior_and_Youth","floor":22,"turns":4},{"damage":54,"enemies":"Hallownest:2_Husk_Sentries","floor":25,"turns":5},{"damage":3,"enemies":"Hallownest:3_Mistakes","floor":27,"turns":13},{"damage":29,"enemies":"Hallownest:Master_and_Novice","floor":28,"turns":6},{"damage":35,"enemies":"Hallownest:monsterMisterMushroom","floor":29,"turns":6}],"seed_played":"-9010212501576172002","potions_obtained":[{"floor":1,"key":"Dexterity Potion"},{"floor":3,"key":"CultistPotion"},{"floor":5,"key":"potionbrewer:QuicksilverPotion"},{"floor":16,"key":"potionbrewer:BarricadePotion"},{"floor":21,"key":"AttackPotion"},{"floor":22,"key":"LiquidBronze"}],"is_trial":false,"path_per_floor":["M","?","M","?","M","R","E","?","T","M","R","M","M","$","R","B",null,"M","?","?","M","M","?","R","M","T","M","M","M"],"character_chosen":"THE_BUGKNIGHT","items_purchased":[],"campfire_rested":2,"item_purchase_floors":[],"current_hp_per_floor":[75,75,75,75,75,75,66,66,66,53,75,75,59,59,59,19,75,53,53,34,24,24,24,46,12,12,19,10,0,0],"gold":222,"neow_bonus":"BOSS_RELIC","is_daily":false,"chose_seed":false,"campfire_upgraded":1,"win_rate":0.0,"timestamp":1610400920,"path_taken":["M","?","?","?","M","R","E","?","T","M","R","M","M","$","R","BOSS","M","?","?","M","?","?","R","M","T","M","?","M"],"items_purchased_type":[],"build_version":"2020-12-22","purchased_purges":1,"victory":false,"max_hp_per_floor":[75,75,75,75,75,75,75,75,75,75,75,75,75,75,75,75,75,75,75,75,75,75,75,75,75,75,75,75,75,75],"card_choices":[{"not_picked":["HollowMod:HuntersJournal","HollowMod:LifebloodCocoon"],"picked":"HollowMod:CycloneSlash","floor":1},{"not_picked":["HollowMod:GoodIntentions","HollowMod:NewJinnsSoul"],"picked":"HollowMod:InfectionAssault","floor":3},{"not_picked":["HollowMod:VengefulVoid","HollowMod:BrokenVessel"],"picked":"HollowMod:MawleksShell","floor":5},{"not_picked":["HollowMod:FallenFury","HollowMod:ShadowDash","HollowMod:RecoilStrike"],"picked":"SKIP","floor":7},{"not_picked":["HollowMod:WraithStrike","HollowMod:NewLittleFool","HollowMod:PureVessel"],"picked":"SKIP","floor":10},{"not_picked":["HollowMod:LifebloodCocoon","HollowMod:SoulSplash","HollowMod:ShadowDash"],"picked":"SKIP","floor":12},{"not_picked":["HollowMod:HeavyBlow","HollowMod:SoulSplash","HollowMod:ChannelNail"],"picked":"SKIP","floor":13},{"not_picked":["HollowMod:SoulMaster","HollowMod:LifebloodCore"],"picked":"HollowMod:NewInfectedGuardian","floor":16},{"not_picked":["HollowMod:LifebloodCocoon+1","HollowMod:VengefulVoid+1"],"picked":"HollowMod:InfectedAttack","floor":18},{"not_picked":["infinitespire:Gouge","infinitespire:Collect"],"picked":"infinitespire:Starlight","floor":20},{"not_picked":["HollowMod:PureNailStrike","HollowMod:HowlingWraiths+1","HollowMod:SoulStrike"],"picked":"SKIP","floor":21},{"not_picked":["HollowMod:Grubsong","HollowMod:DreamGate","HollowMod:HeavyBlow"],"picked":"SKIP","floor":22},{"not_picked":["HollowMod:NewLittleFool","HollowMod:ShadowDash+1"],"picked":"HollowMod:NewJinnsSoul","floor":25},{"not_picked":["HollowMod:ChannelNail","HollowMod:CloakDash"],"picked":"HollowMod:CycloneSlash","floor":27},{"not_picked":["HollowMod:SoulVessel","HollowMod:BaldurShell","HollowMod:LifebloodCocoon"],"picked":"SKIP","floor":28}],"player_experience":277754,"relics_obtained":[{"floor":7,"key":"potionbrewer:ToyAutogyro"},{"floor":26,"key":"Mercury Hourglass"}],"event_choices":[],"is_beta":false,"boss_relics":[{"not_picked":["Pandora\u0027s Box","SacredBark"],"picked":"Runic Pyramid"}],"items_purged_floors":[14],"is_endless":false,"potions_floor_spawned":[1,3,5,16,21,22],"killed_by":"Hallownest:monsterMisterMushroom","ascension_level":0}}