{"host":"roqztpbdbchtekes","time":1610354571,"event":{"mods":["A Magickal Journey","AchievementEnabler","BaseMod","Better Note","Better Third Choice","BetterRewards","Block Reminder","Colored Map","Colored Powertips","Curses Come First","DeckTracker","Minty Spire (QoL Compilation)","Relic Stats","Spicy Shops","StSLib"],"gold_per_floor":[113,113,113,126,126,126,161,161,161,191,222,234,263,295,307,420,432,459,570,582,594,617,629,669,681,717,742,770,782,794,841,853,964,976,1008,119,132,0,0,30,47,78,78,90,90,121,121,137,137,137,137,137,137,172,172,172],"floor_reached":55,"playtime":4326,"items_purged":["Strike_P","Defend_P+1","Strike_P+1"],"score":1212,"play_id":"ab2d4382-b2f0-40ce-b4f2-ca987cbb26f0","local_time":"20210111094251","is_ascension_mode":true,"campfire_choices":[{"data":"Eruption","floor":6.0,"key":"SMITH"},{"data":"Panache","floor":8.0,"key":"SMITH"},{"data":"Defend_P","floor":12.0,"key":"SMITH"},{"data":"Protect","floor":15.0,"key":"SMITH"},{"data":"BattleHymn","floor":23.0,"key":"SMITH"},{"data":"Crescendo","floor":32,"key":"SMITH"},{"floor":45,"key":"RECALL"}],"circlet_count":0,"master_deck":["Defend_P+1","Defend_P+1","Defend_P+1","Eruption+1","Vigilance+1","FlyingSleeves+1","Panache+1","WheelKick+1","LessonLearned+1","InnerPeace+1","CutThroughFate+1","Tantrum+1","TalkToTheHand+1","Protect+1","TalkToTheHand+1","Establishment+1","Weave+1","BattleHymn+1","ForeignInfluence+1","WindmillStrike+1","Crescendo+1","LikeWater+1","Panache+1","Protect+1"],"relics":["PureWater","Molten Egg 2","Letter Opener","Matryoshka","Blood Vial","War Paint","MawBank","Coffee Dripper","MealTicket","Bag of Marbles","Boot","CloakClasp","Sozu","Yang","Oddly Smooth Stone","DollysMirror","Red Mask","Bottled Lightning","Potion Belt","Damaru","Akabeko"],"acts_visited":["Exordium","TheCity","TheBeyond","TheEnding"],"potions_floor_usage":[31,33,33,42],"damage_taken":[{"damage":0.0,"enemies":"2 Louse","floor":1.0,"turns":3.0},{"damage":0.0,"enemies":"Cultist","floor":4.0,"turns":2.0},{"damage":0.0,"enemies":"Jaw Worm","floor":5.0,"turns":2.0},{"damage":22.0,"enemies":"Lagavulin","floor":7.0,"turns":6.0},{"damage":17.0,"enemies":"3 Sentries","floor":10.0,"turns":7.0},{"damage":0.0,"enemies":"Gremlin Gang","floor":11.0,"turns":3.0},{"damage":0.0,"enemies":"3 Louse","floor":13.0,"turns":2.0},{"damage":3.0,"enemies":"2 Fungi Beasts","floor":14.0,"turns":2.0},{"damage":4.0,"enemies":"The Guardian","floor":16.0,"turns":8.0},{"damage":11.0,"enemies":"2 Thieves","floor":18.0,"turns":3.0},{"damage":9.0,"enemies":"Chosen","floor":22.0,"turns":2.0},{"damage":8.0,"enemies":"Gremlin Leader","floor":24.0,"turns":3.0},{"damage":3.0,"enemies":"Centurion and Healer","floor":25.0,"turns":7.0},{"damage":0.0,"enemies":"3 Cultists","floor":27.0,"turns":3.0},{"damage":0.0,"enemies":"Snecko","floor":28.0,"turns":3.0},{"damage":0,"enemies":"Book of Stabbing","floor":31,"turns":3},{"damage":4,"enemies":"Automaton","floor":33,"turns":6},{"damage":0,"enemies":"3 Shapes","floor":35,"turns":2},{"damage":0,"enemies":"3 Darklings","floor":37,"turns":2},{"damage":0,"enemies":"Giant Head","floor":40,"turns":5},{"damage":0,"enemies":"Jaw Worm Horde","floor":41,"turns":2},{"damage":3,"enemies":"Reptomancer","floor":42,"turns":3},{"damage":16,"enemies":"Sphere and 2 Shapes","floor":44,"turns":5},{"damage":0,"enemies":"Giant Head","floor":46,"turns":6},{"damage":0,"enemies":"3 Darklings","floor":48,"turns":3},{"damage":69,"enemies":"Time Eater","floor":50,"turns":10},{"damage":81,"enemies":"Shield and Spear","floor":54,"turns":6},{"damage":3,"enemies":"The Heart","floor":55,"turns":2}],"seed_played":"-8222354948606612735","potions_obtained":[{"floor":1.0,"key":"Fruit Juice"},{"floor":7.0,"key":"SpeedPotion"},{"floor":10.0,"key":"DuplicationPotion"},{"floor":11.0,"key":"Weak Potion"},{"floor":16.0,"key":"SteroidPotion"},{"floor":22.0,"key":"AttackPotion"},{"floor":24.0,"key":"Energy Potion"},{"floor":28.0,"key":"SkillPotion"},{"floor":31,"key":"Weak Potion"}],"is_trial":false,"path_per_floor":["M","?","?","M","M","R","E","R","T","E","M","R","M","M","R","B",null,"M","?","?","$","M","R","E","M","T","M","M","?","?","E","R","B",null,"M","$","M","?","?","E","M","E","T","M","R","E","$","M","R","B",null,"R","$","E","B"],"character_chosen":"WATCHER","items_purchased":["Molten Egg 2","Letter Opener","FlyingSleeves+1","Panache","LikeWater","Yang","Oddly Smooth Stone","DollysMirror"],"campfire_rested":0,"item_purchase_floors":[0,0,0,0,36,36,36,36],"current_hp_per_floor":[47,47,47,47,47,47,25,25,25,15,17,17,19,18,18,16,77,66,66,52,52,45,45,39,38,38,40,42,42,42,44,44,42,82,82,82,82,82,82,82,82,79,79,65,65,67,82,82,82,13,82,82,82,1,0,0],"gold":172,"neow_bonus":"","is_daily":false,"chose_seed":false,"campfire_upgraded":6,"win_rate":0.0,"timestamp":1610354571,"path_taken":["M","?","?","?","M","R","E","R","T","E","M","R","M","M","R","BOSS","M","?","?","?","M","R","E","M","T","?","M","?","?","E","R","BOSS","M","$","M","?","?","E","M","E","T","?","R","E","?","M","R","BOSS","R","$","E","BOSS"],"items_purchased_type":["Relic","Relic","Card","Card","Card","Relic","Relic","Relic"],"build_version":"2020-12-22","purchased_purges":3,"victory":false,"max_hp_per_floor":[72,72,72,72,72,72,72,72,72,77,77,77,77,77,77,77,77,77,77,82,82,82,82,82,82,82,82,82,82,82,82,82,82,82,82,82,82,82,82,82,82,82,82,82,82,82,82,82,82,82,82,82,82,82,82,82],"relic_stats":{"Blood Vial":30,"Sozu":3,"counters":[51,208],"MealTicket":15,"Yang":[134],"CloakClasp":[125],"Letter Opener":[105],"War Paint":["Defend_P","Defend_P"],"MawBank":312,"Boot":[50],"obtain_stats":[{"Lantern":6,"CeramicFish":20,"Melange":39,"Yang":36,"CloakClasp":31,"Boot":26,"Blood Vial":9,"Sozu":34,"Matryoshka":7,"DollysMirror":36,"Pantograph":27,"MealTicket":24,"Red Mask":38,"Potion Belt":39,"NeowsBlessing":0,"Happy Flower":26,"Astrolabe":34,"Oddly Smooth Stone":36,"Damaru":46,"Eternal Feather":9,"Thread and Needle":43,"Letter Opener":0,"Orichalcum":23,"War Paint":9,"MawBank":10,"Akabeko":54,"Strange Spoon":22,"Ornamental Fan":13,"Bird Faced Urn":22,"Pandora\u0027s Box":17,"Molten Egg 2":0,"Coffee Dripper":17,"Bag of Marbles":26,"Bottled Lightning":40,"PureWater":0},{"Lantern":3,"CeramicFish":8,"Melange":18,"Yang":41,"CloakClasp":39,"Boot":36,"Blood Vial":27,"Sozu":40,"Matryoshka":27,"DollysMirror":41,"Pantograph":12,"MealTicket":35,"Red Mask":42,"Potion Belt":18,"NeowsBlessing":0,"Happy Flower":11,"Astrolabe":15,"Oddly Smooth Stone":41,"Damaru":47,"Eternal Feather":4,"Thread and Needle":19,"Letter Opener":23,"Orichalcum":10,"War Paint":27,"MawBank":28,"Akabeko":50,"Strange Spoon":9,"Ornamental Fan":5,"Bird Faced Urn":9,"Pandora\u0027s Box":7,"Molten Egg 2":23,"Coffee Dripper":32,"Bag of Marbles":36,"Bottled Lightning":43,"PureWater":0},{"Lantern":3,"CeramicFish":18,"Melange":67,"Yang":164,"CloakClasp":156,"Boot":147,"Blood Vial":110,"Sozu":162,"Matryoshka":110,"DollysMirror":164,"Pantograph":38,"MealTicket":140,"Red Mask":166,"Potion Belt":67,"NeowsBlessing":0,"Happy Flower":32,"Astrolabe":56,"Oddly Smooth Stone":164,"Damaru":187,"Eternal Feather":4,"Thread and Needle":73,"Letter Opener":97,"Orichalcum":28,"War Paint":110,"MawBank":117,"Akabeko":206,"Strange Spoon":23,"Ornamental Fan":6,"Bird Faced Urn":23,"Pandora\u0027s Box":15,"Molten Egg 2":97,"Coffee Dripper":132,"Bag of Marbles":147,"Bottled Lightning":171,"PureWater":0}]},"card_choices":[{"not_picked":["Evaluate","Crescendo"],"picked":"WheelKick+1","floor":1.0},{"not_picked":["Study","Crescendo"],"picked":"InnerPeace","floor":4.0},{"not_picked":["ThirdEye","SashWhip+1","Vengeance"],"picked":"SKIP","floor":5.0},{"not_picked":["FlyingSleeves+1","JustLucky+1"],"picked":"CutThroughFate+1","floor":7.0},{"not_picked":["SashWhip+1","Wallop+1"],"picked":"Tantrum+1","floor":10.0},{"not_picked":["Perseverance","JustLucky+1"],"picked":"TalkToTheHand+1","floor":11.0},{"not_picked":["Devotion","Evaluate"],"picked":"Protect","floor":13.0},{"not_picked":["Indignation","Perseverance"],"picked":"TalkToTheHand+1","floor":14.0},{"not_picked":["Brilliance+1","Omniscience"],"picked":"Establishment","floor":16.0},{"not_picked":["CutThroughFate+1","InnerPeace"],"picked":"Weave+1","floor":18.0},{"not_picked":["Crescendo","SashWhip+1"],"picked":"BattleHymn","floor":22.0},{"not_picked":["Halt","LessonLearned+1"],"picked":"ForeignInfluence","floor":24.0},{"not_picked":["FearNoEvil+1","Halt","Tantrum+1"],"picked":"SKIP","floor":25.0},{"not_picked":["Halt","ThirdEye","WindmillStrike+1"],"picked":"SKIP","floor":27.0},{"not_picked":["Halt","ThirdEye"],"picked":"WindmillStrike+1","floor":27.0},{"not_picked":["JustLucky+1","FlyingSleeves+1"],"picked":"Crescendo","floor":28.0},{"not_picked":["CrushJoints+1","ThirdEye","SashWhip+1"],"picked":"SKIP","floor":31},{"not_picked":["MasterReality","Alpha"],"picked":"Blasphemy","floor":33},{"not_picked":["FlurryOfBlows+1","Vengeance","Halt"],"picked":"SKIP","floor":35},{"not_picked":["CarveReality+1","FlyingSleeves+1","BattleHymn+1"],"picked":"SKIP","floor":37},{"not_picked":["Adaptation","Crescendo","Vengeance+1"],"picked":"SKIP","floor":40},{"not_picked":["Indignation","BattleHymn+1","Evaluate"],"picked":"SKIP","floor":41},{"not_picked":["SignatureMove+1","Establishment"],"picked":"Protect+1","floor":42},{"not_picked":["Consecrate+1","Fasting2","Protect+1"],"picked":"SKIP","floor":44},{"not_picked":["JustLucky+1","EmptyBody+1","Prostrate+1"],"picked":"SKIP","floor":46},{"not_picked":["Prostrate","Consecrate+1","FlurryOfBlows+1"],"picked":"SKIP","floor":48},{"not_picked":["Protect+1","ThirdEye","BowlingBash+1"],"picked":"SKIP","floor":54}],"player_experience":293286,"relics_obtained":[{"floor":7.0,"key":"Matryoshka"},{"floor":9.0,"key":"Blood Vial"},{"floor":9.0,"key":"War Paint"},{"floor":10.0,"key":"MawBank"},{"floor":24.0,"key":"MealTicket"},{"floor":26.0,"key":"Bag of Marbles"},{"floor":26.0,"key":"Boot"},{"floor":31,"key":"CloakClasp"},{"floor":40,"key":"Bottled Lightning"},{"floor":42,"key":"Potion Belt"},{"floor":46,"key":"Damaru"},{"floor":54,"key":"Akabeko"}],"event_choices":[{"damage_healed":0.0,"max_hp_gain":0.0,"max_hp_loss":0.0,"gold_gain":0.0,"event_name":"betterThird:BetterSerpent","player_choice":"Ignored","floor":2.0,"gold_loss":0.0,"damage_taken":113.0},{"damage_healed":0.0,"max_hp_gain":0.0,"max_hp_loss":0.0,"gold_gain":0.0,"cards_transformed":["Strike_P"],"event_name":"Transmorgrifier","player_choice":"Transformed","floor":3.0,"gold_loss":0.0,"damage_taken":0.0,"cards_obtained":["LessonLearned"]},{"damage_healed":0.0,"max_hp_gain":0.0,"max_hp_loss":0.0,"gold_gain":99.0,"event_name":"betterThird:BetterNest","player_choice":"Steal","floor":19.0,"gold_loss":0.0,"damage_taken":0.0},{"damage_healed":0.0,"max_hp_gain":5.0,"max_hp_loss":0.0,"gold_gain":0.0,"event_name":"Forgotten Altar","player_choice":"Shed Blood","floor":20.0,"gold_loss":0.0,"damage_taken":19.0},{"damage_healed":0,"gold_gain":0,"player_choice":"Ignored","damage_taken":0,"max_hp_gain":0,"max_hp_loss":0,"event_name":"Vampires","floor":29,"gold_loss":0},{"cards_removed":["Strike_P"],"damage_healed":0,"gold_gain":0,"player_choice":"Elegance","damage_taken":0,"max_hp_gain":0,"max_hp_loss":0,"event_name":"betterThird:BetterWriting","floor":30,"gold_loss":0},{"damage_healed":0,"gold_gain":0,"player_choice":"Paid","damage_taken":0,"relics_obtained":["Red Mask"],"max_hp_gain":0,"max_hp_loss":0,"event_name":"Tomb of Lord Red Mask","floor":38,"gold_loss":132},{"cards_removed":["Blasphemy"],"damage_healed":0,"gold_gain":0,"player_choice":"Removed Skill","damage_taken":0,"max_hp_gain":0,"max_hp_loss":0,"event_name":"Falling","floor":39,"gold_loss":0}],"is_beta":false,"boss_relics":[{"not_picked":["Astrolabe","Runic Pyramid"],"picked":"Coffee Dripper"},{"not_picked":["Velvet Choker","Busted Crown"],"picked":"Sozu"}],"items_purged_floors":[0,36,36],"is_endless":false,"potions_floor_spawned":[1,7,10,11,16,22,24,28,31,37,41,48],"killed_by":"The Heart","ascension_level":3}}