{"host":"l2dnabsh5e0fsksb","time":1610367227,"event":{"mods":["2.2 Compatiblity","BaseMod","Downfall","Minty Spire (QoL Compilation)","Quick Restart","StSLib"],"gold_per_floor":[99,99,99,249,249,249,326,326,360,49,68,68,68,97,109,109,109,109],"floor_reached":16,"playtime":478,"items_purged":[],"score":140,"play_id":"ae14add6-b146-45b8-8e4a-746f637abdb7","local_time":"20210111224347","is_ascension_mode":true,"campfire_choices":[{"floor":1.0,"key":"RECALL"},{"data":"champ:Taunt","floor":12.0,"key":"SMITH"}],"circlet_count":0,"master_deck":["champ:Strike","champ:Strike","champ:Strike","champ:Strike","champ:Defend","champ:Defend","champ:Defend","champ:Defend","champ:Execute","champ:Taunt+1","champ:TornadoPunch+1","champ:Riposte","champ:DeathBlow","champ:Riposte","champ:SwordSigil","champ:FlashCut","champ:Improvising","champ:IronFortress"],"relics":["champ:ChampionCrown","downfall:HeartsMalice","champ:LiftRelic","Shuriken","Kunai","Toy Ornithopter","Blood Vial","Meat on the Bone"],"acts_visited":["Exordium"],"potions_floor_usage":[16,16],"damage_taken":[{"damage":0.0,"enemies":"2 Louse","floor":2.0,"turns":1.0},{"damage":0.0,"enemies":"Jaw Worm","floor":3.0,"turns":1.0},{"damage":0.0,"enemies":"Cultist","floor":8.0,"turns":1.0},{"damage":40.0,"enemies":"3 Sentries","floor":9.0,"turns":7.0},{"damage":20.0,"enemies":"downfall:FleeingMerchant","floor":10.0,"turns":4.0},{"damage":16.0,"enemies":"Gremlin Gang","floor":11.0,"turns":3.0},{"damage":31.0,"enemies":"Lagavulin","floor":14.0,"turns":7.0},{"damage":0.0,"enemies":"3 Louse","floor":15.0,"turns":1.0},{"damage":70,"enemies":"downfall:Ironclad","floor":16,"turns":5}],"seed_played":"4682582610027384414","potions_obtained":[{"floor":11.0,"key":"sneckomod:MuddlingPotion"},{"floor":14.0,"key":"Regen Potion"},{"floor":15.0,"key":"Weak Potion"}],"is_trial":false,"path_per_floor":["R","M","M","?","?","?","T","M","E","$","M","R","?","E","M","B"],"character_chosen":"THE_CHAMP","items_purchased":["Toy Ornithopter","Blood Vial"],"campfire_rested":0,"item_purchase_floors":[10,10],"current_hp_per_floor":[81,81,81,81,81,81,81,81,51,51,47,47,47,33,57,0,0,0],"gold":109,"neow_bonus":"THREE_ENEMY_KILL","is_daily":false,"chose_seed":false,"campfire_upgraded":1,"win_rate":0.0,"timestamp":1610367227,"path_taken":["R","M","M","?","?","?","T","?","E","$","M","R","?","E","M","BOSS"],"items_purchased_type":["Relic","Relic"],"build_version":"2020-12-22","purchased_purges":0,"victory":false,"max_hp_per_floor":[90,90,90,90,90,90,90,90,90,90,90,90,90,90,90,90,90,90],"card_choices":[{"not_picked":["champ:Haymaker","champ:CrookedStrike"],"picked":"champ:TornadoPunch","floor":2.0},{"not_picked":["champ:TornadoPunch","champ:AdrenalArmor"],"picked":"champ:Riposte","floor":3.0},{"not_picked":["champ:ArenaPreparation","champ:CrookedStrike"],"picked":"champ:DeathBlow","floor":8.0},{"not_picked":["champ:BladeFlurry","champ:MurderStrike"],"picked":"champ:Riposte","floor":9.0},{"not_picked":["champ:DeathBlow","champ:ShieldSigil"],"picked":"champ:SwordSigil","floor":10.0},{"not_picked":["champ:GutPunch","champ:DefensiveShout"],"picked":"champ:FlashCut","floor":11.0},{"not_picked":["champ:AdrenalArmor","champ:BringItOn"],"picked":"champ:Improvising","floor":14.0},{"not_picked":["champ:TornadoPunch","champ:BladeFlurry"],"picked":"champ:IronFortress","floor":15.0}],"player_experience":1757302,"relics_obtained":[{"floor":7.0,"key":"Shuriken"},{"floor":9.0,"key":"Kunai"},{"floor":14.0,"key":"Meat on the Bone"}],"event_choices":[{"cards_removed":["Slimebound:Icky"],"damage_healed":0.0,"max_hp_gain":0.0,"max_hp_loss":0.0,"gold_gain":0.0,"event_name":"The Cleric","player_choice":"Card Removal","floor":6.0,"gold_loss":0.0,"damage_taken":0.0},{"damage_healed":0.0,"max_hp_gain":0.0,"max_hp_loss":0.0,"gold_gain":0.0,"event_name":"Upgrade Shrine","player_choice":"Upgraded","floor":13.0,"gold_loss":0.0,"damage_taken":0.0,"cards_upgraded":["champ:TornadoPunch"]}],"is_beta":false,"boss_relics":[],"items_purged_floors":[],"is_endless":false,"potions_floor_spawned":[11,14,15],"killed_by":"downfall:Ironclad","ascension_level":7}}