{"host":"wshh0nphwn6jv7vj","time":1610394655,"event":{"mods":["BaseMod","Bestiary","Minty Spire (QoL Compilation)","Relic Stats"],"gold_per_floor":[117,192,202,217,217,217,231,247,271,301,301,25,25,62,62,145,145,169,84,9,23,23,23],"floor_reached":22,"playtime":1149,"items_purged":["Strike_B"],"score":359,"play_id":"871edf31-a544-4417-8153-c31dc85b8114","local_time":"20210111145055","is_ascension_mode":true,"campfire_choices":[{"floor":6.0,"key":"REST"},{"floor":11.0,"key":"REST"},{"data":"Apotheosis","floor":13,"key":"SMITH"},{"floor":15,"key":"REST"}],"circlet_count":0,"master_deck":["AscendersBane","Strike_B+1","Strike_B","Defend_B","Defend_B+1","Defend_B","Defend_B","Zap","Dualcast","Apotheosis+1","Conserve Battery","Sweeping Beam","Sunder","Ball Lightning","Rebound","Lockon","Lockon","Core Surge","Rainbow","Cold Snap"],"relics":["Cracked Core","Ancient Tea Set","Centennial Puzzle","ClockworkSouvenir","CeramicFish","Black Star","Matryoshka"],"acts_visited":["Exordium","TheCity"],"potions_floor_usage":[21],"damage_taken":[{"damage":0.0,"enemies":"Cultist","floor":1.0,"turns":4.0},{"damage":2.0,"enemies":"Small Slimes","floor":3.0,"turns":4.0},{"damage":5.0,"enemies":"Jaw Worm","floor":4.0,"turns":3.0},{"damage":2.0,"enemies":"Lots of Slimes","floor":7.0,"turns":4.0},{"damage":7.0,"enemies":"Exordium Wildlife","floor":8.0,"turns":4.0},{"damage":16.0,"enemies":"Lagavulin","floor":10.0,"turns":6.0},{"damage":2,"enemies":"3 Sentries","floor":14,"turns":5},{"damage":18,"enemies":"The Guardian","floor":16,"turns":10},{"damage":12,"enemies":"Spheric Guardian","floor":18,"turns":4},{"damage":14,"enemies":"2 Thieves","floor":21,"turns":5},{"damage":36,"enemies":"Shelled Parasite and Fungi","floor":22,"turns":3}],"seed_played":"1602942881419204143","potions_obtained":[{"floor":3.0,"key":"ColorlessPotion"},{"floor":4.0,"key":"Energy Potion"},{"floor":7.0,"key":"ColorlessPotion"},{"floor":14,"key":"SpeedPotion"}],"is_trial":false,"path_per_floor":["M","?","M","M","?","R","M","M","T","E","R","$","R","E","R","B",null,"M","?","?","M","M"],"character_chosen":"DEFECT","items_purchased":["ClockworkSouvenir","Lockon"],"campfire_rested":3,"item_purchase_floors":[12,12],"current_hp_per_floor":[46,35,33,28,7,28,26,19,19,3,24,24,24,22,43,25,60,48,48,48,34,0,0],"gold":23,"neow_bonus":"RANDOM_COLORLESS_2","is_daily":false,"chose_seed":false,"campfire_upgraded":1,"win_rate":0.0,"timestamp":1610394655,"path_taken":["M","?","M","M","?","R","?","M","T","E","R","?","R","E","R","BOSS","M","?","?","M","M"],"items_purchased_type":["Relic","Card"],"build_version":"2020-12-22","purchased_purges":1,"victory":false,"max_hp_per_floor":[71,71,71,71,71,71,71,71,71,71,71,71,71,71,71,71,71,71,71,71,71,71,71],"relic_stats":{"Centennial Puzzle":[15],"counters":[11,52],"CeramicFish":27,"Black Star":0,"obtain_stats":[{"Centennial Puzzle":10,"Matryoshka":19,"CeramicFish":14,"Black Star":17,"Cracked Core":0,"Ancient Tea Set":9,"ClockworkSouvenir":12},{"Centennial Puzzle":6,"Matryoshka":9,"CeramicFish":7,"Black Star":8,"Cracked Core":0,"Ancient Tea Set":5,"ClockworkSouvenir":6},{"Centennial Puzzle":25,"Matryoshka":44,"CeramicFish":30,"Black Star":40,"Cracked Core":0,"Ancient Tea Set":19,"ClockworkSouvenir":25}]},"card_choices":[{"not_picked":["Violence","Transmutation"],"picked":"Apotheosis","floor":0.0},{"not_picked":["Leap","Barrage"],"picked":"Conserve Battery","floor":1.0},{"not_picked":["Ball Lightning","Tempest"],"picked":"Sweeping Beam","floor":3.0},{"not_picked":["Beam Cell","Tempest"],"picked":"Sunder","floor":4.0},{"not_picked":["Turbo","Blizzard"],"picked":"Ball Lightning","floor":7.0},{"not_picked":["Skim","Rip and Tear"],"picked":"Rebound","floor":8.0},{"not_picked":["Rebound","Redo"],"picked":"Lockon","floor":10.0},{"not_picked":["Turbo","Gash"],"picked":"Core Surge","floor":14},{"not_picked":["Hyperbeam","Core Surge"],"picked":"Rainbow","floor":16},{"not_picked":["Chill","Redo"],"picked":"Cold Snap","floor":18},{"not_picked":["Consume","Scrape","Leap"],"picked":"SKIP","floor":21}],"player_experience":1567833,"relics_obtained":[{"floor":9.0,"key":"Ancient Tea Set"},{"floor":10.0,"key":"Centennial Puzzle"},{"floor":14,"key":"CeramicFish"}],"event_choices":[{"damage_healed":0.0,"max_hp_gain":0.0,"max_hp_loss":0.0,"gold_gain":75.0,"event_name":"World of Goop","player_choice":"Gather Gold","floor":2.0,"gold_loss":0.0,"damage_taken":11.0},{"damage_healed":0.0,"max_hp_gain":0.0,"max_hp_loss":0.0,"gold_gain":0.0,"event_name":"Shining Light","player_choice":"Entered Light","floor":5.0,"gold_loss":0.0,"damage_taken":21.0,"cards_upgraded":["Defend_B","Strike_B"]},{"damage_healed":0,"gold_gain":0,"player_choice":"Obtained Relic","damage_taken":0,"relics_obtained":["Matryoshka"],"max_hp_gain":0,"max_hp_loss":0,"event_name":"Addict","floor":19,"gold_loss":85},{"cards_removed":["Strike_B"],"damage_healed":0,"gold_gain":0,"player_choice":"Gave Gold","damage_taken":0,"max_hp_gain":0,"max_hp_loss":0,"event_name":"Beggar","floor":20,"gold_loss":75}],"is_beta":false,"boss_relics":[{"not_picked":["SlaversCollar","Sozu"],"picked":"Black Star"}],"items_purged_floors":[12],"is_endless":false,"potions_floor_spawned":[3,4,7,14],"killed_by":"Shelled Parasite and Fungi","ascension_level":17}}