{"host":"56ghxnzsglgdq727","time":1610331659,"event":{"mods":["AchievementEnabler","BaseMod","Downfall","Duelist Mod","Minty Spire (QoL Compilation)","Rare Cards Sparkle","StSLib","The Bug Knight","The Exalted","The Senshi","The Wild Card"],"gold_per_floor":[138,63,83,96,96,96,112,131,154,154,165,65,78,98,98,195,195,212,212,137,152,165,165,30,42,42,42,53,66,165,165,165,165,165],"floor_reached":33,"playtime":1447,"items_purged":["theDuelist:CastleWalls","theDuelist:CastleWalls"],"score":243,"play_id":"abb5c3b8-b4aa-4a3c-9543-b4eabb794851","local_time":"20210110212059","is_ascension_mode":false,"campfire_choices":[{"data":"theDuelist:NaturiaBeast","floor":6,"key":"SMITH"},{"data":"theDuelist:NaturiaHorneedle","floor":10,"key":"SMITH"},{"data":"theDuelist:NaturiaMarron","floor":15,"key":"SMITH"},{"data":"theDuelist:RedMedicine+1","floor":23,"key":"SMITH"},{"floor":32,"key":"REST"}],"circlet_count":0,"master_deck":["theDuelist:NaturiaBeast+1","theDuelist:NaturiaCliff","theDuelist:NaturiaRock","theDuelist:NaturiaTulip","theDuelist:Sparks","theDuelist:Sparks","theDuelist:Sparks","theDuelist:NaturiaHorneedle+1","theDuelist:NatureReflection+1","theDuelist:NaturiaMarron+1","theDuelist:NaturiaSacredTree","theDuelist:RedMedicine+2","theDuelist:NaturiaBarkion","theDuelist:NaturiaSacredTree","theDuelist:NaturiaPumpkin","theDuelist:MultiplicationOfAnts","theDuelist:SeismicShockwave","theDuelist:HuntingInstinct","theDuelist:LonefireBlossom"],"relics":["theDuelist:MillenniumPuzzle","theDuelist:CardPoolRelic","theDuelist:CardPoolBasicRelic","theDuelist:BoosterPackPoolRelic","theDuelist:CardPoolAddRelic","theDuelist:CardPoolMinusRelic","theDuelist:CardPoolSaveRelic","theDuelist:CardPoolOptionsRelic","NeowsBlessing","SacredBark","Bromod:ArcaneTrickery","theDuelist:CursedHealer","Bottled Flame"],"acts_visited":["Exordium","TheCity"],"potions_floor_usage":[13,18,21,22,33,33],"damage_taken":[{"damage":0,"enemies":"Cultist","floor":1,"turns":1},{"damage":0,"enemies":"Small Slimes","floor":3,"turns":1},{"damage":0,"enemies":"2 Louse","floor":4,"turns":1},{"damage":7,"enemies":"Exordium Wildlife","floor":7,"turns":3},{"damage":9,"enemies":"Lots of Slimes","floor":8,"turns":3},{"damage":8,"enemies":"Looter","floor":11,"turns":4},{"damage":0,"enemies":"3 Louse","floor":13,"turns":3},{"damage":13,"enemies":"Lots of Slimes","floor":14,"turns":3},{"damage":7,"enemies":"Hexaghost","floor":16,"turns":8},{"damage":20,"enemies":"Spheric Guardian","floor":18,"turns":4},{"damage":0,"enemies":"2 Thieves","floor":21,"turns":4},{"damage":12,"enemies":"Centurion and Healer","floor":22,"turns":4},{"damage":27,"enemies":"Cultist and Chosen","floor":25,"turns":6},{"damage":8,"enemies":"Chosen and Byrds","floor":28,"turns":6},{"damage":15,"enemies":"Centurion and Healer","floor":29,"turns":6},{"damage":49,"enemies":"Champ","floor":33,"turns":5}],"seed_played":"900424499603641814","potions_obtained":[{"floor":7,"key":"theDuelist:TokenPotion"},{"floor":11,"key":"theDuelist:SealedPackC"},{"floor":13,"key":"SpeedPotion"},{"floor":16,"key":"Block Potion"},{"floor":18,"key":"Strength Potion"},{"floor":22,"key":"theDuelist:WhiteBottle"}],"is_trial":false,"path_per_floor":["M","$","M","M","?","R","M","M","T","R","M","$","M","M","R","B",null,"M","?","?","M","M","R","$","M","T","?","M","M","?","T","R","B"],"character_chosen":"THE_DUELIST","items_purchased":["theDuelist:MultiplicationOfAnts"],"campfire_rested":1,"item_purchase_floors":[24],"current_hp_per_floor":[80,80,80,80,80,80,73,64,64,64,56,56,56,43,43,36,80,60,60,60,60,48,48,48,21,21,46,38,23,23,23,47,0,0],"gold":165,"neow_bonus":"THREE_ENEMY_KILL","is_daily":false,"chose_seed":false,"campfire_upgraded":4,"win_rate":0.0,"timestamp":1610331659,"path_taken":["M","$","M","?","?","R","?","M","T","R","M","?","M","M","R","BOSS","M","?","?","M","M","R","?","?","T","?","M","M","?","?","R","BOSS"],"items_purchased_type":["Card"],"build_version":"2020-12-22","purchased_purges":2,"victory":false,"max_hp_per_floor":[80,80,80,80,80,80,80,80,80,80,80,80,80,80,80,80,80,80,80,80,80,80,80,80,80,80,80,80,80,80,80,80,80,80],"card_choices":[{"not_picked":["theDuelist:Sangan","theDuelist:ForbiddenChalice","theDuelist:DestroyerGolem","theDuelist:ShardGreed","theDuelist:BigEye"],"picked":"SKIP","floor":1},{"not_picked":["theDuelist:SeismicShockwave","theDuelist:ClosedForest"],"picked":"theDuelist:NaturiaHorneedle","floor":3},{"not_picked":["theDuelist:NaturalDisaster","theDuelist:LairWire","theDuelist:Anteater"],"picked":"theDuelist:NatureReflection","floor":4},{"not_picked":["theDuelist:NaturiaRock","theDuelist:NaturiaGaiastrio","theDuelist:CrystalRose","theDuelist:NaturiaLandoise","theDuelist:NaturiaCliff"],"picked":"SKIP","floor":7},{"not_picked":["theDuelist:WingedKuriboh","theDuelist:BlockGolem","theDuelist:GemArmadillo","theDuelist:HammerShot","theDuelist:MudragonSwamp"],"picked":"SKIP","floor":8},{"not_picked":["theDuelist:BrainCrusher","theDuelist:CrystalRose","theDuelist:Wiretap","theDuelist:NaturiaWhiteOak"],"picked":"theDuelist:NaturiaMarron","floor":11},{"not_picked":["theDuelist:ConvulsionNature","theDuelist:NaturalDisaster","theDuelist:LairWire"],"picked":"theDuelist:NaturiaSacredTree","floor":13},{"not_picked":["theDuelist:FuryFire+1","theDuelist:LuminousMoss+1","theDuelist:Cloning","theDuelist:SphereKuriboh"],"picked":"theDuelist:RedMedicine+1","floor":14},{"not_picked":["theDuelist:NaturiaForest","theDuelist:NaturiaVein","theDuelist:Canyon","theDuelist:NaturiaHorneedle"],"picked":"theDuelist:NaturiaBarkion","floor":16},{"not_picked":["theDuelist:WildNatureRelease","theDuelist:BarkionBark","theDuelist:ConvulsionNature+1","theDuelist:FuryFire"],"picked":"theDuelist:NaturiaSacredTree","floor":18},{"not_picked":["theDuelist:NaturiaHydrangea","theDuelist:NaturiaEggplant","theDuelist:NaturiaDragonfly","theDuelist:NaturiaCliff+1"],"picked":"theDuelist:NaturiaPumpkin","floor":21},{"not_picked":["theDuelist:BigFire","theDuelist:DarkHole+1","theDuelist:MudGolem","theDuelist:DianKeto+1","theDuelist:SphereKuriboh"],"picked":"SKIP","floor":22},{"not_picked":["theDuelist:NatureReflection","theDuelist:NaturalDisaster","theDuelist:SurvivalInstinct","theDuelist:AcidTrapHole"],"picked":"theDuelist:SeismicShockwave","floor":25},{"not_picked":["theDuelist:NaturiaVein","theDuelist:Canyon","theDuelist:HeartUnderdog","theDuelist:NaturiaHorneedle+1"],"picked":"theDuelist:HuntingInstinct","floor":28},{"not_picked":["theDuelist:NaturiaHydrangea","theDuelist:NaturiaDragonfly+1","theDuelist:NaturiaSunflower","theDuelist:NatureReflection"],"picked":"theDuelist:LonefireBlossom","floor":29}],"player_experience":216746,"relics_obtained":[{"floor":26,"key":"Bromod:ArcaneTrickery"},{"floor":31,"key":"Bottled Flame"}],"event_choices":[{"damage_healed":0,"gold_gain":0,"player_choice":"Upgraded","damage_taken":0,"max_hp_gain":0,"max_hp_loss":0,"event_name":"Upgrade Shrine","floor":5,"gold_loss":0,"cards_upgraded":["theDuelist:NatureReflection"]},{"damage_healed":0,"gold_gain":0,"player_choice":"Leave","duelist":true,"damage_taken":0,"max_hp_gain":0,"max_hp_loss":0,"event_name":"Relic Duplicator","floor":19,"gold_loss":0},{"cards_removed":["theDuelist:CastleWalls"],"damage_healed":0,"gold_gain":0,"player_choice":"Gave Gold","damage_taken":0,"max_hp_gain":0,"max_hp_loss":0,"event_name":"Beggar","floor":20,"gold_loss":75},{"damage_healed":0,"gold_gain":0,"player_choice":"Succumb - +25HP/Cursed Relic","duelist":true,"damage_taken":0,"max_hp_gain":0,"max_hp_loss":0,"event_name":"Tomb of the Nameless","floor":27,"gold_loss":0},{"damage_healed":0,"gold_gain":99,"player_choice":"Stole From Cult","damage_taken":0,"max_hp_gain":0,"max_hp_loss":0,"event_name":"Nest","floor":30,"gold_loss":0}],"is_beta":false,"boss_relics":[{"not_picked":["Busted Crown","Coffee Dripper"],"picked":"SacredBark"}],"items_purged_floors":[2,12],"is_endless":false,"potions_floor_spawned":[7,11,13,16,18,22],"killed_by":"Champ","ascension_level":0}}