{"host":"y3h3n3f7seyagppx","time":1610341322,"event":{"mods":["AlwaysNeverKeys","BaseMod","Better Vampires","Colored Powertips","DeckTracker","Emptier Cage","Minty Spire (QoL Compilation)","Permanent Neow","Quick Restart","Rare Cards Sparkle","Relic Sorter","Relic Stats","StSLib","Transform Curses"],"gold_per_floor":[115,40,40,40,115,150,52,81,129,129,157,157,177,190,190,264,264,281,311,311,311,311,329,355,369,437,465,465,493,79,92,92,92,92],"floor_reached":33,"playtime":2542,"items_purged":["Strike_R"],"score":888,"play_id":"93601375-5a28-475d-809c-d9c41f51737c","local_time":"20210111000202","is_ascension_mode":true,"campfire_choices":[{"data":"Perfected Strike","floor":10,"key":"SMITH"},{"data":"Bash","floor":12,"key":"SMITH"},{"data":"Inflame","floor":15,"key":"SMITH"},{"data":"Armaments","floor":28,"key":"SMITH"},{"data":"Impervious","floor":32,"key":"SMITH"}],"circlet_count":0,"master_deck":["AscendersBane","Strike_R","Strike_R","Strike_R","Defend_R","Defend_R","Defend_R","Bash+1","Perfected Strike+1","Feel No Pain","Inflame+1","Pommel Strike","Power Through","Pommel Strike","Offering","Seeing Red","Armaments+1","RitualDagger","Impervious+1","Shrug It Off","Barricade","Dark Shackles","Burning Pact","Shockwave"],"relics":["Burning Blood","NeowsBlessing","Meat on the Bone","StrikeDummy","Bag of Marbles","Orichalcum","Runic Pyramid","Red Mask","Eternal Feather","White Beast Statue","HornCleat","Bottled Flame","PreservedInsect"],"acts_visited":["Exordium","TheCity"],"potions_floor_usage":[11,23,27,29,33],"damage_taken":[{"damage":0,"enemies":"Jaw Worm","floor":1,"turns":1},{"damage":0,"enemies":"3 Sentries","floor":6,"turns":1},{"damage":0,"enemies":"Lagavulin","floor":8,"turns":1},{"damage":6,"enemies":"3 Sentries","floor":11,"turns":8},{"damage":0,"enemies":"2 Louse","floor":13,"turns":2},{"damage":0,"enemies":"Small Slimes","floor":14,"turns":2},{"damage":0,"enemies":"Slime Boss","floor":16,"turns":6},{"damage":0,"enemies":"Chosen","floor":18,"turns":4},{"damage":6,"enemies":"Masked Bandits","floor":19,"turns":2},{"damage":15,"enemies":"Shell Parasite","floor":23,"turns":4},{"damage":6,"enemies":"Gremlin Leader","floor":24,"turns":4},{"damage":0,"enemies":"Snake Plant","floor":25,"turns":4},{"damage":2,"enemies":"Slavers","floor":27,"turns":5},{"damage":6,"enemies":"Gremlin Leader","floor":29,"turns":4},{"damage":6,"enemies":"Centurion and Healer","floor":31,"turns":5},{"damage":96,"enemies":"Automaton","floor":33,"turns":14}],"seed_played":"-7132089593990972034","potions_obtained":[{"floor":6,"key":"DistilledChaos"},{"floor":11,"key":"Dexterity Potion"},{"floor":14,"key":"AttackPotion"},{"floor":23,"key":"Block Potion"},{"floor":27,"key":"Fruit Juice"},{"floor":29,"key":"Swift Potion"},{"floor":31,"key":"LiquidMemories"}],"is_trial":false,"path_per_floor":["M","?","?","?","?","E","$","E","T","R","E","R","M","M","R","B",null,"M","?","?","?","?","M","E","M","T","E","R","E","$","M","R","B"],"character_chosen":"IRONCLAD","items_purchased":["Inflame","AttackPotion","PreservedInsect","Dark Shackles","Burning Pact"],"campfire_rested":0,"item_purchase_floors":[7,7,30,30,30],"current_hp_per_floor":[74,74,79,72,61,67,67,73,73,73,73,73,79,80,80,80,80,80,80,80,80,74,65,65,71,71,75,80,85,85,85,85,0,0],"gold":92,"neow_bonus":"THREE_ENEMY_KILL","is_daily":false,"chose_seed":false,"campfire_upgraded":5,"win_rate":0.0,"timestamp":1610341322,"path_taken":["M","?","?","?","?","E","$","E","T","R","E","R","M","M","R","BOSS","M","?","?","?","?","M","E","?","T","E","R","E","$","?","R","BOSS"],"items_purchased_type":["Card","Potion","Relic","Card","Card"],"build_version":"2020-12-22","purchased_purges":1,"victory":false,"max_hp_per_floor":[75,75,80,80,80,80,80,80,80,80,80,80,80,80,80,80,80,80,80,80,80,80,80,80,80,80,80,80,85,85,85,85,85,85],"relic_stats":{"counters":[16,67],"Eternal Feather":5,"PreservedInsect":0,"Orichalcum":[126],"obtain_stats":[{"NeowsBlessing":0,"Eternal Feather":24,"PreservedInsect":30,"Orichalcum":11,"Burning Blood":0,"White Beast Statue":26,"Bottled Flame":29,"HornCleat":27,"Bag of Marbles":9,"Red Mask":19,"StrikeDummy":8,"Meat on the Bone":6,"Runic Pyramid":17},{"NeowsBlessing":0,"Eternal Feather":11,"PreservedInsect":14,"Orichalcum":4,"Burning Blood":0,"White Beast Statue":12,"Bottled Flame":14,"HornCleat":13,"Bag of Marbles":3,"Red Mask":9,"StrikeDummy":3,"Meat on the Bone":2,"Runic Pyramid":7},{"NeowsBlessing":0,"Eternal Feather":35,"PreservedInsect":48,"Orichalcum":11,"Burning Blood":0,"White Beast Statue":39,"Bottled Flame":48,"HornCleat":44,"Bag of Marbles":3,"Red Mask":27,"StrikeDummy":3,"Meat on the Bone":2,"Runic Pyramid":21}],"Burning Blood":73,"Meat on the Bone":0},"card_choices":[{"not_picked":["Wild Strike","Intimidate"],"picked":"Perfected Strike","floor":1},{"not_picked":["Havoc","Sword Boomerang"],"picked":"Feel No Pain","floor":6},{"not_picked":["Bludgeon","Entrench","Headbutt"],"picked":"SKIP","floor":8},{"not_picked":["Iron Wave","Rage"],"picked":"Pommel Strike","floor":11},{"not_picked":["Entrench","True Grit"],"picked":"Power Through","floor":13},{"not_picked":["Thunderclap","Flex"],"picked":"Pommel Strike","floor":14},{"not_picked":["Reaper","Berserk"],"picked":"Offering","floor":16},{"not_picked":["Shrug It Off","Clothesline"],"picked":"Seeing Red","floor":18},{"not_picked":["Iron Wave","Rupture","Sever Soul"],"picked":"SKIP","floor":23},{"not_picked":["Anger","Perfected Strike"],"picked":"Impervious","floor":24},{"not_picked":["Pommel Strike","Dark Embrace"],"picked":"Shrug It Off","floor":25},{"not_picked":["Immolate","Searing Blow","Headbutt"],"picked":"SKIP","floor":27},{"not_picked":["Anger","Body Slam+1"],"picked":"Barricade","floor":29},{"not_picked":["Combust","Clash"],"picked":"Shockwave","floor":31}],"player_experience":20667886,"relics_obtained":[{"floor":6,"key":"Meat on the Bone"},{"floor":8,"key":"StrikeDummy"},{"floor":9,"key":"Bag of Marbles"},{"floor":11,"key":"Orichalcum"},{"floor":19,"key":"Red Mask"},{"floor":24,"key":"Eternal Feather"},{"floor":26,"key":"White Beast Statue"},{"floor":27,"key":"HornCleat"},{"floor":29,"key":"Bottled Flame"}],"event_choices":[{"cards_removed":["Strike_R"],"damage_healed":0,"gold_gain":0,"player_choice":"Card Removal","damage_taken":0,"max_hp_gain":0,"max_hp_loss":0,"event_name":"The Cleric","floor":2,"gold_loss":75},{"damage_healed":0,"gold_gain":0,"player_choice":"Donut","damage_taken":0,"max_hp_gain":5,"max_hp_loss":0,"event_name":"Big Fish","floor":3,"gold_loss":0},{"cards_removed":["Defend_R"],"damage_healed":0,"gold_gain":0,"player_choice":"Card Removal","damage_taken":7,"max_hp_gain":0,"max_hp_loss":0,"event_name":"Golden Wing","floor":4,"gold_loss":0},{"damage_healed":0,"gold_gain":75,"player_choice":"Gather Gold","damage_taken":11,"max_hp_gain":0,"max_hp_loss":0,"event_name":"World of Goop","floor":5,"gold_loss":0},{"damage_healed":0,"gold_gain":0,"player_choice":"Fought Bandits","damage_taken":0,"max_hp_gain":0,"max_hp_loss":0,"event_name":"Masked Bandits","floor":19,"gold_loss":0},{"damage_healed":0,"gold_gain":0,"player_choice":"Ignored","damage_taken":0,"max_hp_gain":0,"max_hp_loss":0,"event_name":"Vampires","floor":20,"gold_loss":0},{"damage_healed":0,"gold_gain":0,"player_choice":"Read","damage_taken":0,"max_hp_gain":0,"max_hp_loss":0,"event_name":"The Library","floor":21,"gold_loss":0,"cards_obtained":["Armaments"]},{"damage_healed":0,"gold_gain":0,"player_choice":"Joined the Cult","damage_taken":6,"max_hp_gain":0,"max_hp_loss":0,"event_name":"Nest","floor":22,"gold_loss":0,"cards_obtained":["RitualDagger"]}],"is_beta":false,"boss_relics":[{"not_picked":["Pandora\u0027s Box","Runic Cube"],"picked":"Runic Pyramid"}],"items_purged_floors":[30],"is_endless":false,"potions_floor_spawned":[6,8,11,14,18,23,27,29,31],"killed_by":"Automaton","ascension_level":20}}