{"host":"wghdsg8ym2wc7ov9","time":1610398703,"event":{"mods":["AchievementEnabler","Astrologer","BaseMod","Beaked The Cultist","Better Altar","Better Note","Colored Map","Downfall","Hermit","Highlight Path","Jorbs\u0027s Wanderer Trilogy","KinomotoSakuraMod(????)","Minty Spire (QoL Compilation)","Random Character Button","Relic Stats","SIMod","Shop Mod","StSLib","The Blackbeard","The Bladedancer","The Construct","The Cursed","The Death Knight","The Gatherer","The Hierophant","The Marked","The Mystic","The Necromancer","The Runesmith","The Senshi","The Servant 0.9.4"],"gold_per_floor":[99,118,218,235,247,347,347,357,383,400,400,9,44,55,100,198,198,48,67,67,67,78,78,156,256,300,317,242,262,272,305,335,445,457,469,494,518,530,557,611,623,635,686,698,725,737,786,823,846,790],"floor_reached":51,"playtime":18905,"items_purged":[],"score":845,"play_id":"ada09348-1105-4215-af6a-b0eb6f08fc94","local_time":"20210111125823","is_ascension_mode":false,"campfire_choices":[{"floor":1.0,"key":"RECALL"},{"data":"sneckomod:SerpentIdol","floor":18.0,"key":"SMITH"},{"floor":28.0,"key":"REST"},{"data":"sneckomod:UnknownRarePower","floor":35,"key":"SMITH"},{"floor":44,"key":"REST"},{"floor":46,"key":"REST"}],"circlet_count":0,"master_deck":["sneckomod:Unknown+1","sneckomod:Unknown","sneckomod:SerpentIdol+1","sneckomod:Nope+1","sneckomod:UnknownBlock","sneckomod:UnknownRarePower+1","sneckomod:UnknownClassPURPLE","sneckomod:UnknownRarePower+1","sneckomod:DiceBlock","sneckomod:UnknownWeak","sneckomod:SoulRoll","sneckomod:Unknown1Cost","sneckomod:UnknownRarePower+1","sneckomod:UnknownClassBEAKED_YELLOW+1","Metamorphosis+1","hexamod:FirstSeal","sneckomod:ImprovisedGuard+1","sneckomod:UnknownCommonSkill+1","sneckomod:UnknownCommonSkill+1","sneckomod:UnknownClassGREEN","sneckomod:Unknown0Cost","sneckomod:MorePower","sneckomod:TrashToTreasure","sneckomod:UnknownClassWHITE","sneckomod:SoulDraw","sneckomod:UnknownClassSPELL_COLOR","sneckomod:UnknownX","sneckomod:Unknown3Cost+1","sneckomod:UnknownClassGATHERER_LIME","sneckomod:UnknownClassCLOWCARD_COLOR+1","sneckomod:SnekBeam+1","sneckomod:DangerNoodle+1","sneckomod:WideSting+1","sneckomod:DiceCrush+1","sneckomod:ImprovisedAttack+1","sneckomod:SlitherStrike+1","sneckomod:SnekBeam+1","sneckomod:UnknownRareAttack+1","sneckomod:Unknown1Cost","sneckomod:UnknownWeak+1","sneckomod:UnknownBlock","sneckomod:UnknownClassTWILIGHT_COLOR+1","sneckomod:Nope+1","sneckomod:UnknownUncommonSkill+1","sneckomod:SerpentIdol","sneckomod:QuickMove","sneckomod:UnknownRarePower+1","sneckomod:UnknownBlock+1","sneckomod:UnknownBlock"],"relics":["sneckomod:SneckoSoul","Mango","Bronze Scales","Molten Egg 2","Omamori","beaked:MawFillet","downfall:HeartBlessingGreen","downfall:HeartBlessingBlue","Pear","Potion Belt","downfall:HeartBlessingRed","MawBank","Pandora\u0027s Box","Dream Catcher","Blue Candle","Bag of Preparation","Vajra"],"acts_visited":["Exordium","TheCity","TheBeyond"],"potions_floor_usage":[40,50,50],"damage_taken":[{"damage":0.0,"enemies":"Small Slimes","floor":2.0,"turns":2.0},{"damage":0.0,"enemies":"Cultist","floor":4.0,"turns":3.0},{"damage":1.0,"enemies":"2 Louse","floor":5.0,"turns":3.0},{"damage":40.0,"enemies":"downfall:Heads","floor":6.0,"turns":5.0},{"damage":18.0,"enemies":"Exordium Wildlife","floor":8.0,"turns":5.0},{"damage":16.0,"enemies":"Gremlin Nob","floor":9.0,"turns":4.0},{"damage":6.0,"enemies":"2 Fungi Beasts","floor":10.0,"turns":3.0},{"damage":8.0,"enemies":"downfall:FleeingMerchant","floor":12.0,"turns":4.0},{"damage":25.0,"enemies":"3 Sentries","floor":13.0,"turns":11.0},{"damage":7.0,"enemies":"Blue Slaver","floor":14.0,"turns":3.0},{"damage":1.0,"enemies":"Lots of Slimes","floor":15.0,"turns":4.0},{"damage":32.0,"enemies":"downfall:Ironclad","floor":16.0,"turns":6.0},{"damage":4.0,"enemies":"Shell Parasite","floor":19.0,"turns":5.0},{"damage":6.0,"enemies":"Centurion and Healer","floor":22.0,"turns":5.0},{"damage":0.0,"enemies":"downfall:LadyInBlue","floor":25.0,"turns":11.0},{"damage":3.0,"enemies":"Snecko","floor":26.0,"turns":4.0},{"damage":23.0,"enemies":"Cultist and Chosen","floor":27.0,"turns":7.0},{"damage":26.0,"enemies":"Snake Plant","floor":29.0,"turns":2.0},{"damage":30.0,"enemies":"Chosen and Byrds","floor":30.0,"turns":6.0},{"damage":13.0,"enemies":"Slavers","floor":31.0,"turns":4.0},{"damage":0.0,"enemies":"Centurion and Healer","floor":32.0,"turns":4.0},{"damage":48.0,"enemies":"downfall:Watcher","floor":33.0,"turns":9.0},{"damage":64,"enemies":"3 Darklings","floor":36,"turns":5},{"damage":22,"enemies":"Orb Walker","floor":37,"turns":4},{"damage":30,"enemies":"Sphere and 2 Shapes","floor":39,"turns":4},{"damage":63,"enemies":"Nemesis","floor":40,"turns":6},{"damage":108,"enemies":"Reptomancer","floor":43,"turns":5},{"damage":17,"enemies":"Jaw Worm Horde","floor":45,"turns":5},{"damage":6,"enemies":"3 Darklings","floor":47,"turns":3},{"damage":9,"enemies":"Transient","floor":49,"turns":5},{"damage":73,"enemies":"downfall:Defect","floor":50,"turns":8}],"seed_played":"1856336435445396151","potions_obtained":[{"floor":2.0,"key":"Weak Potion"},{"floor":4.0,"key":"SkillPotion"},{"floor":6.0,"key":"Guardian:BlockOnCardUsePotion"},{"floor":13.0,"key":"Weak Potion"},{"floor":15.0,"key":"Block Potion"},{"floor":16.0,"key":"Explosive Potion"},{"floor":22.0,"key":"sneckomod:OffclassReductionPotion"},{"floor":25.0,"key":"FairyPotion"},{"floor":25.0,"key":"Energy Potion"},{"floor":25.0,"key":"FairyPotion"},{"floor":29.0,"key":"GamblersBrew"},{"floor":30.0,"key":"champ:CounterPotion"},{"floor":31.0,"key":"EssenceOfSteel"},{"floor":39,"key":"ColorlessPotion"},{"floor":40,"key":"EssenceOfSteel"},{"floor":43,"key":"DeathKnight:BottledBloodEchoes"},{"floor":47,"key":"ColorlessPotion"}],"is_trial":false,"path_per_floor":["R","M","?","M","M","?","T","M","E","M","?","$","E","M","M","B",null,"R","M","?","?","M","?","T","?","M","M","R","M","M","E","M","B",null,"R","M","M","?","M","E","T","?","E","R","M","R","M","T","M","B",null],"character_chosen":"THE_SNECKO","items_purchased":["Molten Egg 2","FairyPotion","sneckomod:SoulRoll"],"campfire_rested":3,"item_purchase_floors":[12,12,12],"current_hp_per_floor":[95,95,95,96,95,57,57,40,25,19,52,45,21,14,14,24,104,114,111,115,115,110,76,86,86,83,68,106,81,59,47,55,14,134,134,72,56,56,35,22,22,141,34,76,67,109,112,112,104,64],"gold":802,"neow_bonus":"ONE_RARE_RELIC","is_daily":false,"chose_seed":false,"campfire_upgraded":2,"win_rate":0.0,"timestamp":1610398703,"path_taken":["R","M","?","M","?","?","T","M","E","M","?","$","E","M","M","BOSS","R","M","?","?","M","?","T","?","M","M","R","M","?","E","M","BOSS","R","M","M","?","M","E","T","?","E","R","M","R","M","?","M","BOSS"],"items_purchased_type":["Relic","Potion","Card"],"build_version":"2020-12-22","purchased_purges":0,"victory":true,"max_hp_per_floor":[95,95,95,96,96,98,98,99,100,100,100,101,102,102,103,104,104,114,115,115,115,116,116,126,126,126,127,127,128,129,130,131,131,134,134,136,137,137,139,141,141,141,142,142,143,143,145,145,146,146],"relic_stats":{"Dream Catcher":2,"counters":[31,155],"Bronze Scales":[368],"Blue Candle":[0],"Pandora\u0027s Box":["sneckomod:TrashToTreasure","sneckomod:UnknownClassWHITE","sneckomod:SoulDraw","sneckomod:UnknownClassSPELL_COLOR","sneckomod:UnknownX"],"Bag of Preparation":[8],"MawBank":240,"obtain_stats":[{"Potion Belt":25,"Pear":24,"downfall:HeartBlessingRed":28,"Blue Candle":41,"Vajra":48,"Mango":0,"downfall:HeartBlessingGreen":18,"Omamori":13,"Bag of Preparation":43,"construct:LongRangeLance":22,"sneckomod:SneckoSoul":0,"MawBank":31,"Dream Catcher":40,"downfall:HeartBlessingBlue":18,"Bronze Scales":9,"Molten Egg 2":12,"beaked:MawFillet":17,"Pandora\u0027s Box":34},{"Potion Belt":15,"Pear":14,"downfall:HeartBlessingRed":17,"Blue Candle":26,"Vajra":29,"Mango":0,"downfall:HeartBlessingGreen":12,"Omamori":9,"Bag of Preparation":27,"construct:LongRangeLance":14,"sneckomod:SneckoSoul":0,"MawBank":20,"Dream Catcher":26,"downfall:HeartBlessingBlue":12,"Bronze Scales":6,"Molten Egg 2":8,"beaked:MawFillet":12,"Pandora\u0027s Box":22},{"Potion Belt":74,"Pear":63,"downfall:HeartBlessingRed":85,"Blue Candle":129,"Vajra":142,"Mango":0,"downfall:HeartBlessingGreen":53,"Omamori":40,"Bag of Preparation":134,"construct:LongRangeLance":63,"sneckomod:SneckoSoul":0,"MawBank":97,"Dream Catcher":129,"downfall:HeartBlessingBlue":53,"Bronze Scales":22,"Molten Egg 2":29,"beaked:MawFillet":53,"Pandora\u0027s Box":110}]},"card_choices":[{"not_picked":["sneckomod:UnknownBlock","sneckomod:QuickMove"],"picked":"sneckomod:SerpentIdol","floor":2.0},{"not_picked":["sneckomod:QuickMove","sneckomod:DiceCrush"],"picked":"sneckomod:UnknownStrike","floor":4.0},{"not_picked":["sneckomod:QuickBite","sneckomod:SoulDraw"],"picked":"sneckomod:Nope","floor":5.0},{"not_picked":["sneckomod:UnknownEthereal","sneckomod:Unknown1Cost"],"picked":"sneckomod:UnknownBlock","floor":6.0},{"not_picked":["sneckomod:SoulDraw","sneckomod:Unknown1Cost"],"picked":"sneckomod:UnknownClassPURPLE","floor":8.0},{"not_picked":["sneckomod:QuickBite","sneckomod:UnknownClassAPPLEJACK_COLOR"],"picked":"sneckomod:UnknownRarePower","floor":9.0},{"not_picked":["sneckomod:QuickMove","sneckomod:UnknownWeak"],"picked":"sneckomod:DiceBlock","floor":10.0},{"not_picked":["sneckomod:QuickMove","sneckomod:UnknownClassTWILIGHT_COLOR"],"picked":"sneckomod:UnknownWeak","floor":12.0},{"not_picked":["sneckomod:QuickBite+1","sneckomod:SoulRoll"],"picked":"sneckomod:UnknownCommonSkill","floor":13.0},{"not_picked":["sneckomod:UnknownClassPINKIE_COLOR","sneckomod:DangerNoodle+1"],"picked":"sneckomod:QuickBite+1","floor":14.0},{"not_picked":["sneckomod:DiceBlock","sneckomod:UnknownWeak"],"picked":"sneckomod:Unknown1Cost","floor":15.0},{"not_picked":["sneckomod:UnlimitedRolls","sneckomod:Mudshield"],"picked":"sneckomod:UnknownRarePower","floor":16.0},{"not_picked":["sneckomod:UnknownWeak+1","sneckomod:QuickMove+1"],"picked":"sneckomod:UnknownClassBEAKED_YELLOW+1","floor":19.0},{"not_picked":["sneckomod:UnknownWeak","sneckomod:UnknownClassTHE_CURSED_PURPLE"],"picked":"sneckomod:UnknownStrike+1","floor":22.0},{"not_picked":["hexamod:FourthSeal","hexamod:ThirdSeal"],"picked":"hexamod:FirstSeal","floor":25.0},{"not_picked":["sneckomod:DiceCrush+1","sneckomod:SoulDraw"],"picked":"sneckomod:WideSting+1","floor":25.0},{"not_picked":["sneckomod:QuickBite+1","sneckomod:UnknownClassTWILIGHT_COLOR"],"picked":"sneckomod:ImprovisedGuard+1","floor":26.0},{"not_picked":["sneckomod:UnknownBlock","sneckomod:UnknownCommonAttack+1"],"picked":"sneckomod:UnknownRareAttack+1","floor":27.0},{"not_picked":["sneckomod:SoulDraw+1","sneckomod:WideSting+1"],"picked":"sneckomod:UnknownCommonSkill+1","floor":29.0},{"not_picked":["sneckomod:RainOfDice+1","sneckomod:UnknownWeak"],"picked":"sneckomod:UnknownCommonSkill+1","floor":30.0},{"not_picked":["sneckomod:UnknownClassFLUTTERSHY_COLOR","sneckomod:UnknownClassBLACKBEARD_BLACK+1"],"picked":"sneckomod:UnknownClassGREEN","floor":31.0},{"not_picked":["sneckomod:UnknownClassDEFAULT_GRAY_COLOR","sneckomod:UnknownCommonSkill"],"picked":"sneckomod:Unknown0Cost","floor":32.0},{"not_picked":["sneckomod:UnknownRareSkill","sneckomod:SerpentMind"],"picked":"sneckomod:MorePower","floor":33.0},{"not_picked":["sneckomod:UnknownClassBLUE+1","sneckomod:Unknown0Cost+1"],"picked":"sneckomod:Unknown3Cost+1","floor":36},{"not_picked":["sneckomod:SoulDraw+1","sneckomod:UnknownClassSPELL_COLOR+1"],"picked":"sneckomod:UnknownClassGATHERER_LIME","floor":36},{"not_picked":["sneckomod:UnknownStrike+1","sneckomod:UnknownClassAPPLEJACK_COLOR"],"picked":"sneckomod:UnknownClassCLOWCARD_COLOR+1","floor":37},{"not_picked":["sneckomod:UnknownClassASTROLOGER+1","sneckomod:UnknownClassDEATH_KNIGHT_COLOR+1"],"picked":"sneckomod:UnknownRareAttack+1","floor":39},{"not_picked":["sneckomod:DiceCrush+1","sneckomod:UnknownClassRAINBOW_COLOR+1"],"picked":"sneckomod:Unknown1Cost","floor":39},{"not_picked":["sneckomod:UnknownClassAPPLEJACK_COLOR+1","sneckomod:UnknownStrike+1"],"picked":"sneckomod:UnknownWeak+1","floor":40},{"not_picked":["sneckomod:DangerNoodle+1","sneckomod:QuickBite+1"],"picked":"sneckomod:UnknownBlock","floor":40},{"not_picked":["sneckomod:DiceBoulder+1","sneckomod:SoulDraw"],"picked":"sneckomod:UnknownClassTWILIGHT_COLOR+1","floor":43},{"not_picked":["sneckomod:UnknownBlock","sneckomod:UnknownEthereal"],"picked":"sneckomod:Nope+1","floor":44},{"not_picked":["sneckomod:UnknownClassPINKIE_COLOR+1","sneckomod:UnknownClassTWILIGHT_COLOR+1"],"picked":"sneckomod:UnknownUncommonSkill+1","floor":45},{"not_picked":["sneckomod:Nope+1","sneckomod:WideSting+1"],"picked":"sneckomod:SerpentIdol","floor":45},{"not_picked":["sneckomod:Nope+1","sneckomod:DiceCrush+1"],"picked":"sneckomod:QuickMove","floor":46},{"not_picked":["sneckomod:UnknownWeak+1","sneckomod:UnknownClassSLIMEBOUND+1"],"picked":"sneckomod:UnknownRarePower+1","floor":47},{"not_picked":["sneckomod:UnknownStrike+1","sneckomod:UnknownClassRUNESMITH_BEIGE"],"picked":"sneckomod:UnknownBlock+1","floor":47},{"not_picked":["sneckomod:SoulDraw+1","sneckomod:Restock"],"picked":"sneckomod:UnknownBlock","floor":49}],"player_experience":682106,"relics_obtained":[{"floor":9.0,"key":"Bronze Scales"},{"floor":13.0,"key":"Omamori"},{"floor":24.0,"key":"Pear"},{"floor":25.0,"key":"Potion Belt"},{"floor":31.0,"key":"MawBank"},{"floor":40,"key":"Dream Catcher"},{"floor":41,"key":"Blue Candle"},{"floor":43,"key":"Bag of Preparation"},{"floor":48,"key":"Vajra"}],"event_choices":[{"damage_healed":33.0,"max_hp_gain":0.0,"max_hp_loss":0.0,"gold_gain":0.0,"event_name":"Big Fish","player_choice":"Banana","floor":11.0,"gold_loss":0.0,"damage_taken":0.0},{"cards_removed":["sneckomod:UnknownCommonSkill"],"damage_healed":5.0,"max_hp_gain":0.0,"max_hp_loss":0.0,"gold_gain":0.0,"event_name":"Bonfire Elementals","player_choice":"Offered Common","floor":20.0,"gold_loss":0.0,"damage_taken":0.0},{"cards_removed":["sneckomod:UnknownCommonSkill"],"damage_healed":5.0,"max_hp_gain":0.0,"max_hp_loss":0.0,"gold_gain":0.0,"event_name":"Bonfire Elementals","player_choice":"Offered Special","floor":20.0,"gold_loss":0.0,"damage_taken":0.0},{"cards_removed":["sneckomod:UnknownRarePower"],"damage_healed":0.0,"max_hp_gain":0.0,"max_hp_loss":0.0,"gold_gain":0.0,"event_name":"betterNote:BetterNote","player_choice":"Take \u0026 Give","floor":21.0,"gold_loss":0.0,"damage_taken":0.0,"cards_obtained":["Metamorphosis"]}],"is_beta":false,"boss_relics":[{"not_picked":["sneckomod:SuperSneckoSoul","Runic Pyramid"],"picked":"beaked:MawFillet"},{"not_picked":["Cursed Key","Runesmith:UraniumAnvil"],"picked":"Pandora\u0027s Box"}],"items_purged_floors":[],"is_endless":false,"potions_floor_spawned":[2,4,6,13,15,16,22,29,30,31,39,40,43,47],"ascension_level":0}}