{"host":"mj8akmyfd5lo602f","time":1610323684,"event":{"mods":["2.2 Compatiblity","Act Like it!","BaseMod","Bestiary","BshForSts","Colored Map","Colored Powertips","Downfall","Highlight Path","Minty Spire (QoL Compilation)","Permanent Neow","Relic Stats","StSLib","The Servant 0.9.4"],"gold_per_floor":[99,99,99,249,249,249,249,249,249,282,282,12,32,50,68,169,169,169,169,188,73,73,73,99,131,131,150,135,153,3,14,27,125,125,50,64,49,68,68,68,68,88,120,171,171,181,209,518,535,535,535,565,413,413,413],"floor_reached":56,"playtime":3560,"items_purged":["Regret","Slimebound:Icky"],"score":1371,"play_id":"6cc6cd57-9716-422a-a36a-c51683edba0e","local_time":"20210111000804","is_ascension_mode":false,"campfire_choices":[{"data":"champ:Taunt","floor":1.0,"key":"SMITH"},{"floor":9.0,"key":"RECALL"},{"data":"champ:DefensiveStyle","floor":18.0,"key":"SMITH"},{"data":"champ:Lariat","floor":26.0,"key":"SMITH"},{"data":"champ:EnchantCrown","floor":30.0,"key":"SMITH"},{"data":"champ:HoldFirm","floor":35.0,"key":"SMITH"},{"data":"champ:SkillfulDodge","floor":45,"key":"SMITH"},{"floor":54,"key":"REST"}],"circlet_count":0,"master_deck":["champ:Strike","champ:Strike+1","champ:Strike","champ:Defend","champ:Defend","champ:Defend","champ:Defend","champ:Execute","champ:Taunt+1","champ:TornadoPunch+1","champ:TornadoPunch","champ:SkillfulDodge+1","champ:Lariat+1","champ:DefensiveStyle+1","champ:EnchantCrown+1","champ:EnchantShield","champ:HoldFirm+1","champ:DefensiveShout+1","champ:DefensiveStyle+1","champ:Lariat+1"],"relics":["champ:ChampionCrown","downfall:HeartsMalice","champ:LiftRelic","Pear","Mercury Hourglass","Art of War","Philosopher\u0027s Stone","Akabeko","downfall:HeartBlessingRed","downfall:HeartBlessingBlue","expansioncontent:StudyCardRelic","downfall:HeartBlessingGreen","Bottled Lightning","Guardian:PocketSentry","Incense Burner","champ:SpectersHand","Anchor","sneckomod:BlankCard"],"acts_visited":["Exordium","TheCity","TheBeyond","TheEnding"],"potions_floor_usage":[55,55,55],"damage_taken":[{"damage":0.0,"enemies":"Small Slimes","floor":2.0,"turns":1.0},{"damage":0.0,"enemies":"3 Sentries","floor":10.0,"turns":1.0},{"damage":0.0,"enemies":"2 Louse","floor":11.0,"turns":1.0},{"damage":9.0,"enemies":"downfall:FleeingMerchant","floor":12.0,"turns":4.0},{"damage":0.0,"enemies":"Jaw Worm","floor":13.0,"turns":2.0},{"damage":1.0,"enemies":"Exordium Wildlife","floor":14.0,"turns":2.0},{"damage":0.0,"enemies":"3 Louse","floor":15.0,"turns":1.0},{"damage":31.0,"enemies":"downfall:Ironclad","floor":16.0,"turns":9.0},{"damage":0.0,"enemies":"Chosen","floor":19.0,"turns":1.0},{"damage":11.0,"enemies":"Spheric Guardian","floor":20.0,"turns":4.0},{"damage":5.0,"enemies":"downfall:FleeingMerchant","floor":21.0,"turns":4.0},{"damage":5.0,"enemies":"Slavers","floor":25.0,"turns":4.0},{"damage":7.0,"enemies":"Centurion and Healer","floor":27.0,"turns":6.0},{"damage":10.0,"enemies":"downfall:FleeingMerchant","floor":28.0,"turns":4.0},{"damage":0.0,"enemies":"Shelled Parasite and Fungi","floor":29.0,"turns":4.0},{"damage":0.0,"enemies":"Cultist and Chosen","floor":31.0,"turns":4.0},{"damage":0.0,"enemies":"Centurion and Healer","floor":32.0,"turns":4.0},{"damage":16.0,"enemies":"downfall:Silent","floor":33.0,"turns":12.0},{"damage":5,"enemies":"Orb Walker","floor":36,"turns":3},{"damage":30,"enemies":"downfall:FleeingMerchant","floor":37,"turns":4},{"damage":0,"enemies":"3 Darklings","floor":38,"turns":4},{"damage":4,"enemies":"Sphere and 2 Shapes","floor":42,"turns":3},{"damage":0,"enemies":"Reptomancer","floor":43,"turns":5},{"damage":5,"enemies":"2 Orb Walkers","floor":44,"turns":3},{"damage":2,"enemies":"Writhing Mass","floor":46,"turns":7},{"damage":0,"enemies":"Nemesis","floor":47,"turns":11},{"damage":0,"enemies":"downfall:FleeingMerchant","floor":48,"turns":2},{"damage":0,"enemies":"3 Darklings","floor":49,"turns":4},{"damage":0,"enemies":"downfall:Watcher","floor":50,"turns":11},{"damage":81,"enemies":"downfall:CharBossMerchant","floor":52,"turns":13},{"damage":3,"enemies":"downfall:NeowBoss","floor":55,"turns":49}],"seed_played":"-6329653464805139942","potions_obtained":[{"floor":10.0,"key":"Energy Potion"},{"floor":13.0,"key":"DistilledChaos"},{"floor":16.0,"key":"champ:OpenerPotion"},{"floor":23.0,"key":"Dexterity Potion"},{"floor":23.0,"key":"LiquidMemories"},{"floor":27.0,"key":"Energy Potion"},{"floor":33.0,"key":"champ:TechniquePotion"},{"floor":47,"key":"champ:TechniquePotion"}],"is_trial":false,"path_per_floor":["R","M","?","?","?","?","T","?","R","E","M","$","M","M","M","B",null,"R","M","M","$","?","?","T","E","R","M","$","M","R","M","M","B",null,"R","M","$","M","?","?","T","M","E","?","R","M","E","$","M","B",null,"E","$","R","B",null],"character_chosen":"THE_CHAMP","items_purchased":["champ:DefensiveStyle","Art of War","Dexterity Potion","sneckomod:BlankCard"],"campfire_rested":1,"item_purchase_floors":[12,12,48,53],"current_hp_per_floor":[90,90,90,90,90,90,100,100,100,100,100,91,91,90,90,59,100,100,100,89,89,89,89,89,84,84,77,67,67,77,77,77,61,110,110,110,80,80,80,80,80,76,76,76,76,74,74,74,74,74,110,29,29,62,59],"gold":413,"neow_bonus":"THREE_ENEMY_KILL","is_daily":false,"chose_seed":false,"campfire_upgraded":6,"win_rate":0.0,"timestamp":1610323684,"path_taken":["R","M","?","?","?","?","T","?","R","E","M","$","M","?","M","BOSS","R","M","M","$","?","?","T","E","R","?","$","M","R","M","M","BOSS","R","M","$","M","?","?","T","M","E","?","R","M","E","$","M","BOSS","E","$","R","BOSS"],"items_purchased_type":["Card","Relic","Potion","Relic"],"build_version":"2020-12-22","purchased_purges":2,"victory":true,"max_hp_per_floor":[90,90,90,90,90,90,100,100,100,100,100,100,100,100,100,100,100,100,100,100,100,100,100,100,100,100,100,100,100,110,110,110,110,110,110,110,110,110,110,110,110,110,110,110,110,110,110,110,110,110,110,110,110,110,110],"relic_stats":{"counters":[31,182],"Art of War":[64],"obtain_stats":[{"Pear":7,"downfall:HeartBlessingRed":30,"sneckomod:BlankCard":53,"champ:ChampionCrown":0,"downfall:HeartsMalice":0,"downfall:HeartBlessingGreen":35,"expansioncontent:StudyCardRelic":34,"Guardian:PocketSentry":43,"Incense Burner":44,"Akabeko":25,"Mercury Hourglass":10,"Anchor":52,"downfall:BrokenWingStatue":5,"downfall:HeartBlessingBlue":30,"champ:LiftRelic":6,"Philosopher\u0027s Stone":17,"Art of War":12,"Bottled Lightning":41,"champ:SpectersHand":47},{"Pear":1,"downfall:HeartBlessingRed":15,"sneckomod:BlankCard":30,"champ:ChampionCrown":0,"downfall:HeartsMalice":0,"downfall:HeartBlessingGreen":18,"expansioncontent:StudyCardRelic":18,"Guardian:PocketSentry":23,"Incense Burner":24,"Akabeko":12,"Mercury Hourglass":2,"Anchor":30,"downfall:BrokenWingStatue":1,"downfall:HeartBlessingBlue":15,"champ:LiftRelic":1,"Philosopher\u0027s Stone":8,"Art of War":4,"Bottled Lightning":21,"champ:SpectersHand":26},{"Pear":0,"downfall:HeartBlessingRed":45,"sneckomod:BlankCard":133,"champ:ChampionCrown":0,"downfall:HeartsMalice":0,"downfall:HeartBlessingGreen":65,"expansioncontent:StudyCardRelic":65,"Guardian:PocketSentry":84,"Incense Burner":87,"Akabeko":31,"Mercury Hourglass":0,"Anchor":133,"downfall:BrokenWingStatue":0,"downfall:HeartBlessingBlue":45,"champ:LiftRelic":0,"Philosopher\u0027s Stone":18,"Art of War":4,"Bottled Lightning":76,"champ:SpectersHand":104}],"Mercury Hourglass":[454]},"card_choices":[{"not_picked":["champ:AdrenalArmor","champ:GladiatorStyle"],"picked":"champ:TornadoPunch","floor":2.0},{"not_picked":["champ:AdrenalArmor","champ:GutPunch"],"picked":"champ:TornadoPunch","floor":10.0},{"not_picked":["champ:ShieldSigil","champ:DeathBlow"],"picked":"champ:SkillfulDodge","floor":11.0},{"not_picked":["champ:FlashCut","champ:Circumvent"],"picked":"champ:Lariat","floor":12.0},{"not_picked":["champ:RageSigil","champ:ShieldSigil","champ:BerserkerStyle"],"picked":"SKIP","floor":13.0},{"not_picked":["champ:GutPunch","champ:DefensiveShout"],"picked":"champ:EnchantCrown","floor":14.0},{"not_picked":["champ:TornadoPunch","champ:GutPunch","champ:StanceDance"],"picked":"SKIP","floor":15.0},{"not_picked":["champ:IgnorePain","champ:Devastate"],"picked":"champ:EnchantShield","floor":16.0},{"not_picked":["champ:DefensiveStyle+1","champ:Haymaker+1","champ:BringItOn"],"picked":"SKIP","floor":19.0},{"not_picked":["champ:Duel","champ:ShieldSigil+1","champ:DefensiveShout"],"picked":"SKIP","floor":20.0},{"not_picked":["champ:DefensiveShout","champ:RageSigil+1","champ:ShieldSigil+1"],"picked":"SKIP","floor":21.0},{"not_picked":["champ:BringItOn","champ:SwordThrow","champ:ArenaPreparation"],"picked":"SKIP","floor":25.0},{"not_picked":["champ:FocusedBerserking","champ:FanOfKnives+1","champ:AdrenalArmor+1"],"picked":"SKIP","floor":27.0},{"not_picked":["champ:CrookedStrike+1","champ:StanceDance+1","champ:FanOfKnives"],"picked":"SKIP","floor":28.0},{"not_picked":["champ:EnragedBash","champ:FanOfKnives","champ:GutPunch+1"],"picked":"SKIP","floor":29.0},{"not_picked":["champ:RisingSlash","champ:EnchantShield","champ:EnragedBash"],"picked":"SKIP","floor":31.0},{"not_picked":["champ:DeathBlow","champ:IronFortress","champ:FocusedGladiator"],"picked":"SKIP","floor":32.0},{"not_picked":["champ:HeavySlash","champ:VampiricStrike"],"picked":"champ:HoldFirm","floor":33.0},{"not_picked":["champ:DeathBlow+1","champ:BerserkersShout+1","champ:BerserkerStyle+1"],"picked":"SKIP","floor":36},{"not_picked":["champ:GladiatorsShout+1","champ:ShieldSigil+1"],"picked":"champ:DefensiveShout+1","floor":37},{"not_picked":["champ:Backstep+1","champ:RecklessLeap+1","champ:RageSigil"],"picked":"SKIP","floor":38},{"not_picked":["champ:FanOfKnives","champ:Aggression","champ:BerserkersShout"],"picked":"SKIP","floor":42},{"not_picked":["champ:TornadoPunch","champ:FlashCut+1","champ:BerserkersShout"],"picked":"SKIP","floor":43},{"not_picked":["champ:VampiricStrike","champ:GutPunch","champ:Backstep+1"],"picked":"SKIP","floor":46},{"not_picked":["champ:FlashCut+1","champ:PerfectedStrike","champ:BladeFlurry+1"],"picked":"SKIP","floor":47},{"not_picked":["champ:FocusedBerserking+1","champ:CrookedStrike+1","champ:DefensiveShout"],"picked":"SKIP","floor":48},{"not_picked":["champ:FightOn","champ:TornadoPunch"],"picked":"champ:DefensiveStyle+1","floor":49},{"not_picked":["champ:SteelEdge","champ:RageSigil+1"],"picked":"champ:Lariat+1","floor":52}],"player_experience":473063,"relics_obtained":[{"floor":7.0,"key":"Pear"},{"floor":10.0,"key":"Mercury Hourglass"},{"floor":25.0,"key":"Akabeko"},{"floor":41,"key":"Bottled Lightning"},{"floor":43,"key":"Guardian:PocketSentry"},{"floor":44,"key":"Incense Burner"},{"floor":47,"key":"champ:SpectersHand"},{"floor":52,"key":"Anchor"}],"event_choices":[{"damage_healed":0.0,"max_hp_gain":0.0,"max_hp_loss":0.0,"gold_gain":0.0,"event_name":"Lab","player_choice":"Got Potions","floor":23.0,"gold_loss":0.0,"damage_taken":0.0},{"damage_healed":0,"gold_gain":0,"player_choice":"Fight","damage_taken":0,"max_hp_gain":0,"max_hp_loss":0,"event_name":"Mysterious Sphere","floor":44,"gold_loss":0}],"is_beta":false,"boss_relics":[{"not_picked":["Fusion Hammer","Velvet Choker"],"picked":"Philosopher\u0027s Stone"},{"not_picked":["Pandora\u0027s Box","SacredBark"],"picked":"expansioncontent:StudyCardRelic"}],"items_purged_floors":[12,21],"is_endless":false,"potions_floor_spawned":[10,13,16,27,29,31,33,38,42,47,49],"ascension_level":0}}