{"host":"7eytxr1oawi6r5nr","time":1610361523,"event":{"mods":["BaseMod","Bestiary","Better Third Choice","Curses Come First","Dark Map","Downfall","Gremlin Mod","Hermit","Hubris","Jorbs\u0027s Wanderer Trilogy","Minty Spire (QoL Compilation)","Permanent Neow","Quick Restart","Rare Cards Sparkle","Replay The Spire","Robot Space Explorer","Spicy Shops","StSLib","The Disciple","The Runesmith"],"gold_per_floor":[99,109,122,138,138,157,157,82,98,31,45,220,220,220,279,377,377,377,377,390,102,114,114,114,143,68,83,68,85,85,95,112,214,214,214,234,234,244,255,139,139,139,158,172,172,200,200,200,200,200,220,220],"floor_reached":53,"playtime":4287,"items_purged":["Doubt","Injury","Guardian:TimeBomb"],"score":653,"play_id":"736005f3-20d4-4798-908d-8e1160ce8005","local_time":"20210111103843","is_ascension_mode":false,"campfire_choices":[{"data":"Guardian:TwinSlam","floor":1.0,"key":"SMITH"},{"data":"Guardian:CurlUp","floor":8.0,"key":"SMITH"},{"data":"Guardian:ShieldCharger","floor":13.0,"key":"SMITH"},{"floor":18.0,"key":"DIG"},{"data":"Guardian:PrismaticBarrier","floor":23.0,"key":"SMITH"},{"data":"Guardian:BaubleBeam","floor":26.0,"key":"SMITH"},{"data":"Guardian:SphericShield","floor":35,"key":"SMITH"},{"data":"Guardian:RevengeProtocol","floor":42,"key":"SMITH"},{"floor":45,"key":"REST"},{"data":"Guardian:TimeCapacitor","floor":47,"key":"SMITH"}],"circlet_count":0,"master_deck":["Guardian:CurlUp+1","Guardian:TwinSlam+1","Guardian:SentryBeam","Guardian:RollAttack","Guardian:ShieldCharger+1","Guardian:CrystalBeam","Guardian:SphericShield+1","Guardian:ShieldSpikes+1","Guardian:BaubleBeam+1","Guardian:StasisStrike","Guardian:CrystalBeam","Guardian:TemporalShield+1","Guardian:AncientConstruct","Guardian:PrismaticBarrier+1","Guardian:EvasiveProtocol+1","Guardian:BronzeArmor+1","Guardian:Reroute","Guardian:Planning","Guardian:RevengeProtocol+1","Guardian:Suspension+1","Guardian:FloatingOrbs","Guardian:TimeCapacitor+1","Guardian:Harden+1"],"relics":["Guardian:ModeShifter","downfall:HeartBlessingBlue","ReplayTheSpireMod:Ring of Challenge","Pandora\u0027s Box","War Paint","Smiling Mask","Membership Card","OrangePellets","hubris:ToyBattleship","Nunchaku","downfall:HeartBlessingGreen","Du-Vu Doll","Guardian:StasisSlotReductionRelic","hubris:Towel","Question Card","Shuriken"],"acts_visited":["Exordium","TheCity","TheBeyond"],"potions_floor_usage":[40],"damage_taken":[{"damage":0.0,"enemies":"2 Louse","floor":2.0,"turns":3.0},{"damage":0.0,"enemies":"Cultist","floor":3.0,"turns":3.0},{"damage":4.0,"enemies":"Jaw Worm","floor":4.0,"turns":3.0},{"damage":4.0,"enemies":"3 Louse","floor":6.0,"turns":3.0},{"damage":13.0,"enemies":"Exordium Thugs","floor":9.0,"turns":5.0},{"damage":0.0,"enemies":"downfall:FleeingMerchant","floor":10.0,"turns":4.0},{"damage":7.0,"enemies":"Blue Slaver","floor":11.0,"turns":4.0},{"damage":0.0,"enemies":"3 Louse","floor":15.0,"turns":1.0},{"damage":45.0,"enemies":"downfall:Ironclad","floor":16.0,"turns":13.0},{"damage":6.0,"enemies":"Spheric Guardian","floor":20.0,"turns":6.0},{"damage":0.0,"enemies":"downfall:FleeingMerchant","floor":21.0,"turns":4.0},{"damage":4.0,"enemies":"Shell Parasite","floor":22.0,"turns":6.0},{"damage":25.0,"enemies":"Slavers","floor":25.0,"turns":6.0},{"damage":8.0,"enemies":"Centurion and Healer","floor":27.0,"turns":5.0},{"damage":0.0,"enemies":"downfall:FleeingMerchant","floor":28.0,"turns":4.0},{"damage":0,"enemies":"3 Cultists","floor":29,"turns":6},{"damage":2,"enemies":"Shelled Parasite and Fungi","floor":31,"turns":6},{"damage":0,"enemies":"Snecko","floor":32,"turns":4},{"damage":24,"enemies":"downfall:Defect","floor":33,"turns":12},{"damage":0,"enemies":"Orb Walker","floor":36,"turns":4},{"damage":5,"enemies":"3 Shapes","floor":38,"turns":5},{"damage":22,"enemies":"Spire Growth","floor":39,"turns":6},{"damage":3,"enemies":"downfall:FleeingMerchant","floor":40,"turns":4},{"damage":1,"enemies":"Sphere and 2 Shapes","floor":43,"turns":4},{"damage":30,"enemies":"Writhing Mass","floor":44,"turns":6},{"damage":9,"enemies":"Nemesis","floor":46,"turns":5},{"damage":0,"enemies":"Transient","floor":51,"turns":5},{"damage":2,"enemies":"downfall:Watcher","floor":52,"turns":8}],"seed_played":"-1639398235866159837","potions_obtained":[{"floor":3.0,"key":"Swift Potion"},{"floor":5.0,"key":"Dexterity Potion"},{"floor":5.0,"key":"Milkshake"},{"floor":15.0,"key":"Dexterity Potion"},{"floor":16.0,"key":"SpeedPotion"},{"floor":22.0,"key":"Block Potion"},{"floor":27.0,"key":"Swift Potion"},{"floor":43,"key":"Swift Potion"}],"is_trial":false,"path_per_floor":["R","M","M","M","?","M","T","R","M","$","M","?","R","?","M","B",null,"R","?","M","$","M","R","T","E","R","M","$","M","T","M","M","B",null,"R","M","?","M","M","$","T","R","M","M","R","E","R","PTL","PTL","?","M","B",null],"character_chosen":"GUARDIAN","items_purchased":["Guardian:Gem_Green","Membership Card","Guardian:PrismaticBarrier","OrangePellets","Guardian:Gem_Lightblue","Guardian:Gem_Cyan"],"campfire_rested":1,"item_purchase_floors":[10,21,21,21,40,40],"current_hp_per_floor":[80,80,80,76,76,72,72,82,69,69,62,62,62,62,62,17,90,90,90,84,84,80,80,80,55,55,47,47,47,47,45,45,21,90,90,90,90,85,63,60,60,60,59,29,56,47,47,47,47,79,79,77],"gold":220,"neow_bonus":"REMOVE_CARD","is_daily":false,"chose_seed":false,"campfire_upgraded":8,"win_rate":0.0,"timestamp":1610361523,"path_taken":["R","M","M","M","?","M","T","R","M","$","?","?","R","?","M","BOSS","R","?","M","?","M","R","T","E","R","?","$","M","?","M","M","BOSS","R","M","?","M","M","$","T","R","M","M","R","E","R","PTL","PTL","?","M","BOSS"],"items_purchased_type":["Card","Relic","Card","Relic","Card","Card"],"build_version":"2020-12-22","purchased_purges":3,"victory":true,"max_hp_per_floor":[80,80,80,80,80,80,80,90,90,90,90,90,90,90,90,90,90,90,90,90,90,90,90,90,90,90,90,90,90,90,90,90,90,90,90,90,90,90,90,90,90,90,90,90,90,90,90,90,90,79,79,79],"card_choices":[{"not_picked":["Guardian:RollAttack","Guardian:DecasProtection"],"picked":"Guardian:SentryBeam","floor":2.0},{"not_picked":["Guardian:RefractedBeam","Guardian:VentSteam"],"picked":"Guardian:RollAttack","floor":3.0},{"not_picked":["Guardian:Planning","Guardian:TemporalStrike"],"picked":"Guardian:Gem_Crimson","floor":4.0},{"not_picked":["Guardian:TimeBomb","Guardian:Gem_Lightblue"],"picked":"Guardian:Gem_Purple","floor":6.0},{"not_picked":["Guardian:HyperBeam_Guardian","Guardian:TimeCapacitor"],"picked":"Guardian:Gem_White","floor":9.0},{"not_picked":["Guardian:ChargeCore","Guardian:TemporalShield"],"picked":"Guardian:ShieldCharger","floor":10.0},{"not_picked":["Guardian:PrimingBeam","Guardian:RollAttack"],"picked":"Guardian:CrystalBeam","floor":11.0},{"not_picked":["Guardian:Reroute","Guardian:Preprogram"],"picked":"Guardian:Gem_Purple","floor":15.0},{"not_picked":["Guardian:RevengeProtocol","Guardian:ExploitGems"],"picked":"Guardian:SphericShield","floor":16.0},{"not_picked":["Guardian:Incinerate","Guardian:Preprogram"],"picked":"Guardian:Gem_Lightblue","floor":20.0},{"not_picked":["Guardian:ShieldSpikes","Guardian:Preprogram"],"picked":"Guardian:AncientConstruct","floor":21.0},{"not_picked":["Guardian:Planning","Guardian:Recover"],"picked":"Guardian:Gem_Lightblue","floor":22.0},{"not_picked":["Guardian:PrimingBeam+1","Guardian:SentryBeam"],"picked":"Guardian:Gem_Blue","floor":25.0},{"not_picked":["Guardian:TemporalShield","Guardian:PolyBeam"],"picked":"Guardian:EvasiveProtocol+1","floor":27.0},{"not_picked":["Guardian:ShieldCharger+1","Guardian:ExploitGems"],"picked":"Guardian:BronzeArmor+1","floor":28},{"not_picked":["Guardian:ShieldCharger+1","Guardian:TemporalStrike","Guardian:PrimingBeam"],"picked":"SKIP","floor":29},{"not_picked":["Guardian:BronzeOrb+1","Guardian:Planning"],"picked":"Guardian:Reroute","floor":31},{"not_picked":["Guardian:VentSteam","Guardian:WalkerClaw"],"picked":"Guardian:Planning","floor":32},{"not_picked":["Guardian:SphericShield","Guardian:Gem_Synthetic"],"picked":"Guardian:RevengeProtocol","floor":33},{"not_picked":["Guardian:TemporalShield+1","Guardian:Gem_Green"],"picked":"Guardian:Gem_Blue","floor":36},{"not_picked":["Guardian:ChargeCore+1","Guardian:TemporalStrike","Guardian:Clone"],"picked":"SKIP","floor":38},{"not_picked":["Guardian:TemporalShield","Guardian:Planning","Guardian:ChargeCore"],"picked":"SKIP","floor":39},{"not_picked":["Guardian:TemporalShield+1","Guardian:PrimingBeam+1"],"picked":"Guardian:Suspension+1","floor":40},{"not_picked":["Guardian:PrismaticBeam+1","Guardian:BronzeArmor+1","Guardian:Incinerate"],"picked":"Guardian:Gem_Blue","floor":43},{"not_picked":["Guardian:BronzeArmor","Guardian:VentSteam","Guardian:Harden"],"picked":"Guardian:FloatingOrbs","floor":44},{"not_picked":["Guardian:RevengeProtocol","Guardian:BronzeArmor","Guardian:Gem_Crimson"],"picked":"Guardian:TimeCapacitor","floor":46},{"not_picked":["Guardian:Recover","Guardian:ArmoredProtocol+1","Guardian:Gem_Red"],"picked":"Guardian:Harden+1","floor":51}],"player_experience":175534,"relics_obtained":[{"floor":14.0,"key":"ReplayTheSpireMod:Ring of Challenge"},{"floor":18.0,"key":"War Paint"},{"floor":19.0,"key":"Smiling Mask"},{"floor":24.0,"key":"hubris:ToyBattleship"},{"floor":25.0,"key":"Nunchaku"},{"floor":30,"key":"Du-Vu Doll"},{"floor":41,"key":"Question Card"},{"floor":46,"key":"Shuriken"}],"event_choices":[{"damage_healed":0.0,"max_hp_gain":0.0,"max_hp_loss":0.0,"gold_gain":0.0,"event_name":"Lab","player_choice":"Got Potions","floor":5.0,"gold_loss":0.0,"damage_taken":0.0},{"damage_healed":0.0,"max_hp_gain":0.0,"max_hp_loss":0.0,"gold_gain":0.0,"event_name":"Wheel of Change","player_choice":"Relic","floor":19.0,"gold_loss":0.0,"damage_taken":0.0}],"is_beta":false,"boss_relics":[{"not_picked":["hubris:HollowSoul","SacredBark"],"picked":"Pandora\u0027s Box"},{"not_picked":["hubris:ScarierMask","Calling Bell"],"picked":"Guardian:StasisSlotReductionRelic"}],"items_purged_floors":[21,21,40],"is_endless":false,"potions_floor_spawned":[3,15,16,20,22,27,29,31,32,43],"ascension_level":0}}