{"host":"ty2cix8xj6r3ad26","time":1610400902,"event":{"mods":["AchievementEnabler","BaseMod","BetterRewards","Minty Spire (QoL Compilation)","StSLib","SuperFastMode","The Servant 0.9.4"],"gold_per_floor":[114,128,128,128,128,128,155,155,155,173,173,201,213,247,247,342,342,359,359,379,40,40,40,40,40,40,69,69,88,117,117,117,222,222,238,292,342,356,368,396,151,181,206,234,250,261,4,15,15,15,15,15,15,41,41,41],"floor_reached":55,"playtime":2800,"items_purged":["Strike_P","Defend_P","Strike_P","Defend_P+1"],"score":1213,"play_id":"b0a67160-8bd6-4341-a1c8-f6814d8926dc","local_time":"20210111233502","is_ascension_mode":true,"campfire_choices":[{"data":"Eruption","floor":6,"key":"SMITH"},{"data":"Vigilance","floor":8,"key":"SMITH"},{"data":"EmptyMind","floor":11,"key":"SMITH"},{"data":"BattleHymn","floor":15,"key":"SMITH"},{"floor":23,"key":"RECALL"},{"data":"Defend_P","floor":25,"key":"SMITH"},{"floor":28,"key":"REST"},{"floor":32,"key":"REST"},{"data":"Establishment","floor":49,"key":"SMITH"},{"data":"1","floor":52,"key":"LIFT"}],"circlet_count":0,"master_deck":["Defend_P+1","Eruption+1","Vigilance+1","Tantrum+1","FlurryOfBlows+1","Protect+1","SashWhip+1","EmptyMind+1","CutThroughFate+1","BattleHymn+1","Ragnarok+1","EmptyFist+1","Wallop+1","Necronomicurse","Establishment+1","Purity"],"relics":["PureWater","Molten Egg 2","Juzu Bracelet","Lee\u0027s Waffle","Unceasing Top","Ornamental Fan","GoldenEye","Anchor","Runic Pyramid","Pen Nib","Ice Cream","Necronomicon","Kunai","Lantern","Oddly Smooth Stone","Busted Crown","Calipers","Ginger","Bag of Marbles","Girya","CloakClasp","Potion Belt","Turnip"],"acts_visited":["Exordium","TheCity","TheBeyond","TheEnding"],"potions_floor_usage":[13,16,27,33,50,50,50,50,54,55],"damage_taken":[{"damage":0,"enemies":"Cultist","floor":1,"turns":2},{"damage":0,"enemies":"Small Slimes","floor":2,"turns":2},{"damage":0,"enemies":"Lagavulin","floor":7,"turns":3},{"damage":0,"enemies":"Jaw Worm","floor":10,"turns":2},{"damage":12,"enemies":"Gremlin Nob","floor":12,"turns":3},{"damage":0,"enemies":"Exordium Thugs","floor":13,"turns":2},{"damage":0,"enemies":"Lagavulin","floor":14,"turns":2},{"damage":0,"enemies":"Slime Boss","floor":16,"turns":3},{"damage":0,"enemies":"2 Thieves","floor":18,"turns":3},{"damage":0,"enemies":"Chosen","floor":20,"turns":3},{"damage":0,"enemies":"Book of Stabbing","floor":27,"turns":2},{"damage":0,"enemies":"Snake Plant","floor":29,"turns":2},{"damage":4,"enemies":"Gremlin Leader","floor":30,"turns":3},{"damage":4,"enemies":"Automaton","floor":33,"turns":6},{"damage":0,"enemies":"3 Darklings","floor":35,"turns":2},{"damage":9,"enemies":"2 Orb Walkers","floor":36,"turns":2},{"damage":0,"enemies":"Mind Bloom Boss Battle","floor":37,"turns":2},{"damage":0,"enemies":"Orb Walker","floor":38,"turns":2},{"damage":0,"enemies":"Jaw Worm Horde","floor":39,"turns":2},{"damage":0,"enemies":"Giant Head","floor":40,"turns":4},{"damage":0,"enemies":"Reptomancer","floor":42,"turns":4},{"damage":0,"enemies":"Giant Head","floor":44,"turns":4},{"damage":0,"enemies":"Writhing Mass","floor":45,"turns":4},{"damage":11,"enemies":"4 Shapes","floor":46,"turns":3},{"damage":0,"enemies":"3 Darklings","floor":48,"turns":2},{"damage":0,"enemies":"Awakened One","floor":50,"turns":7},{"damage":16,"enemies":"Shield and Spear","floor":54,"turns":3},{"damage":77,"enemies":"The Heart","floor":55,"turns":5}],"seed_played":"-2615995829776220689","potions_obtained":[{"floor":2,"key":"Explosive Potion"},{"floor":10,"key":"SpeedPotion"},{"floor":12,"key":"Explosive Potion"},{"floor":16,"key":"DuplicationPotion"},{"floor":20,"key":"Ancient Potion"},{"floor":27,"key":"Ancient Potion"},{"floor":35,"key":"SteroidPotion"},{"floor":45,"key":"Weak Potion"},{"floor":54,"key":"SpeedPotion"}],"is_trial":false,"path_per_floor":["M","M","?","?","?","R","E","R","T","M","R","E","M","E","R","B",null,"M","?","M","$","T","R","?","R","T","E","R","M","E","$","R","B",null,"M","?","?","M","M","E","$","E","T","E","M","M","$","M","R","B",null,"R","$","E","B"],"character_chosen":"WATCHER","items_purchased":["Molten Egg 2","Juzu Bracelet","Tantrum+1","Lee\u0027s Waffle","FlurryOfBlows+1","Pen Nib","Wallop+1","Purity","Potion Belt","BottledMiracle","Dexterity Potion"],"campfire_rested":2,"item_purchase_floors":[0,0,0,0,0,21,21,41,47,47,47],"current_hp_per_floor":[79,79,79,79,63,63,63,63,63,63,63,51,51,51,51,51,79,79,79,79,79,79,79,63,63,63,63,79,79,75,75,79,75,79,79,70,70,70,70,70,70,70,70,70,70,59,59,59,59,59,79,79,79,63,0,0],"gold":41,"neow_bonus":"","is_daily":false,"chose_seed":false,"campfire_upgraded":6,"win_rate":0.0,"timestamp":1610400902,"path_taken":["M","M","?","?","?","R","E","R","T","M","R","E","M","E","R","BOSS","M","?","M","$","?","R","?","R","T","E","R","M","E","$","R","BOSS","M","?","?","M","M","E","$","E","T","E","M","M","$","M","R","BOSS","R","$","E","BOSS"],"items_purchased_type":["Relic","Relic","Card","Relic","Card","Relic","Card","Card","Relic","Potion","Potion"],"build_version":"2020-12-22","purchased_purges":4,"victory":false,"max_hp_per_floor":[79,79,79,79,79,79,79,79,79,79,79,79,79,79,79,79,79,79,79,79,79,79,79,79,79,79,79,79,79,79,79,79,79,79,79,79,79,79,79,79,79,79,79,79,79,79,79,79,79,79,79,79,79,79,79,79],"card_choices":[{"not_picked":["Vengeance","FollowUp+1"],"picked":"Protect","floor":1},{"not_picked":["Consecrate+1","Wireheading"],"picked":"SashWhip+1","floor":2},{"not_picked":["Pray","Evaluate","Indignation"],"picked":"SKIP","floor":7},{"not_picked":["BowlingBash+1","Prostrate"],"picked":"EmptyMind","floor":10},{"not_picked":["InnerPeace","Weave+1"],"picked":"CutThroughFate+1","floor":12},{"not_picked":["SashWhip+1","Consecrate+1"],"picked":"BattleHymn","floor":13},{"not_picked":["CrushJoints+1","Prostrate","Protect"],"picked":"SKIP","floor":14},{"not_picked":["Brilliance+1","Alpha"],"picked":"Ragnarok+1","floor":16},{"not_picked":["Pray+1","Conclude+1","SandsOfTime+1"],"picked":"SKIP","floor":18},{"not_picked":["Sanctity+1","BowlingBash+1","Evaluate"],"picked":"SKIP","floor":20},{"not_picked":["Worship","Indignation","Vengeance+1"],"picked":"SKIP","floor":27},{"not_picked":["CutThroughFate+1","FlyingSleeves+1","PathToVictory"],"picked":"SKIP","floor":29},{"not_picked":["Evaluate","EmptyFist+1","EmptyBody"],"picked":"SKIP","floor":30},{"not_picked":["Judgement","Scrawl"],"picked":"Establishment","floor":33},{"not_picked":["WheelKick+1"],"picked":"SKIP","floor":35},{"not_picked":["WheelKick+1"],"picked":"SKIP","floor":35},{"not_picked":["WheelKick+1"],"picked":"SKIP","floor":35},{"not_picked":["CutThroughFate+1"],"picked":"SKIP","floor":38},{"not_picked":["EmptyFist+1"],"picked":"SKIP","floor":39},{"not_picked":["EmptyFist+1"],"picked":"SKIP","floor":39},{"not_picked":["SashWhip+1"],"picked":"SKIP","floor":40},{"not_picked":["WindmillStrike+1"],"picked":"SKIP","floor":42},{"not_picked":["Protect+1"],"picked":"SKIP","floor":44},{"not_picked":["Protect+1"],"picked":"SKIP","floor":44},{"not_picked":["Protect+1"],"picked":"SKIP","floor":44},{"not_picked":["Protect+1"],"picked":"SKIP","floor":44},{"not_picked":["CarveReality+1"],"picked":"SKIP","floor":45},{"not_picked":["JustLucky+1"],"picked":"SKIP","floor":46},{"not_picked":["FlyingSleeves+1"],"picked":"SKIP","floor":48},{"not_picked":["EmptyFist+1"],"picked":"SKIP","floor":54}],"player_experience":488904,"relics_obtained":[{"floor":7,"key":"Unceasing Top"},{"floor":9,"key":"Ornamental Fan"},{"floor":12,"key":"GoldenEye"},{"floor":14,"key":"Anchor"},{"floor":22,"key":"Ice Cream"},{"floor":24,"key":"Necronomicon"},{"floor":26,"key":"Kunai"},{"floor":27,"key":"Lantern"},{"floor":30,"key":"Oddly Smooth Stone"},{"floor":36,"key":"Calipers"},{"floor":37,"key":"Ginger"},{"floor":40,"key":"Bag of Marbles"},{"floor":42,"key":"Girya"},{"floor":44,"key":"CloakClasp"},{"floor":54,"key":"Turnip"}],"event_choices":[{"cards_removed":["Strike_P"],"damage_healed":0,"gold_gain":0,"player_choice":"Forget","damage_taken":0,"max_hp_gain":0,"max_hp_loss":0,"event_name":"Living Wall","floor":3,"gold_loss":0},{"cards_removed":["Defend_P"],"damage_healed":0,"gold_gain":0,"player_choice":"Offered Basic","damage_taken":0,"max_hp_gain":0,"max_hp_loss":0,"event_name":"Bonfire Elementals","floor":4,"gold_loss":0},{"damage_healed":0,"gold_gain":0,"player_choice":"Entered Light","damage_taken":16,"max_hp_gain":0,"max_hp_loss":0,"event_name":"Shining Light","floor":5,"gold_loss":0,"cards_upgraded":["Protect","Defend_P"]},{"damage_healed":0,"gold_gain":0,"cards_transformed":["Strike_P"],"player_choice":"Transformed","damage_taken":0,"max_hp_gain":0,"max_hp_loss":0,"event_name":"Transmorgrifier","floor":19,"gold_loss":0,"cards_obtained":["EmptyFist"]},{"damage_healed":0,"gold_gain":0,"player_choice":"Obtained Book","damage_taken":16,"max_hp_gain":0,"max_hp_loss":0,"event_name":"Cursed Tome","floor":24,"gold_loss":0},{"damage_healed":0,"gold_gain":0,"player_choice":"Fight","damage_taken":0,"max_hp_gain":0,"max_hp_loss":0,"event_name":"Mysterious Sphere","floor":36,"gold_loss":0},{"damage_healed":0,"gold_gain":0,"player_choice":"Fight","damage_taken":0,"max_hp_gain":0,"max_hp_loss":0,"event_name":"MindBloom","floor":37,"gold_loss":0}],"is_beta":false,"boss_relics":[{"not_picked":["Cursed Key","Sozu"],"picked":"Runic Pyramid"},{"not_picked":["Pandora\u0027s Box","Velvet Choker"],"picked":"Busted Crown"}],"items_purged_floors":[0,0,21,41],"is_endless":false,"potions_floor_spawned":[2,10,12,16,20,27,35,37,40,45,46,54],"killed_by":"The Heart","ascension_level":4}}