{"host":"s794kqxf2n1qz2yr","time":1610330541,"event":{"mods":["100% Spire Juice","2.2 Compatiblity","AchievementEnabler","Aspiration","BaseMod","ChefMod","Downfall","Friendly Minions","Hermit","Minty Spire (QoL Compilation)","Permanent Neow","StSLib","The Animator"],"gold_per_floor":[112,132,145,78,90,90,120,120,146,211,245,245,245,262,262,365,365,377,396,376,396,300,314,333,366,366,366,396,396,396,408,408,506,506,523,523,523,541,541,567,581,581,581,581,601,614,614,239,239,239],"floor_reached":51,"playtime":3753,"items_purged":["Shame"],"score":727,"play_id":"6ffe29eb-c950-4801-b48e-ab5b37158262","local_time":"20210111020221","daily_mods":["SealedDeck"],"is_ascension_mode":false,"campfire_choices":[{"data":"hermit:HoleUp","floor":6,"key":"SMITH"},{"data":"hermit:Determination","floor":8,"key":"SMITH"},{"floor":12,"key":"REST"},{"data":"hermit:HoleUp","floor":15,"key":"SMITH"},{"floor":27,"key":"REST"},{"data":"expansioncontent:AwakenDeath","floor":30,"key":"SMITH"},{"floor":32,"key":"REST"},{"floor":42,"key":"REST"},{"data":"Deep Breath","floor":44,"key":"SMITH"},{"floor":49,"key":"REST"}],"circlet_count":0,"master_deck":["hermit:Glare+1","hermit:Glare","hermit:Glare","hermit:NoHoldsBarred","hermit:HoleUp+1","hermit:Horror","hermit:Horror","hermit:Horror+1","hermit:HoleUp+1","hermit:Enervate","hermit:Enervate","hermit:Determination+1","expansioncontent:AwakenDeath+1","Deep Breath+1"],"relics":["hermit:Momento","Ornamental Fan","Nunchaku","War Paint","StrikeDummy","aspiration:RitualDagger","hermit:Horseshoe","Blue Candle","Calipers","expansioncontent:StudyCardRelic","Happy Flower","Darkstone Periapt","hexamod:BolsterEngine","aspiration:Lifesprig"],"acts_visited":["Exordium","TheCity","TheBeyond"],"potions_floor_usage":[7,7,14,21,24,25,50,50],"damage_taken":[{"damage":0,"enemies":"Cultist","floor":1,"turns":4},{"damage":0,"enemies":"Jaw Worm","floor":2,"turns":3},{"damage":8,"enemies":"Small Slimes","floor":3,"turns":3},{"damage":9,"enemies":"Blue Slaver","floor":5,"turns":3},{"damage":13,"enemies":"Gremlin Nob","floor":7,"turns":4},{"damage":13,"enemies":"Lagavulin Event","floor":10,"turns":5},{"damage":2,"enemies":"Lagavulin","floor":11,"turns":6},{"damage":16,"enemies":"Gremlin Gang","floor":14,"turns":3},{"damage":10,"enemies":"Slime Boss","floor":16,"turns":4},{"damage":24,"enemies":"Shell Parasite","floor":18,"turns":4},{"damage":41,"enemies":"3 Byrds","floor":19,"turns":4},{"damage":15,"enemies":"3 Cultists","floor":21,"turns":5},{"damage":33,"enemies":"Snecko","floor":23,"turns":6},{"damage":6,"enemies":"Snake Plant","floor":24,"turns":2},{"damage":35,"enemies":"Book of Stabbing","floor":25,"turns":5},{"damage":29,"enemies":"Gremlin Leader","floor":28,"turns":8},{"damage":18,"enemies":"3 Cultists","floor":31,"turns":4},{"damage":40,"enemies":"Champ","floor":33,"turns":8},{"damage":24,"enemies":"3 Darklings","floor":35,"turns":4},{"damage":25,"enemies":"Orb Walker","floor":38,"turns":4},{"damage":29,"enemies":"Nemesis","floor":40,"turns":3},{"damage":42,"enemies":"3 Darklings","floor":41,"turns":4},{"damage":33,"enemies":"4 Shapes","floor":45,"turns":3},{"damage":22,"enemies":"Spire Growth","floor":46,"turns":5},{"damage":86,"enemies":"Donu and Deca","floor":50,"turns":11}],"seed_played":"-7059600227789748650","potions_obtained":[{"floor":2,"key":"SpeedPotion"},{"floor":5,"key":"Strength Potion"},{"floor":10,"key":"PowerPotion"},{"floor":14,"key":"hexamod:EctoCoolerPotion"},{"floor":19,"key":"SpeedPotion"},{"floor":20,"key":"DuplicationPotion"},{"floor":21,"key":"champ:CounterPotion"},{"floor":25,"key":"SpeedPotion"},{"floor":33,"key":"Guardian:BlockOnCardUsePotion"},{"floor":45,"key":"FairyPotion"}],"is_trial":true,"path_per_floor":["M","M","M","$","M","R","E","R","T","?","E","R","?","M","R","B",null,"M","M","?","M","$","M","M","E","T","R","E","?","R","M","R","B",null,"M","?","?","M","?","E","M","R","T","R","M","M","?","$","R","B",null],"character_chosen":"HERMIT","items_purchased":["hermit:Brawl","expansioncontent:AwakenDeath","hexamod:BolsterEngine","aspiration:Lifesprig"],"campfire_rested":5,"item_purchase_floors":[4,22,48,48],"current_hp_per_floor":[75,75,67,67,58,58,45,45,45,32,30,52,52,36,36,26,75,51,10,10,75,75,57,58,42,42,64,62,62,62,64,75,73,75,68,68,68,53,53,42,20,41,41,41,24,20,20,20,41,40],"gold":239,"neow_bonus":"","is_daily":false,"chose_seed":false,"campfire_upgraded":5,"win_rate":0.0,"timestamp":1610330541,"path_taken":["M","M","?","$","M","R","E","R","T","?","E","R","?","M","R","BOSS","M","M","?","M","$","M","?","E","T","R","E","?","R","M","R","BOSS","M","?","?","?","?","E","M","R","T","R","M","M","?","$","R","BOSS"],"items_purchased_type":["Card","Card","Relic","Relic"],"build_version":"2020-12-22","purchased_purges":1,"victory":true,"max_hp_per_floor":[75,75,75,75,75,75,75,75,75,75,75,75,75,75,75,75,75,75,75,75,75,75,75,75,75,75,75,75,75,75,75,75,75,75,75,75,75,75,71,71,71,71,71,71,71,71,71,71,71,71],"card_choices":[{"not_picked":["hermit:Feint","hermit:PistolWhip"],"picked":"hermit:Enervate","floor":1},{"not_picked":["hermit:Combo","hermit:BigShot","hermit:Vantage"],"picked":"SKIP","floor":2},{"not_picked":["hermit:Scavenge","hermit:PistolWhip"],"picked":"hermit:Enervate","floor":3},{"not_picked":["hermit:CalledShot","hermit:Roulette","hermit:Combo"],"picked":"SKIP","floor":5},{"not_picked":["hermit:FromBeyond","hermit:GoldenBullet"],"picked":"hermit:Determination","floor":7},{"not_picked":["hermit:FullyLoaded","hermit:TakeAim","hermit:DeadMansHand"],"picked":"SKIP","floor":11},{"not_picked":["hermit:Virtue","hermit:LuckOfTheDraw","hermit:ItchyTrigger"],"picked":"SKIP","floor":14},{"not_picked":["hermit:LowProfile","hermit:HoleUp","hermit:Brawl"],"picked":"SKIP","floor":18},{"not_picked":["hermit:NoHoldsBarred","hermit:Snipe","hermit:HighCaliber"],"picked":"SKIP","floor":19},{"not_picked":["hermit:Snipe","hermit:Vantage","hermit:SprayPray"],"picked":"SKIP","floor":21},{"not_picked":["hermit:Coalescence","hermit:BodyArmor","hermit:CalledShot"],"picked":"SKIP","floor":23},{"not_picked":["hermit:FromBeyond","hermit:Vantage","hermit:Misfire"],"picked":"SKIP","floor":24},{"not_picked":["hermit:BlackWind","hermit:Dive","hermit:Ricochet+1"],"picked":"SKIP","floor":25},{"not_picked":["hermit:FatalDesire","hermit:LuckOfTheDraw+1","hermit:Spite"],"picked":"SKIP","floor":28},{"not_picked":["hermit:Showdown+1","hermit:EyeOfTheStorm","hermit:Manifest"],"picked":"SKIP","floor":31},{"not_picked":["hermit:SprayPray+1","hermit:GoldenBullet+1","hermit:Shortfuse+1"],"picked":"SKIP","floor":35},{"not_picked":["expansioncontent:YouAreMine","expansioncontent:Flail"],"picked":"Deep Breath","floor":36},{"not_picked":["hermit:LowProfile+1","hermit:BodyArmor+1","hermit:Virtue+1"],"picked":"SKIP","floor":38},{"not_picked":["hermit:Maintenance+1","hermit:ItchyTrigger","hermit:ShadowCloak+1"],"picked":"SKIP","floor":40},{"not_picked":["hermit:SprayPray","hermit:Desperado","hermit:HoleUp+1"],"picked":"SKIP","floor":41},{"not_picked":["hermit:Adapt","hermit:BodyArmor","hermit:FlashPowder"],"picked":"SKIP","floor":45},{"not_picked":["hermit:HoleUp+1","hermit:Coalescence+1","hermit:FullyLoaded"],"picked":"SKIP","floor":46}],"player_experience":336839,"relics_obtained":[{"floor":7,"key":"Ornamental Fan"},{"floor":9,"key":"Nunchaku"},{"floor":10,"key":"War Paint"},{"floor":11,"key":"StrikeDummy"},{"floor":25,"key":"hermit:Horseshoe"},{"floor":26,"key":"Blue Candle"},{"floor":28,"key":"Calipers"},{"floor":40,"key":"Happy Flower"},{"floor":43,"key":"Darkstone Periapt"}],"event_choices":[{"damage_healed":0,"gold_gain":0,"player_choice":"Searched \u00271\u0027 times","damage_taken":0,"max_hp_gain":0,"max_hp_loss":0,"event_name":"Dead Adventurer","floor":10,"gold_loss":0},{"cards_removed":["hermit:Brawl"],"damage_healed":0,"gold_gain":0,"player_choice":"Forget","damage_taken":0,"max_hp_gain":0,"max_hp_loss":0,"event_name":"Living Wall","floor":13,"gold_loss":0},{"damage_healed":0,"gold_gain":0,"player_choice":"Bought 1 Potion","damage_taken":0,"max_hp_gain":0,"max_hp_loss":0,"event_name":"The Woman in Blue","floor":20,"gold_loss":0},{"damage_healed":0,"gold_gain":0,"player_choice":"Memory 1","damage_taken":0,"max_hp_gain":0,"max_hp_loss":0,"event_name":"SensoryStone","floor":36,"gold_loss":0},{"damage_healed":0,"gold_gain":0,"player_choice":"Ignored","damage_taken":0,"max_hp_gain":0,"max_hp_loss":0,"event_name":"SecretPortal","floor":37,"gold_loss":0},{"damage_healed":0,"gold_gain":0,"player_choice":"Max HP","damage_taken":0,"max_hp_gain":0,"max_hp_loss":4,"event_name":"Winding Halls","floor":39,"gold_loss":0},{"cards_removed":["hermit:PistolWhip"],"damage_healed":0,"gold_gain":0,"player_choice":"Removed Attack","damage_taken":0,"max_hp_gain":0,"max_hp_loss":0,"event_name":"Falling","floor":47,"gold_loss":0}],"is_beta":false,"boss_relics":[{"not_picked":["aspiration:RunicSpoon","SlaversCollar"],"picked":"aspiration:RitualDagger"},{"not_picked":["aspiration:SecretTechniqueScroll","Cursed Key"],"picked":"expansioncontent:StudyCardRelic"}],"items_purged_floors":[48],"is_endless":false,"potions_floor_spawned":[2,5,10,14,19,21,23,25,33,40,41,45],"ascension_level":0}}