{"host":"i1h39d0gfh5c6uxl","time":1610372778,"event":{"mods":["AchievementEnabler","BaseMod","Colored Map","Colored Powertips","Highlight Path","Minty Spire (QoL Compilation)"],"gold_per_floor":[119,129,129,129,141,141,171,190,190,201,215,215,165,181,181,277,277,289,289,300,310,50,77,94,110,110,144,44,56,88,100,100,199,199,210,210,85,85,100,130,130,148,148,163,163,193,209,223,223,223,223],"floor_reached":50,"playtime":11872,"items_purged":["Strike_R","Strike_R","Strike_R"],"score":570,"play_id":"41479d5e-525e-4e32-b262-38d3f8d3d41f","local_time":"20210111214618","is_ascension_mode":false,"campfire_choices":[{"data":"Twin Strike","floor":6.0,"key":"SMITH"},{"floor":12.0,"key":"REST"},{"data":"Armaments","floor":15.0,"key":"SMITH"},{"floor":32.0,"key":"REST"},{"data":"Demon Form","floor":41.0,"key":"SMITH"},{"floor":45.0,"key":"REST"},{"floor":49.0,"key":"REST"}],"circlet_count":0,"master_deck":["Strike_R","Defend_R","Defend_R","Defend_R","Bash+1","Twin Strike+1","Dark Embrace","Double Tap","Shrug It Off","Clothesline","Armaments+1","Immolate","Corruption","Uppercut","True Grit","Carnage","Bludgeon","Disarm+1","Demon Form+1","Disarm","Bludgeon","Blood for Blood+1"],"relics":["Snecko Eye"],"acts_visited":["Exordium","TheCity","TheBeyond"],"potions_floor_usage":[50],"damage_taken":[{"damage":5.0,"enemies":"Small Slimes","floor":1.0,"turns":2.0},{"damage":1.0,"enemies":"Cultist","floor":2.0,"turns":3.0},{"damage":1.0,"enemies":"Jaw Worm","floor":5.0,"turns":2.0},{"damage":35.0,"enemies":"Lagavulin","floor":7.0,"turns":6.0},{"damage":2.0,"enemies":"Blue Slaver","floor":8.0,"turns":2.0},{"damage":11.0,"enemies":"Large Slime","floor":10.0,"turns":8.0},{"damage":7.0,"enemies":"Looter","floor":11.0,"turns":2.0},{"damage":14.0,"enemies":"Lots of Slimes","floor":14.0,"turns":6.0},{"damage":23.0,"enemies":"The Guardian","floor":16.0,"turns":8.0},{"damage":12.0,"enemies":"Shell Parasite","floor":18.0,"turns":4.0},{"damage":0.0,"enemies":"2 Thieves","floor":20.0,"turns":1.0},{"damage":0.0,"enemies":"Snake Plant","floor":21.0,"turns":3.0},{"damage":19.0,"enemies":"Slavers","floor":23.0,"turns":3.0},{"damage":0.0,"enemies":"Cultist and Chosen","floor":24.0,"turns":4.0},{"damage":2.0,"enemies":"Centurion and Healer","floor":25.0,"turns":2.0},{"damage":13.0,"enemies":"Gremlin Leader","floor":27.0,"turns":4.0},{"damage":4.0,"enemies":"Snecko","floor":29.0,"turns":3.0},{"damage":18.0,"enemies":"Slavers","floor":30.0,"turns":5.0},{"damage":0.0,"enemies":"Shelled Parasite and Fungi","floor":31.0,"turns":2.0},{"damage":38.0,"enemies":"Automaton","floor":33.0,"turns":7.0},{"damage":2.0,"enemies":"Orb Walker","floor":35.0,"turns":3.0},{"damage":23.0,"enemies":"3 Darklings","floor":39.0,"turns":5.0},{"damage":8.0,"enemies":"Nemesis","floor":40.0,"turns":7.0},{"damage":15.0,"enemies":"Jaw Worm Horde","floor":42.0,"turns":5.0},{"damage":1.0,"enemies":"4 Shapes","floor":44.0,"turns":3.0},{"damage":6.0,"enemies":"Reptomancer","floor":46.0,"turns":4.0},{"damage":22.0,"enemies":"Sphere and 2 Shapes","floor":47.0,"turns":4.0},{"damage":9.0,"enemies":"Jaw Worm Horde","floor":48.0,"turns":4.0},{"damage":70,"enemies":"Awakened One","floor":50,"turns":7}],"seed_played":"2144050272586071264","potions_obtained":[{"floor":7.0,"key":"Dexterity Potion"},{"floor":10.0,"key":"BloodPotion"},{"floor":11.0,"key":"SpeedPotion"},{"floor":14.0,"key":"SkillPotion"},{"floor":20.0,"key":"Energy Potion"},{"floor":21.0,"key":"Fruit Juice"},{"floor":27.0,"key":"SneckoOil"},{"floor":30.0,"key":"Explosive Potion"},{"floor":31.0,"key":"SteroidPotion"},{"floor":39.0,"key":"BlessingOfTheForge"},{"floor":47.0,"key":"Regen Potion"},{"floor":48.0,"key":"FearPotion"}],"is_trial":false,"path_per_floor":["M","M","?","?","M","R","E","M","T","M","M","R","?","M","R","B",null,"M","?","M","M","$","E","M","M","T","E","$","M","E","M","R","B",null,"M","?","$","?","M","E","R","M","T","M","R","E","M","M","R","B"],"character_chosen":"IRONCLAD","items_purchased":["Uppercut","True Grit","Carnage"],"campfire_rested":4,"item_purchase_floors":[22,22,22],"current_hp_per_floor":[75,74,74,74,73,73,38,36,36,25,34,58,58,44,44,21,80,68,68,68,73,73,54,54,52,52,39,39,35,17,17,42,4,85,83,83,83,83,60,52,52,37,37,36,61,55,33,36,61,0,0],"gold":223,"neow_bonus":"BOSS_RELIC","is_daily":false,"chose_seed":false,"campfire_upgraded":3,"win_rate":0.0,"timestamp":1610372778,"path_taken":["M","M","?","?","?","R","E","M","T","M","M","R","?","M","R","BOSS","M","?","M","M","$","E","M","M","T","E","$","M","E","M","R","BOSS","M","?","$","?","M","E","R","?","T","M","R","E","M","M","R","BOSS"],"items_purchased_type":["Card","Card","Card"],"build_version":"2020-12-22","purchased_purges":3,"victory":false,"max_hp_per_floor":[80,80,80,80,80,80,80,80,80,80,80,80,80,80,80,80,80,80,80,80,85,85,85,85,85,85,85,85,85,85,85,85,85,85,85,85,85,85,85,85,85,85,85,85,85,85,85,85,85,85,85],"card_choices":[{"not_picked":["Thunderclap","Evolve"],"picked":"Twin Strike","floor":1.0},{"not_picked":["Pommel Strike","Battle Trance"],"picked":"Dark Embrace","floor":2.0},{"not_picked":["Flex","Cleave","Evolve"],"picked":"SKIP","floor":5.0},{"not_picked":["Warcry","Rage"],"picked":"Double Tap","floor":7.0},{"not_picked":["True Grit","Entrench"],"picked":"Shrug It Off","floor":8.0},{"not_picked":["Spot Weakness","True Grit"],"picked":"Clothesline","floor":10.0},{"not_picked":["Warcry","True Grit"],"picked":"Armaments","floor":11.0},{"not_picked":["Heavy Blade","Havoc"],"picked":"Immolate","floor":14.0},{"not_picked":["Barricade","Immolate"],"picked":"Corruption","floor":16.0},{"not_picked":["Whirlwind","Clothesline","Inflame"],"picked":"SKIP","floor":18.0},{"not_picked":["Wild Strike+1","Havoc+1","Rampage"],"picked":"SKIP","floor":20.0},{"not_picked":["Headbutt","Clothesline+1","Power Through"],"picked":"SKIP","floor":21.0},{"not_picked":["Armaments","Dropkick"],"picked":"Bludgeon","floor":23.0},{"not_picked":["Body Slam","Seeing Red","Iron Wave"],"picked":"SKIP","floor":24.0},{"not_picked":["Cleave","Rupture","Sever Soul"],"picked":"SKIP","floor":25.0},{"not_picked":["Rampage","Wild Strike+1","Heavy Blade"],"picked":"SKIP","floor":27.0},{"not_picked":["Body Slam","Pummel","Combust+1"],"picked":"SKIP","floor":29.0},{"not_picked":["Shrug It Off","Iron Wave+1"],"picked":"Disarm+1","floor":30.0},{"not_picked":["Ghostly Armor","Thunderclap+1","Anger"],"picked":"SKIP","floor":31.0},{"not_picked":["Offering","Juggernaut"],"picked":"Demon Form","floor":33.0},{"not_picked":["Carnage","Anger","Flex"],"picked":"SKIP","floor":35.0},{"not_picked":["Cleave+1","Pummel+1","Sword Boomerang+1"],"picked":"SKIP","floor":39.0},{"not_picked":["Iron Wave","Anger+1","Blood for Blood+1"],"picked":"SKIP","floor":40.0},{"not_picked":["Infernal Blade","Blood for Blood+1","Metallicize+1"],"picked":"SKIP","floor":42.0},{"not_picked":["Cleave","Iron Wave","Feel No Pain"],"picked":"SKIP","floor":44.0},{"not_picked":["Evolve+1","Double Tap"],"picked":"Bludgeon","floor":46.0},{"not_picked":["Whirlwind+1","Sword Boomerang","Twin Strike+1"],"picked":"SKIP","floor":47.0},{"not_picked":["Blood for Blood+1","Pommel Strike","Rage"],"picked":"SKIP","floor":48.0},{"not_picked":["Pommel Strike","Rage"],"picked":"Blood for Blood+1","floor":48.0}],"player_experience":1349056,"relics_obtained":[],"event_choices":[{"damage_healed":0.0,"max_hp_gain":0.0,"max_hp_loss":0.0,"gold_gain":0.0,"event_name":"Shining Light","player_choice":"Ignored","floor":3.0,"gold_loss":0.0,"damage_taken":0.0},{"damage_healed":0.0,"max_hp_gain":0.0,"max_hp_loss":0.0,"gold_gain":0.0,"event_name":"Accursed Blacksmith","player_choice":"Forge","floor":4.0,"gold_loss":0.0,"damage_taken":0.0,"cards_upgraded":["Bash"]},{"cards_removed":["Strike_R"],"damage_healed":0.0,"max_hp_gain":0.0,"max_hp_loss":0.0,"gold_gain":0.0,"event_name":"The Cleric","player_choice":"Card Removal","floor":13.0,"gold_loss":50.0,"damage_taken":0.0},{"damage_healed":0.0,"max_hp_gain":0.0,"max_hp_loss":0.0,"gold_gain":0.0,"event_name":"Ghosts","player_choice":"Ignored","floor":19.0,"gold_loss":0.0,"damage_taken":0.0},{"damage_healed":0.0,"max_hp_gain":0.0,"max_hp_loss":0.0,"gold_gain":0.0,"event_name":"Mysterious Sphere","player_choice":"Ignored","floor":36.0,"gold_loss":0.0,"damage_taken":0.0},{"damage_healed":0.0,"max_hp_gain":0.0,"max_hp_loss":0.0,"gold_gain":0.0,"cards_transformed":["Defend_R"],"event_name":"Transmorgrifier","player_choice":"Transformed","floor":38.0,"gold_loss":0.0,"damage_taken":0.0,"cards_obtained":["Disarm"]}],"is_beta":false,"boss_relics":[{"not_picked":["Busted Crown","Runic Pyramid","Philosopher\u0027s Stone"]},{"not_picked":["Astrolabe","Pandora\u0027s Box","SacredBark"]}],"items_purged_floors":[22,28,37],"is_endless":false,"potions_floor_spawned":[7,10,11,14,20,21,27,30,31,39,47,48],"killed_by":"Awakened One","ascension_level":0}}