{"host":"u9xtr94typ21duox","time":1610341034,"event":{"mods":["BaseMod","Key Reminder","KinomotoSakuraMod(木之本樱)","LagranYue(拉格朗・月)","Marisa（F雨　魔理沙）","Minty Spire (QoL Compilation)","Reimu（博丽灵梦）","Remilia（蕾米莉亚）","Replay The Spire","StSLib","Td1madao Mod","The Administrix","The Bladedancer","The Bug Knight","The Construct","The Cursed","The Gatherer","The Runesmith","The Servant 0.9.4","WarShipGirlsR/战舰少女R mod","Youmu（魂魄妖梦）","vexMod"],"gold_per_floor":[112,125,12,22,34,34,66,66,112,142,156,156,23,23,23,23,23],"floor_reached":16,"playtime":563,"items_purged":["Strike_MRS","Injury"],"score":121,"play_id":"caa5bef6-4675-4cf5-abbe-5ed17f93f358","local_time":"20210111125714","is_ascension_mode":true,"campfire_choices":[{"data":"OrrerysSun","floor":6.0,"key":"SMITH"},{"data":"EnergyFlow","floor":8,"key":"SMITH"},{"data":"CasketOfStar","floor":15,"key":"SMITH"}],"circlet_count":0,"master_deck":["Strike_MRS","Strike_MRS","Strike_MRS","Defend_MRS","Defend_MRS","Defend_MRS","Defend_MRS","MasterSpark","UpSweep","Panacea","GrandCross","OrrerysSun+1","EnergyFlow+1","EventHorizon","PropBag","CasketOfStar+1"],"relics":["MiniHakkero","LagranYue:RandomDrawCardRelic","Replay:Bottled Steam","keyreminder:keyreminder","Vajra","Golden Idol","AmplifyWand"],"acts_visited":["Exordium"],"potions_floor_usage":[11],"damage_taken":[{"damage":2.0,"enemies":"Jaw Worm","floor":1.0,"turns":3.0},{"damage":2.0,"enemies":"2 Louse","floor":2.0,"turns":4.0},{"damage":0.0,"enemies":"Cultist","floor":4.0,"turns":3.0},{"damage":16.0,"enemies":"Lots of Slimes","floor":5.0,"turns":5.0},{"damage":14.0,"enemies":"Gremlin Nob","floor":7.0,"turns":4.0},{"damage":4,"enemies":"Lagavulin","floor":10,"turns":8},{"damage":21,"enemies":"Gremlin Gang","floor":11,"turns":4},{"damage":21,"enemies":"Slime Boss","floor":16,"turns":3}],"seed_played":"-7339635154899427898","potions_obtained":[{"floor":1.0,"key":"construct:ShiftPotion"},{"floor":2.0,"key":"PowerPotion"},{"floor":10,"key":"EssenceOfSteel"},{"floor":11,"key":"Explosive Potion"}],"is_trial":false,"path_per_floor":["M","M","$","M","M","R","E","R","T","E","M","?","$","?","R","B"],"character_chosen":"MARISA","items_purchased":["OrrerysSun","Elixir"],"campfire_rested":0,"item_purchase_floors":[3,13],"current_hp_per_floor":[73,71,71,71,55,55,41,41,41,37,16,16,16,16,16,0,0],"gold":23,"neow_bonus":"RANDOM_COLORLESS","is_daily":false,"chose_seed":false,"campfire_upgraded":3,"win_rate":0.0,"timestamp":1610341034,"path_taken":["M","M","$","M","M","R","E","R","T","E","M","?","$","?","R","BOSS"],"items_purchased_type":["Card","Potion"],"build_version":"2020-12-22","purchased_purges":2,"victory":false,"max_hp_per_floor":[75,75,75,75,75,75,75,75,75,75,75,75,75,75,75,75,75],"card_choices":[{"not_picked":["Forethought","Replay:Sssssssssstrike"],"picked":"Panacea","floor":0.0},{"not_picked":["MeteoricShower","DC","OpenUniverse"],"picked":"SKIP","floor":1.0},{"not_picked":["WitchOfGreed","GravityBeat"],"picked":"GrandCross","floor":2.0},{"not_picked":["AsteroidBelt","GravityBeat"],"picked":"EnergyFlow","floor":4.0},{"not_picked":["UnstableBomb","Acceleration"],"picked":"EventHorizon","floor":5.0},{"not_picked":["6A","MagicChant"],"picked":"PropBag","floor":7},{"not_picked":["PowerUp","IllusionStar"],"picked":"CasketOfStar","floor":10},{"not_picked":["GrandCross","IllusionStar","6A"],"picked":"SKIP","floor":11}],"player_experience":292517,"relics_obtained":[{"floor":7,"key":"Replay:Bottled Steam"},{"floor":10,"key":"Vajra"}],"event_choices":[{"damage_healed":0,"gold_gain":0,"player_choice":"Take Wound","damage_taken":0,"relics_obtained":["Golden Idol"],"max_hp_gain":0,"max_hp_loss":0,"event_name":"Golden Idol","floor":12,"gold_loss":0,"cards_obtained":["Injury"]},{"damage_healed":0,"gold_gain":0,"player_choice":"Ignored","damage_taken":0,"max_hp_gain":0,"max_hp_loss":0,"event_name":"Liars Game","floor":14,"gold_loss":0}],"is_beta":false,"boss_relics":[],"items_purged_floors":[3,13],"is_endless":false,"potions_floor_spawned":[1,2,10,11],"killed_by":"Slime Boss","ascension_level":2}}