{"host":"cv77zuuuekizn3ic","time":1610328787,"event":{"mods":["AchievementEnabler","BaseMod","Marisa£®ÏF”Í°°ƒß¿Ì…≥£©","Minty Spire (QoL Compilation)","StSLib","Waifu the Spire","everything is the same but u backflip on backflip","slay the spire mod where everything is the same but ironclad has a cowboy hat"],"gold_per_floor":[118,128,148,163,12,45,62,88,88,88,88],"floor_reached":10,"playtime":459,"items_purged":["Strike_R"],"score":160,"play_id":"f097d934-3d89-4188-a7a0-75ffc64ba2c2","local_time":"20210111093307","is_ascension_mode":true,"campfire_choices":[],"circlet_count":0,"master_deck":["AscendersBane","Strike_R","Strike_R","Strike_R","Strike_R","Defend_R","Defend_R","Defend_R","Defend_R","Bash","Evolve","Carnage","Exhume","Wild Strike","Burning Pact","Armaments"],"relics":["Burning Blood","StoneCalendar","Singing Bowl","Frozen Egg 2","Happy Flower"],"acts_visited":["Exordium"],"potions_floor_usage":[4,6,8,10],"damage_taken":[{"damage":19,"enemies":"Jaw Worm","floor":1,"turns":4},{"damage":6,"enemies":"Cultist","floor":2,"turns":4},{"damage":2,"enemies":"2 Louse","floor":3,"turns":3},{"damage":14,"enemies":"Lots of Slimes","floor":4,"turns":4},{"damage":23,"enemies":"3 Sentries","floor":6,"turns":7},{"damage":7,"enemies":"Exordium Wildlife","floor":7,"turns":4},{"damage":20,"enemies":"Lagavulin","floor":8,"turns":7},{"damage":35,"enemies":"Gremlin Nob","floor":10,"turns":4}],"seed_played":"7723169480690013082","potions_obtained":[{"floor":1,"key":"Weak Potion"},{"floor":2,"key":"Fire Potion"},{"floor":4,"key":"Block Potion"},{"floor":7,"key":"Weak Potion"}],"is_trial":false,"path_per_floor":["M","M","M","M","$","E","M","E","T","E"],"character_chosen":"IRONCLAD","items_purchased":["Burning Pact"],"campfire_rested":0,"item_purchase_floors":[5],"current_hp_per_floor":[55,55,59,51,51,36,37,23,23,0,0],"gold":88,"neow_bonus":"ONE_RARE_RELIC","is_daily":false,"chose_seed":false,"campfire_upgraded":0,"win_rate":0.0,"timestamp":1610328787,"path_taken":["M","M","M","M","$","E","M","E","T","E"],"items_purchased_type":["Card"],"build_version":"2020-12-22","purchased_purges":1,"victory":false,"max_hp_per_floor":[68,68,68,68,68,70,72,72,72,72,72],"card_choices":[{"not_picked":["Spot Weakness","Flame Barrier"],"picked":"Evolve","floor":1},{"not_picked":["Thunderclap","Twin Strike"],"picked":"Carnage","floor":2},{"not_picked":["Sword Boomerang","Flex"],"picked":"Exhume","floor":3},{"not_picked":["Sentinel","Twin Strike"],"picked":"Wild Strike","floor":4},{"not_picked":["Thunderclap","Infernal Blade","Rage"],"picked":"Singing Bowl","floor":6},{"not_picked":["Iron Wave","Havoc","Headbutt"],"picked":"Singing Bowl","floor":7},{"not_picked":["Pommel Strike","Infernal Blade"],"picked":"Armaments","floor":8}],"player_experience":843038,"relics_obtained":[{"floor":6,"key":"Singing Bowl"},{"floor":8,"key":"Frozen Egg 2"},{"floor":9,"key":"Happy Flower"}],"event_choices":[],"is_beta":false,"boss_relics":[],"items_purged_floors":[5],"is_endless":false,"potions_floor_spawned":[1,2,4,7],"killed_by":"Gremlin Nob","ascension_level":20}}