{"host":"5s7sm4h73jkd9266","time":1610339513,"event":{"mods":["AchievementEnabler","Bartender","BaseMod","Better Match","Better Vampires","BetterRewards","Colored Map","Colored Powertips","Conspire","Downfall","Energized Spire","GifTheSpireLib","Hermit","Hubris","Magitek Elite","Marisa????????","Melee Mod","Minty Spire (QoL Compilation)","Potion Indicator Mod","Rare Cards Sparkle","Relic Stats","Replay The Spire","Robot Space Explorer","Shop Mod","StSLib","Stuff the Spire","The Bladedancer","The Blue Laboratory","The Cursed","The Disciple","The Dragon Tamer","The Forsaken","The Necromancer","The Wild Card","The Witch","Virulent Crown","everything is the same but u backflip on backflip","slay the spire mod where everything is the same but ironclad has a cowboy hat","vexMod"],"gold_per_floor":[109,109,109,109,60,60,60,79,133,133,133,163,179,229,229,303,303,315,315,315],"floor_reached":19,"playtime":1108,"items_purged":[],"score":326,"play_id":"1e7b7c42-4be5-4ad0-ab6f-06bb9bc3e158","local_time":"20210110233153","is_ascension_mode":true,"campfire_choices":[{"floor":6.0,"key":"REST"},{"data":"Run Through","floor":10.0,"key":"SMITH"},{"floor":15.0,"key":"REST"}],"circlet_count":0,"master_deck":["AscendersBane","Strike_R","Strike_R","Strike_R","Strike_R","Defend_R","Defend_R","Defend_R","Bash","Run Through+1","Run Through","Life Link","Reaper","Clothesline","Defend_R","Berserk","StuffTheSpire:Incineration"],"relics":["Burning Blood","Ancient Tea Set","Juzu Bracelet","CaptainsWheel","StuffTheSpire:Mouthbags","Honey Jar"],"acts_visited":["Exordium","TheCity"],"potions_floor_usage":[16,16],"damage_taken":[{"damage":19.0,"enemies":"Jaw Worm","floor":1.0,"turns":4.0},{"damage":2.0,"enemies":"2 Louse","floor":8.0,"turns":2.0},{"damage":8.0,"enemies":"Gremlin Nob","floor":12.0,"turns":3.0},{"damage":15.0,"enemies":"Small Slimes","floor":13.0,"turns":4.0},{"damage":43,"enemies":"The Guardian","floor":16,"turns":11},{"damage":69,"enemies":"3 Byrds","floor":18,"turns":8},{"damage":41,"enemies":"Masked Bandits","floor":19,"turns":2}],"seed_played":"-9163303120512719741","potions_obtained":[{"floor":8.0,"key":"LiquidMemories"},{"floor":14.0,"key":"Slimebound:ThreeZeroPotion"},{"floor":14.0,"key":"DuplicationPotion"}],"is_trial":false,"path_per_floor":["M","?","?","?","?","R","?","M","T","R","?","E","M","?","R","B",null,"M","?"],"character_chosen":"IRONCLAD","items_purchased":[],"campfire_rested":2,"item_purchase_floors":[],"current_hp_per_floor":[62,67,49,49,49,75,75,79,79,79,79,77,68,68,87,52,78,21,0,0],"gold":315,"neow_bonus":"TEN_PERCENT_HP_BONUS","is_daily":false,"chose_seed":false,"campfire_upgraded":1,"win_rate":0.0,"timestamp":1610339513,"path_taken":["M","?","?","?","?","R","?","M","T","R","?","E","M","?","R","BOSS","M","?"],"items_purchased_type":[],"build_version":"2020-12-22","purchased_purges":0,"victory":false,"max_hp_per_floor":[82,87,87,87,87,87,87,87,87,87,87,87,87,87,87,87,87,87,87,87],"relic_stats":{"counters":[7,34],"Juzu Bracelet":2,"obtain_stats":[{"CaptainsWheel":12,"StuffTheSpire:Mouthbags":14,"Honey Jar":17,"Juzu Bracelet":9,"Ancient Tea Set":3,"Burning Blood":0},{"CaptainsWheel":3,"StuffTheSpire:Mouthbags":4,"Honey Jar":5,"Juzu Bracelet":2,"Ancient Tea Set":1,"Burning Blood":0},{"CaptainsWheel":9,"StuffTheSpire:Mouthbags":13,"Honey Jar":24,"Juzu Bracelet":6,"Ancient Tea Set":4,"Burning Blood":0}],"Burning Blood":36},"card_choices":[{"not_picked":["Wild Strike","Combust"],"picked":"Run Through","floor":1.0},{"not_picked":["Flame Barrier","StuffTheSpire:Pyroclast"],"picked":"Run Through","floor":8.0},{"not_picked":["StuffTheSpire:Pyroclast","Clash"],"picked":"Life Link","floor":12.0},{"not_picked":["Replay:Undeath\u0027s Touch","Clothesline"],"picked":"Reaper","floor":13.0},{"not_picked":["StuffTheSpire:RockThrow","ReplayTheSpireMod:Strike From Hell"],"picked":"Clothesline","floor":14.0},{"not_picked":["Eclipse","Barricade"],"picked":"Berserk","floor":16},{"not_picked":["Run Through","Iron Wave","Sword Boomerang"],"picked":"StuffTheSpire:Incineration","floor":18}],"player_experience":5474343,"relics_obtained":[{"floor":9.0,"key":"Juzu Bracelet"},{"floor":12.0,"key":"CaptainsWheel"},{"floor":14.0,"key":"StuffTheSpire:Mouthbags"}],"event_choices":[{"damage_healed":0.0,"max_hp_gain":5.0,"max_hp_loss":0.0,"gold_gain":0.0,"event_name":"Big Fish","player_choice":"Donut","floor":2.0,"gold_loss":0.0,"damage_taken":0.0},{"damage_healed":0.0,"max_hp_gain":0.0,"max_hp_loss":0.0,"gold_gain":0.0,"event_name":"Scrap Ooze","player_choice":"Success","floor":3.0,"gold_loss":0.0,"damage_taken":18.0,"relics_obtained":["Ancient Tea Set"]},{"damage_healed":0.0,"max_hp_gain":0.0,"max_hp_loss":0.0,"gold_gain":0.0,"event_name":"Golden Wing","player_choice":"Ignored","floor":4.0,"gold_loss":0.0,"damage_taken":0.0},{"damage_healed":0.0,"max_hp_gain":0.0,"max_hp_loss":0.0,"gold_gain":0.0,"event_name":"World of Goop","player_choice":"Left Gold","floor":5.0,"gold_loss":49.0,"damage_taken":0.0},{"cards_removed":["Strike_R"],"damage_healed":0.0,"max_hp_gain":0.0,"max_hp_loss":0.0,"gold_gain":0.0,"event_name":"Bonfire Elementals","player_choice":"Offered Basic","floor":7.0,"gold_loss":0.0,"damage_taken":0.0},{"damage_healed":0.0,"max_hp_gain":0.0,"max_hp_loss":0.0,"gold_gain":0.0,"event_name":"Purifier","player_choice":"Ignored","floor":11.0,"gold_loss":0.0,"damage_taken":0.0},{"damage_healed":0,"gold_gain":0,"player_choice":"Fought Bandits","damage_taken":0,"max_hp_gain":0,"max_hp_loss":0,"event_name":"Masked Bandits","floor":19,"gold_loss":0}],"is_beta":false,"boss_relics":[{"not_picked":["ReplayTheSpireMod:DimensionalGlitch","Replay:Bronze Core"],"picked":"Honey Jar"}],"items_purged_floors":[],"is_endless":false,"potions_floor_spawned":[8],"killed_by":"Masked Bandits","ascension_level":20}}