{"host":"zksvs3x2ysy9npnz","time":1610407362,"event":{"mods":["Aspiration","BaseMod","Beaked The Cultist","BetterRewards","Clockwork Mod","Colored Map","Conspire","Downfall","Duelist Mod","Ekko","Energized Spire","Fiend Mod","Halation","Highlight Path","Hubris","Hunter ??","Infinite Spire","Jedi Mod","JesterMod","Magitek Elite","Minty Spire (QoL Compilation)","Permanent Neow","Quick Restart","Relic Stats","Replay The Spire","Retaliation","Shade Mod","Shop Mod","StSLib","The Construct","The Poker Player","The Runesmith","The Witch","thorton"],"gold_per_floor":[125,125,125,125,140,140,181,181,208,227,13,37,55,55,55,155,155,180,180,201,221,263,333,333,368,368,368,7,31,72,32,32,64,64],"floor_reached":33,"playtime":1885,"items_purged":["Normality","thethorton:Strike"],"score":269,"play_id":"039aa9e7-abdb-4abf-ae92-f338b2bd804a","local_time":"20210112002242","is_ascension_mode":true,"campfire_choices":[{"data":"thethorton:Crash","floor":6.0,"key":"SMITH"},{"data":"thethorton:SicklyRun","floor":8.0,"key":"SMITH"},{"data":"thethorton:ToxicGreed","floor":15.0,"key":"SMITH"},{"data":"thethorton:SheetShred","floor":24,"key":"SMITH"},{"data":"thethorton:Octopus","floor":27,"key":"SMITH"},{"data":"thethorton:Investment","floor":32,"key":"SMITH"}],"circlet_count":0,"master_deck":["thethorton:Strike","thethorton:Strike","thethorton:Strike","thethorton:Defend","thethorton:Defend","thethorton:Defend","thethorton:Defend","thethorton:Heckle+1","thethorton:CreditCard","thethorton:Crash+1","thethorton:SicklyRun+1","thethorton:TakeAccounts","thethorton:Octopus+1","thethorton:ToxicGreed+1","thethorton:Demotion+1","thethorton:PocketChange+1","thethorton:LongTermPayoff+1","thethorton:CoinShield+1","thethorton:HitAhead","thethorton:SheetShred+1","thethorton:FearfulRun+1","thethorton:GoldBuffer","thethorton:Investment+1"],"relics":["thethorton:CouragePotion","aspiration:Nostalgia","Burning Blood","Tiny Chest","hubris:Towel","infinitespire:Joker Card","infinitespire:Satchel","Regal Pillow","construct:WeddingRing","Boot","Meat on the Bone","infinitespire:BottledMercury"],"acts_visited":["Exordium","TheCity"],"potions_floor_usage":[23,33,33],"damage_taken":[{"damage":7.0,"enemies":"Cultist","floor":1.0,"turns":4.0},{"damage":11.0,"enemies":"2 Louse","floor":5.0,"turns":3.0},{"damage":1.0,"enemies":"Gremlin Nob","floor":7.0,"turns":3.0},{"damage":0.0,"enemies":"Small Slimes","floor":10.0,"turns":3.0},{"damage":0.0,"enemies":"2 Fungi Beasts","floor":13.0,"turns":4.0},{"damage":0.0,"enemies":"The Guardian","floor":16.0,"turns":2.0},{"damage":6,"enemies":"Spheric Guardian","floor":18,"turns":6},{"damage":0,"enemies":"Spheric Guardian","floor":18,"turns":1},{"damage":7,"enemies":"Shell Parasite","floor":20,"turns":7},{"damage":12,"enemies":"conspire:HollyBat","floor":21,"turns":8},{"damage":5,"enemies":"Cultist and Chosen","floor":22,"turns":7},{"damage":10,"enemies":"Replay:Snechameleon","floor":23,"turns":6},{"damage":0,"enemies":"Centurion and Healer","floor":25,"turns":7},{"damage":14,"enemies":"Snake Plant","floor":30,"turns":6},{"damage":65,"enemies":"Collector","floor":33,"turns":6}],"seed_played":"-4722021380572699071","potions_obtained":[{"floor":5.0,"key":"Slimebound:ThreeZeroPotion"},{"floor":13.0,"key":"BlessingOfTheForge"},{"floor":16.0,"key":"Explosive Potion"},{"floor":18,"key":"Elixir"},{"floor":21,"key":"SkillPotion"},{"floor":23,"key":"Swift Potion"},{"floor":30,"key":"ColorlessPotion"}],"is_trial":false,"path_per_floor":["M","?","?","?","M","R","E","R","T","M","$","T","M","?","R","B",null,"M","?","M","M","M","E","R","M","T","R","$","T","M","$","R","B"],"character_chosen":"THE_THORT","items_purchased":["thethorton:Octopus","infinitespire:BottledMercury","thethorton:Investment"],"campfire_rested":0,"item_purchase_floors":[11,28,31],"current_hp_per_floor":[67,55,55,55,50,50,55,55,55,61,61,61,67,51,51,57,65,68,68,67,61,62,58,58,64,64,64,64,64,56,56,56,0,0],"gold":64,"neow_bonus":"NOSTALGIA","is_daily":false,"chose_seed":false,"campfire_upgraded":6,"win_rate":0.0,"timestamp":1610407362,"path_taken":["M","?","?","?","M","R","E","R","T","?","$","?","M","?","R","BOSS","M","?","M","?","M","E","R","M","T","R","$","?","M","?","R","BOSS"],"items_purchased_type":["Card","Relic","Card"],"build_version":"2020-12-22","purchased_purges":2,"victory":false,"max_hp_per_floor":[68,68,68,68,68,68,68,68,68,68,68,68,68,68,68,68,68,68,68,68,68,68,68,68,68,68,68,68,68,68,68,68,68,68],"relic_stats":{"Regal Pillow":0,"counters":[14,72],"Tiny Chest":2,"Boot":[23],"obtain_stats":[{"infinitespire:BottledMercury":28,"Regal Pillow":12,"construct:WeddingRing":17,"aspiration:Nostalgia":0,"infinitespire:Satchel":9,"Tiny Chest":2,"infinitespire:Joker Card":7,"thethorton:CouragePotion":0,"hubris:Towel":3,"Boot":23,"Burning Blood":0,"Meat on the Bone":26},{"infinitespire:BottledMercury":12,"Regal Pillow":4,"construct:WeddingRing":6,"aspiration:Nostalgia":0,"infinitespire:Satchel":3,"Tiny Chest":1,"infinitespire:Joker Card":3,"thethorton:CouragePotion":0,"hubris:Towel":1,"Boot":11,"Burning Blood":0,"Meat on the Bone":12},{"infinitespire:BottledMercury":60,"Regal Pillow":13,"construct:WeddingRing":19,"aspiration:Nostalgia":0,"infinitespire:Satchel":10,"Tiny Chest":4,"infinitespire:Joker Card":10,"thethorton:CouragePotion":0,"hubris:Towel":4,"Boot":53,"Burning Blood":0,"Meat on the Bone":60}],"Burning Blood":81,"Meat on the Bone":0},"card_choices":[{"not_picked":["thethorton:ROI","thethorton:ShoutAndRun"],"picked":"thethorton:Crash","floor":1.0},{"not_picked":["thethorton:LongTermPayoff","thethorton:TakeAccounts"],"picked":"thethorton:SicklyRun","floor":5.0},{"not_picked":["thethorton:CallIn","thethorton:BookBash","thethorton:DownPayment"],"picked":"SKIP","floor":7.0},{"not_picked":["thethorton:ChartProject","thethorton:RunningFeint"],"picked":"thethorton:TakeAccounts","floor":10.0},{"not_picked":["thethorton:RichRun","thethorton:Rebalance"],"picked":"thethorton:ToxicGreed","floor":13.0},{"not_picked":["infinitespire:UltimateForm","ReplayTheSpireMod:Haul"],"picked":"infinitespire:SealOfDarkness+","floor":14.0},{"not_picked":["thethorton:CompoundInterest","thethorton:BigBreak"],"picked":"thethorton:Demotion","floor":16.0},{"not_picked":["thethorton:TakeAccounts","thethorton:ShoutAndRun"],"picked":"thethorton:PocketChange+1","floor":18},{"not_picked":["thethorton:WhirlingBriefcase+1","thethorton:Distance"],"picked":"thethorton:LongTermPayoff+1","floor":20},{"not_picked":["thethorton:TakeAccounts","thethorton:BookBash+1"],"picked":"thethorton:CoinShield+1","floor":21},{"not_picked":["thethorton:CashBash","thethorton:TakeAccounts"],"picked":"thethorton:HitAhead","floor":22},{"not_picked":["thethorton:CashBash","thethorton:BusinessBoom"],"picked":"thethorton:SheetShred","floor":23},{"not_picked":["thethorton:Crash","thethorton:GemGun"],"picked":"thethorton:FearfulRun+1","floor":25},{"not_picked":["thethorton:DualBap","thethorton:Hindsight+1"],"picked":"thethorton:GoldBuffer","floor":30}],"player_experience":2467114,"relics_obtained":[{"floor":7.0,"key":"infinitespire:Joker Card"},{"floor":9.0,"key":"infinitespire:Satchel"},{"floor":12.0,"key":"Regal Pillow"},{"floor":23,"key":"Boot"},{"floor":26,"key":"Meat on the Bone"}],"event_choices":[{"damage_healed":0.0,"max_hp_gain":0.0,"max_hp_loss":0.0,"gold_gain":0.0,"event_name":"Scrap Ooze","player_choice":"Success","floor":2.0,"gold_loss":0.0,"damage_taken":12.0,"relics_obtained":["Tiny Chest"]},{"damage_healed":0.0,"max_hp_gain":0.0,"max_hp_loss":0.0,"gold_gain":0.0,"event_name":"Upgrade Shrine","player_choice":"Upgraded","floor":4.0,"gold_loss":0.0,"damage_taken":0.0,"cards_upgraded":["thethorton:Heckle"]},{"damage_healed":0,"gold_gain":0,"player_choice":"Forge","damage_taken":0,"max_hp_gain":0,"max_hp_loss":0,"event_name":"Accursed Blacksmith","floor":19,"gold_loss":0,"cards_upgraded":["thethorton:Demotion"]}],"is_beta":false,"boss_relics":[{"not_picked":["hubris:RunicObelisk","halation:Risk"],"picked":"construct:WeddingRing"}],"items_purged_floors":[11,28],"is_endless":false,"potions_floor_spawned":[5,13,16,18,21,23,30],"killed_by":"Collector","ascension_level":5}}