{"host":"iy58fyt9wsbv4cf1","time":1610390915,"event":{"mods":["BaseMod","Better Altar","Better Match","Better Skull","Better Third Choice","BetterRewards","Conspire","Custom Start","Defuse TimeMaze Blight","Hubris","Infinite Spire","Minty Spire (QoL Compilation)","Permanent Neow","Quick Restart","Spicy Shops","StSLib"],"gold_per_floor":[116,136,149,149,224,257,257,289,289,289,44,44,57,57,57,157,157,168,179,196,121,153,184,194,194,194,194,222,222,233,262,262,359,359,376,92,109,109,121,150,150,150,176,186,205,3,30,46,46,46,46,46,46,77,185],"floor_reached":56,"playtime":5985,"items_purged":["Strike_B","Strike_B","Strike_B"],"score":1563,"play_id":"1688e2a8-f43b-4d7f-ab70-8b74f13b54aa","local_time":"20210111134835","is_ascension_mode":true,"campfire_choices":[{"floor":7.0,"key":"REST"},{"data":"Storm","floor":10.0,"key":"SMITH"},{"floor":15.0,"key":"REST"},{"data":"hubris:DoWhile","floor":25.0,"key":"SMITH"},{"data":"Defragment","floor":29.0,"key":"SMITH"},{"data":"Dualcast","floor":32.0,"key":"SMITH"},{"data":"hubris:PowerSurge","floor":41.0,"key":"SMITH"},{"floor":49.0,"key":"RECALL"},{"data":"Seek","floor":52.0,"key":"SMITH"}],"circlet_count":0,"master_deck":["Defend_B","Defend_B","Defend_B","Defend_B","Zap","Dualcast+1","Ball Lightning","Defragment+1","Tempest","Self Repair","BootSequence","Storm+1","Amplify+1","Static Discharge","hubris:DoWhile+1","Leap+1","Chill","Tempest","Fission","Double Energy+1","hubris:PowerSurge+1","Seek+1","infinitespire:FutureSight","Defragment","Defragment+1","Storm+1","Amplify"],"relics":["Cracked Core","Lee\u0027s Waffle","Runic Capacitor","Chemical X","infinitespire:PuzzleCube","CaptainsWheel","Anchor","Happy Flower","Bottled Lightning","Membership Card","Potion Belt","hubris:TerracottaHorce","StoneCalendar","hubris:Zylophone","Gambling Chip","hubris:Teleporter","infinitespire:BottledMercury","Runic Dome","hubris:MedicalManual","Blood Vial","MealTicket","FossilizedHelix","infinitespire:Satchel","MawBank"],"acts_visited":["Exordium","TheCity","TheBeyond","TheEnding"],"potions_floor_usage":[55,55],"damage_taken":[{"damage":0.0,"enemies":"conspire:RoseBush","floor":1.0,"turns":2.0},{"damage":3.0,"enemies":"Small Slimes","floor":2.0,"turns":3.0},{"damage":11.0,"enemies":"Jaw Worm","floor":3.0,"turns":2.0},{"damage":13.0,"enemies":"Lagavulin","floor":6.0,"turns":5.0},{"damage":13.0,"enemies":"3 Sentries","floor":8.0,"turns":5.0},{"damage":0.0,"enemies":"Looter","floor":13.0,"turns":3.0},{"damage":14.0,"enemies":"Hexaghost","floor":16.0,"turns":6.0},{"damage":0.0,"enemies":"Spheric Guardian","floor":18.0,"turns":2.0},{"damage":0.0,"enemies":"2 Thieves","floor":19.0,"turns":2.0},{"damage":3.0,"enemies":"Centurion and Healer","floor":20.0,"turns":5.0},{"damage":0.0,"enemies":"conspire:MimicChest","floor":22.0,"turns":2.0},{"damage":11.0,"enemies":"Nightmare","floor":23.0,"turns":5.0},{"damage":11.0,"enemies":"Snecko","floor":24.0,"turns":3.0},{"damage":16.0,"enemies":"conspire:SneckoGhost","floor":28.0,"turns":5.0},{"damage":32.0,"enemies":"conspire:HollyBat","floor":30.0,"turns":5.0},{"damage":10.0,"enemies":"Slavers","floor":31.0,"turns":3.0},{"damage":2.0,"enemies":"Collector","floor":33.0,"turns":4.0},{"damage":0.0,"enemies":"Orb Walker","floor":35.0,"turns":2.0},{"damage":0.0,"enemies":"3 Darklings","floor":37.0,"turns":2.0},{"damage":6.0,"enemies":"Jaw Worm Horde","floor":39.0,"turns":2.0},{"damage":0.0,"enemies":"Nemesis","floor":40.0,"turns":3.0},{"damage":0.0,"enemies":"Sphere and 2 Shapes","floor":44.0,"turns":1.0},{"damage":0.0,"enemies":"Spire Growth","floor":45.0,"turns":2.0},{"damage":0.0,"enemies":"Reptomancer","floor":47.0,"turns":3.0},{"damage":0.0,"enemies":"Jaw Worm Horde","floor":48.0,"turns":2.0},{"damage":0.0,"enemies":"hubris:GrandSnecko","floor":50.0,"turns":4.0},{"damage":12,"enemies":"Shield and Spear","floor":54,"turns":2},{"damage":59,"enemies":"The Heart","floor":55,"turns":4}],"seed_played":"-221807703887201821","potions_obtained":[{"floor":13.0,"key":"AttackPotion"},{"floor":16.0,"key":"EssenceOfDarkness"},{"floor":18.0,"key":"GamblersBrew"},{"floor":20.0,"key":"FocusPotion"},{"floor":22.0,"key":"BlessingOfTheForge"},{"floor":31.0,"key":"Block Potion"}],"is_trial":false,"path_per_floor":["M","M","M","?","?","E","R","E","T","R","$","?","M","?","R","B",null,"M","M","M","?","?","NM","M","R","T","?","E","R","M","E","R","B",null,"M","$","M","AVR","M","E","R","?","T","M","M","$","E","M","R","B",null,"R","$","E","B",null],"character_chosen":"DEFECT","items_purchased":["Lee\u0027s Waffle","Ball Lightning","Runic Capacitor","Defragment","Tempest","Chemical X","Self Repair","Membership Card","Potion Belt","Static Discharge","infinitespire:BottledMercury","hubris:PowerSurge","Seek","FossilizedHelix","Defragment"],"campfire_rested":2,"item_purchase_floors":[0,0,0,0,0,0,0,11,11,11,36,36,36,46,46],"current_hp_per_floor":[82,82,71,32,21,8,32,19,19,19,19,12,12,12,36,29,69,69,69,73,73,73,76,72,72,72,82,73,73,48,45,45,57,76,76,76,82,82,76,82,82,78,78,78,78,78,78,78,78,78,78,78,78,66,16],"gold":197,"neow_bonus":"","is_daily":false,"chose_seed":false,"campfire_upgraded":6,"win_rate":0.0,"timestamp":1610390915,"path_taken":["M","M","M","?","?","E","R","E","T","R","?","?","?","?","R","BOSS","M","M","M","?","?","NM","M","R","T","?","E","R","M","E","R","BOSS","M","$","M","AVR","M","E","R","?","T","M","M","$","E","M","R","BOSS","R","$","E","BOSS"],"items_purchased_type":["Relic","Card","Relic","Card","Card","Relic","Card","Relic","Relic","Card","Relic","Card","Card","Relic","Card"],"build_version":"2020-12-22","purchased_purges":3,"victory":true,"max_hp_per_floor":[82,82,82,82,82,82,82,82,82,82,82,82,82,82,82,82,82,82,82,82,82,82,82,82,82,82,82,82,82,82,82,82,82,82,82,82,82,82,82,82,82,78,78,78,78,78,78,78,78,78,78,78,78,78,78],"card_choices":[{"not_picked":["Static Discharge","conspire:Rain","Coolheaded"],"picked":"SKIP","floor":1.0},{"not_picked":["Barrage","Glacier","Leap"],"picked":"SKIP","floor":2.0},{"not_picked":["Rip and Tear","conspire:SharedLibrary"],"picked":"BootSequence","floor":3.0},{"not_picked":["Turbo","Go for the Eyes"],"picked":"Storm","floor":6.0},{"not_picked":["Gash","Stack"],"picked":"Amplify","floor":8.0},{"not_picked":["Cold Snap","Stack","Sweeping Beam"],"picked":"SKIP","floor":13.0},{"not_picked":["Machine Learning","Hyperbeam"],"picked":"hubris:DoWhile","floor":16.0},{"not_picked":["Ball Lightning","conspire:SharedLibrary+1"],"picked":"Leap+1","floor":18.0},{"not_picked":["Rebound","Turbo","Self Repair"],"picked":"SKIP","floor":19.0},{"not_picked":["Chaos+1","Conserve Battery"],"picked":"Chill","floor":20.0},{"not_picked":["Steam+1","Glacier","Lockon+1"],"picked":"SKIP","floor":23.0},{"not_picked":["Undo","Coolheaded","Redo"],"picked":"SKIP","floor":24.0},{"not_picked":["Doom and Gloom","Auto Shields+1","Beam Cell+1"],"picked":"SKIP","floor":28.0},{"not_picked":["Conserve Battery+1","Blizzard"],"picked":"Tempest","floor":30.0},{"not_picked":["hubris:Prefetch","Stack+1","Coolheaded+1"],"picked":"SKIP","floor":31.0},{"not_picked":["Rainbow","Multi-Cast"],"picked":"Fission","floor":33.0},{"not_picked":["Gash","Barrage"],"picked":"Double Energy+1","floor":35.0},{"not_picked":["Barrage","Glacier","Double Energy"],"picked":"SKIP","floor":37.0},{"not_picked":["Hologram+1","Darkness","Gash+1"],"picked":"SKIP","floor":39.0},{"not_picked":["Streamline","Ball Lightning","Genetic Algorithm+1"],"picked":"SKIP","floor":40.0},{"not_picked":["Leap+1","Turbo+1","Hello World"],"picked":"SKIP","floor":44.0},{"not_picked":["Barrage","hubris:Prefetch","Go for the Eyes"],"picked":"SKIP","floor":45.0},{"not_picked":["Streamline","hubris:Ukulele"],"picked":"Defragment+1","floor":47.0},{"not_picked":["Skim+1","Coolheaded+1","Redo"],"picked":"SKIP","floor":48.0},{"not_picked":["Streamline","Rip and Tear+1"],"picked":"Storm+1","floor":54},{"not_picked":["Machine Learning","Fission"],"picked":"Amplify","floor":55}],"player_experience":30398,"relics_obtained":[{"floor":6.0,"key":"Anchor"},{"floor":8.0,"key":"Happy Flower"},{"floor":9.0,"key":"Bottled Lightning"},{"floor":22.0,"key":"StoneCalendar"},{"floor":23.0,"key":"hubris:Zylophone"},{"floor":28.0,"key":"Gambling Chip"},{"floor":31.0,"key":"hubris:Teleporter"},{"floor":40.0,"key":"Blood Vial"},{"floor":43.0,"key":"MealTicket"},{"floor":47.0,"key":"infinitespire:Satchel"},{"floor":54,"key":"MawBank"}],"event_choices":[{"damage_healed":0.0,"max_hp_gain":0.0,"max_hp_loss":0.0,"gold_gain":1.0,"event_name":"betterThird:BetterScrap","player_choice":"Relic Relic ","floor":4.0,"gold_loss":0.0,"damage_taken":39.0,"cards_obtained":["Blood for Blood"]},{"damage_healed":0.0,"max_hp_gain":0.0,"max_hp_loss":0.0,"gold_gain":75.0,"event_name":"betterThird:BetterGoop","player_choice":"Gold","floor":5.0,"gold_loss":0.0,"damage_taken":11.0},{"cards_removed":["Strike_B"],"damage_healed":0.0,"max_hp_gain":0.0,"max_hp_loss":0.0,"gold_gain":0.0,"event_name":"Golden Wing","player_choice":"Card Removal","floor":12.0,"gold_loss":0.0,"damage_taken":7.0},{"damage_healed":0.0,"max_hp_gain":0.0,"max_hp_loss":0.0,"gold_gain":0.0,"event_name":"Upgrade Shrine","player_choice":"Upgraded","floor":14.0,"gold_loss":0.0,"damage_taken":0.0,"cards_upgraded":["Amplify"]},{"damage_healed":0.0,"max_hp_gain":0.0,"max_hp_loss":0.0,"gold_gain":0.0,"event_name":"betterMatch:BetterMatch","player_choice":"1","floor":21.0,"gold_loss":0.0,"damage_taken":0.0,"cards_obtained":["betterMatch:ColorlessRareCard"]},{"damage_healed":10.0,"max_hp_gain":0.0,"max_hp_loss":0.0,"gold_gain":0.0,"event_name":"Wheel of Change","player_choice":"Full Heal","floor":27.0,"gold_loss":0.0,"damage_taken":0.0},{"damage_healed":0.0,"max_hp_gain":0.0,"max_hp_loss":4.0,"gold_gain":0.0,"event_name":"Winding Halls","player_choice":"Max HP","floor":42.0,"gold_loss":0.0,"damage_taken":0.0}],"is_beta":false,"boss_relics":[{"not_picked":["conspire:RunicOctahedron","SacredBark"],"picked":"hubris:TerracottaHorce"},{"not_picked":["hubris:BlackHole","Fusion Hammer","Inserter"]}],"items_purged_floors":[11,36,38],"is_endless":true,"potions_floor_spawned":[13,16,18,20,22,31,35,37,39,44],"ascension_level":5}}