{"host":"hfxahm4y1ssattqc","time":1610327945,"event":{"mods":["2.2 Compatiblity","Act Like it!","BaseMod","Beaked The Cultist","BetterRewards","Colored Map","Colored Powertips","Custom Start","Googly Eyes","Halation","Hallownest","Highlight Path","Hubris","Mimic Mod","Minty Spire (QoL Compilation)","Shop Mod","Spikes Relics","StSLib","The Bug Knight","The IronCluck","The Jungle","Unknown Chances","slay the spire mod where everything is the same but ironclad has a cowboy hat"],"gold_per_floor":[111,121,121,135,135,135,152,165,165,165,193,0,20,20,20,118,118,132,142,7,27,27,27,27],"floor_reached":23,"playtime":661,"items_purged":[],"score":193,"play_id":"fa6139d7-8b1c-4dd9-917d-0aee8e167337","local_time":"20210110171905","is_ascension_mode":false,"campfire_choices":[{"data":"Poisoned Stab","floor":6.0,"key":"SMITH"},{"data":"Bane","floor":10.0,"key":"SMITH"},{"floor":15.0,"key":"REST"}],"circlet_count":0,"master_deck":["Survivor","Neutralize","Backstab","Poisoned Stab+1","Bane+1","Deadly Poison","Die Die Die","Terror","Adrenaline","Crippling Poison","Sucker Punch","Doppelganger","Endless Agony","Crippling Poison","ShadowRift","Quick Slash","Poisoned Stab","Heel Hook","Envenom","Blade Dance","Predator+1","Cloak And Dagger"],"relics":["Ring of the Snake","NeowsBlessing","halation:PinkSoulGem","The Courier","hubris:SlimyHat","Hallownest:BankAccountRelic","Hallownest:DreamNailRelic","Pandora\u0027s Box","theJungle:Flamango"],"acts_visited":["Hallownest:Greenpath","Hallownest:Greenpath"],"potions_floor_usage":[23,23,23],"damage_taken":[{"damage":0.0,"enemies":"Hallownest:2_Baldur","floor":1.0,"turns":1.0},{"damage":0.0,"enemies":"Hallownest:2_Tiktiks_and_1_Crawlid","floor":2.0,"turns":1.0},{"damage":0.0,"enemies":"Hallownest:monsterHuskGuard","floor":4.0,"turns":1.0},{"damage":1.0,"enemies":"Hallownest:Wandering_and_Horned","floor":7.0,"turns":5.0},{"damage":8.0,"enemies":"Hallownest:1_Baldur_1_Crawlid_1_Warrior","floor":8.0,"turns":7.0},{"damage":20.0,"enemies":"Hallownest:eliteCrystalGuardian","floor":11.0,"turns":5.0},{"damage":9.0,"enemies":"Hallownest:1_Ooma_and_2_Uuma","floor":13.0,"turns":7.0},{"damage":48,"enemies":"Hallownest:BossHornet","floor":16,"turns":8},{"damage":16,"enemies":"theJungle:GiantWrat","floor":18,"turns":3},{"damage":31,"enemies":"theJungle:Flameango_and_Byrd","floor":19,"turns":4},{"damage":27,"enemies":"theJungle:JungleHuntersEncounter","floor":21,"turns":4},{"damage":2,"enemies":"theJungle:Cassacara","floor":23,"turns":2}],"seed_played":"4189439887262400894","potions_obtained":[{"floor":1.0,"key":"Fruit Juice"},{"floor":7.0,"key":"Poison Potion"},{"floor":8.0,"key":"Weak Potion"},{"floor":13.0,"key":"Dexterity Potion"},{"floor":16,"key":"Ancient Potion"}],"is_trial":false,"path_per_floor":["M","M","?","M","$","R","M","M","T","R","E","?","M","?","R","B",null,"M","M","?","M","?","E"],"character_chosen":"THE_SILENT","items_purchased":[],"campfire_rested":1,"item_purchase_floors":[],"current_hp_per_floor":[70,70,70,70,70,70,69,61,61,61,41,41,37,37,59,11,75,59,28,28,1,1,0,0],"gold":27,"neow_bonus":"THREE_ENEMY_KILL","is_daily":false,"chose_seed":false,"campfire_upgraded":2,"win_rate":0.0,"timestamp":1610327945,"path_taken":["M","M","?","M","$","R","M","M","T","R","E","?","M","?","R","BOSS","M","?","?","M","?","E"],"items_purchased_type":[],"build_version":"2020-12-22","purchased_purges":0,"victory":false,"max_hp_per_floor":[70,70,70,70,70,70,70,70,70,70,70,70,75,75,75,75,75,75,75,75,75,75,75,75],"card_choices":[{"not_picked":["Acrobatics","Cloak And Dagger"],"picked":"Backstab","floor":1.0},{"not_picked":["Masterful Stab","Deflect"],"picked":"Poisoned Stab","floor":2.0},{"not_picked":["Setup","Expertise"],"picked":"Bane","floor":4.0},{"not_picked":["Expertise","Sucker Punch"],"picked":"Deadly Poison","floor":7.0},{"not_picked":["Night Terror","Backflip","Slice"],"picked":"SKIP","floor":8.0},{"not_picked":["hubris:SlightOfHand","Sucker Punch"],"picked":"Die Die Die","floor":11.0},{"not_picked":["Acrobatics","Deflect"],"picked":"Terror","floor":13.0},{"not_picked":["Die Die Die","Tools of the Trade"],"picked":"Adrenaline","floor":16},{"not_picked":["PiercingWail","Quick Slash+1"],"picked":"Blade Dance","floor":18},{"not_picked":["Underhanded Strike+1","Prepared"],"picked":"Predator+1","floor":19},{"not_picked":["Dagger Throw","Tactician+1"],"picked":"Cloak And Dagger","floor":21}],"player_experience":858019,"relics_obtained":[{"floor":9.0,"key":"The Courier"},{"floor":11.0,"key":"hubris:SlimyHat"}],"event_choices":[],"is_beta":false,"boss_relics":[{"not_picked":["Philosopher\u0027s Stone","hubris:HollowSoul"],"picked":"Pandora\u0027s Box"}],"items_purged_floors":[],"is_endless":false,"potions_floor_spawned":[1,7,8,13,16],"killed_by":"theJungle:Cassacara","ascension_level":0}}