{"host":"z42sc0n2dozsmk72","time":1610349279,"event":{"mods":["AchievementEnabler","BaseMod","Better Third Choice","Colored Map","Curses Come First","Highlight Path","Minty Spire (QoL Compilation)","Permanent Neow","Quick Restart","Relic Stats","Shop Mod","StSLib","egg","slay the spire mod where everything is the same but ironclad has a cowboy hat"],"gold_per_floor":[110,129,146,156,166,166,166,195,277,277,294,294,310,322,322,423,423,438,455,345,364,364,364,390,390,417,429,458,458,458],"floor_reached":29,"playtime":1477,"items_purged":["Defend_P"],"score":335,"play_id":"9e72ef61-1884-4527-80f5-fa77f8c25169","local_time":"20210111201439","is_ascension_mode":true,"campfire_choices":[{"data":"FlurryOfBlows","floor":6.0,"key":"SMITH"},{"floor":10.0,"key":"REST"},{"data":"Eruption","floor":12.0,"key":"SMITH"},{"data":"TalkToTheHand","floor":15.0,"key":"SMITH"},{"data":"FlurryOfBlows","floor":23.0,"key":"SMITH"},{"floor":25.0,"key":"REST"}],"circlet_count":0,"master_deck":["Strike_P","Strike_P","Strike_P","Strike_P","Defend_P","Defend_P","Defend_P","Eruption+1","Vigilance+1","Vengeance","Conclude","Adaptation","FlurryOfBlows+1","InnerPeace","TalkToTheHand+1","ConjureBlade","FlurryOfBlows+1","InnerPeace","WaveOfTheHand+1","Alpha","EmptyMind"],"relics":["VioletLotus","Vajra","Bottled Lightning","Sozu","Peace Pipe","Potion Belt","Ancient Tea Set"],"acts_visited":["Exordium","TheCity"],"potions_floor_usage":[],"damage_taken":[{"damage":7.0,"enemies":"Jaw Worm","floor":1.0,"turns":4.0},{"damage":0.0,"enemies":"Cultist","floor":2.0,"turns":2.0},{"damage":6.0,"enemies":"2 Louse","floor":3.0,"turns":2.0},{"damage":15.0,"enemies":"Large Slime","floor":4.0,"turns":4.0},{"damage":5.0,"enemies":"Looter","floor":5.0,"turns":4.0},{"damage":24.0,"enemies":"Gremlin Nob","floor":8.0,"turns":4.0},{"damage":14.0,"enemies":"Exordium Thugs","floor":11.0,"turns":3.0},{"damage":0.0,"enemies":"2 Fungi Beasts","floor":13.0,"turns":2.0},{"damage":0.0,"enemies":"Large Slime","floor":14.0,"turns":3.0},{"damage":0.0,"enemies":"Slime Boss","floor":16.0,"turns":5.0},{"damage":3.0,"enemies":"Chosen","floor":18.0,"turns":3.0},{"damage":10.0,"enemies":"3 Byrds","floor":19.0,"turns":3.0},{"damage":4.0,"enemies":"Snake Plant","floor":21.0,"turns":3.0},{"damage":22.0,"enemies":"Gremlin Leader","floor":24.0,"turns":6.0},{"damage":15.0,"enemies":"Shelled Parasite and Fungi","floor":27.0,"turns":5.0},{"damage":26.0,"enemies":"Slavers","floor":28.0,"turns":4.0},{"damage":14,"enemies":"Sentry and Sphere","floor":29,"turns":3}],"seed_played":"-2821746928824798400","potions_obtained":[{"floor":3.0,"key":"GamblersBrew"},{"floor":4.0,"key":"Energy Potion"},{"floor":13.0,"key":"SkillPotion"},{"floor":16.0,"key":"BottledMiracle"}],"is_trial":false,"path_per_floor":["M","M","M","M","M","R","?","E","T","R","M","R","M","M","R","B",null,"M","M","$","M","?","R","E","R","T","M","E","M"],"character_chosen":"WATCHER","items_purchased":["InnerPeace"],"campfire_rested":2,"item_purchase_floors":[20],"current_hp_per_floor":[65,65,59,44,39,39,39,15,15,36,22,22,22,22,22,22,72,69,59,59,55,55,55,33,54,54,39,13,0,0],"gold":458,"neow_bonus":"BOSS_RELIC","is_daily":false,"chose_seed":false,"campfire_upgraded":4,"win_rate":0.0,"timestamp":1610349279,"path_taken":["M","M","M","M","M","R","?","E","T","R","M","R","M","M","R","BOSS","M","M","$","M","?","R","E","R","T","M","E","M"],"items_purchased_type":["Card"],"build_version":"2020-12-22","purchased_purges":1,"victory":false,"max_hp_per_floor":[72,72,72,72,72,72,72,72,72,72,72,72,72,72,72,72,72,72,72,72,72,72,72,72,72,72,72,72,72,72],"relic_stats":{"Sozu":3,"Peace Pipe":1,"counters":[17,60],"VioletLotus":[18],"obtain_stats":[{"Sozu":17,"Peace Pipe":22,"Potion Belt":24,"Vajra":8,"VioletLotus":0,"Bottled Lightning":9,"PureWater":0,"Ancient Tea Set":28},{"Sozu":10,"Peace Pipe":13,"Potion Belt":14,"Vajra":6,"VioletLotus":0,"Bottled Lightning":6,"PureWater":0,"Ancient Tea Set":16},{"Sozu":33,"Peace Pipe":42,"Potion Belt":48,"Vajra":20,"VioletLotus":0,"Bottled Lightning":20,"PureWater":0,"Ancient Tea Set":57}]},"card_choices":[{"not_picked":["JustLucky","DeceiveReality","WreathOfFlame"],"picked":"SKIP","floor":1.0},{"not_picked":["Sanctity","EmptyFist"],"picked":"Vengeance","floor":2.0},{"not_picked":["SignatureMove","JustLucky"],"picked":"Conclude","floor":3.0},{"not_picked":["CarveReality","FollowUp"],"picked":"Adaptation","floor":4.0},{"not_picked":["PathToVictory","Alpha"],"picked":"FlurryOfBlows","floor":5.0},{"not_picked":["Consecrate","ConjureBlade","FollowUp"],"picked":"SKIP","floor":8.0},{"not_picked":["SandsOfTime","Crescendo","Evaluate"],"picked":"SKIP","floor":11.0},{"not_picked":["Indignation","Perseverance"],"picked":"InnerPeace","floor":13.0},{"not_picked":["Evaluate","SashWhip"],"picked":"TalkToTheHand","floor":14.0},{"not_picked":["Omniscience","Vault"],"picked":"ConjureBlade","floor":16.0},{"not_picked":["ThirdEye","Consecrate"],"picked":"FlurryOfBlows","floor":18.0},{"not_picked":["JustLucky","FollowUp","ForeignInfluence"],"picked":"SKIP","floor":19.0},{"not_picked":["PathToVictory","SignatureMove"],"picked":"WaveOfTheHand+1","floor":21.0},{"not_picked":["Evaluate","WaveOfTheHand+1"],"picked":"Alpha","floor":24.0},{"not_picked":["BowlingBash","FollowUp+1","DeceiveReality"],"picked":"SKIP","floor":27.0},{"not_picked":["Evaluate","Worship"],"picked":"EmptyMind","floor":28.0}],"player_experience":833494,"relics_obtained":[{"floor":8.0,"key":"Vajra"},{"floor":9.0,"key":"Bottled Lightning"},{"floor":24.0,"key":"Potion Belt"},{"floor":28.0,"key":"Ancient Tea Set"}],"event_choices":[{"damage_healed":0.0,"max_hp_gain":0.0,"max_hp_loss":0.0,"gold_gain":0.0,"event_name":"Living Wall","player_choice":"Grow","floor":7.0,"gold_loss":0.0,"damage_taken":0.0,"cards_upgraded":["Vigilance"]},{"damage_healed":0.0,"max_hp_gain":0.0,"max_hp_loss":0.0,"gold_gain":0.0,"event_name":"The Mausoleum","player_choice":"Opened","floor":22.0,"gold_loss":0.0,"damage_taken":0.0,"relics_obtained":["Peace Pipe"]}],"is_beta":false,"boss_relics":[{"not_picked":["Velvet Choker","Ectoplasm"],"picked":"Sozu"}],"items_purged_floors":[20],"is_endless":false,"potions_floor_spawned":[3,4,13,16,18,24,28],"killed_by":"Sentry and Sphere","ascension_level":1}}