{"host":"9kesdg97wkrx2bva","time":1610398451,"event":{"mods":["AchievementEnabler","BaseMod","Colored Map","Downfall","GifTheSpireLib","Infinite Spire","Minty Spire (QoL Compilation)","Replay The Spire","StSLib"],"gold_per_floor":[11,31,2,2,2,2,22,22,45,59,94,4,4,19,19,109,109,124,124,124,140,65,65,86,86,86,120,120,170,5,30,30,123,223,237,237,258,276,276,276],"floor_reached":39,"playtime":1100,"items_purged":["Strike_B","Strike_B"],"score":718,"play_id":"917e125f-27a7-49a7-a0d4-78d6191b33d9","local_time":"20210111155411","is_ascension_mode":true,"campfire_choices":[{"data":"Zap","floor":6,"key":"SMITH"},{"data":"ReplayTheSpireMod:Calculation Training","floor":8,"key":"SMITH"},{"data":"Darkness","floor":13,"key":"SMITH"},{"data":"ReplayGash","floor":15,"key":"SMITH"},{"data":"Static Discharge","floor":23,"key":"SMITH"},{"data":"Defragment","floor":25,"key":"SMITH"},{"data":"Dualcast","floor":28,"key":"SMITH"},{"data":"Biased Cognition","floor":32,"key":"SMITH"}],"circlet_count":0,"master_deck":["AscendersBane","Strike_B","Strike_B","Defend_B","Defend_B","Defend_B","Defend_B","Zap+1","Dualcast+1","ReplayTheSpireMod:Calculation Training+1","Darkness+1","Rebound","Doom and Gloom","Conserve Battery","ReplayGash+1","Static Discharge+1","Biased Cognition+1","Cold Snap","Defragment+1","Fusion","Electrodynamics","Heatsinks","Glacier"],"relics":["Cracked Core","FossilizedHelix","Golden Idol","infinitespire:EmpoweringShard","Omamori","Regal Pillow","Inserter","infinitespire:Freezer","Symbiotic Virus","Ginger","Ornamental Fan","ClockworkSouvenir","Replay:Wanted Poster"],"acts_visited":["Exordium","TheCity","TheBeyond"],"potions_floor_usage":[11,16,18,21,33],"damage_taken":[{"damage":0,"enemies":"Small Slimes","floor":1,"turns":2},{"damage":0,"enemies":"Jaw Worm","floor":2,"turns":3},{"damage":0,"enemies":"2 Louse","floor":7,"turns":2},{"damage":0,"enemies":"Large Slime","floor":10,"turns":4},{"damage":10,"enemies":"Lagavulin","floor":11,"turns":6},{"damage":3,"enemies":"Exordium Thugs","floor":14,"turns":4},{"damage":27,"enemies":"Hexaghost","floor":16,"turns":7},{"damage":0,"enemies":"Spheric Guardian","floor":18,"turns":3},{"damage":6,"enemies":"3 Byrds","floor":21,"turns":4},{"damage":0,"enemies":"Sentry and Sphere","floor":24,"turns":7},{"damage":20,"enemies":"Gremlin Leader","floor":27,"turns":5},{"damage":0,"enemies":"Cultist and Chosen","floor":31,"turns":7},{"damage":21,"enemies":"Automaton","floor":33,"turns":10},{"damage":9,"enemies":"3 Shapes","floor":35,"turns":7},{"damage":16,"enemies":"Orb Walker","floor":37,"turns":4},{"damage":4,"enemies":"Transient","floor":38,"turns":5},{"damage":36,"enemies":"Maw","floor":39,"turns":4}],"seed_played":"1753146575755151094","potions_obtained":[{"floor":1,"key":"SkillPotion"},{"floor":11,"key":"LifebloodPotion"},{"floor":16,"key":"SteroidPotion"},{"floor":18,"key":"PowerPotion"},{"floor":27,"key":"BlessingOfTheForge"},{"floor":37,"key":"GamblersBrew"}],"is_trial":false,"path_per_floor":["M","M","$","?","T","R","M","R","T","M","E","$","R","M","R","B",null,"M","?","AVR","M","$","R","M","R","T","E","R","?","$","M","R","B",null,"M","$","M","M","M"],"character_chosen":"DEFECT","items_purchased":["Rebound","ReplayGash","ClockworkSouvenir"],"campfire_rested":0,"item_purchase_floors":[3,12,30],"current_hp_per_floor":[64,64,64,64,64,64,64,64,64,64,54,54,54,51,51,24,54,54,54,54,48,48,48,48,48,48,28,28,28,28,28,28,7,50,41,41,25,21,0,0],"gold":276,"neow_bonus":"ONE_RARE_RELIC","is_daily":false,"chose_seed":false,"campfire_upgraded":8,"win_rate":0.0,"timestamp":1610398451,"path_taken":["M","M","$","?","?","R","M","R","T","M","E","?","R","M","R","BOSS","M","?","AVR","M","$","R","M","R","T","E","R","?","$","?","R","BOSS","M","?","M","M","M"],"items_purchased_type":["Card","Card","Relic"],"build_version":"2020-12-22","purchased_purges":2,"victory":false,"max_hp_per_floor":[71,71,71,64,64,64,64,64,64,64,64,64,64,64,64,64,64,64,64,64,64,64,64,64,64,64,64,64,64,64,64,64,64,64,64,64,64,64,64,64],"card_choices":[{"not_picked":["Cold Snap","Panic Button"],"picked":"ReplayTheSpireMod:Calculation Training","floor":1},{"not_picked":["ReplayTheSpireMod:System Scan","Steam"],"picked":"Darkness","floor":2},{"not_picked":["Steam Power","Sweeping Beam"],"picked":"Doom and Gloom","floor":7},{"not_picked":["Streamline","Recycle","Double Energy"],"picked":"SKIP","floor":10},{"not_picked":["Aggregate","Sweeping Beam"],"picked":"Conserve Battery","floor":11},{"not_picked":["BasicCrystalCard","Scrape"],"picked":"Static Discharge","floor":14},{"not_picked":["ReplayRNGCard","Meteor Strike"],"picked":"Biased Cognition","floor":16},{"not_picked":["ReplayTheSpireMod:System Scan","Reprogram"],"picked":"Cold Snap","floor":18},{"not_picked":["Panic Button","Rebound"],"picked":"Defragment","floor":21},{"not_picked":["Stack","Skim","Go for the Eyes"],"picked":"SKIP","floor":24},{"not_picked":["BasicCrystalCard","Tempest","Auto Shields"],"picked":"SKIP","floor":27},{"not_picked":["Sweeping Beam+1","Go for the Eyes"],"picked":"Fusion","floor":31},{"not_picked":["All For One","Meteor Strike"],"picked":"Electrodynamics","floor":33},{"not_picked":["Hello World+1","Beam Cell"],"picked":"Heatsinks","floor":35},{"not_picked":["Skim+1","Hologram"],"picked":"Glacier","floor":37},{"not_picked":["Undo","Glacier","Cold Snap"],"picked":"SKIP","floor":38}],"player_experience":925250,"relics_obtained":[{"floor":5,"key":"infinitespire:EmpoweringShard"},{"floor":9,"key":"Omamori"},{"floor":11,"key":"Regal Pillow"},{"floor":26,"key":"Ginger"},{"floor":27,"key":"Ornamental Fan"}],"event_choices":[{"damage_healed":0,"gold_gain":0,"player_choice":"Lose Max HP","damage_taken":0,"relics_obtained":["Golden Idol"],"max_hp_gain":0,"max_hp_loss":7,"event_name":"Golden Idol","floor":4,"gold_loss":0},{"damage_healed":0,"gold_gain":0,"player_choice":"Opened","damage_taken":0,"relics_obtained":["infinitespire:Freezer"],"max_hp_gain":0,"max_hp_loss":0,"event_name":"The Mausoleum","floor":19,"gold_loss":0,"cards_obtained":["Writhe"]},{"damage_healed":0,"gold_gain":50,"player_choice":"Pray","damage_taken":0,"max_hp_gain":0,"max_hp_loss":0,"event_name":"Golden Shrine","floor":29,"gold_loss":0}],"is_beta":false,"boss_relics":[{"not_picked":["Pandora\u0027s Box","Astrolabe"],"picked":"Inserter"},{"not_picked":["Black Star","Painkiller Herb"],"picked":"Replay:Wanted Poster"}],"items_purged_floors":[20,22],"is_endless":false,"potions_floor_spawned":[1,11,16,18,27,37],"killed_by":"Maw","ascension_level":16}}