{"host":"zex3ujd3lwod1gma","time":1610403916,"event":{"mods":["BaseMod","Better Vampires","Better-Laid Plans","Custom Start","Minty Spire (QoL Compilation)","MostiFishMod","Quick Restart","Relic Stats","StSLib","[地精首领爬塔]The Maniac","篝火指南"],"gold_per_floor":[109,126,137,151,76,101,101,131,131,131,144,156,156,173,173,251,251,262,262,275,275,291,318,318,345,368,381,481,514,534,534,534,611,611,631,649,661,661,661,689,707,736,736,770,770,670,688,563,563,563,563,563,391,69,99,99],"floor_reached":57,"playtime":1830,"items_purged":["Strike_R","Defend_R","Defend_R","Defend_R"],"score":3028,"play_id":"0fa91d5d-4f2a-477d-8935-f63a957f06f1","local_time":"20210112062516","is_ascension_mode":true,"campfire_choices":[{"data":"MostiFishMod:UltimateDefense","floor":13,"key":"SMITH"},{"data":"Whirlwind","floor":15,"key":"SMITH"},{"data":"Sword Boomerang","floor":24,"key":"SMITH"},{"data":"Limit Break","floor":32,"key":"SMITH"},{"data":"MostiFishMod:PerfectForm","floor":45,"key":"SMITH"},{"floor":49,"key":"RECALL"}],"circlet_count":0,"master_deck":["AscendersBane","Strike_R+1","Defend_R+1","Bash+1","Sword Boomerang+1","Second Wind","Whirlwind+1","MostiFishMod:UltimateDefense+1","Reaper+1","Twin Strike+1","Cleave+1","Double Tap+1","Thunderclap+1","Ghostly","Ghostly","Ghostly","Limit Break+1","Ghostly","MostiFishMod:RacingGame+1","MostiFishMod:ButterFly","MostiFishMod:PerfectForm+1"],"relics":["Burning Blood","DaveBox","RhineSuit","NeowsBlessing","SynthV:TestCard","Bag of Marbles","Shuriken","Singing Bowl","Astrolabe","Pear","Whetstone","Nunchaku","SentryEyes","Mercury Hourglass","SynthV:C4","Coffee Dripper","CombinedTypeHook","Pen Nib","Anchor","Orrery","Medical Kit","Bronze Scales"],"acts_visited":["Exordium","TheCity","TheBeyond","TheEnding"],"potions_floor_usage":[],"damage_taken":[{"damage":0,"enemies":"Cultist","floor":1,"turns":1},{"damage":0,"enemies":"Jaw Worm","floor":2,"turns":1},{"damage":0,"enemies":"2 Louse","floor":3,"turns":1},{"damage":0,"enemies":"Exordium Wildlife","floor":4,"turns":2},{"damage":2,"enemies":"Lagavulin","floor":6,"turns":5},{"damage":10,"enemies":"3 Sentries","floor":8,"turns":5},{"damage":0,"enemies":"2 Fungi Beasts","floor":11,"turns":2},{"damage":0,"enemies":"3 Louse","floor":12,"turns":1},{"damage":0,"enemies":"Exordium Thugs","floor":14,"turns":2},{"damage":42,"enemies":"Hexaghost","floor":16,"turns":6},{"damage":6,"enemies":"3 Byrds","floor":18,"turns":2},{"damage":0,"enemies":"Chosen","floor":20,"turns":3},{"damage":0,"enemies":"Sentry and Sphere","floor":22,"turns":4},{"damage":0,"enemies":"Gremlin Leader","floor":23,"turns":6},{"damage":14,"enemies":"Book of Stabbing","floor":25,"turns":4},{"damage":6,"enemies":"Snake Plant","floor":27,"turns":4},{"damage":0,"enemies":"Colosseum Slavers","floor":28,"turns":1},{"damage":1,"enemies":"Colosseum Nobs","floor":28,"turns":3},{"damage":0,"enemies":"Slavers","floor":29,"turns":1},{"damage":15,"enemies":"Centurion and Healer","floor":30,"turns":3},{"damage":9,"enemies":"Champ","floor":33,"turns":7},{"damage":0,"enemies":"3 Darklings","floor":35,"turns":2},{"damage":0,"enemies":"Orb Walker","floor":36,"turns":1},{"damage":35,"enemies":"4 Shapes","floor":37,"turns":1},{"damage":2,"enemies":"Reptomancer","floor":40,"turns":3},{"damage":3,"enemies":"Writhing Mass","floor":41,"turns":2},{"damage":3,"enemies":"Nemesis","floor":42,"turns":3},{"damage":0,"enemies":"Reptomancer","floor":44,"turns":2},{"damage":0,"enemies":"3 Darklings","floor":47,"turns":1},{"damage":1,"enemies":"Awakened One","floor":50,"turns":4},{"damage":4,"enemies":"Time Eater","floor":51,"turns":5},{"damage":1,"enemies":"Shield and Spear","floor":55,"turns":5},{"damage":39,"enemies":"The Heart","floor":56,"turns":7}],"seed_played":"3461979466106264795","potions_obtained":[{"floor":1,"key":"AttackPotion"},{"floor":4,"key":"ElixirPotion"},{"floor":14,"key":"DistilledChaos"}],"is_trial":false,"path_per_floor":["M","M","M","M","$","E","?","E","T","?","M","M","R","M","R","B",null,"M","?","M","?","M","E","R","E","T","M","?","E","M","?","R","B",null,"M","M","M","?","?","E","M","E","T","E","R","$","M","$","R","B","B",null,"R","$","E","B",null],"character_chosen":"IRONCLAD","items_purchased":["Orrery","Medical Kit"],"campfire_rested":0,"item_purchase_floors":[53,54],"current_hp_per_floor":[74,75,75,75,75,75,80,76,76,52,60,68,68,76,76,40,75,86,43,45,34,52,64,64,58,58,63,70,70,63,63,63,60,69,74,76,49,41,41,47,84,86,86,88,88,88,90,90,90,90,90,90,98,98,100,71],"gold":99,"neow_bonus":"THREE_ENEMY_KILL","is_daily":false,"chose_seed":false,"campfire_upgraded":5,"win_rate":0.0,"timestamp":1610403916,"path_taken":["M","?","?","M","$","E","?","E","T","?","M","M","R","M","R","BOSS","M","?","M","?","M","E","R","E","T","M","?","E","M","?","R","BOSS","M","M","M","?","?","E","M","E","T","E","R","$","?","?","R","BOSS","BOSS","R","$","E","BOSS"],"items_purchased_type":["Relic","Relic"],"build_version":"2020-12-22","purchased_purges":4,"victory":true,"max_hp_per_floor":[75,75,75,75,75,75,80,80,80,80,82,84,84,86,86,86,86,86,43,45,50,52,64,64,66,66,68,70,70,72,72,72,72,72,74,76,78,80,80,82,84,86,86,88,88,88,90,90,90,90,90,90,98,98,100,100],"relic_stats":{"Nunchaku":[9],"Singing Bowl":48,"counters":[33,100],"Shuriken":[15],"Astrolabe":["Twin Strike","Cleave","Double Tap"],"Bronze Scales":[96],"Pen Nib":[5],"Whetstone":["Reaper","Bash"],"Medical Kit":[2],"obtain_stats":[{"CombinedTypeHook":40,"Pear":23,"DaveBox":0,"NeowsBlessing":0,"Singing Bowl":9,"Astrolabe":17,"RhineSuit":0,"Pen Nib":42,"Whetstone":25,"Medical Kit":54,"Burning Blood":0,"SynthV:C4":29,"Mercury Hourglass":28,"Nunchaku":26,"Anchor":44,"SynthV:TestCard":1,"Shuriken":8,"Bronze Scales":55,"SentryEyes":28,"Orrery":53,"Bag of Marbles":6,"Coffee Dripper":34},{"CombinedTypeHook":25,"Pear":14,"DaveBox":0,"NeowsBlessing":0,"Singing Bowl":6,"Astrolabe":10,"RhineSuit":0,"Pen Nib":27,"Whetstone":15,"Medical Kit":31,"Burning Blood":0,"SynthV:C4":19,"Mercury Hourglass":18,"Nunchaku":15,"Anchor":28,"SynthV:TestCard":1,"Shuriken":6,"Bronze Scales":32,"SentryEyes":18,"Orrery":31,"Bag of Marbles":5,"Coffee Dripper":21},{"CombinedTypeHook":71,"Pear":41,"DaveBox":0,"NeowsBlessing":0,"Singing Bowl":15,"Astrolabe":26,"RhineSuit":0,"Pen Nib":76,"Whetstone":45,"Medical Kit":88,"Burning Blood":0,"SynthV:C4":54,"Mercury Hourglass":53,"Nunchaku":45,"Anchor":78,"SynthV:TestCard":1,"Shuriken":15,"Bronze Scales":93,"SentryEyes":53,"Orrery":88,"Bag of Marbles":10,"Coffee Dripper":64}],"Burning Blood":111,"Mercury Hourglass":[197]},"card_choices":[{"not_picked":["Rampage","Wild Strike"],"picked":"Sword Boomerang","floor":1},{"not_picked":["Blood for Blood","Wild Strike","Inflame","Dual Wield"],"picked":"Second Wind","floor":2},{"not_picked":["Disarm","Rampage","Cleave","Heavy Blade","Pummel"],"picked":"SKIP","floor":3},{"not_picked":["Flame Barrier","Flex","Twin Strike","Headbutt","Perfected Strike"],"picked":"SKIP","floor":4},{"not_picked":["Ghostly Armor","Warcry","Pommel Strike","Pummel"],"picked":"Whirlwind","floor":6},{"not_picked":["Juggernaut","Armaments","Heavy Blade","Battle Trance"],"picked":"MostiFishMod:UltimateDefense","floor":8},{"not_picked":["Entrench","True Grit","Burning Pact","Seeing Red","Twin Strike"],"picked":"Singing Bowl","floor":11},{"not_picked":["Flame Barrier","Wild Strike","Pommel Strike","Body Slam","Armaments"],"picked":"Singing Bowl","floor":12},{"not_picked":["Headbutt","Flame Barrier","Flex","True Grit","Body Slam"],"picked":"Singing Bowl","floor":14},{"not_picked":["MostiFishMod:UltimateDefense","MostiFishMod:HellRitual","Limit Break","MostiFishMod:CullingBlade"],"picked":"Reaper","floor":16},{"not_picked":["Warcry","Burning Pact","Heavy Blade","Iron Wave"],"picked":"Thunderclap+1","floor":18},{"not_picked":["Heavy Blade","Flame Barrier","Evolve","Armaments+1","Disarm+1"],"picked":"Singing Bowl","floor":20},{"not_picked":["Sword Boomerang+1","Fire Breathing","Flex","True Grit","Anger"],"picked":"Singing Bowl","floor":22},{"not_picked":["Seeing Red","Power Through","Pommel Strike+1","Disarm","Clothesline+1"],"picked":"Singing Bowl","floor":23},{"not_picked":["Iron Wave","MostiFishMod:UltimateDefense","Clothesline","Sentinel","Anger"],"picked":"Singing Bowl","floor":25},{"not_picked":["Body Slam","Dual Wield","Havoc","Thunderclap","Inflame"],"picked":"Singing Bowl","floor":27},{"not_picked":["Shrug It Off+1","Headbutt","Clothesline","Hemokinesis","Bloodletting+1"],"picked":"Singing Bowl","floor":28},{"not_picked":["Body Slam","Blood for Blood","Bloodletting+1","Warcry"],"picked":"Limit Break","floor":29},{"not_picked":["Clothesline+1","Shrug It Off","Perfected Strike","Armaments","Disarm"],"picked":"Singing Bowl","floor":30},{"not_picked":["MostiFishMod:404NotFound","Fiend Fire","MostiFishMod:OrdinaryWorld","Impervious"],"picked":"MostiFishMod:RacingGame","floor":33},{"not_picked":["Flex+1","Headbutt","Body Slam","Carnage","Heavy Blade+1"],"picked":"Singing Bowl","floor":35},{"not_picked":["Barricade","Metallicize+1","True Grit","Entrench","Seeing Red"],"picked":"Singing Bowl","floor":36},{"not_picked":["MostiFishMod:BrandingRite","Rupture","Thunderclap","True Grit","Pommel Strike"],"picked":"Singing Bowl","floor":37},{"not_picked":["Bandage Up","Enlightenment","Dark Shackles","Forethought"],"picked":"MostiFishMod:ButterFly","floor":38},{"not_picked":["Enlightenment","MostiFishMod:SupremeArchaeology","Mayhem","Finesse","Trip"],"picked":"Singing Bowl","floor":38},{"not_picked":["MostiFishMod:Awakening","MostiFishMod:ButterFly","Forethought","MostiFishMod:SupremeArchaeology"],"picked":"MostiFishMod:PerfectForm","floor":38},{"not_picked":["Shrug It Off","Cleave","Heavy Blade","Armaments","Headbutt"],"picked":"Singing Bowl","floor":40},{"not_picked":["Hemokinesis","Clash","Clothesline","Pommel Strike","Wild Strike+1"],"picked":"Singing Bowl","floor":41},{"not_picked":["MostiFishMod:#F4004","Havoc","Searing Blow","Heavy Blade","Shockwave+1"],"picked":"Singing Bowl","floor":42},{"not_picked":["Perfected Strike","Twin Strike+1","Seeing Red","Blood for Blood","MostiFishMod:FlyOverUtopia"],"picked":"Singing Bowl","floor":44},{"not_picked":["Twin Strike+1","Whirlwind","Rupture","Clothesline+1","Cleave"],"picked":"Singing Bowl","floor":47},{"not_picked":["Cleave","Twin Strike+1","Shrug It Off","Thunderclap","Immolate"],"picked":"Singing Bowl","floor":53},{"not_picked":["Thunderclap+1","Second Wind","Carnage+1","Clothesline","Havoc"],"picked":"Singing Bowl","floor":53},{"not_picked":["Wild Strike","Carnage","Havoc+1","Clothesline","Anger"],"picked":"Singing Bowl","floor":53},{"not_picked":["Clash","MostiFishMod:#F4004","Warcry+1","Cleave","True Grit+1"],"picked":"Singing Bowl","floor":53},{"not_picked":["Reckless Charge+1","True Grit+1","Dropkick","Power Through","Blood for Blood"],"picked":"Singing Bowl","floor":55}],"player_experience":1253696,"relics_obtained":[{"floor":1,"key":"SynthV:TestCard"},{"floor":6,"key":"Bag of Marbles"},{"floor":8,"key":"Shuriken"},{"floor":9,"key":"Singing Bowl"},{"floor":23,"key":"Pear"},{"floor":25,"key":"Whetstone"},{"floor":26,"key":"Nunchaku"},{"floor":28,"key":"SentryEyes"},{"floor":28,"key":"Mercury Hourglass"},{"floor":29,"key":"SynthV:C4"},{"floor":40,"key":"CombinedTypeHook"},{"floor":42,"key":"Pen Nib"},{"floor":44,"key":"Anchor"},{"floor":55,"key":"Bronze Scales"}],"event_choices":[{"damage_healed":0,"gold_gain":0,"player_choice":"Donut","damage_taken":0,"max_hp_gain":5,"max_hp_loss":0,"event_name":"Big Fish","floor":7,"gold_loss":0},{"damage_healed":0,"gold_gain":0,"player_choice":"Entered Light","damage_taken":24,"max_hp_gain":0,"max_hp_loss":0,"event_name":"Shining Light","floor":10,"gold_loss":0,"cards_upgraded":["Defend_R","Strike_R"]},{"damage_healed":0,"gold_gain":0,"player_choice":"Became a Ghost","damage_taken":0,"max_hp_gain":0,"max_hp_loss":43,"event_name":"Ghosts","floor":19,"gold_loss":0,"cards_obtained":["Ghostly","Ghostly","Ghostly"]},{"damage_healed":0,"gold_gain":0,"player_choice":"Shed Blood","damage_taken":16,"max_hp_gain":5,"max_hp_loss":0,"event_name":"Forgotten Altar","floor":21,"gold_loss":0},{"damage_healed":0,"gold_gain":0,"player_choice":"Fight","damage_taken":0,"max_hp_gain":0,"max_hp_loss":0,"event_name":"Colosseum","floor":28,"gold_loss":0},{"damage_healed":0,"gold_gain":0,"player_choice":"Fought Nobs","damage_taken":0,"max_hp_gain":0,"max_hp_loss":0,"event_name":"Colosseum","floor":28,"gold_loss":0},{"damage_healed":0,"gold_gain":0,"player_choice":"Copied","damage_taken":0,"max_hp_gain":0,"max_hp_loss":0,"event_name":"Duplicator","floor":31,"gold_loss":0,"cards_obtained":["Ghostly"]},{"damage_healed":0,"gold_gain":0,"player_choice":"Memory 3","damage_taken":10,"max_hp_gain":0,"max_hp_loss":0,"event_name":"SensoryStone","floor":38,"gold_loss":0},{"damage_healed":0,"gold_gain":0,"player_choice":"Upgraded","damage_taken":0,"max_hp_gain":0,"max_hp_loss":0,"event_name":"Upgrade Shrine","floor":39,"gold_loss":0,"cards_upgraded":["MostiFishMod:RacingGame"]}],"is_beta":false,"boss_relics":[{"not_picked":["RhineCircuit","FixedStarFall"],"picked":"Astrolabe"},{"not_picked":["SynthV:MejaisSoulstealer","PatriotShield"],"picked":"Coffee Dripper"}],"items_purged_floors":[5,46,48,54],"is_endless":false,"potions_floor_spawned":[1,4,6,14,23,27,28,28,30,36,40,44,55],"ascension_level":20}}