{"host":"udyc8f81k2jocuhg","time":1610375635,"event":{"mods":["2.2 Compatiblity","BaseMod","Better Third Choice","Colored Powertips","Conspire","Custom Start","GifTheSpireLib","Hermit","Minty Spire (QoL Compilation)","Permanent Neow","Quick Restart","Relic Filter","Relic Stats","Replay The Spire","Shop Mod","Spikes Relics","StSLib","Stuff the Spire"],"gold_per_floor":[113,127,142,162,162,196,196,230,256,269,284,314,328,328,328,429,429,444,463,478,8,24,59,59,92,119,153,165,165,199,213,213,310,310,325,530,545,562,583,604,641,664,691,733,338,365,365,388,388,403,403,403,280,325,338],"floor_reached":56,"playtime":4767,"items_purged":["Shame","StuffTheSpire:CuriosityCurse"],"score":1782,"play_id":"d6ed33b9-ab14-4898-98ee-c80ae2b11343","local_time":"20210111153355","is_ascension_mode":true,"campfire_choices":[{"data":"hermit:Dive","floor":7.0,"key":"SMITH"},{"data":"hermit:Dive","floor":15.0,"key":"SMITH"},{"data":"ReplayUltimateDefense","floor":24.0,"key":"SMITH"},{"data":"hermit:Dive","floor":29.0,"key":"SMITH"},{"data":"hermit:Dive","floor":32.0,"key":"SMITH"},{"floor":47,"key":"RECALL"},{"data":"hermit:BigShot","floor":49,"key":"SMITH"},{"data":"hermit:ShadowCloak","floor":52,"key":"SMITH"}],"circlet_count":0,"master_deck":["hermit:Strike_Hermit","hermit:Strike_Hermit","hermit:Strike_Hermit","hermit:Strike_Hermit+1","hermit:Defend_Hermit","hermit:Defend_Hermit","hermit:Defend_Hermit","hermit:Defend_Hermit","hermit:Snapshot","hermit:Covet","hermit:BigShot+1","hermit:Ricochet","hermit:Dive+1","hermit:Dive+1","hermit:Dive+1","hermit:ShadowCloak+1","hermit:Dive+1","hermit:Grudge","hermit:GhostlyPresence+1","ReplayUltimateDefense+1","hermit:Deadeye+1","Regret","hermit:Dive+1","hermit:ShadowCloak","Intolerance","hermit:Scavenge+1","hermit:Determination+1","hermit:TakeAim+1"],"relics":["hermit:Momento","Ice Cream","SnailShell","conspire:Flyswatter","ReplayTheSpireMod:Lightbulb","FaceOfCleric","Cursed Key","StuffTheSpire:GrapeVine","Bronze Scales","BrokenLever","Divine Protection","Akabeko","LugNut","Smiling Mask","conspire:SlowCooker","Blood Vial","Pen Nib","hermit:RyeStalk","Membership Card","Replay:Bandana","Bottled Lightning","Whetstone","Art of War"],"acts_visited":["Exordium","TheCity","TheBeyond","TheEnding"],"potions_floor_usage":[55,55,55],"damage_taken":[{"damage":4.0,"enemies":"2 Louse","floor":1.0,"turns":2.0},{"damage":8.0,"enemies":"Small Slimes","floor":2.0,"turns":4.0},{"damage":0.0,"enemies":"Cultist","floor":3.0,"turns":4.0},{"damage":6.0,"enemies":"2 Fungi Beasts","floor":4.0,"turns":3.0},{"damage":11.0,"enemies":"3 Sentries","floor":6.0,"turns":8.0},{"damage":1.0,"enemies":"Gremlin Nob","floor":8.0,"turns":4.0},{"damage":7.0,"enemies":"Lots of Slimes","floor":10.0,"turns":5.0},{"damage":22.0,"enemies":"Exordium Thugs","floor":11.0,"turns":7.0},{"damage":0.0,"enemies":"3 Sentries","floor":12.0,"turns":9.0},{"damage":0.0,"enemies":"2 Fungi Beasts","floor":13.0,"turns":4.0},{"damage":0.0,"enemies":"Hexaghost","floor":16.0,"turns":15.0},{"damage":21.0,"enemies":"3 Byrds","floor":18.0,"turns":10.0},{"damage":0.0,"enemies":"Shell Parasite","floor":19.0,"turns":7.0},{"damage":3.0,"enemies":"3 Cultists","floor":20.0,"turns":8.0},{"damage":7.0,"enemies":"Snake Plant","floor":22.0,"turns":5.0},{"damage":0.0,"enemies":"Replay:Snechameleon","floor":23.0,"turns":8.0},{"damage":13.0,"enemies":"conspire:Head Lice","floor":25.0,"turns":9.0},{"damage":0.0,"enemies":"Book of Stabbing","floor":27.0,"turns":6.0},{"damage":0.0,"enemies":"Centurion and Healer","floor":28.0,"turns":7.0},{"damage":0.0,"enemies":"Gremlin Leader","floor":30.0,"turns":8.0},{"damage":0.0,"enemies":"Snecko","floor":31.0,"turns":6.0},{"damage":0.0,"enemies":"conspire:MysteriousRune","floor":33.0,"turns":11.0},{"damage":12.0,"enemies":"3 Darklings","floor":35.0,"turns":8.0},{"damage":0,"enemies":"3 Shapes","floor":37,"turns":4},{"damage":0,"enemies":"3 Darklings","floor":38,"turns":8},{"damage":0,"enemies":"Maw","floor":39,"turns":10},{"damage":0,"enemies":"Spire Growth","floor":40,"turns":6},{"damage":0,"enemies":"Nemesis","floor":41,"turns":10},{"damage":3,"enemies":"Jaw Worm Horde","floor":42,"turns":6},{"damage":0,"enemies":"Giant Head","floor":44,"turns":12},{"damage":0,"enemies":"Sphere and 2 Shapes","floor":46,"turns":9},{"damage":0,"enemies":"4 Shapes","floor":48,"turns":7},{"damage":15,"enemies":"Awakened One","floor":50,"turns":18},{"damage":39,"enemies":"Shield and Spear","floor":54,"turns":10},{"damage":40,"enemies":"The Heart","floor":55,"turns":11}],"seed_played":"11057854305210013","potions_obtained":[{"floor":2.0,"key":"Weak Potion"},{"floor":3.0,"key":"BlessingOfTheForge"},{"floor":4.0,"key":"hermit:Tonic"},{"floor":6.0,"key":"Swift Potion"},{"floor":11.0,"key":"SkillPotion"},{"floor":16.0,"key":"Regen Potion"},{"floor":19.0,"key":"Adrenaline Potion"},{"floor":20.0,"key":"SkillPotion"},{"floor":25.0,"key":"Reflective Coating"},{"floor":30.0,"key":"Explosive Potion"},{"floor":33.0,"key":"PowerPotion"},{"floor":38,"key":"Doom Potion"}],"is_trial":false,"path_per_floor":["M","M","M","M","?","E","R","E","T","M","M","E","M","?","R","B",null,"M","M","M","$","M","E","R","E","T","E","M","R","E","M","R","B",null,"M","?","M","M","M","M","E","M","T","E","$","M","R","M","R","B",null,"R","$","E","B",null],"character_chosen":"HERMIT","items_purchased":["ReplayUltimateDefense","StuffTheSpire:GrapeVine","Bronze Scales","Membership Card","Replay:Bandana","Bottled Lightning","Whetstone"],"campfire_rested":0,"item_purchase_floors":[21,21,21,45,45,45,53],"current_hp_per_floor":[64,56,56,50,50,39,39,38,38,31,9,9,9,9,9,10,69,49,50,63,63,57,58,58,46,46,47,48,48,49,50,50,51,80,69,69,70,71,72,73,74,74,74,77,77,80,80,83,83,71,91,91,91,53,16],"gold":338,"neow_bonus":"ONE_RARE_RELIC","is_daily":false,"chose_seed":false,"campfire_upgraded":7,"win_rate":0.0,"timestamp":1610375635,"path_taken":["M","M","M","M","?","E","R","E","T","M","M","E","M","?","R","BOSS","M","M","M","$","M","E","R","E","T","E","M","R","E","M","R","BOSS","M","?","M","M","M","M","E","M","T","E","$","M","R","M","R","BOSS","R","$","E","BOSS"],"items_purchased_type":["Card","Relic","Relic","Relic","Relic","Relic","Relic"],"build_version":"2020-12-22","purchased_purges":2,"victory":true,"max_hp_per_floor":[68,68,68,68,68,68,68,68,68,68,68,68,68,68,68,69,69,70,71,72,72,73,74,74,75,75,76,77,77,78,79,79,80,80,81,81,82,83,84,85,86,87,87,88,88,89,89,90,90,91,91,91,91,92,93],"relic_stats":{"Blood Vial":12,"FaceOfCleric":25,"counters":[35,266],"Bronze Scales":[829],"Pen Nib":[11],"Art of War":[2],"Whetstone":["hermit:Deadeye","hermit:Strike_Hermit"],"Cursed Key":2,"Smiling Mask":-12,"obtain_stats":[{"Ice Cream":0,"Divine Protection":25,"SnailShell":5,"BrokenLever":23,"conspire:SlowCooker":34,"Pen Nib":43,"StuffTheSpire:GrapeVine":21,"Whetstone":53,"Cursed Key":17,"Smiling Mask":30,"Akabeko":26,"Blood Vial":41,"hermit:RyeStalk":44,"Replay:Bandana":45,"FaceOfCleric":14,"Bronze Scales":21,"Art of War":54,"Membership Card":45,"Bottled Lightning":45,"ReplayTheSpireMod:Lightbulb":12,"hermit:Momento":0,"LugNut":27,"conspire:Flyswatter":8},{"Ice Cream":0,"Divine Protection":17,"SnailShell":4,"BrokenLever":16,"conspire:SlowCooker":22,"Pen Nib":29,"StuffTheSpire:GrapeVine":14,"Whetstone":33,"Cursed Key":11,"Smiling Mask":20,"Akabeko":17,"Blood Vial":28,"hermit:RyeStalk":30,"Replay:Bandana":30,"FaceOfCleric":10,"Bronze Scales":14,"Art of War":34,"Membership Card":30,"Bottled Lightning":30,"ReplayTheSpireMod:Lightbulb":9,"hermit:Momento":0,"LugNut":18,"conspire:Flyswatter":6},{"Ice Cream":0,"Divine Protection":111,"SnailShell":13,"BrokenLever":102,"conspire:SlowCooker":149,"Pen Nib":200,"StuffTheSpire:GrapeVine":90,"Whetstone":245,"Cursed Key":65,"Smiling Mask":132,"Akabeko":111,"Blood Vial":194,"hermit:RyeStalk":211,"Replay:Bandana":211,"FaceOfCleric":50,"Bronze Scales":90,"Art of War":255,"Membership Card":211,"Bottled Lightning":211,"ReplayTheSpireMod:Lightbulb":46,"hermit:Momento":0,"LugNut":117,"conspire:Flyswatter":25}]},"card_choices":[{"not_picked":["hermit:Misfire","hermit:Showdown"],"picked":"hermit:BigShot","floor":1.0},{"not_picked":["hermit:ShadowCloak","hermit:Misfire","hermit:ItchyTrigger"],"picked":"SKIP","floor":2.0},{"not_picked":["hermit:Gestalt","hermit:HighCaliber"],"picked":"hermit:Ricochet","floor":3.0},{"not_picked":["hermit:CalledShot","hermit:GhostlyPresence"],"picked":"hermit:Dive","floor":4.0},{"not_picked":["hermit:HighCaliber","hermit:Horror"],"picked":"hermit:Dive","floor":6.0},{"not_picked":["hermit:Reprieve","hermit:BigShot"],"picked":"hermit:Dive","floor":8.0},{"not_picked":["hermit:BodyArmor","hermit:Snipe"],"picked":"hermit:ShadowCloak","floor":10.0},{"not_picked":["hermit:Desperado","hermit:BodyArmor","hermit:TakeCover"],"picked":"SKIP","floor":11.0},{"not_picked":["hermit:Spite","hermit:HoleUp","hermit:BodyArmor"],"picked":"SKIP","floor":12.0},{"not_picked":["hermit:SprayPray","hermit:LuckOfTheDraw"],"picked":"hermit:Dive","floor":13.0},{"not_picked":["hermit:Feint+1","hermit:Ricochet+1"],"picked":"hermit:Grudge","floor":18.0},{"not_picked":["hermit:TakeCover","hermit:BodyArmor"],"picked":"hermit:GhostlyPresence+1","floor":19.0},{"not_picked":["hermit:HoleUp","hermit:BigShot","hermit:Headshot"],"picked":"SKIP","floor":20.0},{"not_picked":["hermit:Spite","hermit:CalledShot","hermit:Headshot"],"picked":"SKIP","floor":22.0},{"not_picked":["hermit:Snipe+1","hermit:FullyLoaded","hermit:Misfire"],"picked":"SKIP","floor":23.0},{"not_picked":["hermit:Ricochet+1","hermit:Roulette"],"picked":"hermit:Deadeye","floor":25.0},{"not_picked":["hermit:CursedWeapon","hermit:FatalDesire","hermit:Magnum"],"picked":"SKIP","floor":27.0},{"not_picked":["hermit:PistolWhip","hermit:Quickdraw"],"picked":"hermit:Dive+1","floor":28.0},{"not_picked":["hermit:Deadeye","hermit:SprayPray","hermit:LowProfile"],"picked":"SKIP","floor":30.0},{"not_picked":["hermit:Gestalt","hermit:SprayPray"],"picked":"hermit:ShadowCloak","floor":31.0},{"not_picked":["hermit:LowProfile+1","hermit:Desperado+1","hermit:Showdown"],"picked":"SKIP","floor":35.0},{"not_picked":["hermit:Grudge","hermit:SprayPray+1","hermit:Spite"],"picked":"SKIP","floor":37},{"not_picked":["hermit:ItchyTrigger+1","hermit:LuckOfTheDraw+1"],"picked":"hermit:Scavenge+1","floor":38},{"not_picked":["hermit:Desperado+1","hermit:LuckOfTheDraw+1"],"picked":"hermit:Determination+1","floor":39},{"not_picked":["hermit:HoleUp+1","hermit:Gestalt+1","hermit:Misfire"],"picked":"SKIP","floor":40},{"not_picked":["hermit:Headshot+1","hermit:Dive","hermit:EyeOfTheStorm+1"],"picked":"SKIP","floor":41},{"not_picked":["hermit:NoHoldsBarred","hermit:Virtue","hermit:LuckOfTheDraw"],"picked":"SKIP","floor":42},{"not_picked":["hermit:HoleUp","hermit:Combo"],"picked":"hermit:TakeAim+1","floor":44},{"not_picked":["hermit:Glare","hermit:Feint","hermit:TrackingShot"],"picked":"SKIP","floor":46},{"not_picked":["hermit:Manifest+1","hermit:Feint+1","hermit:HighCaliber"],"picked":"SKIP","floor":48},{"not_picked":["hermit:Vantage+1","hermit:WideOpen","hermit:CalledShot+1"],"picked":"SKIP","floor":54}],"player_experience":1972061,"relics_obtained":[{"floor":8.0,"key":"conspire:Flyswatter"},{"floor":12.0,"key":"ReplayTheSpireMod:Lightbulb"},{"floor":23.0,"key":"BrokenLever"},{"floor":25.0,"key":"Divine Protection"},{"floor":26.0,"key":"Akabeko"},{"floor":27.0,"key":"LugNut"},{"floor":30.0,"key":"Smiling Mask"},{"floor":41,"key":"Blood Vial"},{"floor":43,"key":"Pen Nib"},{"floor":44,"key":"hermit:RyeStalk"},{"floor":54,"key":"Art of War"}],"event_choices":[{"damage_healed":0.0,"max_hp_gain":0.0,"max_hp_loss":0.0,"gold_gain":0.0,"event_name":"FaceTrader","player_choice":"Trade","floor":14.0,"gold_loss":0.0,"damage_taken":0.0,"relics_obtained":["FaceOfCleric"]}],"is_beta":false,"boss_relics":[{"not_picked":["Replay:Bronze Core","Empty Cage"],"picked":"Cursed Key"},{"not_picked":["Replay:Wanted Poster","Painkiller Herb"],"picked":"conspire:SlowCooker"}],"items_purged_floors":[45,53],"is_endless":false,"potions_floor_spawned":[2,3,4,6,11,16,19,20,25,30,33,38,39,41,42,48],"ascension_level":3}}