{"host":"u5p72gjg7qm9i6r4","time":1610323265,"event":{"mods":["AchievementEnabler","BaseMod","Minty Spire (QoL Compilation)","Rare Cards Sparkle"],"gold_per_floor":[112,130,140,152,172,172,198,198,198,209,242,242,276,295,295,295,295],"floor_reached":16,"playtime":693,"items_purged":[],"score":149,"play_id":"0aafaed3-5bbd-4bd7-937a-d1f1f1f9e495","local_time":"20210110180105","is_ascension_mode":true,"campfire_choices":[{"data":"Body Slam","floor":6.0,"key":"SMITH"},{"data":"Body Slam","floor":12,"key":"SMITH"},{"data":"True Grit","floor":15,"key":"SMITH"}],"circlet_count":0,"master_deck":["Strike_R","Strike_R","Defend_R","Defend_R","Defend_R","Defend_R","Bash","Twin Strike","Body Slam+1","Headbutt","Shrug It Off","Cleave","Headbutt","Body Slam+1","Berserk","True Grit+1"],"relics":["Burning Blood","Toy Ornithopter","Smiling Mask","Bottled Lightning"],"acts_visited":["Exordium"],"potions_floor_usage":[13,13],"damage_taken":[{"damage":6.0,"enemies":"Cultist","floor":1.0,"turns":3.0},{"damage":0.0,"enemies":"2 Louse","floor":2.0,"turns":4.0},{"damage":10.0,"enemies":"Small Slimes","floor":3.0,"turns":3.0},{"damage":0.0,"enemies":"Gremlin Gang","floor":4.0,"turns":9.0},{"damage":12.0,"enemies":"Looter","floor":5.0,"turns":3.0},{"damage":32.0,"enemies":"Gremlin Nob","floor":7.0,"turns":4.0},{"damage":4.0,"enemies":"Red Slaver","floor":10.0,"turns":3.0},{"damage":29,"enemies":"3 Sentries","floor":11,"turns":10},{"damage":27,"enemies":"Lagavulin","floor":13,"turns":6},{"damage":0,"enemies":"Lots of Slimes","floor":14,"turns":2},{"damage":43,"enemies":"Slime Boss","floor":16,"turns":6}],"seed_played":"8839002050685261756","potions_obtained":[{"floor":3.0,"key":"LiquidBronze"},{"floor":4.0,"key":"BloodPotion"},{"floor":10.0,"key":"EssenceOfSteel"},{"floor":11,"key":"BloodPotion"},{"floor":13,"key":"LiquidBronze"}],"is_trial":false,"path_per_floor":["M","M","M","M","M","R","E","?","T","M","E","R","E","M","R","B"],"character_chosen":"IRONCLAD","items_purchased":[],"campfire_rested":0,"item_purchase_floors":[],"current_hp_per_floor":[56,62,58,64,58,58,32,32,32,55,32,32,37,43,43,0,0],"gold":295,"neow_bonus":"REMOVE_TWO","is_daily":false,"chose_seed":false,"campfire_upgraded":3,"win_rate":0.0,"timestamp":1610323265,"path_taken":["M","M","M","M","?","R","E","?","T","M","E","R","E","M","R","BOSS"],"items_purchased_type":[],"build_version":"2020-12-22","purchased_purges":0,"victory":false,"max_hp_per_floor":[80,80,80,80,80,80,80,80,80,80,80,80,80,80,80,80,80],"card_choices":[{"not_picked":["Searing Blow","Fire Breathing"],"picked":"Twin Strike","floor":1.0},{"not_picked":["Warcry","Armaments","Searing Blow"],"picked":"SKIP","floor":2.0},{"not_picked":["Twin Strike","Sever Soul"],"picked":"Body Slam","floor":3.0},{"not_picked":["Clash","Fire Breathing","Wild Strike"],"picked":"SKIP","floor":4.0},{"not_picked":["Rupture","Havoc"],"picked":"Headbutt","floor":5.0},{"not_picked":["Perfected Strike","True Grit"],"picked":"Shrug It Off","floor":7.0},{"not_picked":["Blood for Blood","Dark Embrace"],"picked":"Headbutt","floor":10.0},{"not_picked":["Flex","Corruption"],"picked":"Body Slam","floor":11},{"not_picked":["Sword Boomerang","Twin Strike"],"picked":"Berserk","floor":13},{"not_picked":["Reckless Charge","Clothesline"],"picked":"True Grit","floor":14}],"player_experience":98628,"relics_obtained":[{"floor":7.0,"key":"Toy Ornithopter"},{"floor":11,"key":"Smiling Mask"},{"floor":13,"key":"Bottled Lightning"}],"event_choices":[{"damage_healed":0.0,"max_hp_gain":0.0,"max_hp_loss":0.0,"gold_gain":0.0,"cards_transformed":["Strike_R"],"event_name":"Transmorgrifier","player_choice":"Transformed","floor":8.0,"gold_loss":0.0,"damage_taken":0.0,"cards_obtained":["Cleave"]}],"is_beta":false,"boss_relics":[],"items_purged_floors":[],"is_endless":false,"potions_floor_spawned":[3,4,10,11,13],"killed_by":"Slime Boss","ascension_level":4}}