{"host":"5apxsqgkueisybsc","time":1610337156,"event":{"mods":["A Magickal Journey","BaseMod","Better Third Choice","DeckTracker","Hermit","Hero for Fun","Hubris","Hunter ??","Mimic Mod","Minty Spire (QoL Compilation)","Random Character Button","Rare Cards Sparkle","Replay The Spire","Robot Space Explorer","SOS???????","Shade Mod","StSLib","The Blackbeard","The Bladedancer","The Bug Knight","The Clintock","The Cursed","The Disciple","The Druid","The Exalted","The Forsaken","The Servant 0.9.4","The Valiant","The Witch","[IsaacMod]????"],"gold_per_floor":[117,127,0,12,12,37,37,55,85,115,128,128,56,67,67,169,169,185,201,201,216,65,96,96,128,128,141,151,177,194,209,209,311,311,322,322,0,14,33,33,44,62,62,62,94,94,122,122,122,122],"floor_reached":51,"playtime":2991,"items_purged":[],"score":1197,"play_id":"09e5bd7e-0da4-441d-8b46-e7e74e517450","local_time":"20210110225236","is_ascension_mode":true,"campfire_choices":[{"data":"After Image","floor":7,"key":"SMITH"},{"data":"ReplayTheSpireMod:Scrap Shanks","floor":15,"key":"SMITH"},{"data":"Envenom","floor":24,"key":"SMITH"},{"data":"Bullet Time","floor":40,"key":"SMITH"},{"floor":49,"key":"REST"}],"circlet_count":0,"master_deck":["Strike_G","Strike_G","Strike_G","Strike_G","Strike_G","Defend_G","Defend_G","Defend_G","Defend_G","Defend_G","Survivor","Neutralize","After Image+1","Dagger Spray","Enlightenment","Prepared","Blade Dance","Masterful Stab","ReplayTheSpireMod:From All Sides","ReplayTheSpireMod:Scrap Shanks+1","Infinite Blades","Infinite Blades","Envenom+1","Dodge and Roll+1","Cloak And Dagger+1","Deflect","Terror","Accuracy+1","Bouncing Flask+1","Bullet Time+1","Slice+1","Leg Sweep+1","Backflip+1","Amnesia","Bullet Time"],"relics":["HushsDoor","Void","Snake Skull","Bromod:ArcaneTempo","Snecko Scales","Vajra","Pen Nib","HollowMod:LifeEnderRelic","Busted Crown","GuppysHead","MegaBlast","Red Mask","SharpPlug","BookOfRevelations","ReplayTheSpireMod:Ring of Collecting","Replay:Rubber Ducky","hubris:Towel"],"acts_visited":["Exordium","TheCity","TheBeyond"],"potions_floor_usage":[4,10,16,16,18,21,29,29,33,39,42,47,47],"damage_taken":[{"damage":0,"enemies":"2 Louse","floor":1,"turns":4},{"damage":0,"enemies":"Jaw Worm","floor":2,"turns":5},{"damage":0,"enemies":"Cultist","floor":4,"turns":1},{"damage":25,"enemies":"HollowMod:MossKnight","floor":6,"turns":23},{"damage":1,"enemies":"Lots of Slimes","floor":8,"turns":2},{"damage":0,"enemies":"3 Louse","floor":9,"turns":7},{"damage":11,"enemies":"Gremlin Nob","floor":10,"turns":3},{"damage":0,"enemies":"3 Louse","floor":11,"turns":2},{"damage":0,"enemies":"Large Slime","floor":14,"turns":6},{"damage":19,"enemies":"Fading Forest","floor":16,"turns":11},{"damage":0,"enemies":"Shell Parasite","floor":18,"turns":4},{"damage":8,"enemies":"3 Byrds","floor":19,"turns":4},{"damage":18,"enemies":"Snake Plant","floor":21,"turns":6},{"damage":0,"enemies":"Gremlin Leader","floor":23,"turns":5},{"damage":0,"enemies":"HollowMod:Nosk","floor":25,"turns":4},{"damage":5,"enemies":"Centurion and Healer","floor":27,"turns":3},{"damage":2,"enemies":"Cultist and Chosen","floor":28,"turns":3},{"damage":8,"enemies":"Slavers","floor":29,"turns":2},{"damage":8,"enemies":"Chosen and Byrds","floor":30,"turns":3},{"damage":10,"enemies":"Shelled Parasite and Fungi","floor":31,"turns":4},{"damage":0,"enemies":"Champ","floor":33,"turns":5},{"damage":0,"enemies":"3 Darklings","floor":35,"turns":2},{"damage":10,"enemies":"3 Shapes","floor":38,"turns":4},{"damage":0,"enemies":"Transient","floor":39,"turns":4},{"damage":0,"enemies":"Jaw Worm Horde","floor":41,"turns":1},{"damage":4,"enemies":"4 Shapes","floor":42,"turns":2},{"damage":0,"enemies":"HollowMod:StalkingDevout","floor":45,"turns":3},{"damage":0,"enemies":"Reptomancer","floor":47,"turns":4},{"damage":0,"enemies":"Donu and Deca","floor":50,"turns":6}],"seed_played":"-3356850330051773414","potions_obtained":[{"floor":1,"key":"ColorlessPotion"},{"floor":6,"key":"GamblersBrew"},{"floor":10,"key":"GamblersBrew"},{"floor":14,"key":"BlessingOfTheForge"},{"floor":16,"key":"Explosive Potion"},{"floor":18,"key":"Ancient Potion"},{"floor":25,"key":"LiquidMemories"},{"floor":28,"key":"Adrenaline Potion"},{"floor":31,"key":"Adrenaline Potion"},{"floor":33,"key":"FearPotion"},{"floor":35,"key":"SpeedPotion"},{"floor":39,"key":"BlessingOfTheForge"},{"floor":41,"key":"Elixir"},{"floor":45,"key":"Swift Potion"}],"is_trial":false,"path_per_floor":["M","M","?","M","$","E","R","M","MIM","E","M","?","$","M","R","B",null,"M","M","?","M","$","E","R","E","T","M","M","E","M","M","R","B",null,"M","?","?","M","M","R","M","M","T","$","E","?","E","?","R","B",null],"character_chosen":"THE_SILENT","items_purchased":["Infinite Blades","Vajra","GuppysHead","MegaBlast"],"campfire_rested":1,"item_purchase_floors":[13,22,34,34],"current_hp_per_floor":[77,77,83,83,83,58,58,57,57,46,46,51,51,51,51,50,88,88,80,63,45,45,45,45,51,51,51,49,41,33,23,50,50,43,43,43,43,33,33,33,33,29,29,29,29,29,29,29,41,41],"gold":122,"neow_bonus":"TEN_PERCENT_HP_BONUS","is_daily":false,"chose_seed":false,"campfire_upgraded":4,"win_rate":0.0,"timestamp":1610337156,"path_taken":["M","M","?","?","$","E","R","M","MIM","E","M","?","$","M","R","BOSS","M","?","?","M","$","E","R","E","T","?","M","E","M","M","R","BOSS","M","?","?","M","M","R","M","M","T","$","E","?","E","?","R","BOSS"],"items_purchased_type":["Card","Relic","Relic","Relic"],"build_version":"2020-12-22","purchased_purges":0,"victory":true,"max_hp_per_floor":[77,77,83,83,83,83,83,83,83,83,83,88,88,88,88,88,88,88,88,93,93,93,93,93,93,93,93,93,93,93,93,93,93,43,43,43,43,43,43,43,43,43,43,43,43,43,43,43,43,43],"card_choices":[{"not_picked":[],"picked":"ChaosCard","floor":0},{"not_picked":["PiercingWail","Backflip"],"picked":"After Image","floor":1},{"not_picked":["Underhanded Strike","Calculated Gamble"],"picked":"Dagger Spray","floor":2},{"not_picked":["Outmaneuver","Underhanded Strike"],"picked":"Prepared","floor":4},{"not_picked":["Prepared","hubris:SlightOfHand","Bomb"],"picked":"SKIP","floor":6},{"not_picked":["Cloak And Dagger","Heel Hook"],"picked":"Blade Dance","floor":8},{"not_picked":["Choke","Concentrate"],"picked":"Masterful Stab","floor":9},{"not_picked":["Deflect","Dagger Throw"],"picked":"ReplayTheSpireMod:From All Sides","floor":10},{"not_picked":["Backflip","Cloak And Dagger"],"picked":"ReplayTheSpireMod:Scrap Shanks","floor":11},{"not_picked":["Predator","Eviscerate"],"picked":"Infinite Blades","floor":14},{"not_picked":["Wraith Form v2","Bullet Time"],"picked":"Envenom","floor":16},{"not_picked":["Prepared","Sucker Punch"],"picked":"Dodge and Roll+1","floor":18},{"not_picked":["Backstab","Toxin Wave"],"picked":"Cloak And Dagger+1","floor":19},{"not_picked":["hubris:SlightOfHand","Acrobatics"],"picked":"Deflect","floor":21},{"not_picked":["Dagger Spray+1","Glass Knife","Backflip"],"picked":"SKIP","floor":23},{"not_picked":["hubris:SlightOfHand","Bane+1","Doppelganger"],"picked":"SKIP","floor":25},{"not_picked":["ReplayTheSpireMod:Tripwire","Quick Slash"],"picked":"Terror","floor":27},{"not_picked":["Choke+1","Flying Knee"],"picked":"Accuracy","floor":28},{"not_picked":["Distraction+1","Finisher","Deflect"],"picked":"SKIP","floor":29},{"not_picked":["Endless Agony","Sucker Punch+1"],"picked":"Bouncing Flask+1","floor":30},{"not_picked":["Dagger Throw","Hidden Blade","Deflect"],"picked":"SKIP","floor":31},{"not_picked":["Phantasmal Killer","Doppelganger"],"picked":"Bullet Time","floor":33},{"not_picked":["Sneak Up"],"picked":"SKIP","floor":35},{"not_picked":[],"picked":"Slice+1","floor":38},{"not_picked":["Slice+1"],"picked":"SKIP","floor":39},{"not_picked":["PiercingWail"],"picked":"SKIP","floor":41},{"not_picked":[],"picked":"Leg Sweep+1","floor":42},{"not_picked":[],"picked":"Backflip+1","floor":45},{"not_picked":[],"picked":"Bullet Time","floor":47}],"player_experience":118741,"relics_obtained":[{"floor":6,"key":"TheBean"},{"floor":9,"key":"Snake Skull"},{"floor":10,"key":"Bromod:ArcaneTempo"},{"floor":23,"key":"theForsaken:Lifeblossom"},{"floor":25,"key":"Pen Nib"},{"floor":26,"key":"DeathBook"},{"floor":29,"key":"HollowMod:LifeEnderRelic"},{"floor":43,"key":"SharpPlug"},{"floor":45,"key":"BookOfRevelations"},{"floor":46,"key":"ReplayTheSpireMod:Ring of Collecting"},{"floor":46,"key":"Ring of Peace"},{"floor":47,"key":"Replay:Rubber Ducky"}],"event_choices":[{"damage_healed":0,"gold_gain":0,"player_choice":"RENOUNCE","damage_taken":127,"max_hp_gain":0,"max_hp_loss":0,"event_name":"betterThird:BetterSerpent","floor":3,"gold_loss":127,"cards_obtained":["Enlightenment"]},{"damage_healed":0,"gold_gain":0,"player_choice":"Donut","damage_taken":0,"max_hp_gain":5,"max_hp_loss":0,"event_name":"Big Fish","floor":12,"gold_loss":0},{"damage_healed":0,"gold_gain":0,"player_choice":"Shed Blood","damage_taken":22,"max_hp_gain":5,"max_hp_loss":0,"event_name":"Forgotten Altar","floor":20,"gold_loss":0},{"damage_healed":0,"gold_gain":0,"player_choice":"Paid","damage_taken":0,"relics_obtained":["Red Mask"],"max_hp_gain":0,"max_hp_loss":0,"event_name":"Tomb of Lord Red Mask","floor":37,"gold_loss":322}],"is_beta":false,"boss_relics":[{"not_picked":["hubris:ScarierMask","Ectoplasm"],"picked":"Snecko Scales"},{"not_picked":[]},{"not_picked":["Bromod:ArcaneBarrier","Runic Dome"],"picked":"Busted Crown"},{"not_picked":[]}],"items_purged_floors":[],"is_endless":false,"potions_floor_spawned":[1,6,10,14,16,18,25,28,31,33,35,39,41,45],"ascension_level":4}}