{"host":"qvl114e0jmbc6yhm","time":1610348397,"event":{"mods":["Act Like it!","BaseMod","Hermit","Highlight Path","Hubris","Jedi Mod","Marisa????????","Marked Mod","Minty Spire (QoL Compilation)","Permanent Neow","Random Character Button","Relic Sorter","Relic Stats","Replay The Spire","Shop Mod","Spicy Shops","StSLib","The Jungle","The Runesmith"],"gold_per_floor":[119,119,219,229,244,270,270,270,270],"floor_reached":8,"playtime":268,"items_purged":[],"score":95,"play_id":"d1d2a2fb-ddeb-44a9-8e74-dea0299e829a","local_time":"20210111015957","is_ascension_mode":true,"campfire_choices":[{"floor":7,"key":"REST"}],"circlet_count":0,"master_deck":["AscendersBane","Strike_G","Strike_G","Strike_G","Strike_G","Strike_G","Defend_G","Defend_G","Defend_G","Defend_G","Defend_G","Survivor","Neutralize","Flying Knee","hubris:Counter","Dagger Spray"],"relics":["Ring of the Snake","Toy Ornithopter","StrikeDummy"],"acts_visited":["Exordium"],"potions_floor_usage":[6],"damage_taken":[{"damage":0,"enemies":"Small Slimes","floor":1,"turns":4},{"damage":5,"enemies":"Jaw Worm","floor":4,"turns":5},{"damage":0,"enemies":"Cultist","floor":5,"turns":4},{"damage":42,"enemies":"3 Sentries","floor":6,"turns":12},{"damage":22,"enemies":"Lagavulin","floor":8,"turns":7}],"seed_played":"5011304725905605311","potions_obtained":[{"floor":1,"key":"Dexterity Potion"}],"is_trial":false,"path_per_floor":["M","?","?","M","M","E","R","E"],"character_chosen":"THE_SILENT","items_purchased":[],"campfire_rested":1,"item_purchase_floors":[],"current_hp_per_floor":[59,59,59,54,54,17,36,14,14],"gold":270,"neow_bonus":"RANDOM_COMMON_RELIC","is_daily":false,"chose_seed":false,"campfire_upgraded":0,"win_rate":0.0,"timestamp":1610348397,"path_taken":["M","?","?","M","?","E","R","E"],"items_purchased_type":[],"build_version":"2020-12-22","purchased_purges":0,"victory":false,"max_hp_per_floor":[66,66,66,66,66,66,66,66,66],"relic_stats":{"counters":[5,31],"obtain_stats":[{"StrikeDummy":6,"Toy Ornithopter":0,"Ring of the Snake":0},{"StrikeDummy":4,"Toy Ornithopter":0,"Ring of the Snake":0},{"StrikeDummy":25,"Toy Ornithopter":0,"Ring of the Snake":0}],"Toy Ornithopter":5,"Ring of the Snake":[10]},"card_choices":[{"not_picked":["Setup","Slice"],"picked":"Flying Knee","floor":1},{"not_picked":["jedi:pocketpoison","Catalyst"],"picked":"hubris:Counter","floor":4},{"not_picked":["Masterful Stab","hubris:SlightOfHand","Distraction"],"picked":"SKIP","floor":5},{"not_picked":["Calculated Gamble","Poisoned Stab"],"picked":"Dagger Spray","floor":6}],"player_experience":2441397,"relics_obtained":[{"floor":6,"key":"StrikeDummy"}],"event_choices":[{"damage_healed":0,"gold_gain":0,"player_choice":"Ignored","damage_taken":0,"max_hp_gain":0,"max_hp_loss":0,"event_name":"Liars Game","floor":2,"gold_loss":0},{"damage_healed":0,"gold_gain":100,"player_choice":"Pray","damage_taken":0,"max_hp_gain":0,"max_hp_loss":0,"event_name":"Golden Shrine","floor":3,"gold_loss":0}],"is_beta":false,"boss_relics":[],"items_purged_floors":[],"is_endless":false,"potions_floor_spawned":[1],"killed_by":"Lagavulin","ascension_level":14}}