{"host":"jhrqf0ynsob022h8","time":1610389490,"event":{"mods":["2.2 Compatiblity","Act Like it!","AlwaysNeverKeys","BaseMod","Better Altar","Better Match","Better Sensory Stone","Better Skull","Better Synergies","Better Third Choice","Better Vampires","Better-Laid Plans","Block Reminder","CapriCore","Colored Map","Colored Powertips","DNKmod","Defuse TimeMaze Blight","Displayed Cursed Tome","Downfall","Evolution","Friendly Minions","GifTheSpireLib","Gold Saver","Minty Spire (QoL Compilation)","Permanent Neow","Quick Restart","Rare Cards Sparkle","Relic Stats","Remove Card Discount Mod","Robot Space Explorer","Shop Mod","Spicy Shops","StSLib","The Marked","Transform Curses","Uncapped","slay the spire mod where everything is the same but ironclad has a cowboy hat"],"gold_per_floor":[1011,1024,91,108,108,108,118,153,153,168,82,96,123,142,142,242,242,252,270,370,384,32,32,32,42,42,42,42,42,71,88,88,193,193,212,224,240,35,49,49,63,63,63,92,5,39,39,59,59,59],"floor_reached":51,"playtime":2774,"items_purged":["Bash","Clash","Clumsy","Defend_R","Defend_R","Defend_R","Strike_R","Strike_R","Armaments","Flex+1","Flex+1","Armaments+1","Uppercut","Headbutt+1"],"score":1144,"play_id":"e7900908-dcc9-4f28-bfff-788422f3539a","local_time":"20210111122450","is_ascension_mode":true,"campfire_choices":[{"data":"Barricade","floor":6.0,"key":"SMITH"},{"data":"Armaments","floor":15.0,"key":"SMITH"},{"data":"Flex","floor":23.0,"key":"SMITH"},{"data":"Demon Form","floor":27.0,"key":"SMITH"},{"data":"Clash","floor":29.0,"key":"SMITH"},{"data":"Clash","floor":32.0,"key":"SMITH"},{"data":"Shrug It Off","floor":40.0,"key":"SMITH"},{"data":"Iron Wave","floor":47,"key":"SMITH"},{"data":"Impervious","floor":49,"key":"SMITH"}],"circlet_count":0,"master_deck":["Barricade+1","Shrug It Off+1","Clash+1","Shrug It Off","Cleave","Demon Form+1","Iron Wave+1","Clash+1","Impervious+1","Uppercut+1","Body Slam+1","Clash"],"relics":["Black Blood","EVO:Axolotl","PreservedInsect","Whetstone","TheAbacus","War Paint","CaptainsWheel","Letter Opener","Torii","Du-Vu Doll","Omamori","Membership Card","Orichalcum","Mummified Hand","MutagenicStrength","Self Forming Clay","Astrolabe","Singing Bowl","Akabeko","StrikeDummy","Pen Nib","Strange Spoon","Charon\u0027s Ashes"],"acts_visited":["Exordium","TheCity","TheBeyond"],"potions_floor_usage":[],"damage_taken":[{"damage":0.0,"enemies":"2 Louse","floor":1.0,"turns":2.0},{"damage":0.0,"enemies":"Cultist","floor":2.0,"turns":2.0},{"damage":0.0,"enemies":"Small Slimes","floor":4.0,"turns":3.0},{"damage":0.0,"enemies":"2 Fungi Beasts","floor":7.0,"turns":3.0},{"damage":1.0,"enemies":"Gremlin Nob","floor":8.0,"turns":3.0},{"damage":0.0,"enemies":"Looter","floor":10.0,"turns":1.0},{"damage":0.0,"enemies":"Red Slaver","floor":12.0,"turns":2.0},{"damage":0.0,"enemies":"Lagavulin","floor":13.0,"turns":5.0},{"damage":0.0,"enemies":"Exordium Thugs","floor":14.0,"turns":3.0},{"damage":19.0,"enemies":"Hexaghost","floor":16.0,"turns":7.0},{"damage":1.0,"enemies":"Shell Parasite","floor":18.0,"turns":3.0},{"damage":6.0,"enemies":"Spheric Guardian","floor":19.0,"turns":3.0},{"damage":15.0,"enemies":"Centurion and Healer","floor":21.0,"turns":4.0},{"damage":1.0,"enemies":"Shelled Parasite and Fungi","floor":25.0,"turns":5.0},{"damage":11.0,"enemies":"Gremlin Leader","floor":30.0,"turns":4.0},{"damage":0.0,"enemies":"Snake Plant","floor":31.0,"turns":1.0},{"damage":0.0,"enemies":"Champ","floor":33.0,"turns":7.0},{"damage":1.0,"enemies":"3 Shapes","floor":35.0,"turns":5.0},{"damage":17.0,"enemies":"3 Darklings","floor":36.0,"turns":4.0},{"damage":17.0,"enemies":"Jaw Worm Horde","floor":37.0,"turns":3.0},{"damage":1.0,"enemies":"Spire Growth","floor":39.0,"turns":3.0},{"damage":11.0,"enemies":"Writhing Mass","floor":41.0,"turns":3.0},{"damage":0.0,"enemies":"Reptomancer","floor":44.0,"turns":2.0},{"damage":0.0,"enemies":"Nemesis","floor":46.0,"turns":5.0},{"damage":0,"enemies":"Transient","floor":48,"turns":5},{"damage":0,"enemies":"Awakened One","floor":50,"turns":7}],"seed_played":"-2246339650520604214","potions_obtained":[{"floor":2.0,"key":"SpeedPotion"},{"floor":8.0,"key":"ColorlessPotion"},{"floor":10.0,"key":"Swift Potion"},{"floor":16.0,"key":"sneckomod:MuddlingPotion"},{"floor":19.0,"key":"BlessingOfTheForge"},{"floor":25.0,"key":"Swift Potion"},{"floor":30.0,"key":"champ:CounterPotion"},{"floor":37.0,"key":"Guardian:BlockOnCardUsePotion"},{"floor":39.0,"key":"Energy Potion"},{"floor":44.0,"key":"PowerPotion"},{"floor":46.0,"key":"SpeedPotion"}],"is_trial":false,"path_per_floor":["M","M","$","M","?","R","M","E","T","M","$","M","E","M","R","B",null,"M","M","?","M","$","R","$","M","T","R","?","R","E","M","R","B",null,"M","M","M","$","M","R","M","?","T","E","$","E","R","M","R","B",null],"character_chosen":"IRONCLAD","items_purchased":["Barricade","Uppercut","Flex","Whetstone","TheAbacus","War Paint","CaptainsWheel","Armaments","Shrug It Off","Clash","Omamori","Membership Card","Orichalcum","Singing Bowl","Akabeko","Clash","Strange Spoon"],"campfire_rested":0,"item_purchase_floors":[3,3,3,3,3,3,3,11,11,22,22,22,22,38,38,45,45],"current_hp_per_floor":[100,100,100,100,100,100,100,100,100,100,100,100,100,100,100,87,100,100,100,100,97,97,97,97,100,100,100,100,100,100,100,100,100,100,100,95,90,90,102,102,104,104,104,106,106,108,108,110,110,110],"gold":59,"neow_bonus":"RANDOM_COMMON_RELIC","is_daily":false,"chose_seed":false,"campfire_upgraded":9,"win_rate":0.0,"timestamp":1610389490,"path_taken":["M","M","$","M","?","R","M","E","T","M","$","M","E","M","R","BOSS","M","M","?","M","$","R","?","M","T","R","?","R","E","M","R","BOSS","M","M","M","$","M","R","M","?","T","E","$","E","R","M","R","BOSS"],"items_purchased_type":["Card","Card","Card","Relic","Relic","Relic","Relic","Card","Card","Card","Relic","Relic","Relic","Relic","Relic","Card","Relic"],"build_version":"2020-12-22","purchased_purges":14,"victory":true,"max_hp_per_floor":[100,100,100,100,100,100,100,100,100,100,100,100,100,100,100,100,100,100,100,100,100,100,100,100,100,100,100,100,100,100,100,100,100,100,100,100,100,100,102,102,104,104,104,106,106,108,108,110,110,110],"relic_stats":{"Torii":28,"Singing Bowl":10,"counters":[26,95],"Self Forming Clay":[30],"Astrolabe":["Uppercut","Body Slam","Headbutt"],"Black Blood":88,"PreservedInsect":199,"Pen Nib":[5],"Charon\u0027s Ashes":[6],"Whetstone":["Strike_R","Strike_R"],"Letter Opener":[111],"War Paint":["Defend_R","Flex"],"Orichalcum":[6],"Strange Spoon":[3],"TheAbacus":[216],"Mummified Hand":[34],"obtain_stats":[{"Torii":9,"Singing Bowl":38,"Self Forming Clay":30,"Astrolabe":34,"Black Blood":17,"PreservedInsect":0,"Pen Nib":44,"Charon\u0027s Ashes":46,"Omamori":22,"EVO:Axolotl":0,"Whetstone":3,"Letter Opener":8,"War Paint":3,"Orichalcum":22,"Burning Blood":0,"Akabeko":38,"Du-Vu Doll":13,"Strange Spoon":45,"CaptainsWheel":3,"TheAbacus":3,"Mummified Hand":26,"MutagenicStrength":28,"Membership Card":22,"StrikeDummy":43},{"Torii":5,"Singing Bowl":20,"Self Forming Clay":15,"Astrolabe":17,"Black Blood":10,"PreservedInsect":0,"Pen Nib":23,"Charon\u0027s Ashes":24,"Omamori":13,"EVO:Axolotl":0,"Whetstone":2,"Letter Opener":5,"War Paint":2,"Orichalcum":13,"Burning Blood":0,"Akabeko":20,"Du-Vu Doll":8,"Strange Spoon":23,"CaptainsWheel":2,"TheAbacus":2,"Mummified Hand":14,"MutagenicStrength":14,"Membership Card":13,"StrikeDummy":22},{"Torii":13,"Singing Bowl":70,"Self Forming Clay":50,"Astrolabe":58,"Black Blood":31,"PreservedInsect":0,"Pen Nib":78,"Charon\u0027s Ashes":83,"Omamori":41,"EVO:Axolotl":0,"Whetstone":4,"Letter Opener":13,"War Paint":4,"Orichalcum":41,"Burning Blood":0,"Akabeko":70,"Du-Vu Doll":21,"Strange Spoon":78,"CaptainsWheel":4,"TheAbacus":4,"Mummified Hand":46,"MutagenicStrength":46,"Membership Card":41,"StrikeDummy":76}]},"card_choices":[{"not_picked":["Warcry","Second Wind"],"picked":"Clash","floor":1.0},{"not_picked":["Twin Strike","Rupture"],"picked":"Flex","floor":2.0},{"not_picked":["Sword Boomerang","Second Wind"],"picked":"Shrug It Off","floor":4.0},{"not_picked":["True Grit","Intimidate","Corruption"],"picked":"SKIP","floor":7.0},{"not_picked":["Rampage","Clothesline"],"picked":"Armaments","floor":8.0},{"not_picked":["Heavy Blade","Dark Embrace","Wild Strike"],"picked":"SKIP","floor":10.0},{"not_picked":["Heavy Blade","Infernal Blade"],"picked":"Cleave","floor":12.0},{"not_picked":["Heavy Blade","Blood for Blood","Intimidate"],"picked":"SKIP","floor":13.0},{"not_picked":["Dropkick","Second Wind","Brutality"],"picked":"SKIP","floor":14.0},{"not_picked":["Bludgeon","Exhume"],"picked":"Demon Form","floor":16.0},{"not_picked":["Uppercut","Sentinel","Twin Strike"],"picked":"SKIP","floor":18.0},{"not_picked":["Armaments+1","Disarm","Thunderclap"],"picked":"SKIP","floor":19.0},{"not_picked":["Cleave","Metallicize+1"],"picked":"Iron Wave","floor":21.0},{"not_picked":["Twin Strike","Heavy Blade","Sword Boomerang"],"picked":"SKIP","floor":25.0},{"not_picked":["Wild Strike","Sever Soul","Heavy Blade+1"],"picked":"SKIP","floor":30.0},{"not_picked":["Headbutt","Flame Barrier","Pommel Strike+1"],"picked":"SKIP","floor":31.0},{"not_picked":["Offering","Bludgeon"],"picked":"Impervious","floor":33.0},{"not_picked":["Reckless Charge+1","Cleave+1","Clothesline+1"],"picked":"SKIP","floor":35.0},{"not_picked":["Uppercut+1","Warcry+1","Shrug It Off+1"],"picked":"SKIP","floor":36.0},{"not_picked":["Sword Boomerang","Spot Weakness+1","Heavy Blade+1"],"picked":"SKIP","floor":37.0},{"not_picked":["Whirlwind+1","Shrug It Off","Flex"],"picked":"Singing Bowl","floor":39.0},{"not_picked":["Dual Wield+1","Shrug It Off+1","Fire Breathing"],"picked":"Singing Bowl","floor":41.0},{"not_picked":["Headbutt","Sentinel+1","Uppercut+1"],"picked":"Singing Bowl","floor":44.0},{"not_picked":["Dark Embrace","Infernal Blade","Clash"],"picked":"Singing Bowl","floor":46.0},{"not_picked":["Wild Strike+1","Battle Trance+1","Burning Pact+1"],"picked":"Singing Bowl","floor":48}],"player_experience":255276,"relics_obtained":[{"floor":8.0,"key":"Letter Opener"},{"floor":9.0,"key":"Torii"},{"floor":13.0,"key":"Du-Vu Doll"},{"floor":26.0,"key":"Mummified Hand"},{"floor":30.0,"key":"Self Forming Clay"},{"floor":43.0,"key":"StrikeDummy"},{"floor":44.0,"key":"Pen Nib"},{"floor":46.0,"key":"Charon\u0027s Ashes"}],"event_choices":[{"damage_healed":0.0,"max_hp_gain":0.0,"max_hp_loss":0.0,"gold_gain":0.0,"cards_transformed":["Strike_R"],"event_name":"Transmorgrifier","player_choice":"Transformed","floor":5.0,"gold_loss":0.0,"damage_taken":0.0,"cards_obtained":["Clash"]},{"damage_healed":0.0,"max_hp_gain":0.0,"max_hp_loss":0.0,"gold_gain":100.0,"event_name":"Golden Shrine","player_choice":"Pray","floor":20.0,"gold_loss":0.0,"damage_taken":0.0},{"damage_healed":0.0,"max_hp_gain":0.0,"max_hp_loss":0.0,"gold_gain":0.0,"event_name":"Drug Dealer","player_choice":"Inject Mutagens","floor":28.0,"gold_loss":0.0,"damage_taken":0.0,"relics_obtained":["MutagenicStrength"]},{"damage_healed":0.0,"max_hp_gain":0.0,"max_hp_loss":0.0,"gold_gain":0.0,"event_name":"Wheel of Change","player_choice":"Cursed","floor":42.0,"gold_loss":0.0,"damage_taken":0.0,"cards_obtained":["Decay"]}],"is_beta":false,"boss_relics":[{"not_picked":["Black Star","SlaversCollar"],"picked":"Black Blood"},{"not_picked":["Cursed Key","Velvet Choker"],"picked":"Astrolabe"}],"items_purged_floors":[3,3,3,11,11,11,11,11,22,38,38,38,38,38],"is_endless":false,"potions_floor_spawned":[2,8,10,16,19,25,30,37,39,44,46],"ascension_level":4}}