{"host":"tw8gm4p1o2j6gfl4","time":1610358929,"event":{"mods":["Act Like it!","Aspiration","BaseMod","BetterRewards","Colored Map","Colored Powertips","Curses Come First","Decade(???)","Downfall","Gensokyo","Googly Eyes","Hallownest","Hermit","Highlight Path","Hubris","Infinite Spire","Jorbs\u0027s Wanderer Trilogy","Koishi","Lobotomy","Luminous","Minty Spire (QoL Compilation)","Quick Restart","Replay The Spire","StSLib","SuperFastMode","The Bug Knight","The Cursed","The Hierophant","The Jungle","The Marked","The Necromancer","The Poker Player","Trackpad","[IsaacMod]????"],"gold_per_floor":[117,117,117,129,148,148,148,148,148,3,19,19,37,56,56,155,205,219,219,233,233,233,233],"floor_reached":22,"playtime":1384,"items_purged":[],"score":201,"play_id":"edfc1450-25a8-44eb-8a83-d635b766b065","local_time":"20210111015529","is_ascension_mode":false,"campfire_choices":[{"data":"theMarked:SoldierOfQuellstein","floor":6,"key":"SMITH"},{"data":"theMarked:MysticalArsenal","floor":8,"key":"SMITH"},{"data":"theMarked:ComboAttacks","floor":12,"key":"SMITH"},{"floor":15,"key":"REST"}],"circlet_count":0,"master_deck":["theMarked:Strike","theMarked:Strike","theMarked:Strike","theMarked:Strike","theMarked:Strike","theMarked:Defend+1","theMarked:Defend","theMarked:Defend","theMarked:Defend","theMarked:SoldierOfQuellstein+1","theMarked:ChainLightning","theMarked:ShockingTouch","theMarked:MysticalArsenal+1","theMarked:ComboAttacks+1","theMarked:BanishingWave+1","theMarked:Static","theMarked:EmpowerWeapon","theMarked:Frustration","theMarked:SoldierForm","theMarked:ElementalBlade","theMarked:AttractMetal+1","theMarked:BanishingStrike"],"relics":["theMarked:ArtifactOfAir","HushsDoor","SteamSale","aspiration:Nostalgia","champ:ChampionCrown","trackpad:HandOfMidas","theMarked:DemonDagger","Tiny House","theJungle:WildMango"],"acts_visited":["Hallownest:Greenpath","theJungle:Jungle"],"potions_floor_usage":[],"damage_taken":[{"damage":2,"enemies":"Hallownest:2_Tiktiks_and_1_Crawlid","floor":1,"turns":4},{"damage":5,"enemies":"2_ Uuma","floor":4,"turns":5},{"damage":2,"enemies":"Hallownest:2_Baldur","floor":5,"turns":2},{"damage":7,"enemies":"Hallownest:Wandering_and_Horned","floor":11,"turns":4},{"damage":0,"enemies":"Hallownest:monsterFoolEater","floor":13,"turns":3},{"damage":0,"enemies":"Hallownest:monsterMossCharger","floor":14,"turns":3},{"damage":18,"enemies":"Hallownest:BossFalseKnight","floor":16,"turns":6},{"damage":10,"enemies":"theJungle:MUSHROOMGANG","floor":18,"turns":5},{"damage":55,"enemies":"theJungle:GiantWrat","floor":20,"turns":4},{"damage":27,"enemies":"Snake Plant","floor":22,"turns":2}],"seed_played":"5424475643240878946","potions_obtained":[{"floor":4,"key":"PowerPotion"},{"floor":5,"key":"Strength Potion"},{"floor":17,"key":"AntidotePotion"}],"is_trial":false,"path_per_floor":["M","?","?","M","M","R","?","R","T","$","M","R","M","M","R","B",null,"M","?","M","?","M"],"character_chosen":"THE_DEFAULT","items_purchased":["theMarked:DemonDagger","theMarked:ComboAttacks","theMarked:BanishingWave"],"campfire_rested":1,"item_purchase_floors":[10,10,10],"current_hp_per_floor":[68,68,68,63,61,61,61,61,61,61,54,54,54,54,70,52,75,65,79,24,24,0,0],"gold":233,"neow_bonus":"NOSTALGIA","is_daily":false,"chose_seed":false,"campfire_upgraded":3,"win_rate":0.0,"timestamp":1610358929,"path_taken":["M","?","?","M","M","R","?","R","T","$","M","R","?","M","R","BOSS","M","?","M","?","M"],"items_purchased_type":["Relic","Card","Card"],"build_version":"2020-12-22","purchased_purges":0,"victory":false,"max_hp_per_floor":[70,70,70,70,70,70,70,70,70,70,70,70,70,70,70,70,75,75,89,89,89,89,89],"card_choices":[{"not_picked":["theMarked:ElectricStrings","theMarked:TakeCover"],"picked":"theMarked:ChainLightning","floor":1},{"not_picked":["theMarked:Improvise","theMarked:WastefulDefense"],"picked":"theMarked:ShockingTouch","floor":4},{"not_picked":["theMarked:ElectricStrings","theMarked:ReduceFriction"],"picked":"theMarked:MysticalArsenal","floor":5},{"not_picked":["theMarked:Overcharge","theMarked:Improvise"],"picked":"theMarked:Static","floor":11},{"not_picked":["theMarked:WardOff","theMarked:WastefulAttack"],"picked":"theMarked:EmpowerWeapon","floor":13},{"not_picked":["theMarked:Seal","theMarked:EnhanceMovement"],"picked":"theMarked:Frustration","floor":14},{"not_picked":["theMarked:BindingBlade","theMarked:FavorableWinds"],"picked":"theMarked:SoldierForm","floor":16},{"not_picked":["theMarked:Improvise","theMarked:Reabsorb"],"picked":"theMarked:ElementalBlade","floor":17},{"not_picked":["theMarked:TwofoldDefense","theMarked:CreepingChasm"],"picked":"theMarked:AttractMetal","floor":18},{"not_picked":["theMarked:Convert","theMarked:ElectricStrings"],"picked":"theMarked:BanishingStrike","floor":20}],"player_experience":198497,"relics_obtained":[{"floor":9,"key":"trackpad:HandOfMidas"}],"event_choices":[],"is_beta":false,"boss_relics":[{"not_picked":["ReplayTheSpireMod:DimensionalGlitch","Snecko Eye"],"picked":"Tiny House"},{"not_picked":[]}],"items_purged_floors":[],"is_endless":false,"potions_floor_spawned":[4,5,18],"killed_by":"Snake Plant","ascension_level":0}}