{"host":"ovxa65d68iy9l57e","time":1610402559,"event":{"mods":["AchievementEnabler","BaseMod","Better Altar","Better Skull","Better Vampires","Colored Map","Curses Come First","Minty Spire (QoL Compilation)","Relic Stats","StSLib"],"gold_per_floor":[119,119,134,59,9,9,37,55,55,66,66,66,66],"floor_reached":12,"playtime":677,"items_purged":["Defend_B"],"score":90,"play_id":"9362e529-ce93-4d3b-b28e-18f7acb0f77c","local_time":"20210111230239","is_ascension_mode":true,"campfire_choices":[{"data":"Sweeping Beam","floor":6,"key":"SMITH"},{"floor":11,"key":"REST"}],"circlet_count":0,"master_deck":["Strike_B","Strike_B","Defend_B","Defend_B","Defend_B","Zap","Dualcast","Conserve Battery","Sweeping Beam+1","Skim"],"relics":["Nuclear Battery","Cables","Pantograph"],"acts_visited":["Exordium"],"potions_floor_usage":[12],"damage_taken":[{"damage":0,"enemies":"Small Slimes","floor":1,"turns":3},{"damage":6,"enemies":"2 Louse","floor":3,"turns":3},{"damage":29,"enemies":"Lagavulin","floor":7,"turns":7},{"damage":0,"enemies":"Cultist","floor":8,"turns":3},{"damage":9,"enemies":"Large Slime","floor":10,"turns":6},{"damage":56,"enemies":"Gremlin Nob","floor":12,"turns":4}],"seed_played":"7550956958605755857","potions_obtained":[{"floor":10,"key":"Block Potion"}],"is_trial":false,"path_per_floor":["M","?","M","$","?","R","E","M","T","M","R","E"],"character_chosen":"DEFECT","items_purchased":[],"campfire_rested":1,"item_purchase_floors":[],"current_hp_per_floor":[75,68,62,62,62,62,33,33,33,24,46,0,0],"gold":66,"neow_bonus":"BOSS_RELIC","is_daily":false,"chose_seed":false,"campfire_upgraded":1,"win_rate":0.0,"timestamp":1610402559,"path_taken":["M","?","M","$","?","R","E","M","T","M","R","E"],"items_purchased_type":[],"build_version":"2020-12-22","purchased_purges":1,"victory":false,"max_hp_per_floor":[75,75,75,75,75,75,75,75,75,75,75,75,75],"relic_stats":{"counters":[6,26],"Pantograph":0,"obtain_stats":[{"Pantograph":9,"Cracked Core":0,"Nuclear Battery":0,"Cables":7},{"Pantograph":4,"Cracked Core":0,"Nuclear Battery":0,"Cables":3},{"Pantograph":16,"Cracked Core":0,"Nuclear Battery":0,"Cables":13}],"Cables":[14,7,0,0,7]},"card_choices":[{"not_picked":["Go for the Eyes","Steam"],"picked":"Conserve Battery","floor":1},{"not_picked":["Redo","Storm"],"picked":"Sweeping Beam","floor":3},{"not_picked":["Beam Cell","Auto Shields"],"picked":"Skim","floor":7},{"not_picked":["FTL","Consume","Force Field"],"picked":"SKIP","floor":8},{"not_picked":["Scrape","Rebound","Fusion"],"picked":"SKIP","floor":10}],"player_experience":262836,"relics_obtained":[{"floor":7,"key":"Cables"},{"floor":9,"key":"Pantograph"}],"event_choices":[{"cards_removed":["Strike_B"],"damage_healed":0,"gold_gain":0,"player_choice":"Card Removal","damage_taken":7,"max_hp_gain":0,"max_hp_loss":0,"event_name":"Golden Wing","floor":2,"gold_loss":0},{"cards_removed":["Strike_B"],"damage_healed":0,"gold_gain":0,"player_choice":"Card Removal","damage_taken":0,"max_hp_gain":0,"max_hp_loss":0,"event_name":"The Cleric","floor":5,"gold_loss":50}],"is_beta":false,"boss_relics":[],"items_purged_floors":[4],"is_endless":false,"potions_floor_spawned":[10],"killed_by":"Gremlin Nob","ascension_level":3}}