{"host":"w97dq1whmpm6b2tc","time":1610388691,"event":{"mods":["BaseMod","Challenge The Spire","Downfall","Minty Spire (QoL Compilation)","Replay The Spire","StSLib","The Animator"],"gold_per_floor":[123,156,156,156,171,212,262,262,285,285,285,285],"floor_reached":11,"playtime":528,"items_purged":[],"score":188,"play_id":"b24cde23-b168-432b-8efb-15b1cd2d91fe","local_time":"20210111201131","is_ascension_mode":true,"campfire_choices":[{"data":"animator:DwarfShaman","floor":8,"key":"SMITH"},{"floor":10,"key":"REST"}],"circlet_count":0,"master_deck":["AscendersBane","animator:Defend_Fate+1","animator:Strike","animator:Strike","animator:Strike","animator:Defend+1","animator:Defend","animator:Defend","animator:Alexander","animator:Rider","animator:RinTohsaka","animator:DwarfShaman+1"],"relics":["animator:LivingPicture","animator:TheMissingPiece","NeowsBlessing","Golden Idol","Darkstone Periapt","Oddly Smooth Stone"],"acts_visited":["Exordium"],"potions_floor_usage":[11],"damage_taken":[{"damage":0.0,"enemies":"2 Louse","floor":1.0,"turns":1.0},{"damage":0.0,"enemies":"Small Slimes","floor":5.0,"turns":1.0},{"damage":0.0,"enemies":"Gremlin Nob","floor":6.0,"turns":1.0},{"damage":6,"enemies":"Lagavulin","floor":11,"turns":7}],"seed_played":"-7773169118544707079","potions_obtained":[{"floor":5.0,"key":"SkillPotion"}],"is_trial":false,"path_per_floor":["M","?","?","?","M","E","?","R","T","R","E"],"character_chosen":"THE_ANIMATOR","items_purchased":[],"campfire_rested":1,"item_purchase_floors":[],"current_hp_per_floor":[54,54,33,15,15,15,9,9,9,27,21,21],"gold":285,"neow_bonus":"THREE_ENEMY_KILL","is_daily":false,"chose_seed":false,"campfire_upgraded":1,"win_rate":0.0,"timestamp":1610388691,"path_taken":["M","?","?","?","M","E","?","R","T","R","E"],"items_purchased_type":[],"build_version":"2020-12-22","purchased_purges":0,"victory":false,"max_hp_per_floor":[60,60,60,60,60,60,60,60,60,60,60,60],"card_choices":[{"not_picked":["animator:Illya","animator:Kuribayashi"],"picked":"animator:RinTohsaka","floor":1.0},{"not_picked":["animator:Viivi","animator:Witch","animator:Albedo"],"picked":"SKIP","floor":5.0},{"not_picked":["animator:ChlammyZell","animator:AcuraShin"],"picked":"animator:DwarfShaman","floor":6.0}],"player_experience":4390932,"relics_obtained":[{"floor":6.0,"key":"Darkstone Periapt"},{"floor":9,"key":"Oddly Smooth Stone"}],"event_choices":[{"damage_healed":0.0,"max_hp_gain":0.0,"max_hp_loss":0.0,"gold_gain":0.0,"event_name":"Golden Idol","player_choice":"Take Damage","floor":3.0,"gold_loss":0.0,"damage_taken":21.0,"relics_obtained":["Golden Idol"]},{"damage_healed":0.0,"max_hp_gain":0.0,"max_hp_loss":0.0,"gold_gain":0.0,"event_name":"Shining Light","player_choice":"Entered Light","floor":4.0,"gold_loss":0.0,"damage_taken":18.0,"cards_upgraded":["animator:Defend","animator:Defend_Fate"]},{"damage_healed":0,"gold_gain":50,"player_choice":"Touch","damage_taken":6,"max_hp_gain":0,"max_hp_loss":0,"event_name":"FaceTrader","floor":7,"gold_loss":0}],"is_beta":false,"boss_relics":[],"items_purged_floors":[],"is_endless":false,"potions_floor_spawned":[5],"killed_by":"Lagavulin","ascension_level":20}}