{"host":"ojme7g6xlqwffsso","time":1610348104,"event":{"mods":["Act Like it!","BaseMod","Hermit","Infinite Spire","MarisaÅiñ∂âJÅ@ñÇóùçπÅj","Minty Spire (QoL Compilation)","Replay The Spire","Shade Mod","Shop Mod","StSLib","The Alterego","The Cursed","Yuri Mod"],"gold_per_floor":[115,115,115,128,128,128,156,89,138,151,170,203,203,222,222,222,222],"floor_reached":16,"playtime":546,"items_purged":[],"score":110,"play_id":"5ed154aa-550e-4eb2-b3dc-b38f377f5216","local_time":"20210111155504","is_ascension_mode":false,"campfire_choices":[{"data":"yuri:Oolong","floor":6,"key":"SMITH"},{"data":"yuri:CalmingAura","floor":15,"key":"SMITH"}],"circlet_count":0,"master_deck":["yuri:yuriStrike","yuri:yuriStrike","yuri:yuriStrike","yuri:yuriStrike","yuri:yuriStrike","yuri:yuriDefend","yuri:yuriDefend","yuri:yuriDefend","yuri:yuriDefend+1","yuri:yuriDefend","yuri:Oolong+1","yuri:yuriStab+1","yuri:CalmingAura+1","yuri:ReactiveMadness+1","yuri:WickedSlash","yuri:InsanityDefense","yuri:MPose","yuri:CalmingAura","yuri:GrowingInsanity","yuri:GlitchedStrike"],"relics":["yuri:yuriKnife","Bird Faced Urn","Ring of Hypnosis","Quantum Egg","War Paint","ReplayTheSpireMod:Lightbulb"],"acts_visited":["Exordium"],"potions_floor_usage":[],"damage_taken":[{"damage":5,"enemies":"Small Slimes","floor":1,"turns":4},{"damage":1,"enemies":"2 Louse","floor":4,"turns":2},{"damage":28,"enemies":"3 Sentries","floor":7,"turns":9},{"damage":0,"enemies":"Jaw Worm","floor":10,"turns":2},{"damage":9,"enemies":"Blue Slaver","floor":11,"turns":4},{"damage":36,"enemies":"Gremlin Nob","floor":12,"turns":5},{"damage":2,"enemies":"Looter","floor":14,"turns":4},{"damage":61,"enemies":"The Guardian","floor":16,"turns":13}],"seed_played":"-5350806494318295955","potions_obtained":[{"floor":4,"key":"Doom Potion"},{"floor":10,"key":"SkillPotion"},{"floor":14,"key":"SpeedPotion"}],"is_trial":false,"path_per_floor":["M","?","?","M","?","R","E","$","T","M","M","E","?","M","R","B"],"character_chosen":"YURI","items_purchased":["yuri:InsanityDefense"],"campfire_rested":0,"item_purchase_floors":[8],"current_hp_per_floor":[87,84,84,87,87,87,66,66,66,66,64,35,35,42,42,0,0],"gold":222,"neow_bonus":"TEN_PERCENT_HP_BONUS","is_daily":false,"chose_seed":false,"campfire_upgraded":2,"win_rate":0.0,"timestamp":1610348104,"path_taken":["M","?","?","M","?","R","E","$","T","M","M","E","?","M","R","BOSS"],"items_purchased_type":["Card"],"build_version":"2020-12-22","purchased_purges":0,"victory":false,"max_hp_per_floor":[88,88,88,88,88,88,88,88,88,88,88,88,88,88,88,88,88],"card_choices":[{"not_picked":["yuri:BrokenCode","yuri:HeavierStrike"],"picked":"yuri:CalmingAura","floor":1},{"not_picked":["yuri:TPose","yuri:BookPurple"],"picked":"yuri:ReactiveMadness","floor":4},{"not_picked":["yuri:HeavierStrike","yuri:ThrowingKnives"],"picked":"yuri:WickedSlash","floor":7},{"not_picked":["yuri:DebugCard","yuri:DejaVu"],"picked":"yuri:MPose","floor":10},{"not_picked":["yuri:Skip","yuri:WickedSlash"],"picked":"yuri:CalmingAura","floor":11},{"not_picked":["yuri:MPose","yuri:ThrowBook"],"picked":"yuri:GrowingInsanity","floor":12},{"not_picked":["yuri:Stare","yuri:Parry"],"picked":"yuri:GlitchedStrike","floor":14}],"player_experience":843750,"relics_obtained":[{"floor":5,"key":"Ring of Hypnosis"},{"floor":7,"key":"Quantum Egg"},{"floor":9,"key":"War Paint"},{"floor":12,"key":"ReplayTheSpireMod:Lightbulb"}],"event_choices":[{"damage_healed":0,"gold_gain":0,"player_choice":"Success","damage_taken":3,"relics_obtained":["Bird Faced Urn"],"max_hp_gain":0,"max_hp_loss":0,"event_name":"Scrap Ooze","floor":2,"gold_loss":0}],"is_beta":false,"boss_relics":[],"items_purged_floors":[],"is_endless":false,"potions_floor_spawned":[4,10,14],"killed_by":"The Guardian","ascension_level":0}}