{"host":"kdt6w7ix8lwe69i9","time":1610370122,"event":{"mods":["100% Spire Juice","Bartender","BaseMod","ChefMod","Downfall","Evolution","Fiend Mod","Jorbs\u0027s Wanderer Trilogy","Minty Spire (QoL Compilation)","Reimu（博丽灵梦）","Robot Space Explorer","Shade Mod","StSLib","The Caster","The Cursed","The Disciple","The Dragon Tamer","The Druid","The Fake Hero","The Forsaken","The Gatherer","The Marked","TheBandit","TheSwordswoman"],"gold_per_floor":[109,124,124,5,22,53,53,64,64,64,75,93,93,103,103,208,208,228,228,228,243,243,257,257,272,296,296,314,342,358,378,378,477,477,489,489,489,489],"floor_reached":37,"playtime":5686,"items_purged":[],"score":395,"play_id":"f08d535a-e94f-47c1-a373-00d62c225eb6","local_time":"20210111080202","is_ascension_mode":false,"campfire_choices":[{"floor":7,"key":"REST"},{"floor":13,"key":"REST"},{"data":"blazmod:TrueOfHeart","floor":15,"key":"SMITH"},{"floor":24,"key":"REST"},{"floor":27,"key":"REST"},{"floor":32,"key":"REST"}],"circlet_count":0,"master_deck":["blazmod:Strike","blazmod:Strike","blazmod:Strike","blazmod:Strike","blazmod:Defend","blazmod:Defend","blazmod:ButterflyEffect","blazmod:Kyokasuigetsu","blazmod:StanceChange","blazmod:FortifiedVigor","blazmod:ClearTheMind","blazmod:ButterFlutter","blazmod:Crosscut","blazmod:TrueOfHeart+1","blazmod:PhoenixPlume","blazmod:Valiance","blazmod:Trasient","blazmod:KatanaStrike","blazmod:SeismicSlash","blazmod:OpenSpirit+1","blazmod:TrueOfHeart","blazmod:ButterFlutter","blazmod:Swordstorm","blazmod:StanceChange+1","blazmod:MindAtPeace","blazmod:BoulderFlash+1","blazmod:HoumatsuMugenKochouji+1","blazmod:DawnflutterDance+1","CurseOfTheBell","blazmod:BlindingFlash+1"],"relics":["blazmod:Venustas","EVO:Axolotl","NeowsBlessing","Orichalcum","Boot","Silver_Glasses","Gremlin Horn","Regal Pillow","Molten Egg 2","Calling Bell","Ginger","Dream Catcher","Singing Bowl"],"acts_visited":["Exordium","TheCity","TheBeyond"],"potions_floor_usage":[6,12,14,14,29,31,37],"damage_taken":[{"damage":0,"enemies":"Cultist","floor":1,"turns":1},{"damage":0,"enemies":"Jaw Worm","floor":2,"turns":1},{"damage":0,"enemies":"Small Slimes","floor":5,"turns":1},{"damage":28,"enemies":"Gremlin Nob","floor":6,"turns":6},{"damage":5,"enemies":"2 Fungi Beasts","floor":8,"turns":3},{"damage":0,"enemies":"Blue Slaver","floor":11,"turns":3},{"damage":0,"enemies":"Exordium Wildlife","floor":12,"turns":2},{"damage":2,"enemies":"Gremlin Gang","floor":14,"turns":3},{"damage":19,"enemies":"Hexaghost","floor":16,"turns":10},{"damage":12,"enemies":"Chosen","floor":18,"turns":5},{"damage":10,"enemies":"Shell Parasite","floor":21,"turns":6},{"damage":9,"enemies":"Chosen and Byrds","floor":23,"turns":8},{"damage":0,"enemies":"Centurion and Healer","floor":25,"turns":8},{"damage":8,"enemies":"Cultist and Chosen","floor":28,"turns":5},{"damage":23,"enemies":"Book of Stabbing","floor":29,"turns":8},{"damage":9,"enemies":"Sentry and Sphere","floor":30,"turns":5},{"damage":1,"enemies":"Centurion and Healer","floor":31,"turns":9},{"damage":28,"enemies":"Champ","floor":33,"turns":16},{"damage":8,"enemies":"3 Shapes","floor":35,"turns":3},{"damage":41,"enemies":"2 Orb Walkers","floor":37,"turns":5}],"seed_played":"-4094709446245195068","potions_obtained":[{"floor":5,"key":"DistilledChaos"},{"floor":6,"key":"Dexterity Potion"},{"floor":8,"key":"GrandPatriotsElixir:ReiMu"},{"floor":11,"key":"DistilledChaos"},{"floor":23,"key":"Block Potion"},{"floor":30,"key":"Block Potion"},{"floor":33,"key":"Weak Potion"}],"is_trial":false,"path_per_floor":["M","M","?","$","M","E","R","M","T","$","M","M","R","M","R","B",null,"M","?","?","M","T","M","R","M","T","R","M","E","M","M","R","B",null,"M","?","?"],"character_chosen":"THE_SWORDSWOMAN","items_purchased":["blazmod:ClearTheMind","blazmod:ButterFlutter"],"campfire_rested":5,"item_purchase_floors":[4,4],"current_hp_per_floor":[40,40,40,40,40,12,24,19,19,19,19,19,31,29,29,10,40,28,23,23,13,13,4,17,17,17,45,37,14,5,4,32,4,45,37,37,0,0],"gold":489,"neow_bonus":"THREE_ENEMY_KILL","is_daily":false,"chose_seed":false,"campfire_upgraded":1,"win_rate":0.0,"timestamp":1610370122,"path_taken":["M","?","?","$","M","E","R","M","T","$","M","?","R","M","R","BOSS","M","?","?","M","?","M","R","?","T","R","M","E","?","M","R","BOSS","M","?","?"],"items_purchased_type":["Card","Card"],"build_version":"2020-12-22","purchased_purges":0,"victory":false,"max_hp_per_floor":[40,40,40,40,40,40,40,40,40,40,40,40,40,40,40,40,40,40,45,45,45,45,45,45,45,45,45,45,45,45,45,45,45,45,45,45,45,45],"card_choices":[{"not_picked":["blazmod:FlashRock","blazmod:Trasient"],"picked":"blazmod:StanceChange","floor":1},{"not_picked":["blazmod:Valiance","blazmod:MentalFocus"],"picked":"blazmod:FortifiedVigor","floor":2},{"not_picked":["blazmod:PhysicalEndurance","blazmod:Lockswords"],"picked":"blazmod:Crosscut","floor":5},{"not_picked":["blazmod:KatanaStrike","blazmod:FortifiedVigor"],"picked":"blazmod:TrueOfHeart","floor":6},{"not_picked":["blazmod:WildButterfly","blazmod:DrippingWaterHollowsStone"],"picked":"blazmod:PhoenixPlume","floor":8},{"not_picked":["blazmod:DrippingWaterHollowsStone","blazmod:Setsuna"],"picked":"blazmod:Valiance","floor":11},{"not_picked":["blazmod:Valiance","blazmod:TravelJournal"],"picked":"blazmod:Trasient","floor":12},{"not_picked":["blazmod:FortifiedVigor","blazmod:SecondSight"],"picked":"blazmod:KatanaStrike","floor":14},{"not_picked":["blazmod:TrueSelf","blazmod:CrescentMoon"],"picked":"blazmod:SeismicSlash","floor":16},{"not_picked":["blazmod:Trasient+1","blazmod:FancifulFlutter"],"picked":"blazmod:OpenSpirit+1","floor":18},{"not_picked":["blazmod:Valiance","blazmod:SidewaySolace"],"picked":"blazmod:TrueOfHeart","floor":21},{"not_picked":["blazmod:PhysicalEndurance","blazmod:Valiance"],"picked":"blazmod:ButterFlutter","floor":23},{"not_picked":["blazmod:SecondSight","blazmod:FleetOfFoot"],"picked":"blazmod:Swordstorm","floor":25},{"not_picked":["blazmod:HarmonyComplete","blazmod:FortifiedVigor"],"picked":"blazmod:StanceChange+1","floor":28},{"not_picked":["blazmod:Contingency","blazmod:BoulderFlash+1"],"picked":"blazmod:MindAtPeace","floor":29},{"not_picked":["blazmod:ButterFlutter+1","blazmod:Crosscut+1"],"picked":"blazmod:BoulderFlash+1","floor":30},{"not_picked":["blazmod:Crosscut+1","blazmod:FleetOfFoot"],"picked":"blazmod:HoumatsuMugenKochouji+1","floor":31},{"not_picked":["blazmod:GlasswingWaltz","blazmod:TrueSelf+1"],"picked":"blazmod:DawnflutterDance+1","floor":33},{"not_picked":["blazmod:MindsEye+1","blazmod:FlashRock+1"],"picked":"blazmod:BlindingFlash+1","floor":35}],"player_experience":1735610,"relics_obtained":[{"floor":6,"key":"Orichalcum"},{"floor":9,"key":"Boot"},{"floor":22,"key":"Gremlin Horn"},{"floor":26,"key":"Regal Pillow"},{"floor":29,"key":"Molten Egg 2"},{"floor":34,"key":"Ginger"},{"floor":34,"key":"Dream Catcher"},{"floor":34,"key":"Singing Bowl"}],"event_choices":[{"cards_removed":["blazmod:Defend"],"damage_healed":0,"gold_gain":0,"player_choice":"Purged","damage_taken":0,"max_hp_gain":0,"max_hp_loss":0,"event_name":"Purifier","floor":3,"gold_loss":0},{"damage_healed":0,"gold_gain":0,"player_choice":"Shed Blood","damage_taken":10,"max_hp_gain":5,"max_hp_loss":0,"event_name":"Forgotten Altar","floor":19,"gold_loss":0},{"cards_removed":["blazmod:Defend"],"damage_healed":0,"gold_gain":0,"player_choice":"Removed Skill","damage_taken":0,"max_hp_gain":0,"max_hp_loss":0,"event_name":"Falling","floor":36,"gold_loss":0},{"damage_healed":0,"gold_gain":0,"player_choice":"Fight","damage_taken":0,"max_hp_gain":0,"max_hp_loss":0,"event_name":"Mysterious Sphere","floor":37,"gold_loss":0}],"is_beta":false,"boss_relics":[{"not_picked":["Coffee Dripper","Busted Crown"],"picked":"Silver_Glasses"},{"not_picked":["Tiny House","Velvet Choker"],"picked":"Calling Bell"}],"items_purged_floors":[],"is_endless":false,"potions_floor_spawned":[5,6,8,11,12,18,23,30,33],"killed_by":"2 Orb Walkers","ascension_level":0}}