{"host":"0pl361p0raiipqb8","time":1610386627,"event":{"mods":["BaseMod","Downfall","Googly Eyes","Marisa????????","Minty Spire (QoL Compilation)","Replay The Spire","StSLib"],"gold_per_floor":[114,129,129,144,144,159,189,264,314,344,71,86,86,101,101,201,201,216,231,243,2,2,2,2],"floor_reached":23,"playtime":3095,"items_purged":[],"score":251,"play_id":"8f8b6864-1a7b-4261-9663-aaec69ed2a7c","local_time":"20210111203707","daily_mods":["SealedDeck","Green Cards","Lethality"],"is_ascension_mode":false,"campfire_choices":[{"floor":15,"key":"REST"}],"circlet_count":0,"master_deck":["Dagger Spray","All Out Attack","Dagger Throw+1","Flying Knee","sneckomod:Unknown1Cost","sneckomod:UnknownUncommonPower","ReplayTheSpireMod:Scrap Shanks","sneckomod:ImprovisedGuard","sneckomod:WideSting","Underhanded Strike+1","All Out Attack+1","Leg Sweep","sneckomod:UnknownClassGREEN","Accuracy","sneckomod:UnknownClassBLUE","Concentrate","sneckomod:MasterEye","sneckomod:UnknownCommonSkill","Flying Knee","sneckomod:UnknownClassSLIMEBOUND","sneckomod:Unknown3Cost","Backflip","sneckomod:DiceBlock","Acrobatics+1","Footwork","sneckomod:UnknownCommonAttack"],"relics":["sneckomod:SneckoSoul","Ginger","Whetstone","Replay:Accelerometer","Pet Ghost","sneckomod:SneckoTalon","Red Mask","Blue Doll"],"acts_visited":["Exordium","TheCity"],"potions_floor_usage":[16,16,16,19,23],"damage_taken":[{"damage":7,"enemies":"Jaw Worm","floor":1,"turns":2},{"damage":0,"enemies":"2 Louse","floor":2,"turns":1},{"damage":0,"enemies":"Small Slimes","floor":4,"turns":1},{"damage":17,"enemies":"Red Slaver","floor":6,"turns":4},{"damage":0,"enemies":"Gremlin Nob","floor":7,"turns":3},{"damage":0,"enemies":"Lagavulin","floor":10,"turns":6},{"damage":0,"enemies":"Looter","floor":12,"turns":1},{"damage":0,"enemies":"2 Fungi Beasts","floor":14,"turns":2},{"damage":42,"enemies":"Hexaghost","floor":16,"turns":7},{"damage":0,"enemies":"3 Byrds","floor":18,"turns":3},{"damage":31,"enemies":"Spheric Guardian","floor":19,"turns":4},{"damage":20,"enemies":"Masked Bandits","floor":20,"turns":3},{"damage":36,"enemies":"Shelled Parasite and Fungi","floor":23,"turns":3}],"seed_played":"2608465768335268498","potions_obtained":[{"floor":2,"key":"EssenceOfSteel"},{"floor":10,"key":"ColorlessPotion"},{"floor":13,"key":"CultistPotion"},{"floor":16,"key":"LifebloodPotion"},{"floor":20,"key":"Reflective Coating"}],"is_trial":false,"path_per_floor":["M","M","?","M","?","M","E","?","T","E","$","M","?","M","R","B",null,"M","M","?","$","?","M"],"character_chosen":"THE_SNECKO","items_purchased":["Pet Ghost","sneckomod:MasterEye","sneckomod:UnknownCommonSkill","Blue Doll","Footwork","sneckomod:UnknownCommonAttack"],"campfire_rested":1,"item_purchase_floors":[11,11,11,21,21,21],"current_hp_per_floor":[85,85,85,86,86,69,70,59,59,59,60,60,60,61,89,48,97,97,74,54,55,35,0,0],"gold":2,"neow_bonus":"","is_daily":true,"chose_seed":false,"campfire_upgraded":0,"win_rate":0.0,"timestamp":1610386627,"path_taken":["M","M","?","M","?","M","E","?","T","E","$","M","?","?","R","BOSS","M","M","?","$","?","M"],"items_purchased_type":["Relic","Card","Card","Relic","Card","Card"],"build_version":"2020-12-22","purchased_purges":0,"victory":false,"max_hp_per_floor":[92,92,92,93,93,93,94,94,94,94,95,95,95,96,96,97,97,97,97,97,98,103,103,103],"card_choices":[{"not_picked":["sneckomod:UnknownUncommonPower","Dash"],"picked":"Underhanded Strike","floor":1},{"not_picked":["Deflect","Distraction"],"picked":"All Out Attack","floor":2},{"not_picked":["Bane","sneckomod:Unknown1Cost"],"picked":"sneckomod:UnknownClassGREEN","floor":4},{"not_picked":["Predator","sneckomod:QuickBite"],"picked":"Accuracy","floor":6},{"not_picked":["sneckomod:QuickMove","sneckomod:UnknownCommonSkill"],"picked":"sneckomod:UnknownClassBLUE","floor":7},{"not_picked":["Blur","Cloak And Dagger"],"picked":"Concentrate","floor":10},{"not_picked":["sneckomod:SoulDraw","Bane"],"picked":"Flying Knee","floor":12},{"not_picked":["PiercingWail","Flying Knee"],"picked":"sneckomod:UnknownClassSLIMEBOUND","floor":14},{"not_picked":["sneckomod:DangerNoodle","Night Terror"],"picked":"sneckomod:Unknown3Cost","floor":16},{"not_picked":["Slice+1","sneckomod:Unknown1Cost"],"picked":"Backflip","floor":18},{"not_picked":["sneckomod:UnknownStrength","sneckomod:Rotation"],"picked":"sneckomod:DiceBlock","floor":19},{"not_picked":["Dagger Spray","sneckomod:Unknown2Cost"],"picked":"Acrobatics+1","floor":20}],"player_experience":199926,"relics_obtained":[{"floor":7,"key":"Ginger"},{"floor":9,"key":"Whetstone"},{"floor":10,"key":"Replay:Accelerometer"},{"floor":20,"key":"Red Mask"}],"event_choices":[{"damage_healed":0,"gold_gain":0,"cards_transformed":["sneckomod:Nope"],"player_choice":"Change","damage_taken":0,"max_hp_gain":0,"max_hp_loss":0,"event_name":"Living Wall","floor":3,"gold_loss":0,"cards_obtained":["Leg Sweep"]},{"damage_healed":0,"gold_gain":75,"player_choice":"Gather Gold","damage_taken":11,"max_hp_gain":0,"max_hp_loss":0,"event_name":"World of Goop","floor":8,"gold_loss":0},{"damage_healed":0,"gold_gain":0,"player_choice":"Got Potions","damage_taken":0,"max_hp_gain":0,"max_hp_loss":0,"event_name":"Lab","floor":13,"gold_loss":0},{"damage_healed":0,"gold_gain":0,"player_choice":"Fought Bandits","damage_taken":0,"max_hp_gain":0,"max_hp_loss":0,"event_name":"Masked Bandits","floor":20,"gold_loss":0},{"damage_healed":0,"gold_gain":0,"player_choice":"Shed Blood","damage_taken":25,"max_hp_gain":5,"max_hp_loss":0,"event_name":"Forgotten Altar","floor":22,"gold_loss":0}],"is_beta":false,"boss_relics":[{"not_picked":["Empty Cage","Snecko Eye"],"picked":"sneckomod:SneckoTalon"}],"items_purged_floors":[],"is_endless":false,"potions_floor_spawned":[2,10,16,20],"killed_by":"Shelled Parasite and Fungi","ascension_level":0}}