{"host":"4qkvkh7pd9qr2mca","time":1610391818,"event":{"mods":["AchievementEnabler","BaseMod","Colored Map","Colored Powertips","Highlight Path","Minty Spire (QoL Compilation)","Permanent Neow","Quick Restart","StSLib","SuperFastMode"],"gold_per_floor":[158,191,249,302,352,352,415,445,445,445,458,518,518,557,557,681,681,706,64,64,64,108,108,108,133,133],"floor_reached":25,"playtime":989,"items_purged":["Strike_G"],"score":426,"play_id":"fd76c440-a235-469b-926c-97c1adc1e8e9","local_time":"20210111200338","is_ascension_mode":true,"campfire_choices":[{"data":"HandOfGreed","floor":6,"key":"SMITH"},{"floor":10,"key":"REST"},{"floor":15,"key":"REST"},{"floor":23,"key":"REST"},{"floor":24,"key":"REST"}],"circlet_count":0,"master_deck":["AscendersBane","Strike_G","Strike_G","Strike_G","Strike_G","Defend_G","Defend_G","Defend_G","Defend_G","Defend_G","Survivor","Neutralize","HandOfGreed+1","Footwork","Blur","Backflip","Footwork","Noxious Fumes","Slice","Infinite Blades","Dodge and Roll","After Image","PiercingWail"],"relics":["Ring of the Snake","Omamori","Lantern","Orichalcum","Golden Idol","Calling Bell","Bag of Preparation","Sundial","WingedGreaves","Shuriken","Mercury Hourglass","Gremlin Horn"],"acts_visited":["Exordium","TheCity"],"potions_floor_usage":[4,8,12,14,22],"damage_taken":[{"damage":0,"enemies":"Small Slimes","floor":1,"turns":3},{"damage":1,"enemies":"Cultist","floor":2,"turns":5},{"damage":0,"enemies":"2 Louse","floor":3,"turns":4},{"damage":6,"enemies":"Large Slime","floor":4,"turns":11},{"damage":1,"enemies":"2 Fungi Beasts","floor":7,"turns":6},{"damage":35,"enemies":"Gremlin Nob","floor":8,"turns":6},{"damage":0,"enemies":"Blue Slaver","floor":11,"turns":4},{"damage":14,"enemies":"Lagavulin","floor":12,"turns":7},{"damage":11,"enemies":"Gremlin Gang","floor":14,"turns":6},{"damage":6,"enemies":"Slime Boss","floor":16,"turns":14},{"damage":12,"enemies":"Shell Parasite","floor":18,"turns":11},{"damage":24,"enemies":"3 Byrds","floor":22,"turns":5},{"damage":69,"enemies":"Slavers","floor":25,"turns":5}],"seed_played":"2366843423070644620","potions_obtained":[{"floor":2,"key":"DistilledChaos"},{"floor":3,"key":"Weak Potion"},{"floor":8,"key":"Weak Potion"},{"floor":11,"key":"Poison Potion"},{"floor":14,"key":"FairyPotion"},{"floor":18,"key":"Weak Potion"}],"is_trial":false,"path_per_floor":["M","M","M","M","?","R","M","E","T","R","M","E","?","M","R","B",null,"M","$","?","?","M","R","R","E"],"character_chosen":"THE_SILENT","items_purchased":["Shuriken","Mercury Hourglass"],"campfire_rested":4,"item_purchase_floors":[19,19],"current_hp_per_floor":[59,58,58,52,46,46,45,10,10,28,28,14,14,3,19,13,44,32,32,32,32,8,24,40,0,0],"gold":133,"neow_bonus":"RANDOM_COLORLESS_2","is_daily":false,"chose_seed":false,"campfire_upgraded":1,"win_rate":0.0,"timestamp":1610391818,"path_taken":["M","M","M","M","?","R","?","E","T","R","M","E","?","M","R","BOSS","M","$","?","?","M","R","R","E"],"items_purchased_type":["Relic","Relic"],"build_version":"2020-12-22","purchased_purges":1,"victory":false,"max_hp_per_floor":[60,60,60,60,60,60,60,60,60,60,60,60,54,54,54,54,54,54,54,54,54,54,54,54,54,54],"card_choices":[{"not_picked":["The Bomb","Sadistic Nature"],"picked":"HandOfGreed","floor":0},{"not_picked":["Deadly Poison","Blade Dance"],"picked":"Footwork","floor":1},{"not_picked":["Quick Slash","Accuracy"],"picked":"Blur","floor":2},{"not_picked":["Distraction","Prepared"],"picked":"Backflip","floor":3},{"not_picked":["Dagger Throw","Finisher"],"picked":"Footwork","floor":4},{"not_picked":["Deadly Poison","Dagger Spray"],"picked":"Noxious Fumes","floor":7},{"not_picked":["Setup","Caltrops","Dagger Throw"],"picked":"SKIP","floor":8},{"not_picked":["Storm of Steel","Quick Slash"],"picked":"Slice","floor":11},{"not_picked":["Outmaneuver","Dagger Throw"],"picked":"Infinite Blades","floor":12},{"not_picked":["Underhanded Strike","Flying Knee"],"picked":"Dodge and Roll","floor":14},{"not_picked":["Doppelganger","Bullet Time"],"picked":"After Image","floor":16},{"not_picked":["Bane","Choke+1","Dagger Spray"],"picked":"SKIP","floor":18},{"not_picked":["Deadly Poison","Terror"],"picked":"PiercingWail","floor":22}],"player_experience":538273,"relics_obtained":[{"floor":8,"key":"Omamori"},{"floor":9,"key":"Lantern"},{"floor":12,"key":"Orichalcum"},{"floor":17,"key":"Bag of Preparation"},{"floor":17,"key":"Sundial"},{"floor":17,"key":"WingedGreaves"}],"event_choices":[{"damage_healed":0,"gold_gain":50,"player_choice":"Touch","damage_taken":6,"max_hp_gain":0,"max_hp_loss":0,"event_name":"FaceTrader","floor":5,"gold_loss":0},{"damage_healed":0,"gold_gain":0,"player_choice":"Lose Max HP","damage_taken":0,"relics_obtained":["Golden Idol"],"max_hp_gain":0,"max_hp_loss":6,"event_name":"Golden Idol","floor":13,"gold_loss":0},{"damage_healed":0,"gold_gain":0,"player_choice":"Ignored","damage_taken":0,"max_hp_gain":0,"max_hp_loss":0,"event_name":"Ghosts","floor":20,"gold_loss":0},{"damage_healed":0,"gold_gain":0,"player_choice":"Stole Relic","damage_taken":0,"relics_obtained":["Gremlin Horn"],"max_hp_gain":0,"max_hp_loss":0,"event_name":"Addict","floor":21,"gold_loss":0,"cards_obtained":["Shame"]}],"is_beta":false,"boss_relics":[{"not_picked":["Coffee Dripper","Black Star"],"picked":"Calling Bell"}],"items_purged_floors":[19],"is_endless":false,"potions_floor_spawned":[2,3,8,11,14,18],"killed_by":"Slavers","ascension_level":20}}