{"host":"b995t17pt6d05w8c","time":1610373995,"event":{"mods":["AchievementEnabler","BaseMod","Colored Map","Minty Spire (QoL Compilation)","SuperFastMode"],"gold_per_floor":[114,132,232,252,272,272,285,305,355,355,94,94,169,188,188,261,261,276,176,91,91,110,110,124,150,173,173,173,173],"floor_reached":28,"playtime":780,"items_purged":["Strike_G","Strike_G"],"score":421,"play_id":"8dc93fd8-7629-4c3f-8c3b-ed061b4afeb9","local_time":"20210111230635","is_ascension_mode":true,"campfire_choices":[{"data":"Deadly Poison","floor":6.0,"key":"SMITH"},{"data":"Neutralize","floor":10.0,"key":"SMITH"},{"data":"Catalyst","floor":12.0,"key":"SMITH"},{"floor":15.0,"key":"REST"},{"data":"Well Laid Plans","floor":23.0,"key":"SMITH"},{"floor":27.0,"key":"REST"}],"circlet_count":0,"master_deck":["AscendersBane","Strike_G","Strike_G","Strike_G","Defend_G","Defend_G","Defend_G","Defend_G","Defend_G","Survivor","Neutralize+1","Deadly Poison+1","Backflip","Acrobatics","Crippling Poison","Well Laid Plans+1","Catalyst+1","Burst","Dagger Throw","Backstab+1","Acrobatics+1","Prepared+1"],"relics":["Ring of the Snake","Art of War","Orrery","HoveringKite","Matryoshka","Toxic Egg 2","Question Card","Dream Catcher"],"acts_visited":["Exordium","TheCity"],"potions_floor_usage":[28,28],"damage_taken":[{"damage":3.0,"enemies":"Small Slimes","floor":1.0,"turns":5.0},{"damage":1.0,"enemies":"Cultist","floor":2.0,"turns":4.0},{"damage":2.0,"enemies":"Jaw Worm","floor":4.0,"turns":5.0},{"damage":3.0,"enemies":"Red Slaver","floor":5.0,"turns":6.0},{"damage":17.0,"enemies":"Lots of Slimes","floor":7.0,"turns":5.0},{"damage":1.0,"enemies":"Looter","floor":8.0,"turns":4.0},{"damage":8.0,"enemies":"Exordium Wildlife","floor":14.0,"turns":3.0},{"damage":23.0,"enemies":"The Guardian","floor":16.0,"turns":6.0},{"damage":0.0,"enemies":"Chosen","floor":18.0,"turns":4.0},{"damage":9.0,"enemies":"Shell Parasite","floor":22.0,"turns":4.0},{"damage":26.0,"enemies":"Shelled Parasite and Fungi","floor":24.0,"turns":4.0},{"damage":25.0,"enemies":"Book of Stabbing","floor":25.0,"turns":5.0},{"damage":31,"enemies":"Slavers","floor":28,"turns":2}],"seed_played":"4716726228849284590","potions_obtained":[{"floor":2.0,"key":"PowerPotion"},{"floor":7.0,"key":"Ancient Potion"},{"floor":8.0,"key":"LiquidMemories"},{"floor":16.0,"key":"Weak Potion"},{"floor":18.0,"key":"LiquidBronze"}],"is_trial":false,"path_per_floor":["M","M","?","M","M","R","M","M","T","R","$","R","?","M","R","B",null,"M","$","?","$","M","R","M","E","T","R","E"],"character_chosen":"THE_SILENT","items_purchased":["Catalyst","Orrery"],"campfire_rested":2,"item_purchase_floors":[11,11],"current_hp_per_floor":[67,66,66,64,61,61,44,43,43,43,43,43,36,28,51,28,65,65,65,65,65,56,56,30,5,5,28,0,0],"gold":173,"neow_bonus":"TEN_PERCENT_HP_BONUS","is_daily":false,"chose_seed":false,"campfire_upgraded":4,"win_rate":0.0,"timestamp":1610373995,"path_taken":["M","M","?","M","?","R","M","M","T","R","$","R","?","?","R","BOSS","M","?","?","?","M","R","M","E","T","R","E"],"items_purchased_type":["Card","Relic"],"build_version":"2020-12-22","purchased_purges":2,"victory":false,"max_hp_per_floor":[77,77,77,77,77,77,77,77,77,77,77,77,77,77,77,77,77,77,77,77,77,77,77,77,77,77,77,77,77],"card_choices":[{"not_picked":["Deflect","Dagger Spray"],"picked":"Deadly Poison","floor":1.0},{"not_picked":["Outmaneuver","Tools of the Trade"],"picked":"Backflip","floor":2.0},{"not_picked":["Poisoned Stab","Setup"],"picked":"Acrobatics","floor":4.0},{"not_picked":["Choke","Blade Dance"],"picked":"Crippling Poison","floor":5.0},{"not_picked":["Skewer","Endless Agony"],"picked":"Well Laid Plans","floor":7.0},{"not_picked":["Dagger Throw","Dagger Spray","Poisoned Stab"],"picked":"SKIP","floor":8.0},{"not_picked":["Backflip","Dodge and Roll"],"picked":"Burst","floor":11.0},{"not_picked":["Doppelganger","Terror"],"picked":"Dagger Throw","floor":11.0},{"not_picked":["Bane","Blade Dance","Flying Knee"],"picked":"SKIP","floor":14.0},{"not_picked":["Poisoned Stab","Endless Agony","Deadly Poison"],"picked":"SKIP","floor":18.0},{"not_picked":["Poisoned Stab","Endless Agony","Deadly Poison"],"picked":"SKIP","floor":18.0},{"not_picked":["Setup","Underhanded Strike"],"picked":"Backstab+1","floor":22.0},{"not_picked":["Underhanded Strike","Dagger Throw+1","Deadly Poison"],"picked":"SKIP","floor":24.0},{"not_picked":["Heel Hook","Dagger Spray"],"picked":"Acrobatics+1","floor":25.0},{"not_picked":["Well Laid Plans+1","Skewer","Noxious Fumes"],"picked":"Prepared+1","floor":27.0}],"player_experience":97924,"relics_obtained":[{"floor":9.0,"key":"Art of War"},{"floor":25.0,"key":"Toxic Egg 2"},{"floor":26.0,"key":"Question Card"},{"floor":26.0,"key":"Dream Catcher"}],"event_choices":[{"damage_healed":0.0,"max_hp_gain":0.0,"max_hp_loss":0.0,"gold_gain":100.0,"event_name":"Golden Shrine","player_choice":"Pray","floor":3.0,"gold_loss":0.0,"damage_taken":0.0},{"damage_healed":0.0,"max_hp_gain":0.0,"max_hp_loss":0.0,"gold_gain":75.0,"event_name":"FaceTrader","player_choice":"Touch","floor":13.0,"gold_loss":0.0,"damage_taken":7.0},{"damage_healed":0.0,"max_hp_gain":0.0,"max_hp_loss":0.0,"gold_gain":0.0,"event_name":"Addict","player_choice":"Obtained Relic","floor":20.0,"gold_loss":85.0,"damage_taken":0.0,"relics_obtained":["Matryoshka"]}],"is_beta":false,"boss_relics":[{"not_picked":["Calling Bell","Busted Crown"],"picked":"HoveringKite"}],"items_purged_floors":[11,19],"is_endless":false,"potions_floor_spawned":[2,7,8,16,18,25],"killed_by":"Slavers","ascension_level":13}}