{"host":"spsrt7uenoh0uedx","time":1610340374,"event":{"mods":["Act Like it!","Arknights The Spire","BaseMod","Downfall","Friendly Minions","Gensokyo","Hallownest","Kiyohime（清姬）","Marisa（F雨　魔理沙）","Minty Spire (QoL Compilation)","SOS（斯巴达之子）","StSLib","The Bug Knight","The Cursed","The Gatherer","The Hierophant","The Runesmith","The Servant 0.9.4","WarShipGirlsR/战舰少女R mod","Youmu（魂魄妖梦）","Yuri Mod"],"gold_per_floor":[32,83,116,116,116,179,179],"floor_reached":6,"playtime":275,"items_purged":[],"score":96,"play_id":"7daa3022-7555-46cf-aa7f-e2db30a55b62","local_time":"20210111124614","is_ascension_mode":false,"campfire_choices":[],"circlet_count":0,"master_deck":["Attack_a","Attack_a","Attack_b","Shoot","Shoot","Provocation","Defend_Dante","Defend_Dante","Defend_Dante","Defend_Dante","Redorb+1","Pandora","Millionstab","LucifercomboB","Hallownest:skillSlugHide","Hallownest:skillSlugHide","Hallownest:skillSlugHide","Hallownest:skillSlugHide","Hallownest:skillSlugHide","Pandora"],"relics":["SSS","Combocheck","FossilizedHelix","Bottled Tornado"],"acts_visited":["Hallownest:Greenpath"],"potions_floor_usage":[],"damage_taken":[{"damage":0,"enemies":"Hallownest:2_MossCreeps","floor":1,"turns":3},{"damage":11,"enemies":"Hallownest:2_Tiktiks_and_1_Crawlid","floor":2,"turns":3},{"damage":18,"enemies":"2_ Uuma","floor":3,"turns":7},{"damage":0,"enemies":"Hallownest:eliteVengeflyKing","floor":6,"turns":5}],"seed_played":"7023723726048803380","potions_obtained":[{"floor":1,"key":"Ancient Potion"}],"is_trial":false,"path_per_floor":["M","M","M","?","?","E"],"character_chosen":"DANTE","items_purchased":[],"campfire_rested":0,"item_purchase_floors":[],"current_hp_per_floor":[80,69,51,51,51,51,51],"gold":179,"neow_bonus":"ONE_RARE_RELIC","is_daily":false,"chose_seed":false,"campfire_upgraded":0,"win_rate":0.0,"timestamp":1610340374,"path_taken":["M","M","M","?","?","E"],"items_purchased_type":[],"build_version":"2020-12-22","purchased_purges":0,"victory":false,"max_hp_per_floor":[80,80,80,80,80,80,80],"card_choices":[{"not_picked":["Chargeshoot2","Royaldefend"],"picked":"Pandora","floor":1},{"not_picked":["Airhike","Royaldefend"],"picked":"Millionstab","floor":2},{"not_picked":["LucifercomboC","LucifercomboA"],"picked":"LucifercomboB","floor":3},{"not_picked":["Fullhouse","Stinger"],"picked":"Pandora","floor":6}],"player_experience":252325,"relics_obtained":[{"floor":6,"key":"Bottled Tornado"}],"event_choices":[],"is_beta":false,"boss_relics":[],"items_purged_floors":[],"is_endless":false,"potions_floor_spawned":[1],"killed_by":"Hallownest:eliteVengeflyKing","ascension_level":0}}