{"host":"bplbr8uekuotory4","time":1610357050,"event":{"mods":["Act Like it!","BaseMod","Custom Start","Gensokyo","GungeonMod","Hermit","KinomotoSakuraMod(ƒæ÷Æ±æ”£)","Koishi","Marisa£®ÏF”Í°°ƒß¿Ì…≥£©","Minty Spire (QoL Compilation)","Prisma Mod","Quick Restart","Reimu£®≤©¿ˆ¡È√Œ£©","SOS£®Àπ∞Õ¥Ô÷Æ◊”£©","Spicy Shops","StSLib","TestMod","The Alterego","The Blackbeard","The Cursed","The Marked","The Mystic","The Runesmith","The Saiyan","The Servant 0.9.4","Yuri Mod","[IsaacMod]“‘»ˆº‚À˛","vexMod"],"gold_per_floor":[112,127,142,67,82,82,110,60,60,60,74,95,147,182,182,290,290,306,322,327,327],"floor_reached":20,"playtime":536,"items_purged":["theMarked:Strike","theMarked:Defend"],"score":222,"play_id":"c0ec1d28-cce1-4503-9c0b-55d6cc627495","local_time":"20210111172410","is_ascension_mode":true,"campfire_choices":[{"data":"theMarked:BanishingStrike","floor":6,"key":"SMITH"},{"data":"theMarked:ShockingTouch","floor":10,"key":"SMITH"},{"data":"theMarked:ResourceFulStrike","floor":15,"key":"SMITH"}],"circlet_count":0,"master_deck":["theMarked:Strike","theMarked:Strike","theMarked:Defend","theMarked:SoldierOfQuellstein","theMarked:ResourceFulStrike+1","theMarked:BanishingStrike+1","theMarked:ShockingTouch+1","theMarked:AttractMetal","theMarked:ChannelForce","theMarked:WastefulAttack+1","theMarked:BindingBlade+1","theMarked:EternalStudent+1"],"relics":["theMarked:ArtifactOfAir","testmod-TestBox","HushsDoor","SteamSale","testmod-ChristmasGift","NeowsBlessing","MealTicket","testmod-Acrobat","Runesmith:Nanobots","HowToJump","Astrolabe","Damocles","DemoMod:Relodestone","Art of War"],"acts_visited":["Exordium","TheCity"],"potions_floor_usage":[14,16,16],"damage_taken":[{"damage":0,"enemies":"Cultist","floor":1,"turns":1},{"damage":0,"enemies":"Small Slimes","floor":2,"turns":1},{"damage":0,"enemies":"2 Louse","floor":3,"turns":1},{"damage":0,"enemies":"2 Fungi Beasts","floor":5,"turns":3},{"damage":33,"enemies":"Lagavulin","floor":7,"turns":6},{"damage":4,"enemies":"Lots of Slimes","floor":11,"turns":3},{"damage":16,"enemies":"Large Slime","floor":12,"turns":3},{"damage":0,"enemies":"Gremlin Nob","floor":14,"turns":2},{"damage":1,"enemies":"Hexaghost","floor":16,"turns":4},{"damage":0,"enemies":"Chosen","floor":18,"turns":2},{"damage":23,"enemies":"Shell Parasite","floor":19,"turns":3},{"damage":25,"enemies":"Sentry and Sphere","floor":20,"turns":4}],"seed_played":"-7143899798314463144","potions_obtained":[{"floor":1,"key":"BlessingOfTheForge"},{"floor":5,"key":"FearPotion"},{"floor":7,"key":"DistilledChaos"},{"floor":11,"key":"theMarked:SummonPotion"},{"floor":18,"key":"SteroidPotion"}],"is_trial":false,"path_per_floor":["M","M","M","$","M","R","E","?","T","R","M","M","?","E","R","B",null,"M","M","M"],"character_chosen":"THE_DEFAULT","items_purchased":["MealTicket","Damocles"],"campfire_rested":0,"item_purchase_floors":[4,17],"current_hp_per_floor":[70,70,70,70,70,70,40,40,40,40,36,22,7,7,7,8,55,55,37,0,0],"gold":327,"neow_bonus":"THREE_ENEMY_KILL","is_daily":false,"chose_seed":false,"campfire_upgraded":3,"win_rate":0.0,"timestamp":1610357050,"path_taken":["M","?","M","$","M","R","E","?","T","R","M","M","?","E","R","BOSS","M","?","M"],"items_purchased_type":["Relic","Relic"],"build_version":"2020-12-22","purchased_purges":2,"victory":false,"max_hp_per_floor":[70,70,70,70,70,70,70,70,70,70,70,70,70,70,70,70,55,55,55,55,55],"card_choices":[{"not_picked":["theMarked:RepellingDischarge","theMarked:Frustration"],"picked":"theMarked:ResourceFulStrike","floor":1},{"not_picked":["theMarked:TakeCover","theMarked:RepellingDischarge"],"picked":"theMarked:BanishingStrike","floor":2},{"not_picked":["theMarked:HeritageOfTheMarked","theMarked:WardOff"],"picked":"theMarked:ShockingTouch","floor":3},{"not_picked":["theMarked:Aftermath","theMarked:SelfDefenseTraining","theMarked:TwofoldDefense"],"picked":"SKIP","floor":5},{"not_picked":["theMarked:ResourceFulStrike","theMarked:Frustration"],"picked":"theMarked:AttractMetal","floor":7},{"not_picked":["theMarked:ShockingTouch","theMarked:ContemptForTheProud","theMarked:SwordAndMagic"],"picked":"SKIP","floor":11},{"not_picked":["theMarked:ElectricStrings","theMarked:Convert","theMarked:ResourceFulStrike"],"picked":"SKIP","floor":12},{"not_picked":["theMarked:Polarize","theMarked:EmpowerWeapon","theMarked:Frustration"],"picked":"SKIP","floor":14},{"not_picked":["theMarked:Snap","theMarked:TurnInvisible"],"picked":"theMarked:ChannelForce","floor":16},{"not_picked":["theMarked:Frustration","theMarked:ShockingTouch","theMarked:ElectricStrings"],"picked":"SKIP","floor":18},{"not_picked":["theMarked:GodGivenPower+1","theMarked:ElectricStrings","theMarked:Static"],"picked":"SKIP","floor":19}],"player_experience":1190952,"relics_obtained":[{"floor":7,"key":"testmod-Acrobat"},{"floor":9,"key":"Runesmith:Nanobots"},{"floor":14,"key":"HowToJump"},{"floor":18,"key":"DemoMod:Relodestone"},{"floor":19,"key":"Art of War"}],"event_choices":[{"cards_removed":["theMarked:Strike"],"damage_healed":0,"gold_gain":0,"player_choice":"Card Removal","damage_taken":0,"max_hp_gain":0,"max_hp_loss":0,"event_name":"The Cleric","floor":8,"gold_loss":50}],"is_beta":false,"boss_relics":[{"not_picked":["RedLine:ReiMu","testmod-BloodSacrificeSpiritualization"],"picked":"Astrolabe"},{"not_picked":[]}],"items_purged_floors":[4,17],"is_endless":false,"potions_floor_spawned":[1,5,7,11,12,18],"killed_by":"Sentry and Sphere","ascension_level":1}}