{"host":"l60rmjjsfi0fipmi","time":1610408191,"event":{"mods":["BaseMod","Colored Map","DeckTracker","Highlight Path","Minty Spire (QoL Compilation)"],"gold_per_floor":[116,129,144,144,161,161,180,192,238,266,227,227,227],"floor_reached":12,"playtime":655,"items_purged":[],"score":94,"play_id":"e7cb5bad-b449-4da1-8fa8-c710551b9dba","local_time":"20210111183631","is_ascension_mode":true,"campfire_choices":[{"data":"Zap","floor":6,"key":"SMITH"}],"circlet_count":0,"master_deck":["Strike_B","Strike_B","Strike_B","Defend_B","Defend_B","Defend_B","Defend_B","Zap+1","Dualcast","Amplify","Leap","Self Repair","Static Discharge","Cold Snap","Coolheaded","Thunder Strike","Sweeping Beam","Capacitor"],"relics":["Cracked Core","Pen Nib","Matryoshka"],"acts_visited":["Exordium"],"potions_floor_usage":[8,10],"damage_taken":[{"damage":1,"enemies":"Cultist","floor":1,"turns":3},{"damage":6,"enemies":"Jaw Worm","floor":2,"turns":5},{"damage":7,"enemies":"Small Slimes","floor":3,"turns":4},{"damage":9,"enemies":"Exordium Wildlife","floor":5,"turns":5},{"damage":29,"enemies":"Large Slime","floor":7,"turns":7},{"damage":23,"enemies":"Lots of Slimes","floor":8,"turns":5},{"damage":29,"enemies":"Lagavulin","floor":10,"turns":5},{"damage":20,"enemies":"3 Sentries","floor":12,"turns":4}],"seed_played":"8304588470091069840","potions_obtained":[{"floor":1,"key":"DuplicationPotion"},{"floor":3,"key":"DistilledChaos"},{"floor":5,"key":"SmokeBomb"}],"is_trial":false,"path_per_floor":["M","M","M","?","M","R","M","M","T","E","$","E"],"character_chosen":"DEFECT","items_purchased":["Capacitor"],"campfire_rested":0,"item_purchase_floors":[11],"current_hp_per_floor":[74,68,75,75,73,73,51,42,42,20,20,0,0],"gold":227,"neow_bonus":"ONE_RANDOM_RARE_CARD","is_daily":false,"chose_seed":false,"campfire_upgraded":1,"win_rate":0.0,"timestamp":1610408191,"path_taken":["M","?","M","?","M","R","M","M","T","E","$","E"],"items_purchased_type":["Card"],"build_version":"2020-12-22","purchased_purges":0,"victory":false,"max_hp_per_floor":[75,75,75,75,75,75,75,75,75,75,75,75,75],"card_choices":[{"not_picked":["Storm","Redo"],"picked":"Leap","floor":1},{"not_picked":["Steam","Coolheaded"],"picked":"Self Repair","floor":2},{"not_picked":["Steam","Stack"],"picked":"Static Discharge","floor":3},{"not_picked":["Darkness","Go for the Eyes"],"picked":"Cold Snap","floor":5},{"not_picked":["Go for the Eyes","Recycle"],"picked":"Coolheaded","floor":7},{"not_picked":["Gash","Coolheaded"],"picked":"Thunder Strike","floor":8},{"not_picked":["Gash","Leap"],"picked":"Sweeping Beam","floor":10}],"player_experience":341810,"relics_obtained":[{"floor":9,"key":"Pen Nib"},{"floor":10,"key":"Matryoshka"}],"event_choices":[{"cards_removed":["Strike_B"],"damage_healed":0,"gold_gain":0,"player_choice":"Purged","damage_taken":0,"max_hp_gain":0,"max_hp_loss":0,"event_name":"Purifier","floor":4,"gold_loss":0}],"is_beta":false,"boss_relics":[],"items_purged_floors":[],"is_endless":false,"potions_floor_spawned":[1,3,5],"killed_by":"3 Sentries","ascension_level":3}}