{"host":"kw4o7b3ro2ktmmbe","time":1610348125,"event":{"mods":["BaseMod","Evolution","Minty Spire (QoL Compilation)","StSLib","TheArtist"],"gold_per_floor":[109,59,69,69,87,119,119,130,156,156,13,27,42,58,58,179,179,203,203,563,100,118,132,132,95,95,95,131,131,151,151,151],"floor_reached":31,"playtime":4792,"items_purged":[],"score":257,"play_id":"cc5335d9-29a1-40ab-9f41-c3b641b38a6b","local_time":"20210111195525","is_ascension_mode":false,"campfire_choices":[{"data":"artistmod:HorridHarvest","floor":7,"key":"SMITH"},{"floor":15,"key":"REST"},{"data":"artistmod:GrowingGreens","floor":24,"key":"SMITH"},{"data":"artistmod:BlueBarrier","floor":29,"key":"SMITH"}],"circlet_count":0,"master_deck":["artistmod:CursedClash","artistmod:StrokeStrike","artistmod:StrokeStrike","artistmod:DaringDefend","artistmod:DaringDefend","artistmod:DaringDefend","artistmod:DaringDefend","artistmod:BrushBash","artistmod:DarkenDrawing","artistmod:CursedClash","artistmod:HorridHarvest+1","artistmod:SimpleStudies","artistmod:GrowingGreens+1","artistmod:BlueBurst","artistmod:BlueBarrier+1","artistmod:ColorCopy+1","artistmod:PaintBreath","artistmod:PaintballPelt","artistmod:BlueBurst+1","artistmod:AccursedAggression","Pain","artistmod:MagentaMist","artistmod:ColorCopy"],"relics":["artistmod:BlueBrush","EVO:Axolotl","Centennial Puzzle","PreservedInsect","Golden Idol","Happy Flower","Coffee Dripper","Meat on the Bone","Bag of Preparation","Matryoshka","WarpedTongs","Dream Catcher"],"acts_visited":["Exordium","TheCity"],"potions_floor_usage":[6,6,14,22],"damage_taken":[{"damage":6.0,"enemies":"Jaw Worm","floor":1.0,"turns":3.0},{"damage":0.0,"enemies":"Small Slimes","floor":3.0,"turns":3.0},{"damage":0.0,"enemies":"2 Louse","floor":5.0,"turns":2.0},{"damage":21,"enemies":"Lagavulin","floor":6,"turns":6},{"damage":7,"enemies":"Blue Slaver","floor":8,"turns":3},{"damage":25,"enemies":"Gremlin Gang","floor":12,"turns":7},{"damage":1,"enemies":"2 Fungi Beasts","floor":13,"turns":4},{"damage":1,"enemies":"3 Louse","floor":14,"turns":3},{"damage":14,"enemies":"The Guardian","floor":16,"turns":13},{"damage":2,"enemies":"3 Byrds","floor":18,"turns":7},{"damage":17,"enemies":"2 Thieves","floor":22,"turns":4},{"damage":5,"enemies":"Centurion and Healer","floor":23,"turns":7},{"damage":21,"enemies":"Gremlin Leader","floor":28,"turns":6},{"damage":35,"enemies":"Cultist and Chosen","floor":30,"turns":7},{"damage":18,"enemies":"Shelled Parasite and Fungi","floor":31,"turns":1}],"seed_played":"-1460748767099434374","potions_obtained":[{"floor":3.0,"key":"Strength Potion"},{"floor":5.0,"key":"LiquidBronze"},{"floor":8,"key":"LiquidMemories"},{"floor":13,"key":"SpeedPotion"},{"floor":18,"key":"ColorlessPotion"},{"floor":30,"key":"SpeedPotion"}],"is_trial":false,"path_per_floor":["M","?","M","?","M","E","R","M","T","?","$","M","M","M","R","B",null,"M","?","?","$","M","M","R","$","T","?","E","R","M","M"],"character_chosen":"THE_ARTIST","items_purchased":["Happy Flower","Meat on the Bone","Bag of Preparation","artistmod:PaintBreath","artistmod:AccursedAggression"],"campfire_rested":1,"item_purchase_floors":[11,21,21,21,25],"current_hp_per_floor":[72,72,72,77,77,56,56,49,49,29,29,4,3,2,26,12,83,81,81,45,45,40,47,47,47,47,47,38,38,15,0,0],"gold":151,"neow_bonus":"TEN_PERCENT_HP_BONUS","is_daily":false,"chose_seed":false,"campfire_upgraded":3,"win_rate":0.0,"timestamp":1610348125,"path_taken":["M","?","M","?","M","E","R","M","T","?","?","?","?","M","R","BOSS","M","?","?","$","M","?","R","?","T","?","E","R","M","M"],"items_purchased_type":["Relic","Relic","Relic","Card","Card"],"build_version":"2020-12-22","purchased_purges":0,"victory":false,"max_hp_per_floor":[78,78,78,83,83,83,83,83,83,83,83,83,83,83,83,83,83,83,83,83,83,83,83,83,83,83,83,83,83,83,83,83],"card_choices":[{"not_picked":["artistmod:RedRazzing","artistmod:ChosenColors"],"picked":"artistmod:CursedClash","floor":1.0},{"not_picked":["artistmod:MagentaMadness","artistmod:YellowYearning"],"picked":"artistmod:HorridHarvest","floor":3.0},{"not_picked":["artistmod:TreasureTrove","artistmod:CanvasCatapult","artistmod:BrownBrush"],"picked":"SKIP","floor":5.0},{"not_picked":["artistmod:ColorCopy","artistmod:CanvasCatapult"],"picked":"artistmod:SimpleStudies","floor":6},{"not_picked":["artistmod:IndigoIncapitation","artistmod:ColorfulClobber"],"picked":"artistmod:GrowingGreens","floor":8},{"not_picked":["artistmod:SuperbSchooling","artistmod:ColorfulClobber","artistmod:MagentaMadness"],"picked":"SKIP","floor":12},{"not_picked":["artistmod:IndigoIncapitation","artistmod:FantasyForm"],"picked":"artistmod:BlueBurst","floor":13},{"not_picked":["artistmod:CanvasCatapult","artistmod:MagentaMadness","artistmod:RedRazzing"],"picked":"SKIP","floor":14},{"not_picked":["artistmod:MagentaMist","artistmod:BanefulBucket"],"picked":"artistmod:BlueBarrier","floor":16},{"not_picked":["artistmod:BlueBurst","artistmod:CursedClash+1"],"picked":"artistmod:ColorCopy+1","floor":18},{"not_picked":["artistmod:BlueBrews","artistmod:SimpleStudies"],"picked":"artistmod:PaintballPelt","floor":22},{"not_picked":["artistmod:SuperbSchooling","artistmod:CursedClash"],"picked":"artistmod:BlueBurst+1","floor":23},{"not_picked":["artistmod:PurplePain","artistmod:DoubleDemolition"],"picked":"artistmod:MagentaMist","floor":28},{"not_picked":["artistmod:IndigoIncapitation","artistmod:CursedClash"],"picked":"artistmod:ColorCopy","floor":30}],"player_experience":1831698,"relics_obtained":[{"floor":6,"key":"Centennial Puzzle"},{"floor":9,"key":"PreservedInsect"},{"floor":26,"key":"Matryoshka"},{"floor":28,"key":"Dream Catcher"}],"event_choices":[{"cards_removed":["artistmod:StrokeStrike"],"damage_healed":0.0,"max_hp_gain":0.0,"max_hp_loss":0.0,"gold_gain":0.0,"event_name":"The Cleric","player_choice":"Card Removal","floor":2.0,"gold_loss":50.0,"damage_taken":0.0},{"damage_healed":0.0,"max_hp_gain":5.0,"max_hp_loss":0.0,"gold_gain":0.0,"event_name":"Big Fish","player_choice":"Donut","floor":4.0,"gold_loss":0.0,"damage_taken":0.0},{"damage_healed":0,"gold_gain":0,"player_choice":"Take Damage","damage_taken":20,"relics_obtained":["Golden Idol"],"max_hp_gain":0,"max_hp_loss":0,"event_name":"Golden Idol","floor":10,"gold_loss":0},{"damage_healed":0,"gold_gain":0,"player_choice":"Ignored","damage_taken":0,"max_hp_gain":0,"max_hp_loss":0,"event_name":"Ghosts","floor":19,"gold_loss":0},{"damage_healed":0,"gold_gain":360,"player_choice":"GOLD GOLD GOLD GOLD ","damage_taken":36,"max_hp_gain":0,"max_hp_loss":0,"event_name":"Knowing Skull","floor":20,"potions_obtained":[],"gold_loss":0,"cards_obtained":[]},{"damage_healed":0,"gold_gain":0,"player_choice":"Rummage","damage_taken":0,"relics_obtained":["WarpedTongs"],"max_hp_gain":0,"max_hp_loss":0,"event_name":"Accursed Blacksmith","floor":27,"gold_loss":0,"cards_obtained":["Pain"]}],"is_beta":false,"boss_relics":[{"not_picked":["Pandora\u0027s Box","Calling Bell"],"picked":"Coffee Dripper"}],"items_purged_floors":[],"is_endless":false,"potions_floor_spawned":[3,5,8,13,18,30],"killed_by":"Shelled Parasite and Fungi","ascension_level":0}}