{"host":"a5lz0e76zb3fcwkm","time":1610360605,"event":{"mods":["AchievementEnabler","BaseMod","Colored Map","Colored Powertips","Minty Spire (QoL Compilation)","StSLib","SuperFastMode"],"gold_per_floor":[114,133,133,151,164,199,199,124,205,231,248,261,184,215,215,215,215],"floor_reached":16,"playtime":235,"items_purged":["Strike_R"],"score":244,"play_id":"4a2830e7-b267-44a0-a0ec-1bf53df8ab32","local_time":"20210111192325","is_ascension_mode":true,"campfire_choices":[{"data":"Evolve","floor":7,"key":"SMITH"},{"data":"Wild Strike","floor":15,"key":"SMITH"}],"circlet_count":0,"master_deck":["AscendersBane","Strike_R","Strike_R","Strike_R","Defend_R","Defend_R","Defend_R","Defend_R","Bash","Evolve+1","Wild Strike+1","Wild Strike","Barricade"],"relics":["Burning Blood","NeowsBlessing","Lizard Tail","Akabeko","Boot","Bag of Marbles"],"acts_visited":["Exordium"],"potions_floor_usage":[6,10,11,16],"damage_taken":[{"damage":0,"enemies":"Cultist","floor":1,"turns":1},{"damage":0,"enemies":"Small Slimes","floor":2,"turns":1},{"damage":0,"enemies":"Jaw Worm","floor":4,"turns":1},{"damage":27,"enemies":"Exordium Wildlife","floor":5,"turns":4},{"damage":35,"enemies":"Gremlin Nob","floor":6,"turns":4},{"damage":20,"enemies":"3 Sentries","floor":10,"turns":6},{"damage":0,"enemies":"Blue Slaver","floor":11,"turns":2},{"damage":25,"enemies":"Gremlin Gang","floor":12,"turns":4},{"damage":32,"enemies":"Gremlin Nob","floor":14,"turns":4},{"damage":10,"enemies":"The Guardian","floor":16,"turns":3}],"seed_played":"6300521900496397132","potions_obtained":[{"floor":2,"key":"PowerPotion"},{"floor":6,"key":"AttackPotion"},{"floor":10,"key":"Energy Potion"},{"floor":14,"key":"ColorlessPotion"}],"is_trial":false,"path_per_floor":["M","M","?","M","M","E","R","$","T","E","M","M","?","E","R","B"],"character_chosen":"IRONCLAD","items_purchased":[],"campfire_rested":0,"item_purchase_floors":[],"current_hp_per_floor":[74,75,75,75,54,25,25,25,25,11,17,43,43,17,17,7,7],"gold":215,"neow_bonus":"THREE_ENEMY_KILL","is_daily":false,"chose_seed":false,"campfire_upgraded":2,"win_rate":0.0,"timestamp":1610360605,"path_taken":["M","M","?","?","?","E","R","?","T","E","M","?","?","E","R","BOSS"],"items_purchased_type":[],"build_version":"2020-12-22","purchased_purges":1,"victory":false,"max_hp_per_floor":[75,75,75,75,75,75,75,75,75,75,75,75,75,75,75,75,75],"card_choices":[{"not_picked":["Perfected Strike","Armaments"],"picked":"Evolve","floor":1},{"not_picked":["Cleave","Sentinel"],"picked":"Wild Strike","floor":2},{"not_picked":["Iron Wave","Pommel Strike","Heavy Blade"],"picked":"SKIP","floor":4},{"not_picked":["Thunderclap","Burning Pact","Evolve"],"picked":"SKIP","floor":5},{"not_picked":["Metallicize","Shrug It Off"],"picked":"Wild Strike","floor":6},{"not_picked":["Cleave","Blood for Blood","Havoc"],"picked":"SKIP","floor":10},{"not_picked":["Pommel Strike","Armaments"],"picked":"Barricade","floor":11},{"not_picked":["Pommel Strike","Armaments","Heavy Blade"],"picked":"SKIP","floor":12},{"not_picked":["Carnage","Infernal Blade","Dark Embrace"],"picked":"SKIP","floor":14}],"player_experience":1710526,"relics_obtained":[{"floor":6,"key":"Lizard Tail"},{"floor":10,"key":"Akabeko"},{"floor":14,"key":"Bag of Marbles"}],"event_choices":[{"cards_removed":["Strike_R"],"damage_healed":0,"gold_gain":0,"player_choice":"Purged","damage_taken":0,"max_hp_gain":0,"max_hp_loss":0,"event_name":"Purifier","floor":3,"gold_loss":0},{"damage_healed":0,"gold_gain":0,"player_choice":"Paid Gold","damage_taken":0,"relics_obtained":["Boot"],"max_hp_gain":0,"max_hp_loss":0,"event_name":"WeMeetAgain","floor":13,"gold_loss":77}],"is_beta":false,"boss_relics":[],"items_purged_floors":[8],"is_endless":false,"potions_floor_spawned":[2,6,10,14],"killed_by":"The Guardian","ascension_level":20}}