{"host":"4u4xibnmtqpdl4qa","time":1610324697,"event":{"mods":["2.2 Compatiblity","AchievementEnabler","BaseMod","Colored Map","Colored Powertips","Curses Come First","DeckTracker","Downfall","Hermit","Highlight Path","KinomotoSakuraMod(????)","Minty Spire (QoL Compilation)","Quick Restart","Rare Cards Sparkle","Relic Stats","SIMod","Shop Mod","StSLib","SuperFastMode","Td1madao Mod","The Florist","The Senshi","The Vixen","TheHero","Waifu the Spire","Yuri Mod"],"gold_per_floor":[13,31,46,59,79,79,79,95,95,95,130,130,130,130,130,226,226,239,265,283,310,16,50,50,64,64,96,96,96,15,15,15,115,115,128,145,367,367,379,407,407,435,461,481,481,492,506,519,519,519],"floor_reached":51,"playtime":3297,"items_purged":["theSenshi:SailorKick"],"score":749,"play_id":"df4650c5-3289-4bd0-b172-97314ad07da1","local_time":"20210111012457","is_ascension_mode":false,"campfire_choices":[{"data":"theSenshi:SailorMercuryAssists","floor":6.0,"key":"SMITH"},{"data":"theSenshi:RoseThrow","floor":10.0,"key":"SMITH"},{"data":"theSenshi:SailorVenusAssists","floor":13.0,"key":"SMITH"},{"floor":15.0,"key":"REST"},{"data":"theSenshi:MoonCrisisMakeUp","floor":24.0,"key":"SMITH"},{"data":"theSenshi:MoonHealingEscalation","floor":32.0,"key":"SMITH"},{"data":"theSenshi:MoonGorgeousMeditation","floor":45,"key":"SMITH"},{"data":"theSenshi:RainbowMoonHeartAche","floor":49,"key":"SMITH"}],"circlet_count":0,"master_deck":["theSenshi:RoseThrow+1","theSenshi:MoonPrismPowerMakeUp","The Bomb","theSenshi:MoonTiaraMagic","theSenshi:SailorVenusAssists+1","theSenshi:RainbowMoonHeartAche","theSenshi:JupitersPower","theSenshi:SailorMercuryAssists+1","theSenshi:SteeledNerves","theSenshi:MoonPrincessHalation","theSenshi:GlimpseOfThePast","theSenshi:MoonKick+1","theSenshi:MoonCrisisMakeUp+1","theSenshi:MoonCrystalPowerMakeUp","theSenshi:TallSilhouette","theSenshi:RainbowMoonHeartAche+1","theSenshi:MoonHealingEscalation+1","theSenshi:MoonGorgeousMeditation+1","theSenshi:JupitersPower","theSenshi:SaturnsMystery","theSenshi:SailorV","theSenshi:SaturnsMystery","theSenshi:MoonPrincessHalation","theSenshi:EncouragingSpeech","theSenshi:SailorPlutoAssists","theSenshi:TallSilhouette+1","theSenshi:MoonHealingEscalation+1","theSenshi:CrisisMakeUp+1","theSenshi:SailorNeptuneAssists+1","theSenshi:MoonlightKnight+1","theSenshi:SailorPlanetAttack","theSenshi:LunaWiseMentor+1"],"relics":["theSenshi:TransformationBroochRelic","Meat on the Bone","Matryoshka","Mummified Hand","Snecko Eye","Strawberry","theSenshi:TiaraRelic","Red Mask","Membership Card","Gremlin Horn","Potion Belt","Bottled Flame","Nunchaku","Pandora\u0027s Box","Blood Vial","Sundial","PreservedInsect"],"acts_visited":["Exordium","TheCity","TheBeyond"],"potions_floor_usage":[40,40,42,50,50,50,50],"damage_taken":[{"damage":0.0,"enemies":"Cultist","floor":1.0,"turns":3.0},{"damage":4.0,"enemies":"Small Slimes","floor":2.0,"turns":4.0},{"damage":0.0,"enemies":"2 Louse","floor":3.0,"turns":3.0},{"damage":7.0,"enemies":"Red Slaver","floor":4.0,"turns":4.0},{"damage":17.0,"enemies":"3 Louse","floor":5.0,"turns":3.0},{"damage":23.0,"enemies":"Exordium Wildlife","floor":8.0,"turns":4.0},{"damage":20.0,"enemies":"Gremlin Nob","floor":11.0,"turns":5.0},{"damage":18.0,"enemies":"The Guardian","floor":16.0,"turns":8.0},{"damage":18.0,"enemies":"Shell Parasite","floor":18.0,"turns":5.0},{"damage":4.0,"enemies":"Chosen","floor":20.0,"turns":4.0},{"damage":30.0,"enemies":"Masked Bandits","floor":21.0,"turns":4.0},{"damage":12.0,"enemies":"Book of Stabbing","floor":23.0,"turns":5.0},{"damage":21.0,"enemies":"Sentry and Sphere","floor":25.0,"turns":4.0},{"damage":5.0,"enemies":"Gremlin Leader","floor":27.0,"turns":5.0},{"damage":16.0,"enemies":"Automaton","floor":33.0,"turns":6.0},{"damage":52.0,"enemies":"Orb Walker","floor":35.0,"turns":4.0},{"damage":28,"enemies":"3 Shapes","floor":36,"turns":3},{"damage":13,"enemies":"Writhing Mass","floor":39,"turns":4},{"damage":2,"enemies":"Giant Head","floor":40,"turns":6},{"damage":11,"enemies":"3 Darklings","floor":41,"turns":3},{"damage":3,"enemies":"Reptomancer","floor":42,"turns":5},{"damage":14,"enemies":"Jaw Worm Horde","floor":44,"turns":3},{"damage":0,"enemies":"Spire Growth","floor":46,"turns":2},{"damage":17,"enemies":"4 Shapes","floor":47,"turns":3},{"damage":7,"enemies":"3 Darklings","floor":48,"turns":4},{"damage":9,"enemies":"Donu and Deca","floor":50,"turns":4}],"seed_played":"-3198217482321930326","potions_obtained":[{"floor":2.0,"key":"SpeedPotion"},{"floor":11.0,"key":"Energy Potion"},{"floor":14.0,"key":"ColorlessPotion"},{"floor":14.0,"key":"AttackPotion"},{"floor":16.0,"key":"sneckomod:MuddlingPotion"},{"floor":18.0,"key":"EntropicBrew"},{"floor":23.0,"key":"Ancient Potion"},{"floor":27.0,"key":"Energy Potion"},{"floor":33.0,"key":"LiquidMemories"},{"floor":39,"key":"GamblersBrew"},{"floor":40,"key":"CultistPotion"},{"floor":41,"key":"Strength Potion"},{"floor":44,"key":"GamblersBrew"}],"is_trial":false,"path_per_floor":["M","M","M","M","M","R","?","M","T","R","E","?","R","?","R","B",null,"M","T","M","?","$","E","R","M","T","E","?","?","$","?","R","B",null,"M","M","?","?","M","E","M","E","T","M","R","M","M","M","R","B",null],"character_chosen":"THE_SENSHI","items_purchased":["Membership Card","theSenshi:MoonCrystalPowerMakeUp","theSenshi:TallSilhouette","theSenshi:MoonGorgeousMeditation"],"campfire_rested":1,"item_purchase_floors":[22,22,22,30],"current_hp_per_floor":[75,71,71,64,47,47,47,36,36,36,28,28,28,28,50,44,75,57,64,60,42,42,42,42,33,33,40,67,67,67,67,67,71,82,45,39,39,72,72,72,70,72,72,72,72,72,67,72,72,72],"gold":519,"neow_bonus":"RANDOM_COLORLESS_2","is_daily":false,"chose_seed":false,"campfire_upgraded":7,"win_rate":0.0,"timestamp":1610324697,"path_taken":["M","?","M","?","M","R","?","M","T","R","E","?","R","?","R","BOSS","M","?","M","?","?","E","R","M","T","E","?","?","?","?","R","BOSS","M","M","?","?","M","E","M","E","T","M","R","?","M","M","R","BOSS"],"items_purchased_type":["Relic","Card","Card","Card"],"build_version":"2020-12-22","purchased_purges":1,"victory":true,"max_hp_per_floor":[75,75,75,75,75,75,75,75,75,75,75,75,75,75,75,75,75,75,82,82,82,82,82,82,82,82,82,82,82,82,82,82,82,82,82,82,82,72,72,72,72,72,72,72,72,72,72,72,72,72],"relic_stats":{"Blood Vial":4,"Nunchaku":[10],"Gremlin Horn":[23,23],"counters":[26,108],"Mummified Hand":[165],"Sundial":[0],"Snecko Eye":[145,128,132,138],"Pandora\u0027s Box":["theSenshi:SaturnsMystery","theSenshi:SailorV","theSenshi:SaturnsMystery","theSenshi:MoonPrincessHalation","theSenshi:EncouragingSpeech","theSenshi:SailorPlutoAssists"],"PreservedInsect":0,"obtain_stats":[{"Potion Belt":26,"Gremlin Horn":23,"PreservedInsect":43,"theSenshi:TiaraRelic":19,"Blood Vial":40,"Bottled Flame":26,"Nunchaku":27,"theSenshi:TransformationBroochRelic":0,"Matryoshka":9,"Mummified Hand":11,"Sundial":42,"Strawberry":19,"Snecko Eye":17,"Pandora\u0027s Box":34,"Red Mask":21,"Membership Card":22,"Meat on the Bone":7},{"Potion Belt":13,"Gremlin Horn":12,"PreservedInsect":21,"theSenshi:TiaraRelic":9,"Blood Vial":19,"Bottled Flame":13,"Nunchaku":14,"theSenshi:TransformationBroochRelic":0,"Matryoshka":6,"Mummified Hand":7,"Sundial":21,"Strawberry":9,"Snecko Eye":8,"Pandora\u0027s Box":15,"Red Mask":11,"Membership Card":11,"Meat on the Bone":5},{"Potion Belt":56,"Gremlin Horn":52,"PreservedInsect":92,"theSenshi:TiaraRelic":39,"Blood Vial":84,"Bottled Flame":56,"Nunchaku":61,"theSenshi:TransformationBroochRelic":0,"Matryoshka":21,"Mummified Hand":26,"Sundial":92,"Strawberry":39,"Snecko Eye":34,"Pandora\u0027s Box":67,"Red Mask":47,"Membership Card":47,"Meat on the Bone":17}],"Meat on the Bone":96},"card_choices":[{"not_picked":["Magnetism","CMC"],"picked":"The Bomb","floor":0.0},{"not_picked":["theSenshi:MoonsReflection","theSenshi:LunasBite"],"picked":"theSenshi:MoonTiaraMagic","floor":1.0},{"not_picked":["theSenshi:SailorChibiMoonAssists","theSenshi:SailorMarsAssists"],"picked":"theSenshi:SailorVenusAssists","floor":2.0},{"not_picked":["theSenshi:MoonPunch","theSenshi:SailorStarFighterAssists"],"picked":"theSenshi:RainbowMoonHeartAche","floor":3.0},{"not_picked":["theSenshi:LunasBite","theSenshi:SailorMarsAssists"],"picked":"theSenshi:JupitersPower","floor":4.0},{"not_picked":["theSenshi:MoonTiaraMagic","theSenshi:SailorVenusAssists"],"picked":"theSenshi:SailorMercuryAssists","floor":5.0},{"not_picked":["theSenshi:SaturnsMystery","theSenshi:SailorChibiMoonAssists"],"picked":"theSenshi:SteeledNerves","floor":8.0},{"not_picked":["theSenshi:MoonsReflection","theSenshi:MoonPunch"],"picked":"theSenshi:MoonPrincessHalation","floor":11.0},{"not_picked":["theSenshi:SailorCosmosAssists","theSenshi:JupitersPower"],"picked":"theSenshi:GlimpseOfThePast","floor":16.0},{"not_picked":["theSenshi:SailorPlanetPower","theSenshi:MercurysCunning","theSenshi:YouCanTalk"],"picked":"SKIP","floor":18.0},{"not_picked":["theSenshi:MoonPrincessHalation","theSenshi:MercurysCunning"],"picked":"theSenshi:MoonKick+1","floor":20.0},{"not_picked":["theSenshi:NeptunesGrace","theSenshi:SchoolBag+1"],"picked":"theSenshi:MoonCrisisMakeUp","floor":21.0},{"not_picked":["theSenshi:SailorPlanetPower","theSenshi:MoonCrisisMakeUp","theSenshi:MoonsReflection"],"picked":"SKIP","floor":23.0},{"not_picked":["theSenshi:LunasBite+1","theSenshi:SailorMarsAssists"],"picked":"theSenshi:RainbowMoonHeartAche","floor":25.0},{"not_picked":["theSenshi:KlutzyLuck","theSenshi:SailorUranusAssists"],"picked":"theSenshi:MoonHealingEscalation","floor":27.0},{"not_picked":["theSenshi:InTheNameOfTheMoon","theSenshi:SailorStarHealerAssists"],"picked":"theSenshi:JupitersPower","floor":33.0},{"not_picked":["theSenshi:MoonTwilightFlash","theSenshi:MoonPunch+1","theSenshi:TuxedoSmokingBomber+1"],"picked":"SKIP","floor":35.0},{"not_picked":["theSenshi:SailorStarFighterAssists","theSenshi:EncouragingSpeech"],"picked":"theSenshi:TallSilhouette+1","floor":36},{"not_picked":["theSenshi:SailorVenusAssists","theSenshi:LunaSensingAllies"],"picked":"theSenshi:MoonHealingEscalation+1","floor":39},{"not_picked":["theSenshi:SailorV+1","theSenshi:EncouragingSpeech+1","theSenshi:Sidestep+1"],"picked":"SKIP","floor":40},{"not_picked":["theSenshi:SailorV+1","theSenshi:TallSilhouette+1"],"picked":"theSenshi:CrisisMakeUp+1","floor":41},{"not_picked":["theSenshi:SchoolBag+1","theSenshi:LateForSchool"],"picked":"theSenshi:SailorNeptuneAssists+1","floor":42},{"not_picked":["theSenshi:LunasBite+1","theSenshi:MoonCrisisMakeUp"],"picked":"theSenshi:MoonlightKnight+1","floor":44},{"not_picked":["theSenshi:SailorChibiMoonAssists","theSenshi:EncouragingSpeech"],"picked":"theSenshi:SailorPlanetAttack","floor":46},{"not_picked":["theSenshi:LunasBite+1","theSenshi:MoonKick+1"],"picked":"theSenshi:LunaWiseMentor+1","floor":47},{"not_picked":["theSenshi:ChibiMoonsLove","theSenshi:MoonsReflection+1","theSenshi:Sidestep"],"picked":"SKIP","floor":48}],"player_experience":212833,"relics_obtained":[{"floor":9.0,"key":"Matryoshka"},{"floor":11.0,"key":"Mummified Hand"},{"floor":19.0,"key":"Strawberry"},{"floor":19.0,"key":"theSenshi:TiaraRelic"},{"floor":21.0,"key":"Red Mask"},{"floor":23.0,"key":"Gremlin Horn"},{"floor":26.0,"key":"Potion Belt"},{"floor":26.0,"key":"Bottled Flame"},{"floor":27.0,"key":"Nunchaku"},{"floor":40,"key":"Blood Vial"},{"floor":42,"key":"Sundial"},{"floor":43,"key":"PreservedInsect"}],"event_choices":[{"damage_healed":0.0,"max_hp_gain":0.0,"max_hp_loss":0.0,"gold_gain":0.0,"event_name":"Big Fish","player_choice":"Box","floor":7.0,"gold_loss":0.0,"damage_taken":0.0,"relics_obtained":["Meat on the Bone"],"cards_obtained":["Regret"]},{"cards_removed":["Regret"],"damage_healed":0.0,"max_hp_gain":0.0,"max_hp_loss":0.0,"gold_gain":0.0,"event_name":"Living Wall","player_choice":"Forget","floor":12.0,"gold_loss":0.0,"damage_taken":0.0},{"damage_healed":0.0,"max_hp_gain":0.0,"max_hp_loss":0.0,"gold_gain":0.0,"event_name":"Lab","player_choice":"Got Potions","floor":14.0,"gold_loss":0.0,"damage_taken":0.0},{"damage_healed":0.0,"max_hp_gain":0.0,"max_hp_loss":0.0,"gold_gain":0.0,"event_name":"Masked Bandits","player_choice":"Fought Bandits","floor":21.0,"gold_loss":0.0,"damage_taken":0.0},{"damage_healed":27.0,"max_hp_gain":0.0,"max_hp_loss":0.0,"gold_gain":0.0,"event_name":"The Library","player_choice":"Heal","floor":28.0,"gold_loss":0.0,"damage_taken":0.0},{"cards_removed":["theSenshi:SailorKick"],"damage_healed":0.0,"max_hp_gain":0.0,"max_hp_loss":0.0,"gold_gain":0.0,"event_name":"Back to Basics","player_choice":"Elegance","floor":29.0,"gold_loss":0.0,"damage_taken":0.0},{"damage_healed":0.0,"max_hp_gain":0.0,"max_hp_loss":0.0,"gold_gain":0.0,"event_name":"Vampires","player_choice":"Ignored","floor":31.0,"gold_loss":0.0,"damage_taken":0.0},{"damage_healed":0,"gold_gain":222,"player_choice":"Wore Mask","damage_taken":0,"max_hp_gain":0,"max_hp_loss":0,"event_name":"Tomb of Lord Red Mask","floor":37,"gold_loss":0},{"damage_healed":72,"gold_gain":0,"player_choice":"Heal","damage_taken":0,"max_hp_gain":0,"max_hp_loss":10,"event_name":"The Moai Head","floor":38,"gold_loss":0}],"is_beta":false,"boss_relics":[{"not_picked":["Busted Crown","Ectoplasm"],"picked":"Snecko Eye"},{"not_picked":["Coffee Dripper","SlaversCollar"],"picked":"Pandora\u0027s Box"}],"items_purged_floors":[22],"is_endless":false,"potions_floor_spawned":[2,11,16,18,23,25,27,33,39,40,41,44],"ascension_level":0}}