{"host":"enfgzo6yn4zdbao9","time":1610406736,"event":{"mods":["AchievementEnabler","BaseMod","Colored Powertips","Minty Spire (QoL Compilation)","Relic Stats","StSLib","slay the spire mod where everything is the same but ironclad has a cowboy hat"],"gold_per_floor":[115,115,134,59,59,59,73,73,73,73,84,113,130,164,164,267,267,306,37,55,73,1,31,31,31,31,45,45,79,90,116,116,116,116],"floor_reached":33,"playtime":1413,"items_purged":["Defend_P","Pain"],"score":660,"play_id":"64168a14-cb20-4c8a-b82b-18871dbb9edd","local_time":"20210111151216","is_ascension_mode":true,"campfire_choices":[{"data":"CutThroughFate","floor":6.0,"key":"SMITH"},{"data":"WheelKick","floor":8.0,"key":"SMITH"},{"data":"Vigilance","floor":10.0,"key":"SMITH"},{"data":"Tantrum","floor":15.0,"key":"SMITH"},{"data":"MentalFortress","floor":24,"key":"SMITH"},{"floor":32,"key":"REST"}],"circlet_count":0,"master_deck":["AscendersBane","Strike_P+1","Strike_P+1","Defend_P+1","Defend_P+1","Eruption","Vigilance+1","EmptyFist","CutThroughFate+1","WheelKick+1","Tantrum+1","FollowUp","FlurryOfBlows","ClearTheMind","Wish","BowlingBash+1","MentalFortress+1","EmptyBody","Wallop","LikeWater","Normality","Tantrum","RitualDagger","Prostrate+1","Prostrate+1"],"relics":["Cursed Key","War Paint","Whetstone","Regal Pillow","Pocketwatch","Empty Cage","Bird Faced Urn","Matryoshka","GoldenEye","Toxic Egg 2"],"acts_visited":["Exordium","TheCity"],"potions_floor_usage":[31],"damage_taken":[{"damage":1.0,"enemies":"Cultist","floor":1.0,"turns":3.0},{"damage":0.0,"enemies":"Small Slimes","floor":3.0,"turns":3.0},{"damage":0.0,"enemies":"Jaw Worm","floor":7.0,"turns":2.0},{"damage":5.0,"enemies":"Looter","floor":11.0,"turns":2.0},{"damage":0.0,"enemies":"Gremlin Nob","floor":12.0,"turns":2.0},{"damage":1.0,"enemies":"2 Fungi Beasts","floor":13.0,"turns":2.0},{"damage":2.0,"enemies":"3 Sentries","floor":14.0,"turns":3.0},{"damage":5.0,"enemies":"Slime Boss","floor":16.0,"turns":5.0},{"damage":14.0,"enemies":"Spheric Guardian","floor":18.0,"turns":3.0},{"damage":0.0,"enemies":"Chosen","floor":20.0,"turns":2.0},{"damage":0.0,"enemies":"Sentry and Sphere","floor":21.0,"turns":3.0},{"damage":0.0,"enemies":"Gremlin Leader","floor":23.0,"turns":4.0},{"damage":18,"enemies":"3 Cultists","floor":27,"turns":4},{"damage":46,"enemies":"Slavers","floor":29,"turns":4},{"damage":0,"enemies":"Centurion and Healer","floor":30,"turns":4},{"damage":38,"enemies":"Book of Stabbing","floor":31,"turns":3},{"damage":73,"enemies":"Champ","floor":33,"turns":9}],"seed_played":"3417928681661922416","potions_obtained":[{"floor":3.0,"key":"AttackPotion"},{"floor":16.0,"key":"Ancient Potion"},{"floor":18.0,"key":"SteroidPotion"},{"floor":21.0,"key":"FairyPotion"}],"is_trial":false,"path_per_floor":["M","?","M","$","?","R","M","R","T","R","M","E","M","E","R","B",null,"M","$","M","M","$","E","R","?","T","M","?","E","M","E","R","B"],"character_chosen":"WATCHER","items_purchased":["MentalFortress","FairyPotion","Wallop"],"campfire_rested":1,"item_purchase_floors":[19,19,22],"current_hp_per_floor":[64,64,64,64,64,64,64,64,64,64,59,59,58,56,56,51,67,53,53,53,53,53,53,53,40,40,24,18,9,13,9,47,0,0],"gold":116,"neow_bonus":"BOSS_RELIC","is_daily":false,"chose_seed":false,"campfire_upgraded":5,"win_rate":0.0,"timestamp":1610406736,"path_taken":["M","?","?","$","?","R","M","R","T","R","M","E","M","E","R","BOSS","M","$","?","M","$","E","R","?","T","M","?","E","M","E","R","BOSS"],"items_purchased_type":["Card","Potion","Card"],"build_version":"2020-12-22","purchased_purges":2,"victory":false,"max_hp_per_floor":[72,72,72,72,72,72,72,72,72,72,72,72,72,72,72,72,72,72,72,72,72,72,72,72,77,77,77,77,77,77,77,77,77,77],"relic_stats":{"Regal Pillow":15,"counters":[17,58],"Bird Faced Urn":[14],"Whetstone":["Strike_P","Strike_P"],"War Paint":["Defend_P","Defend_P"],"Cursed Key":2,"GoldenEye":[4],"obtain_stats":[{"Regal Pillow":12,"Matryoshka":26,"Bird Faced Urn":23,"Whetstone":9,"PureWater":0,"War Paint":5,"Toxic Egg 2":31,"Cursed Key":0,"Empty Cage":17,"GoldenEye":29,"Pocketwatch":14},{"Regal Pillow":5,"Matryoshka":12,"Bird Faced Urn":12,"Whetstone":3,"PureWater":0,"War Paint":2,"Toxic Egg 2":16,"Cursed Key":0,"Empty Cage":8,"GoldenEye":14,"Pocketwatch":7},{"Regal Pillow":12,"Matryoshka":34,"Bird Faced Urn":34,"Whetstone":8,"PureWater":0,"War Paint":6,"Toxic Egg 2":49,"Cursed Key":0,"Empty Cage":22,"GoldenEye":42,"Pocketwatch":17}],"Pocketwatch":[33]},"card_choices":[{"not_picked":["PathToVictory","Halt"],"picked":"EmptyFist","floor":1.0},{"not_picked":["Protect","Swivel"],"picked":"CutThroughFate","floor":3.0},{"not_picked":["EmptyMind","CutThroughFate"],"picked":"WheelKick","floor":7.0},{"not_picked":["EmptyMind","Swivel"],"picked":"Tantrum","floor":11.0},{"not_picked":["DeceiveReality","Nirvana"],"picked":"FollowUp","floor":12.0},{"not_picked":["Prostrate","Collect"],"picked":"FlurryOfBlows","floor":13.0},{"not_picked":["Crescendo","Protect"],"picked":"ClearTheMind","floor":14.0},{"not_picked":["Judgement","Blasphemy"],"picked":"Wish","floor":16.0},{"not_picked":["EmptyBody","EmptyMind"],"picked":"BowlingBash+1","floor":18.0},{"not_picked":["Swivel","EmptyFist","Evaluate"],"picked":"SKIP","floor":20.0},{"not_picked":["ThirdEye","Prostrate"],"picked":"EmptyBody","floor":21.0},{"not_picked":["EmptyBody+1","SashWhip"],"picked":"LikeWater","floor":23},{"not_picked":["EmptyMind","SashWhip"],"picked":"Tantrum","floor":27},{"not_picked":["Evaluate","ForeignInfluence+1","Worship"],"picked":"SKIP","floor":29},{"not_picked":["ThirdEye","Judgement"],"picked":"Prostrate+1","floor":30},{"not_picked":["Consecrate","PathToVictory+1"],"picked":"Prostrate+1","floor":31}],"player_experience":433192,"relics_obtained":[{"floor":9.0,"key":"Whetstone"},{"floor":12.0,"key":"Regal Pillow"},{"floor":14.0,"key":"Pocketwatch"},{"floor":23,"key":"Bird Faced Urn"},{"floor":26,"key":"Matryoshka"},{"floor":29,"key":"GoldenEye"},{"floor":31,"key":"Toxic Egg 2"}],"event_choices":[{"cards_removed":["Strike_P"],"damage_healed":0.0,"max_hp_gain":0.0,"max_hp_loss":0.0,"gold_gain":0.0,"event_name":"Bonfire Elementals","player_choice":"Offered Basic","floor":2.0,"gold_loss":0.0,"damage_taken":0.0},{"damage_healed":0.0,"max_hp_gain":0.0,"max_hp_loss":0.0,"gold_gain":0.0,"event_name":"WeMeetAgain","player_choice":"Gave Potion","floor":5.0,"gold_loss":0.0,"damage_taken":0.0,"relics_obtained":["War Paint"]},{"damage_healed":0,"gold_gain":0,"player_choice":"Shed Blood","damage_taken":18,"max_hp_gain":5,"max_hp_loss":0,"event_name":"Forgotten Altar","floor":25,"gold_loss":0},{"damage_healed":0,"gold_gain":0,"player_choice":"Joined the Cult","damage_taken":6,"max_hp_gain":0,"max_hp_loss":0,"event_name":"Nest","floor":28,"gold_loss":0,"cards_obtained":["RitualDagger"]}],"is_beta":false,"boss_relics":[{"not_picked":["Velvet Choker","Busted Crown"],"picked":"Empty Cage"}],"items_purged_floors":[4,19],"is_endless":false,"potions_floor_spawned":[3,16,18,21,23],"killed_by":"Champ","ascension_level":10}}