{"host":"wshh0nphwn6jv7vj","time":1610372253,"event":{"mods":["BaseMod","Bestiary","Minty Spire (QoL Compilation)","Relic Stats"],"gold_per_floor":[364,364,79,91,101,127,147,147,147,147,161,161,161,180,180,252,252,265,180,180,16,27,27,27],"floor_reached":23,"playtime":1615,"items_purged":["Injury"],"score":353,"play_id":"f8bcad2f-be95-4e01-bb70-815ef217748e","local_time":"20210111083733","is_ascension_mode":true,"campfire_choices":[{"data":"Cold Snap","floor":8,"key":"SMITH"},{"data":"Cold Snap","floor":10,"key":"SMITH"},{"data":"Zap","floor":13,"key":"SMITH"},{"data":"Rebound","floor":15,"key":"SMITH"}],"circlet_count":0,"master_deck":["AscendersBane","Strike_B","Strike_B","Strike_B","Defend_B","Defend_B","Defend_B","Defend_B","Zap+1","Dualcast","Cold Snap+1","FTL","Undo","Rebound","Tempest","Cold Snap+1","Static Discharge","Rebound+1","Glacier","Echo Form","Cold Snap","Echo Form","Loop","Turbo"],"relics":["Cracked Core","Eternal Feather","Frozen Eye","Strawberry","Gremlin Horn","Philosopher\u0027s Stone","The Courier","Lantern"],"acts_visited":["Exordium","TheCity"],"potions_floor_usage":[6,6,16,22,23],"damage_taken":[{"damage":9,"enemies":"Small Slimes","floor":1,"turns":4},{"damage":0,"enemies":"Jaw Worm","floor":4,"turns":3},{"damage":0,"enemies":"Cultist","floor":5,"turns":3},{"damage":17,"enemies":"Lagavulin","floor":6,"turns":9},{"damage":21,"enemies":"Exordium Thugs","floor":7,"turns":8},{"damage":0,"enemies":"2 Fungi Beasts","floor":11,"turns":3},{"damage":9,"enemies":"Red Slaver","floor":14,"turns":3},{"damage":14,"enemies":"Hexaghost","floor":16,"turns":11},{"damage":31,"enemies":"2 Thieves","floor":18,"turns":4},{"damage":8,"enemies":"Spheric Guardian","floor":22,"turns":3},{"damage":25,"enemies":"Book of Stabbing","floor":23,"turns":5}],"seed_played":"5402457462533012960","potions_obtained":[{"floor":1,"key":"GamblersBrew"},{"floor":4,"key":"EssenceOfSteel"},{"floor":5,"key":"Energy Potion"},{"floor":6,"key":"Ancient Potion"},{"floor":11,"key":"FearPotion"},{"floor":18,"key":"AttackPotion"},{"floor":22,"key":"Block Potion"}],"is_trial":false,"path_per_floor":["M","?","$","M","M","E","M","R","T","R","M","?","R","M","R","B",null,"M","?","?","$","M","E"],"character_chosen":"DEFECT","items_purchased":["Frozen Eye","FTL","Lantern","Loop"],"campfire_rested":0,"item_purchase_floors":[3,3,21,21],"current_hp_per_floor":[55,37,37,37,37,27,6,15,15,24,24,24,33,24,33,19,63,32,32,32,32,24,0,0],"gold":27,"neow_bonus":"TWO_FIFTY_GOLD","is_daily":false,"chose_seed":false,"campfire_upgraded":4,"win_rate":0.0,"timestamp":1610372253,"path_taken":["M","?","$","M","M","E","M","R","T","R","M","?","R","M","R","BOSS","M","?","?","$","M","E"],"items_purchased_type":["Relic","Card","Relic","Card"],"build_version":"2020-12-22","purchased_purges":1,"victory":false,"max_hp_per_floor":[71,71,71,71,71,78,78,78,78,78,78,78,78,78,78,78,78,78,78,78,78,78,78,78],"relic_stats":{"Gremlin Horn":[2,2],"counters":[11,56],"Eternal Feather":36,"obtain_stats":[{"Frozen Eye":3,"Lantern":21,"Gremlin Horn":9,"Strawberry":6,"Eternal Feather":2,"Philosopher\u0027s Stone":17,"The Courier":19,"Cracked Core":0},{"Frozen Eye":1,"Lantern":9,"Gremlin Horn":5,"Strawberry":4,"Eternal Feather":1,"Philosopher\u0027s Stone":8,"The Courier":9,"Cracked Core":0},{"Frozen Eye":4,"Lantern":48,"Gremlin Horn":27,"Strawberry":19,"Eternal Feather":4,"Philosopher\u0027s Stone":44,"The Courier":48,"Cracked Core":0}]},"card_choices":[{"not_picked":["Storm","Ball Lightning"],"picked":"Cold Snap","floor":1},{"not_picked":["Turbo","Ball Lightning"],"picked":"Undo","floor":4},{"not_picked":["Fusion","Rip and Tear"],"picked":"Rebound","floor":5},{"not_picked":["Storm","Scrape","Tempest"],"picked":"SKIP","floor":6},{"not_picked":["Storm","Scrape"],"picked":"Tempest","floor":6},{"not_picked":["Lockon","Undo"],"picked":"Cold Snap","floor":7},{"not_picked":["Reinforced Body","Leap"],"picked":"Static Discharge","floor":11},{"not_picked":["Hyperbeam","Coolheaded"],"picked":"Glacier","floor":14},{"not_picked":["Seek","Buffer"],"picked":"Echo Form","floor":16},{"not_picked":["Loop","Beam Cell"],"picked":"Cold Snap","floor":18},{"not_picked":["Melter","Glacier"],"picked":"Turbo","floor":22}],"player_experience":1564156,"relics_obtained":[{"floor":6,"key":"Strawberry"},{"floor":9,"key":"Gremlin Horn"}],"event_choices":[{"damage_healed":0,"gold_gain":0,"player_choice":"Success","damage_taken":18,"relics_obtained":["Eternal Feather"],"max_hp_gain":0,"max_hp_loss":0,"event_name":"Scrap Ooze","floor":2,"gold_loss":0},{"damage_healed":0,"gold_gain":0,"cards_transformed":["Strike_B"],"player_choice":"Change","damage_taken":0,"max_hp_gain":0,"max_hp_loss":0,"event_name":"Living Wall","floor":12,"gold_loss":0,"cards_obtained":["Rebound"]},{"damage_healed":0,"gold_gain":0,"player_choice":"Obtained Relic","damage_taken":0,"relics_obtained":["The Courier"],"max_hp_gain":0,"max_hp_loss":0,"event_name":"Addict","floor":19,"gold_loss":85},{"damage_healed":0,"gold_gain":0,"player_choice":"Copied","damage_taken":0,"max_hp_gain":0,"max_hp_loss":0,"event_name":"Duplicator","floor":20,"gold_loss":0,"cards_obtained":["Echo Form"]}],"is_beta":false,"boss_relics":[{"not_picked":["Snecko Eye","Busted Crown"],"picked":"Philosopher\u0027s Stone"}],"items_purged_floors":[3],"is_endless":false,"potions_floor_spawned":[1,4,5,6,11,18,22],"killed_by":"Book of Stabbing","ascension_level":17}}