{"host":"gzk4gkgy3zij1c51","time":1610330447,"event":{"mods":["BaseMod","Colored Map","Highlight Path","Marked Mod","Minty Spire (QoL Compilation)","Relic Stats","StSLib","everything is the same but u backflip on backflip"],"gold_per_floor":[113,129,129,148,57,90,90,38,86,113,113,41,58,73,73,169,169,186,186,111,111,31,31,31,31,31,65,95,95,95],"floor_reached":29,"playtime":2041,"items_purged":[],"score":296,"play_id":"89be1921-156d-4779-a51d-383202a556f5","local_time":"20210111020047","is_ascension_mode":true,"campfire_choices":[{"data":"MarkedMod:PinPointDefense","floor":7.0,"key":"SMITH"},{"floor":11.0,"key":"REST"},{"floor":15.0,"key":"REST"},{"floor":23,"key":"REST"},{"data":"MarkedMod:OneThousandNeedles","floor":25,"key":"SMITH"}],"circlet_count":0,"master_deck":["Strike_P+1","Strike_P+1","Defend_P+1","Defend_P+1","Defend_P+1","Defend_P+1","Eruption","Vigilance","Protect","ThirdEye","Weave","MarkedMod:PinPointDefense+1","CutThroughFate","LikeWater","MarkedMod:Acupuncture","Evaluate","ReachHeaven","Prostrate","MarkedMod:Acupuncture","FollowUp","MarkedMod:NorthStar","Prostrate","MarkedMod:OneThousandNeedles+1","Nirvana","Sanctity","Injury","MarkedMod:NorthStar"],"relics":["PureWater","Juzu Bracelet","Nunchaku","Dream Catcher","Cursed Key","Mummified Hand","Red Mask"],"acts_visited":["Exordium","TheCity"],"potions_floor_usage":[],"damage_taken":[{"damage":0.0,"enemies":"Small Slimes","floor":1.0,"turns":2.0},{"damage":0.0,"enemies":"Cultist","floor":2.0,"turns":3.0},{"damage":0.0,"enemies":"Jaw Worm","floor":4.0,"turns":7.0},{"damage":50.0,"enemies":"Lagavulin","floor":6.0,"turns":9.0},{"damage":27.0,"enemies":"3 Sentries","floor":10.0,"turns":22.0},{"damage":0.0,"enemies":"Large Slime","floor":13.0,"turns":3.0},{"damage":4.0,"enemies":"Exordium Wildlife","floor":14.0,"turns":7.0},{"damage":35.0,"enemies":"Slime Boss","floor":16.0,"turns":12.0},{"damage":9.0,"enemies":"Spheric Guardian","floor":18.0,"turns":7.0},{"damage":10,"enemies":"Book of Stabbing","floor":27,"turns":7},{"damage":33,"enemies":"Masked Bandits","floor":28,"turns":5},{"damage":48,"enemies":"Slavers","floor":29,"turns":3}],"seed_played":"2428567090726545121","potions_obtained":[{"floor":6.0,"key":"MarkedMod:BlackLotusJuice"},{"floor":13.0,"key":"SteroidPotion"},{"floor":14.0,"key":"Strength Potion"}],"is_trial":false,"path_per_floor":["M","M","?","M","$","E","R","$","T","E","R","$","M","M","R","B",null,"M","?","?","?","$","R","?","R","T","E","?","E"],"character_chosen":"WATCHER","items_purchased":["MarkedMod:PinPointDefense","CutThroughFate","MarkedMod:Acupuncture","ReachHeaven","Nirvana"],"campfire_rested":3,"item_purchase_floors":[5,5,8,12,22],"current_hp_per_floor":[79,79,79,79,79,29,29,29,29,2,25,25,25,21,44,9,79,70,70,70,55,55,80,80,80,80,70,37,0,0],"gold":95,"neow_bonus":"TEN_PERCENT_HP_BONUS","is_daily":false,"chose_seed":false,"campfire_upgraded":2,"win_rate":0.0,"timestamp":1610330447,"path_taken":["M","M","?","M","?","E","R","$","T","E","R","?","M","M","R","BOSS","M","?","?","?","$","R","?","R","T","E","?","E"],"items_purchased_type":["Card","Card","Card","Card","Card"],"build_version":"2020-12-22","purchased_purges":0,"victory":false,"max_hp_per_floor":[79,79,79,79,79,79,79,79,79,79,79,79,79,79,79,79,79,79,79,79,84,84,84,84,84,84,84,84,84,84],"relic_stats":{"Nunchaku":[11],"Dream Catcher":3,"counters":[12,87],"Mummified Hand":[6],"Juzu Bracelet":1,"Cursed Key":1,"obtain_stats":[{"Nunchaku":9,"Dream Catcher":10,"Mummified Hand":27,"Juzu Bracelet":6,"Red Mask":28,"PureWater":0,"Cursed Key":17},{"Nunchaku":4,"Dream Catcher":5,"Mummified Hand":10,"Juzu Bracelet":4,"Red Mask":11,"PureWater":0,"Cursed Key":8},{"Nunchaku":21,"Dream Catcher":43,"Mummified Hand":79,"Juzu Bracelet":21,"Red Mask":84,"PureWater":0,"Cursed Key":65}]},"card_choices":[{"not_picked":["Crescendo","FlurryOfBlows"],"picked":"Protect","floor":1.0},{"not_picked":["SashWhip","FollowUp"],"picked":"ThirdEye","floor":2.0},{"not_picked":["DeceiveReality","EmptyFist"],"picked":"Weave","floor":4.0},{"not_picked":["Halt","Crescendo"],"picked":"LikeWater","floor":6.0},{"not_picked":["Halt","Vengeance","Adaptation"],"picked":"SKIP","floor":10.0},{"not_picked":["Vengeance","Crescendo"],"picked":"Evaluate","floor":11.0},{"not_picked":["Consecrate","CutThroughFate"],"picked":"Prostrate","floor":13.0},{"not_picked":["Protect","Wish"],"picked":"MarkedMod:Acupuncture","floor":14.0},{"not_picked":["EmptyFist","Crescendo"],"picked":"FollowUp","floor":15.0},{"not_picked":["LessonLearned","Judgement"],"picked":"MarkedMod:NorthStar","floor":16.0},{"not_picked":["Halt","ClearTheMind"],"picked":"Prostrate","floor":18.0},{"not_picked":["SashWhip","Wallop"],"picked":"Sanctity","floor":23},{"not_picked":["Worship","SandsOfTime"],"picked":"MarkedMod:NorthStar","floor":27}],"player_experience":571834,"relics_obtained":[{"floor":6.0,"key":"Juzu Bracelet"},{"floor":9.0,"key":"Nunchaku"},{"floor":10.0,"key":"Dream Catcher"},{"floor":27,"key":"Mummified Hand"},{"floor":28,"key":"Red Mask"}],"event_choices":[{"cards_removed":["Strike_P"],"damage_healed":0.0,"max_hp_gain":0.0,"max_hp_loss":0.0,"gold_gain":0.0,"event_name":"Bonfire Elementals","player_choice":"Offered Basic","floor":3.0,"gold_loss":0.0,"damage_taken":0.0},{"damage_healed":0,"gold_gain":0,"player_choice":"Read","damage_taken":0,"max_hp_gain":0,"max_hp_loss":0,"event_name":"The Library","floor":19,"gold_loss":0,"cards_obtained":["MarkedMod:OneThousandNeedles"]},{"cards_removed":["Strike_P"],"damage_healed":0,"gold_gain":0,"player_choice":"Gave Gold","damage_taken":0,"max_hp_gain":0,"max_hp_loss":0,"event_name":"Beggar","floor":20,"gold_loss":75},{"damage_healed":0,"gold_gain":0,"player_choice":"Shed Blood","damage_taken":20,"max_hp_gain":5,"max_hp_loss":0,"event_name":"Forgotten Altar","floor":21,"gold_loss":0},{"damage_healed":0,"gold_gain":0,"player_choice":"Simplicity","damage_taken":0,"max_hp_gain":0,"max_hp_loss":0,"event_name":"Back to Basics","floor":24,"gold_loss":0,"cards_upgraded":["Strike_P","Strike_P","Defend_P","Defend_P","Defend_P","Defend_P"]},{"damage_healed":0,"gold_gain":0,"player_choice":"Fought Bandits","damage_taken":0,"max_hp_gain":0,"max_hp_loss":0,"event_name":"Masked Bandits","floor":28,"gold_loss":0}],"is_beta":false,"boss_relics":[{"not_picked":["Fusion Hammer","Runic Dome"],"picked":"Cursed Key"}],"items_purged_floors":[],"is_endless":false,"potions_floor_spawned":[6,13,14],"killed_by":"Slavers","ascension_level":4}}