{"host":"5gc11emcm5chfr5t","time":1610329370,"event":{"mods":["2.2 Compatiblity","AchievementEnabler","BaseMod","Bestiary","Better Note","Colored Map","Colored Powertips","Downfall","Googly Eyes","Minty Spire (QoL Compilation)","Rare Cards Sparkle","StSLib"],"gold_per_floor":[113,113,130,130,144,170,9,9,9,36,36,59,59,59,59],"floor_reached":14,"playtime":491,"items_purged":[],"score":196,"play_id":"e355b4cb-de67-46c9-9866-3fe2f6396013","local_time":"20210110204250","is_ascension_mode":true,"campfire_choices":[],"circlet_count":0,"master_deck":["AscendersBane","sneckomod:Strike","sneckomod:Strike","sneckomod:Defend","sneckomod:Defend","sneckomod:Defend","sneckomod:TailWhip","sneckomod:SnekBite","sneckomod:Unknown","sneckomod:Unknown","sneckomod:UnknownUncommonAttack","sneckomod:SoulCleanse","sneckomod:UnknownColorless","sneckomod:ImprovisedGuard","sneckomod:SoulRoll","sneckomod:UnknownRareAttack+1","sneckomod:UnknownRareSkill","sneckomod:UnknownRarePower","sneckomod:WideSting+1","sneckomod:UnknownVulnerable"],"relics":["sneckomod:SneckoSoul","NeowsBlessing","Molten Egg 2","sneckomod:RareBoosterPack","Art of War","Golden Idol"],"acts_visited":["Exordium"],"potions_floor_usage":[6,12],"damage_taken":[{"damage":0,"enemies":"Small Slimes","floor":1,"turns":1},{"damage":0,"enemies":"Jaw Worm","floor":3,"turns":1},{"damage":0,"enemies":"2 Louse","floor":5,"turns":2},{"damage":15,"enemies":"3 Sentries","floor":6,"turns":3},{"damage":61,"enemies":"Lagavulin","floor":10,"turns":10},{"damage":20,"enemies":"Looter","floor":12,"turns":4},{"damage":11,"enemies":"3 Sentries","floor":14,"turns":4}],"seed_played":"3963431044694424439","potions_obtained":[{"floor":5,"key":"BlessingOfTheForge"},{"floor":10,"key":"PowerPotion"},{"floor":12,"key":"FearPotion"}],"is_trial":false,"path_per_floor":["M","?","M","?","M","E","$","?","T","E","?","M","?","E"],"character_chosen":"THE_SNECKO","items_purchased":["sneckomod:RareBoosterPack"],"campfire_rested":0,"item_purchase_floors":[7],"current_hp_per_floor":[76,76,76,77,77,62,65,70,70,15,15,11,11,0,0],"gold":59,"neow_bonus":"THREE_ENEMY_KILL","is_daily":false,"chose_seed":false,"campfire_upgraded":0,"win_rate":0.0,"timestamp":1610329370,"path_taken":["M","?","M","?","M","E","$","?","T","E","?","M","?","E"],"items_purchased_type":["Relic"],"build_version":"2020-12-22","purchased_purges":0,"victory":false,"max_hp_per_floor":[84,84,84,85,85,85,88,93,93,93,84,85,85,85,85],"card_choices":[{"not_picked":["sneckomod:DefensiveFlair","sneckomod:UnknownExhaust"],"picked":"sneckomod:UnknownUncommonAttack","floor":1},{"not_picked":["sneckomod:IronFang","sneckomod:RainOfDice"],"picked":"sneckomod:SoulCleanse","floor":3},{"not_picked":["sneckomod:Unknown1Cost","sneckomod:SoulRoll"],"picked":"sneckomod:ImprovisedGuard","floor":5},{"not_picked":["sneckomod:UnknownClassSLIMEBOUND","sneckomod:UnknownCommonAttack+1"],"picked":"sneckomod:SoulRoll","floor":6},{"not_picked":["sneckomod:UnknownClassSLIMEBOUND","sneckomod:MixItUp+1"],"picked":"sneckomod:WideSting+1","floor":10},{"not_picked":["sneckomod:DiceCrush+1","sneckomod:UnknownBlock"],"picked":"sneckomod:UnknownVulnerable","floor":12}],"player_experience":542643,"relics_obtained":[{"floor":6,"key":"Molten Egg 2"},{"floor":10,"key":"Art of War"}],"event_choices":[{"damage_healed":0,"gold_gain":0,"player_choice":"Leave","damage_taken":0,"max_hp_gain":0,"max_hp_loss":0,"event_name":"The Cleric","floor":2,"gold_loss":0},{"damage_healed":0,"gold_gain":0,"cards_transformed":["sneckomod:Strike"],"player_choice":"Change","damage_taken":0,"max_hp_gain":0,"max_hp_loss":0,"event_name":"Living Wall","floor":4,"gold_loss":0,"cards_obtained":["sneckomod:UnknownColorless"]},{"damage_healed":0,"gold_gain":0,"player_choice":"Donut","damage_taken":0,"max_hp_gain":5,"max_hp_loss":0,"event_name":"Big Fish","floor":8,"gold_loss":0},{"damage_healed":0,"gold_gain":0,"player_choice":"Lose Max HP","damage_taken":0,"relics_obtained":["Golden Idol"],"max_hp_gain":0,"max_hp_loss":9,"event_name":"Golden Idol","floor":11,"gold_loss":0},{"damage_healed":0,"gold_gain":0,"player_choice":"Fled","damage_taken":0,"max_hp_gain":0,"max_hp_loss":0,"event_name":"Scrap Ooze","floor":13,"gold_loss":0}],"is_beta":false,"boss_relics":[],"items_purged_floors":[],"is_endless":false,"potions_floor_spawned":[5,10,12],"killed_by":"3 Sentries","ascension_level":20}}