{"host":"v79nb9qnzs8cga96","time":1610392534,"event":{"mods":["BaseMod","Better Note","Block Reminder","GifTheSpireLib","Minty Spire (QoL Compilation)","Small Relic Pack","StSLib","Stuff the Spire"],"gold_per_floor":[111,131,131,147,160,201,201,216,216,247,247,247,263,188,188,314,314,354,368,368,392,413,478,478,536,536,557,588,600,466,479,479,607,607,622,685,710,277,217,217,217,291,318,337,375,388,388,388,388],"floor_reached":48,"playtime":2241,"items_purged":["Strike_P","Eruption"],"score":662,"play_id":"04f678ba-fe28-4850-938c-3b5065e911a1","local_time":"20210111211534","is_ascension_mode":false,"campfire_choices":[{"floor":7.0,"key":"REST"},{"floor":11.0,"key":"RECALL"},{"data":"ThirdEye","floor":15.0,"key":"SMITH"},{"data":"Alpha","floor":24.0,"key":"SMITH"},{"floor":32.0,"key":"REST"},{"floor":41.0,"key":"REST"}],"circlet_count":0,"master_deck":["Strike_P","Defend_P","Defend_P","Defend_P","Defend_P","Vigilance","Alpha+1","ThirdEye+1","Wish","MasterReality","Apotheosis"],"relics":["PureWater","Golden Idol","Unceasing Top","Art of War","Anchor","VioletLotus","Juzu Bracelet","Regal Pillow","Letter Opener","MawBank","Nloth\u0027s Gift","relicPack:ShieldShield","TungstenRod","Oddly Smooth Stone","Blue Candle","StuffTheSpire:Experiment12"],"acts_visited":["Exordium","TheCity","TheBeyond"],"potions_floor_usage":[47],"damage_taken":[{"damage":0.0,"enemies":"Small Slimes","floor":1.0,"turns":3.0},{"damage":0.0,"enemies":"2 Louse","floor":2.0,"turns":3.0},{"damage":10.0,"enemies":"Cultist","floor":4.0,"turns":6.0},{"damage":0.0,"enemies":"Looter","floor":5.0,"turns":5.0},{"damage":0.0,"enemies":"Lagavulin","floor":6.0,"turns":4.0},{"damage":2.0,"enemies":"Exordium Wildlife","floor":8.0,"turns":5.0},{"damage":6.0,"enemies":"3 Sentries","floor":10.0,"turns":4.0},{"damage":1.0,"enemies":"2 Fungi Beasts","floor":13.0,"turns":5.0},{"damage":22.0,"enemies":"The Guardian","floor":16.0,"turns":8.0},{"damage":0.0,"enemies":"Shell Parasite","floor":18.0,"turns":5.0},{"damage":0.0,"enemies":"Chosen","floor":19.0,"turns":4.0},{"damage":12.0,"enemies":"Centurion and Healer","floor":22.0,"turns":6.0},{"damage":14.0,"enemies":"Slavers","floor":23.0,"turns":4.0},{"damage":7.0,"enemies":"Gremlin Leader","floor":25.0,"turns":5.0},{"damage":12.0,"enemies":"Snake Plant","floor":27.0,"turns":4.0},{"damage":13.0,"enemies":"Slavers","floor":28.0,"turns":3.0},{"damage":13.0,"enemies":"Sentry and Sphere","floor":31.0,"turns":5.0},{"damage":0.0,"enemies":"Collector","floor":33.0,"turns":6.0},{"damage":0.0,"enemies":"3 Shapes","floor":35.0,"turns":3.0},{"damage":28.0,"enemies":"Mind Bloom Boss Battle","floor":36.0,"turns":7.0},{"damage":17.0,"enemies":"3 Darklings","floor":37.0,"turns":3.0},{"damage":19.0,"enemies":"Reptomancer","floor":42.0,"turns":5.0},{"damage":12.0,"enemies":"Jaw Worm Horde","floor":44.0,"turns":3.0},{"damage":30.0,"enemies":"Nemesis","floor":45.0,"turns":6.0},{"damage":0,"enemies":"4 Shapes","floor":46,"turns":3},{"damage":0,"enemies":"3 Darklings","floor":47,"turns":2},{"damage":4,"enemies":"Writhing Mass","floor":48,"turns":3}],"seed_played":"7408977208710779228","potions_obtained":[{"floor":5.0,"key":"DistilledChaos"},{"floor":6.0,"key":"PowerPotion"},{"floor":16.0,"key":"Swift Potion"},{"floor":25.0,"key":"Explosive Potion"},{"floor":31.0,"key":"DistilledChaos"},{"floor":37.0,"key":"StancePotion"},{"floor":42.0,"key":"Explosive Potion"},{"floor":44.0,"key":"ColorlessPotion"},{"floor":46,"key":"SmokeBomb"}],"is_trial":false,"path_per_floor":["M","M","?","M","M","E","R","M","T","E","R","?","M","$","R","B",null,"M","M","?","T","M","E","R","E","T","M","E","?","$","M","R","B",null,"M","?","M","$","?","?","R","E","T","M","E","M","M","M"],"character_chosen":"WATCHER","items_purchased":["MasterReality","Oddly Smooth Stone","Apotheosis"],"campfire_rested":3,"item_purchase_floors":[30,38,38],"current_hp_per_floor":[72,72,54,44,44,44,65,63,63,57,57,57,56,56,56,34,72,72,72,72,72,60,46,46,39,39,27,14,14,14,1,37,37,72,72,44,27,27,27,27,63,44,44,32,2,2,2,0,0],"gold":388,"neow_bonus":"ONE_RANDOM_RARE_CARD","is_daily":false,"chose_seed":false,"campfire_upgraded":2,"win_rate":0.0,"timestamp":1610392534,"path_taken":["M","M","?","M","M","E","R","M","T","E","R","?","M","$","R","BOSS","M","?","?","?","M","E","R","E","T","M","E","?","$","M","R","BOSS","M","?","M","$","?","?","R","E","T","M","E","M","M","M"],"items_purchased_type":["Card","Relic","Card"],"build_version":"2020-12-22","purchased_purges":2,"victory":false,"max_hp_per_floor":[72,72,72,72,72,72,72,72,72,72,72,72,72,72,72,72,72,72,72,72,72,72,72,72,72,72,72,72,72,72,72,72,72,72,72,72,72,72,72,72,72,72,72,72,72,72,72,72,72],"card_choices":[{"not_picked":["Evaluate","CutThroughFate"],"picked":"ThirdEye","floor":1.0},{"not_picked":["FearNoEvil","Weave","InnerPeace"],"picked":"SKIP","floor":2.0},{"not_picked":["EmptyBody","SashWhip","FollowUp"],"picked":"SKIP","floor":4.0},{"not_picked":["Adaptation","FlurryOfBlows","EmptyMind"],"picked":"SKIP","floor":5.0},{"not_picked":["Tantrum","EmptyMind","BattleHymn"],"picked":"SKIP","floor":6.0},{"not_picked":["Collect","Prostrate","Vengeance"],"picked":"SKIP","floor":8.0},{"not_picked":["FollowUp","EmptyMind","Blasphemy"],"picked":"SKIP","floor":10.0},{"not_picked":["CutThroughFate","SashWhip","JustLucky"],"picked":"SKIP","floor":13.0},{"not_picked":["DeusExMachina","Scrawl"],"picked":"Wish","floor":16.0},{"not_picked":["Worship","Fasting2","FollowUp"],"picked":"SKIP","floor":18.0},{"not_picked":["SashWhip","Worship","Halt"],"picked":"SKIP","floor":19.0},{"not_picked":["Wallop+1","Halt","Crescendo"],"picked":"SKIP","floor":22.0},{"not_picked":["Consecrate","ForeignInfluence","SandsOfTime"],"picked":"SKIP","floor":23.0},{"not_picked":["SandsOfTime","Prostrate+1","Swivel"],"picked":"SKIP","floor":25.0},{"not_picked":["Halt","EmptyBody","EmptyFist"],"picked":"SKIP","floor":27.0},{"not_picked":["Wireheading","WaveOfTheHand","Nirvana+1"],"picked":"SKIP","floor":28.0},{"not_picked":["Prostrate","Alpha","BowlingBash"],"picked":"SKIP","floor":31.0},{"not_picked":["Crescendo","Weave","Wireheading"],"picked":"SKIP","floor":35.0},{"not_picked":["Halt","Nirvana","Protect"],"picked":"SKIP","floor":37.0},{"not_picked":["Conclude","Worship","Tantrum+1"],"picked":"SKIP","floor":42.0},{"not_picked":["Consecrate+1","BowlingBash+1","SandsOfTime"],"picked":"SKIP","floor":44.0},{"not_picked":["WaveOfTheHand","Wish","Weave"],"picked":"SKIP","floor":45.0},{"not_picked":["Prostrate","EmptyFist+1","Wireheading+1"],"picked":"SKIP","floor":46}],"player_experience":324570,"relics_obtained":[{"floor":6.0,"key":"Unceasing Top"},{"floor":9.0,"key":"Art of War"},{"floor":10.0,"key":"Anchor"},{"floor":21.0,"key":"Juzu Bracelet"},{"floor":23.0,"key":"Kunai"},{"floor":25.0,"key":"Regal Pillow"},{"floor":26.0,"key":"Letter Opener"},{"floor":28.0,"key":"MawBank"},{"floor":36.0,"key":"TungstenRod"},{"floor":42.0,"key":"Blue Candle"},{"floor":45.0,"key":"StuffTheSpire:Experiment12"}],"event_choices":[{"damage_healed":0.0,"max_hp_gain":0.0,"max_hp_loss":0.0,"gold_gain":0.0,"event_name":"Golden Idol","player_choice":"Take Damage","floor":3.0,"gold_loss":0.0,"damage_taken":18.0,"relics_obtained":["Golden Idol"]},{"cards_removed":["Strike_P"],"damage_healed":0.0,"max_hp_gain":0.0,"max_hp_loss":0.0,"gold_gain":0.0,"event_name":"Purifier","player_choice":"Purged","floor":12.0,"gold_loss":0.0,"damage_taken":0.0},{"cards_removed":["Wish"],"damage_healed":0.0,"max_hp_gain":0.0,"max_hp_loss":0.0,"gold_gain":0.0,"event_name":"betterNote:BetterNote","player_choice":"Give","floor":20.0,"gold_loss":0.0,"damage_taken":0.0,"cards_obtained":["Wallop"]},{"damage_healed":0.0,"max_hp_gain":0.0,"max_hp_loss":0.0,"gold_gain":0.0,"event_name":"N\u0027loth","player_choice":"Traded Relic","floor":29.0,"relics_lost":["Kunai"],"gold_loss":0.0,"damage_taken":0.0,"relics_obtained":["Nloth\u0027s Gift"]},{"damage_healed":0.0,"max_hp_gain":0.0,"max_hp_loss":0.0,"gold_gain":0.0,"event_name":"MindBloom","player_choice":"Fight","floor":36.0,"gold_loss":0.0,"damage_taken":0.0},{"cards_removed":["Strike_P"],"damage_healed":0.0,"max_hp_gain":0.0,"max_hp_loss":0.0,"gold_gain":0.0,"event_name":"Designer","player_choice":"Single Remove","floor":39.0,"gold_loss":60.0,"damage_taken":0.0},{"damage_healed":0.0,"max_hp_gain":0.0,"max_hp_loss":0.0,"gold_gain":0.0,"event_name":"The Moai Head","player_choice":"Ignored","floor":40.0,"gold_loss":0.0,"damage_taken":0.0}],"is_beta":false,"boss_relics":[{"not_picked":["Runic Pyramid","StuffTheSpire:RunicHypercube"],"picked":"VioletLotus"},{"not_picked":["Empty Cage","Calling Bell"],"picked":"relicPack:ShieldShield"}],"items_purged_floors":[14,38],"is_endless":false,"potions_floor_spawned":[5,6,16,18,25,31,37,42,44,46],"killed_by":"Writhing Mass","ascension_level":0}}