{"host":"xb2tau8pgi8aflss","time":1610366868,"event":{"mods":["AchievementEnabler","BaseMod","Hermit","Minty Spire (QoL Compilation)","StSLib","SuperFastMode"],"gold_per_floor":[112,130,148,148,28,28,54,54,54,64,93,193,210,221,221,318,318,334,334,354,367,367,392,392,392,392,405,405,32,45,65,65,65,65],"floor_reached":33,"playtime":1032,"items_purged":["Normality"],"score":388,"play_id":"e982beca-6f91-492b-94ae-88d60dfabe99","local_time":"20210111210748","is_ascension_mode":true,"campfire_choices":[{"data":"Apotheosis","floor":6.0,"key":"SMITH"},{"data":"Gash","floor":8.0,"key":"SMITH"},{"data":"Genetic Algorithm","floor":15.0,"key":"SMITH"},{"floor":25,"key":"REST"},{"data":"Aggregate","floor":28,"key":"SMITH"},{"floor":32,"key":"REST"}],"circlet_count":0,"master_deck":["Zap","Dualcast","Apotheosis+1","Go for the Eyes","Beam Cell","Rebound","Gash+1","Conserve Battery","Stack","Hologram","Genetic Algorithm+1","Rebound","Hyperbeam","Meteor Strike","Force Field","Steam","Creative AI","Auto Shields","Aggregate+1","Beam Cell+1","Hologram","Streamline","Capacitor","Gash","Beam Cell","Beam Cell","Mayhem","Double Energy","Hologram"],"relics":["Cracked Core","Sundial","Kunai","Akabeko","Pandora\u0027s Box","MealTicket","StrikeDummy","Happy Flower"],"acts_visited":["Exordium","TheCity"],"potions_floor_usage":[33,33],"damage_taken":[{"damage":0.0,"enemies":"2 Louse","floor":1.0,"turns":2.0},{"damage":0.0,"enemies":"Cultist","floor":2.0,"turns":3.0},{"damage":0.0,"enemies":"Small Slimes","floor":3.0,"turns":2.0},{"damage":13.0,"enemies":"Gremlin Nob","floor":7.0,"turns":4.0},{"damage":0.0,"enemies":"3 Louse","floor":10.0,"turns":3.0},{"damage":23.0,"enemies":"3 Sentries","floor":11.0,"turns":8.0},{"damage":0.0,"enemies":"Looter","floor":13.0,"turns":3.0},{"damage":8.0,"enemies":"Blue Slaver","floor":14.0,"turns":3.0},{"damage":8.0,"enemies":"Slime Boss","floor":16.0,"turns":9.0},{"damage":0.0,"enemies":"Spheric Guardian","floor":18.0,"turns":3.0},{"damage":12.0,"enemies":"Chosen","floor":20.0,"turns":7.0},{"damage":15.0,"enemies":"Snake Plant","floor":21.0,"turns":4.0},{"damage":13,"enemies":"Slavers","floor":23,"turns":4},{"damage":14,"enemies":"Centurion and Healer","floor":27,"turns":5},{"damage":7,"enemies":"3 Cultists","floor":30,"turns":5},{"damage":11,"enemies":"Cultist and Chosen","floor":31,"turns":5},{"damage":42,"enemies":"Champ","floor":33,"turns":7}],"seed_played":"1455601215787143972","potions_obtained":[{"floor":1.0,"key":"Strength Potion"},{"floor":2.0,"key":"LiquidMemories"},{"floor":13.0,"key":"Weak Potion"},{"floor":27,"key":"FearPotion"},{"floor":31,"key":"Swift Potion"}],"is_trial":false,"path_per_floor":["M","M","M","?","$","R","E","R","T","M","E","?","M","M","R","B",null,"M","?","M","M","?","E","?","R","T","M","R","$","M","M","R","B"],"character_chosen":"DEFECT","items_purchased":["Gash","Happy Flower","Beam Cell","Mayhem"],"campfire_rested":2,"item_purchase_floors":[5,29,29,29],"current_hp_per_floor":[68,68,68,68,68,68,55,55,55,55,32,32,32,24,24,16,60,60,46,34,19,19,6,6,30,30,16,16,31,24,13,37,0,0],"gold":65,"neow_bonus":"RANDOM_COLORLESS_2","is_daily":false,"chose_seed":false,"campfire_upgraded":4,"win_rate":0.0,"timestamp":1610366868,"path_taken":["M","M","M","?","$","R","E","R","T","?","E","?","?","M","R","BOSS","M","?","M","M","?","E","?","R","T","M","R","$","M","M","R","BOSS"],"items_purchased_type":["Card","Relic","Card","Card"],"build_version":"2020-12-22","purchased_purges":1,"victory":false,"max_hp_per_floor":[75,75,75,75,75,75,75,75,75,75,75,75,75,75,75,75,75,75,80,80,80,80,80,80,80,80,80,80,80,80,80,80,80,80],"card_choices":[{"not_picked":["Master of Strategy","Sadistic Nature"],"picked":"Apotheosis","floor":0.0},{"not_picked":["Sweeping Beam","Skim"],"picked":"Go for the Eyes","floor":1.0},{"not_picked":["Stack","Go for the Eyes"],"picked":"Beam Cell","floor":2.0},{"not_picked":["Stack","Barrage"],"picked":"Rebound","floor":3.0},{"not_picked":["Turbo","Reprogram"],"picked":"Conserve Battery","floor":7.0},{"not_picked":["Darkness","Coolheaded"],"picked":"Stack","floor":10.0},{"not_picked":["BootSequence","Rebound"],"picked":"Hologram","floor":11.0},{"not_picked":["Redo","Turbo"],"picked":"Genetic Algorithm","floor":13.0},{"not_picked":["Blizzard","Electrodynamics"],"picked":"Rebound","floor":14.0},{"not_picked":["Reboot","Creative AI"],"picked":"Hyperbeam","floor":16.0},{"not_picked":["Leap","Rebound","Rip and Tear"],"picked":"SKIP","floor":18.0},{"not_picked":["Cold Snap+1","Turbo"],"picked":"Beam Cell+1","floor":20.0},{"not_picked":["Compile Driver","Hello World+1"],"picked":"Hologram","floor":21.0},{"not_picked":["Capacitor+1","Go for the Eyes"],"picked":"Gash","floor":23},{"not_picked":["Barrage","Go for the Eyes"],"picked":"Beam Cell","floor":27},{"not_picked":["Tempest+1","Coolheaded+1"],"picked":"Double Energy","floor":30},{"not_picked":["Reinforced Body","Barrage"],"picked":"Hologram","floor":31}],"player_experience":776925,"relics_obtained":[{"floor":7.0,"key":"Sundial"},{"floor":9.0,"key":"Kunai"},{"floor":11.0,"key":"Akabeko"},{"floor":23,"key":"MealTicket"},{"floor":26,"key":"StrikeDummy"}],"event_choices":[{"damage_healed":0.0,"max_hp_gain":0.0,"max_hp_loss":0.0,"gold_gain":0.0,"cards_transformed":["Strike_B"],"event_name":"Transmorgrifier","player_choice":"Transformed","floor":4.0,"gold_loss":0.0,"damage_taken":0.0,"cards_obtained":["Loop"]},{"damage_healed":0.0,"max_hp_gain":0.0,"max_hp_loss":0.0,"gold_gain":100.0,"event_name":"Wheel of Change","player_choice":"Gold","floor":12.0,"gold_loss":0.0,"damage_taken":0.0},{"damage_healed":0.0,"max_hp_gain":5.0,"max_hp_loss":0.0,"gold_gain":0.0,"event_name":"Forgotten Altar","player_choice":"Shed Blood","floor":19.0,"gold_loss":0.0,"damage_taken":19.0},{"damage_healed":0.0,"max_hp_gain":0.0,"max_hp_loss":0.0,"gold_gain":0.0,"cards_transformed":["Melter","Loop"],"event_name":"Drug Dealer","player_choice":"Became Test Subject","floor":22.0,"gold_loss":0.0,"damage_taken":0.0,"cards_obtained":["Streamline","Capacitor"]},{"damage_healed":0,"gold_gain":0,"player_choice":"Ignored","damage_taken":0,"max_hp_gain":0,"max_hp_loss":0,"event_name":"Ghosts","floor":24,"gold_loss":0}],"is_beta":false,"boss_relics":[{"not_picked":["SlaversCollar","Runic Pyramid"],"picked":"Pandora\u0027s Box"}],"items_purged_floors":[5],"is_endless":false,"potions_floor_spawned":[1,2,13,18,27,31],"killed_by":"Champ","ascension_level":6}}