{"host":"12ua7wmg1suouds3","time":1610393250,"event":{"mods":["ATMod(阿瑾Mod)","Act Like it!","Aspiration","BaseMod","CapriCore","Chen","Easy Mod","Gensokyo","Hubris","HumanHunterMod(怪物杀人mod)","Jedi Mod","Koishi","KomeijiMod","Marisa（F雨　魔理沙）","Minty Spire (QoL Compilation)","MostiFishMod","Reimu（博丽灵梦）","Remilia（蕾米莉亚）","RumiaBox-露米娅的神秘盒子","StSLib","TestMod","The Immortal","Waifu the Spire","Yakumo Yukari mod","Youmu（魂魄妖梦）","Yuyuko","noobMod","vexMod","【功能Mod】聪明的最终Boss","【遗物卡牌】REMEMod"],"gold_per_floor":[109,109,37,37,57,84,84,318,318,318,336,355,355,113,113,218,218,234,234,234,250,268,29,29,58,58,58,70,82,7,26,26,130,130,148,166,16,16,33,33,42,71,71,71,1069,1086,1086,1099,1099,1099,1099,1099,668,693,693,693,693],"floor_reached":55,"playtime":4158,"items_purged":[],"score":927,"play_id":"c54a8774-72a3-4b11-bf2f-b5c9692b333f","local_time":"20210112032730","is_ascension_mode":false,"campfire_choices":[{"floor":7,"key":"RECALL"},{"data":"testmod-EternalityOfKhronos","floor":10,"key":"SMITH"},{"data":"MokouMod:Extinguish","floor":13,"key":"SMITH"},{"data":"AT_FamilyPortrait","floor":15,"key":"SMITH"},{"data":"MokouMod:ImperishableFlame","floor":24,"key":"SMITH"},{"data":"MokouMod:HouraiForge","floor":27,"key":"SMITH"},{"data":"MokouMod:IgnitionBlast","floor":32,"key":"SMITH"},{"data":"MokouMod:EnchantingBambooForest","floor":40,"key":"SMITH"},{"data":"MokouMod:BurningHiddenBullet","floor":47,"key":"SMITH"},{"data":"MokouMod:RetainTemperature","floor":49,"key":"SMITH"},{"data":"MokouMod:ScorchedEarth","floor":52,"key":"SMITH"}],"circlet_count":0,"master_deck":["EasyMod:card_1","MokouMod:Strike","MokouMod:Strike","MokouMod:Strike","MokouMod:Strike","MokouMod:Strike","MokouMod:Defend","MokouMod:Defend","MokouMod:Defend","MokouMod:Defend","MokouMod:HeatSpark","AT_FamilyPortrait+1","testmod-EternalityOfKhronos+1","MokouMod:SubterraneanCore","MokouMod:ResonanceReactor","MokouMod:Extinguish+1","MokouMod:Meltdown","MokouMod:SubterraneanCore","MokouMod:ControlledCombustion","MokouMod:IcarusDive","MokouMod:HouraiForge+1","MokouMod:ProfanedFlare","MokouMod:ExplosiveFlame+1","MokouMod:ScorchedEarth+1","MokouMod:ImperishableFlame+1","MokouMod:DanceofFlames+1","MokouMod:IllusoryBattlefield+1","MokouMod:Combust","MokouMod:IgnitionBlast+1","MokouMod:EnchantingBambooForest+1","MokouMod:InfernalWave+1","MokouMod:Stoke+1","MokouMod:HeartofFire","MokouMod:RetainTemperature+1","MokouMod:CrimsonArmoury","MokouMod:Overheat+1","MokouMod:TemporalFireSeal","MokouMod:BurningHiddenBullet+1","MokouMod:Cataclysm+1","Apotheosis+1","testmod-LifeRuler","MokouMod:AdaptivePyromancy","MokouMod:Fireball","MokouMod:Afterburner","MokouMod:FujiyamaVolcano+1"],"relics":["MokouMod:PhoenixFeather","AT_ATBox","DaveBox","testmod-TestBox","REME_ComplimentaryCards","ice","testmod-Nyarlathotep","aspiration:Nostalgia","Burning Blood","SynthV:TestCard","CrazyTorch:ReiMu","hubris:Towel","EasyMod:Easy_2","GodSword6","TungstenRod","testmod-InfectionSource","testmod-EqualTreatment","Membership Card","vexMod:CursedCompass","testmod-HeartOfStrike","AT_ATBox","REME_LimitBreaker","testmod-Charity","Sundial","aspiration:HummingbirdHeart","EasyMod:Easy_3","REME_ChargedStone","OrangePellets","EasyMod:Easy_5","hubris:MysteriousPyramids","Gensokyo:TheCrow","MagicDraw2","vexMod:PaidLearning","Letter Opener"],"acts_visited":["Exordium","Gensokyo:Gensokyo","Gensokyo:Gensokyoer","TheEnding"],"potions_floor_usage":[12,12,22,22,35,36,41,50,50],"damage_taken":[{"damage":58,"enemies":"Gensokyo:3_Fairies","floor":1,"turns":11},{"damage":1,"enemies":"Gensokyo:2_Kodama","floor":5,"turns":5},{"damage":42,"enemies":"Gensokyo:Mamizou","floor":6,"turns":16},{"damage":28,"enemies":"Gensokyo:Aya","floor":8,"turns":6},{"damage":4,"enemies":"Gensokyo:Python","floor":11,"turns":4},{"damage":55,"enemies":"Gensokyo:Kitsune","floor":12,"turns":13},{"damage":0,"enemies":"Gensokyo:Kokoro","floor":16,"turns":7},{"damage":0,"enemies":"Gensokyo:2_Gloops","floor":18,"turns":1},{"damage":6,"enemies":"Gensokyo:3_Dogs","floor":21,"turns":3},{"damage":5,"enemies":"Gensokyo:Chomper_and_Gloop","floor":22,"turns":2},{"damage":17,"enemies":"Gensokyo:Reisen","floor":25,"turns":4},{"damage":32,"enemies":"Gensokyo:Swordslinger","floor":28,"turns":4},{"damage":8,"enemies":"Gensokyo:Mirror_and_Dog","floor":29,"turns":2},{"damage":0,"enemies":"Gensokyo:Monolith_and_Dog","floor":31,"turns":3},{"damage":17,"enemies":"Gensokyo:Eternal_Rivals","floor":33,"turns":7},{"damage":14,"enemies":"Gensokyo:AncientGuardian","floor":35,"turns":5},{"damage":0,"enemies":"Gensokyo:3_Bats","floor":36,"turns":3},{"damage":15,"enemies":"Gensokyo:Rafflesia","floor":39,"turns":5},{"damage":14,"enemies":"Gensokyo:Dusk_and_Dawn","floor":41,"turns":4},{"damage":22,"enemies":"Gensokyo:Marisa","floor":42,"turns":5},{"damage":0,"enemies":"Gensokyo:3_Boulders","floor":46,"turns":1},{"damage":0,"enemies":"Gensokyo:AtlasGolem","floor":48,"turns":1},{"damage":58,"enemies":"Gensokyo:Yuyuko","floor":50,"turns":7},{"damage":3,"enemies":"Shield and Spear","floor":54,"turns":1},{"damage":3912,"enemies":"The Heart","floor":55,"turns":10}],"seed_played":"4478688258243534816","potions_obtained":[{"floor":1,"key":"GamblersBrew"},{"floor":11,"key":"SteroidPotion"},{"floor":12,"key":"CalmPotion"},{"floor":18,"key":"Weak Potion"},{"floor":21,"key":"jedi:holywater"},{"floor":29,"key":"LiquidMemories"},{"floor":31,"key":"SpeedPotion"},{"floor":35,"key":"Weak Potion"},{"floor":36,"key":"CultistPotion"},{"floor":39,"key":"jedi:wingpotion"},{"floor":42,"key":"LiquidMemories"}],"is_trial":false,"path_per_floor":["M","?","COS","?","M","E","R","E","T","R","M","M","R","$","R","B",null,"M","?","?","M","M","$","R","E","T","R","M","M","$","M","R","B",null,"M","M","$","?","M","R","M","E","T","?","?","M","R","M","R","B",null,"R","$","E","B"],"character_chosen":"MKU","items_purchased":["testmod-InfectionSource","REME_LimitBreaker","testmod-Charity","MokouMod:ImperishableFlame","EasyMod:Easy_3","OrangePellets","MokouMod:HeartofFire","MokouMod:RetainTemperature","MagicDraw2","Apotheosis","vexMod:PaidLearning","testmod-LifeRuler","MokouMod:AdaptivePyromancy","MokouMod:Fireball","MokouMod:Afterburner"],"campfire_rested":0,"item_purchase_floors":[14,23,23,23,30,37,37,37,53,53,53,53,53,53,53],"current_hp_per_floor":[30,15,15,15,20,62,62,55,55,55,61,12,12,12,12,29,97,97,97,97,100,101,101,101,105,105,105,93,92,92,104,104,123,123,116,129,129,129,132,132,130,135,135,135,136,143,143,150,150,150,155,155,155,156,0,0,0],"gold":693,"neow_bonus":"NOSTALGIA","is_daily":false,"chose_seed":false,"campfire_upgraded":10,"win_rate":0.0,"timestamp":1610393250,"path_taken":["M","?","COS","?","M","E","R","E","T","R","?","M","R","$","R","BOSS","M","?","?","?","M","$","R","E","T","R","M","M","?","M","R","BOSS","M","?","$","?","M","R","M","E","T","?","?","M","R","M","R","BOSS","R","$","E","BOSS"],"items_purchased_type":["Relic","Relic","Relic","Card","Relic","Relic","Card","Card","Relic","Card","Relic","Card","Card","Card","Card"],"build_version":"2020-12-22","purchased_purges":0,"victory":false,"max_hp_per_floor":[75,75,75,75,75,77,77,82,82,82,85,94,94,94,94,97,97,97,97,97,100,101,101,101,105,105,105,109,114,114,120,120,123,123,126,129,129,129,132,132,135,150,150,150,151,152,152,153,153,155,155,155,155,156,739,739,739],"card_choices":[{"not_picked":["MokouMod:ResoluteFlare","MokouMod:Combust"],"picked":"MokouMod:SubterraneanCore","floor":1},{"not_picked":["MokouMod:EternalBurstReactor","MokouMod:Firecracker","MokouMod:CrimsonFlare","MokouMod:IndiscriminateIgnition"],"picked":"MokouMod:ResonanceReactor","floor":5},{"not_picked":["MokouMod:SearingBlow","MokouMod:Geothermal","MokouMod:BurningHiddenBullet","MokouMod:RadiantBlade"],"picked":"MokouMod:Extinguish","floor":6},{"not_picked":["MokouMod:ResoluteFlare","MokouMod:RoaringFlare","MokouMod:ThermalPressure","MokouMod:ScorchingColumn"],"picked":"MokouMod:Meltdown","floor":6},{"not_picked":["MokouMod:Stoke","MokouMod:HeatCyclone","MokouMod:Overheat","MokouMod:FlickeringFlame"],"picked":"MokouMod:SubterraneanCore","floor":8},{"not_picked":["MokouMod:SearingShot","MokouMod:TemporalFireSeal","MokouMod:ScorchingColumn","MokouMod:Stoke"],"picked":"MokouMod:ControlledCombustion","floor":11},{"not_picked":["MokouMod:BurningDraft","MokouMod:UncontrollableSolarReaction","MokouMod:FujiyamaVolcano","MokouMod:RoaringFlare"],"picked":"MokouMod:IcarusDive","floor":12},{"not_picked":["MokouMod:Geothermal","MokouMod:ExplosiveFlame","MokouMod:SacredFire","MokouMod:ProfanedFlare"],"picked":"MokouMod:HouraiForge","floor":16},{"not_picked":["MokouMod:FlickeringFlame","MokouMod:AdaptivePyromancy","MokouMod:Overheat","MokouMod:Stoke"],"picked":"MokouMod:SubterraneanCore","floor":18},{"not_picked":["MokouMod:RoaringFlare","MokouMod:BlazingComet+1","MokouMod:Singe","MokouMod:ResonanceReactor+1"],"picked":"MokouMod:ExplosiveFlame","floor":21},{"not_picked":["MokouMod:Overheat","MokouMod:Burn","MokouMod:IgnitionBlast","MokouMod:Firecracker"],"picked":"MokouMod:ScorchedEarth","floor":22},{"not_picked":["MokouMod:FlareStarter+1","MokouMod:UncontrollableSolarReaction+1","MokouMod:IllusoryBattlefield","MokouMod:GuidingSmoke+1"],"picked":"MokouMod:DanceofFlames+1","floor":25},{"not_picked":["MokouMod:SubterraneanCore+1","MokouMod:SearingShot","MokouMod:FlickeringFlame","MokouMod:FlareStarter"],"picked":"MokouMod:IllusoryBattlefield+1","floor":28},{"not_picked":["MokouMod:EternalBurstReactor","MokouMod:Overheat+1","MokouMod:InfernalWave","MokouMod:RoaringFlare+1"],"picked":"MokouMod:Combust","floor":29},{"not_picked":["MokouMod:FujiyamaVolcano","MokouMod:BlazingComet+1","MokouMod:IndiscriminateIgnition+1","MokouMod:IllusoryBattlefield"],"picked":"MokouMod:IgnitionBlast","floor":31},{"not_picked":["MokouMod:ExplosiveFlame","MokouMod:Rekindle","MokouMod:Extinguish","MokouMod:SpontaneousHumanCombustion"],"picked":"MokouMod:EnchantingBambooForest","floor":33},{"not_picked":["MokouMod:FujiyamaVolcano","MokouMod:ScorchingColumn","MokouMod:ResonanceReactor","MokouMod:FlareStarter"],"picked":"MokouMod:InfernalWave+1","floor":35},{"not_picked":["MokouMod:ProfanedFlare","MokouMod:IllusoryBattlefield+1","MokouMod:IndiscriminateIgnition+1","MokouMod:FlickeringFlame+1"],"picked":"MokouMod:Stoke+1","floor":36},{"not_picked":["MokouMod:Stoke","MokouMod:AdaptivePyromancy+1","MokouMod:RoaringFlare+1","MokouMod:ResoluteFlare"],"picked":"MokouMod:CrimsonArmoury","floor":39},{"not_picked":["MokouMod:SearingShot+1","MokouMod:BlazingComet+1","MokouMod:GuidingSmoke","MokouMod:ProfanedFlare"],"picked":"MokouMod:Overheat+1","floor":41},{"not_picked":["MokouMod:IcarusDive+1","MokouMod:SearingShot","MokouMod:Combust+1","MokouMod:UncontrollableSolarReaction"],"picked":"MokouMod:TemporalFireSeal","floor":42},{"not_picked":["MokouMod:RoaringFlare","MokouMod:ThermalPressure+1","MokouMod:Singe","MokouMod:ResonanceReactor"],"picked":"MokouMod:BurningHiddenBullet","floor":46},{"not_picked":["MokouMod:AdaptivePyromancy+1","MokouMod:TemporalFireSeal+1","MokouMod:InfernalWave+1","MokouMod:GuidingSmoke+1"],"picked":"MokouMod:Cataclysm+1","floor":48},{"not_picked":["MokouMod:Fireball+1","MokouMod:Cataclysm","MokouMod:IgnitionBarrier+1","MokouMod:Scorch+1"],"picked":"MokouMod:FujiyamaVolcano+1","floor":54}],"player_experience":306328,"relics_obtained":[{"floor":1,"key":"SynthV:TestCard"},{"floor":6,"key":"EasyMod:Easy_2"},{"floor":8,"key":"GodSword6"},{"floor":12,"key":"TungstenRod"},{"floor":12,"key":"BirthdayGift-Tetrahedron"},{"floor":16,"key":"testmod-EqualTreatment"},{"floor":16,"key":"Membership Card"},{"floor":18,"key":"testmod-HeartOfStrike"},{"floor":25,"key":"Sundial"},{"floor":26,"key":"aspiration:HummingbirdHeart"},{"floor":42,"key":"EasyMod:Easy_5"},{"floor":43,"key":"hubris:MysteriousPyramids"},{"floor":54,"key":"Letter Opener"}],"event_choices":[{"damage_healed":0,"gold_gain":0,"player_choice":"Swap Relic","damage_taken":0,"relics_obtained":["AT_ATBox"],"max_hp_gain":0,"max_hp_loss":0,"event_name":"给自己的盒子","floor":19,"relics_lost":["BirthdayGift-Tetrahedron"],"gold_loss":0},{"damage_healed":0,"gold_gain":999,"player_choice":"Sell","damage_taken":0,"max_hp_gain":0,"max_hp_loss":0,"event_name":"恩洛斯的盘子","floor":45,"relics_lost":["HereWithMe"],"gold_loss":0}],"is_beta":false,"boss_relics":[{"not_picked":["vexMod:MegatonBomb","hubris:ScarierMask"],"picked":"vexMod:CursedCompass"},{"not_picked":["TakeMeEscape","Snecko Eye"],"picked":"REME_ChargedStone"}],"items_purged_floors":[],"is_endless":false,"potions_floor_spawned":[1,11,12,18,21,29,31,33,35,36,39,42],"killed_by":"The Heart","ascension_level":0}}