{"host":"m113y2j4kbc0e5kb","time":1610347822,"event":{"mods":["BaseMod","Colored Powertips","Lobotomy","LobotomyExtend","Minty Spire (QoL Compilation)","StSLib"],"gold_per_floor":[110,127,147,165,165,165,199,219,271,271,122,157,157,157,157,260,260,260,260,260,220,220,220,63,63,63,63,63,63,63,63,63,63,63,63,63,63,12,12,12,12,12,12,12,12,12,12,12,12,12],"floor_reached":51,"playtime":7510,"items_purged":["Murderer"],"score":1225,"play_id":"a1f71fac-7546-40cc-94aa-e5a14993f578","local_time":"20210111155022","is_ascension_mode":false,"campfire_choices":[],"circlet_count":0,"master_deck":["SpecialBullet","SpecialBullet","SpecialBullet","SpecialBullet","SpecialBullet","SpecialBullet","SpecialBullet","SpecialBullet","InformationCode","SecurityCode","CentralCode","Twilight+1","TodaysExpression","GreenStem+1","UniverseFragment","OSAHOGD","MeatLantern","WristCuter","BearPaw","WhitesApple","Mimicry+1","VoidDream","ExtractionCode","Variant","TheSmile","WristCuter","SilentOrchestra","Logging","Lantern+1","LongBird","ShedSkin+1","SpiderBud","Soda+1","DisciplinaryCode","GrinderMk4+1","Hypocrisy+1","Rudolta","Parasite","OldLady","TodaysExpression+1","BodiesMountain","BlackArmy","Beak+1","RedShoes","RedEyes+1","Twilight+1","Beak+1","ScreamingWedge+1","Mercenary","Beak+1","Soda+1","Moonlight+1","Hypocrisy+1","CENSORED","GrinderMk4+1","Beak+1","RecordCode","ShedSkin+1","Murderer","TodaysExpression+1","Parasite","Parasite","Parasite","Parasite","Parasite","Parasite"],"relics":["CogitoBucket","LetterFromLob","Regal Pillow","BackwardClock","Nunchaku","Bronze Scales","Letter Opener","Vajra","Ectoplasm","AspirationHeart","Happy Flower","Blood Vial","Ornamental Fan","Potion Belt","Gaze_r","ShedSkin_r","Theresia","Philosopher\u0027s Stone","Juzu Bracelet","Pocketwatch","Dream Catcher","Gremlin Horn"],"acts_visited":["Exordium","TheCity","TheBeyond"],"potions_floor_usage":[28,51,51,51,51,51],"damage_taken":[{"damage":8.0,"enemies":"Small Slimes","floor":1.0,"turns":2.0},{"damage":0.0,"enemies":"Cultist","floor":2.0,"turns":2.0},{"damage":11.0,"enemies":"Jaw Worm","floor":3.0,"turns":2.0},{"damage":5.0,"enemies":"Red Slaver","floor":4.0,"turns":3.0},{"damage":0.0,"enemies":"Lagavulin","floor":7.0,"turns":6.0},{"damage":10,"enemies":"Exordium Thugs","floor":8,"turns":17},{"damage":9,"enemies":"Gremlin Nob","floor":12,"turns":4},{"damage":11,"enemies":"The Guardian","floor":16,"turns":11},{"damage":0,"enemies":"Chosen","floor":18,"turns":5},{"damage":0,"enemies":"Spheric Guardian","floor":19,"turns":4},{"damage":19,"enemies":"Shelled Parasite and Fungi","floor":20,"turns":9},{"damage":0,"enemies":"Snake Plant","floor":22,"turns":2},{"damage":0,"enemies":"Gremlin Leader","floor":25,"turns":4},{"damage":0,"enemies":"Book of Stabbing","floor":27,"turns":4},{"damage":0,"enemies":"3 Cultists","floor":28,"turns":3},{"damage":0,"enemies":"Gremlin Leader","floor":29,"turns":3},{"damage":0,"enemies":"Centurion and Healer","floor":30,"turns":2},{"damage":56,"enemies":"Centurion and Healer","floor":31,"turns":8},{"damage":0,"enemies":"Automaton","floor":33,"turns":3},{"damage":0,"enemies":"3 Darklings","floor":35,"turns":3},{"damage":0,"enemies":"3 Shapes","floor":36,"turns":3},{"damage":2,"enemies":"Writhing Mass","floor":39,"turns":3},{"damage":3,"enemies":"Giant Head","floor":40,"turns":4},{"damage":13,"enemies":"2 Orb Walkers","floor":41,"turns":3},{"damage":0,"enemies":"Reptomancer","floor":46,"turns":2},{"damage":0,"enemies":"3 Darklings","floor":48,"turns":1},{"damage":0,"enemies":"FixerMidnight","floor":50,"turns":10},{"damage":4,"enemies":"Malkuth","floor":51,"turns":7},{"damage":20,"enemies":"Netzach","floor":51,"turns":6},{"damage":41,"enemies":"Chesed","floor":51,"turns":7},{"damage":95,"enemies":"Binah","floor":51,"turns":12},{"damage":50,"enemies":"Angela","floor":51,"turns":7}],"seed_played":"-6605880425524373693","potions_obtained":[{"floor":1.0,"key":"Explosive Potion"},{"floor":3.0,"key":"SteroidPotion"},{"floor":4.0,"key":"LiquidBronze"},{"floor":19,"key":"Strength Potion"},{"floor":31,"key":"CultistPotion"},{"floor":33,"key":"Fire Potion"},{"floor":39,"key":"ColorlessPotion"},{"floor":40,"key":"Block Potion"}],"is_trial":false,"path_per_floor":["M","M","M","M","?","R","E","M","T","R","$","E","R","?","R","B",null,"M","M","M","?","M","R","$","E","T","E","M","E","M","M","R","B",null,"M","M","?","$","M","E","?","?","T","R","$","E","R","M","R","B",null],"character_chosen":"Angela","items_purchased":["Bronze Scales","GrinderMk4+1","Beak+1"],"campfire_rested":0,"item_purchase_floors":[11,24,38],"current_hp_per_floor":[63,63,60,63,63,63,63,61,61,61,61,64,64,64,64,65,71,75,79,82,82,94,94,94,101,101,105,109,113,94,84,84,114,114,111,112,112,112,109,106,107,107,107,107,107,108,108,105,105,105],"gold":12,"neow_bonus":"THREE_RARE_CARDS","is_daily":false,"chose_seed":false,"campfire_upgraded":0,"win_rate":0.0,"timestamp":1610347822,"path_taken":["M","M","M","M","?","R","E","?","T","R","$","E","R","?","R","BOSS","M","M","?","?","M","R","$","E","T","E","M","E","M","M","R","BOSS","M","M","?","?","?","E","?","?","T","R","$","E","R","M","R","BOSS"],"items_purchased_type":["Relic","Card","Card"],"build_version":"2020-12-22","purchased_purges":1,"victory":true,"max_hp_per_floor":[63,63,63,63,63,63,63,63,63,63,63,67,67,67,67,71,71,75,79,93,93,97,97,97,101,101,105,109,113,113,117,117,114,114,111,112,112,112,109,106,107,107,107,107,107,108,108,105,105,105],"card_choices":[{"not_picked":["TheSmile","ParadiseLost"],"picked":"Twilight","floor":0.0},{"not_picked":["RapturousDream"],"picked":"TodaysExpression","floor":1.0},{"not_picked":["SolemnVow"],"picked":"GreenStem","floor":2.0},{"not_picked":["CherryBlossoms","SingingMachine"],"picked":"UniverseFragment","floor":2.0},{"not_picked":["MHz","CrumblingArmor"],"picked":"OSAHOGD","floor":3.0},{"not_picked":["Soda","Harmony"],"picked":"SKIP","floor":3.0},{"not_picked":["Scorched","GalaxyChild"],"picked":"MeatLantern","floor":4.0},{"not_picked":["SomewhereSpear","Regret_ego"],"picked":"SKIP","floor":4.0},{"not_picked":["Penitence"],"picked":"WristCuter","floor":7.0},{"not_picked":["Tough"],"picked":"BearPaw","floor":8},{"not_picked":["LittlePrince","ShyLook"],"picked":"WhitesApple","floor":8},{"not_picked":["Soda"],"picked":"Mimicry","floor":12},{"not_picked":["DreamingCurrent","GalaxyChild"],"picked":"VoidDream","floor":12},{"not_picked":["ShyLook","BeautyBeast","GalaxyChild"],"picked":"Singing Bowl","floor":16},{"not_picked":["LittleHelper","GalaxyChild"],"picked":"Variant","floor":16},{"not_picked":["Pinks","ParadiseLost"],"picked":"TheSmile","floor":16},{"not_picked":["SomewhereSpear","Penitence+1"],"picked":"WristCuter","floor":18},{"not_picked":["BigBird","ShyLook"],"picked":"SilentOrchestra","floor":18},{"not_picked":["Lantern","Soda"],"picked":"Logging","floor":18},{"not_picked":["FourthMatchFlame","MagicBullet"],"picked":"Lantern+1","floor":19},{"not_picked":["FieryBird","SpiderBud","Wellcheers"],"picked":"Singing Bowl","floor":19},{"not_picked":["Scarecrow","PunishingBird"],"picked":"LongBird","floor":19},{"not_picked":["ParadiseLost+1","WristCuter+1"],"picked":"ShedSkin+1","floor":20},{"not_picked":["CherryBlossoms","DespairKnight"],"picked":"SpiderBud","floor":20},{"not_picked":["Harmony+1","BlueScar+1"],"picked":"Soda+1","floor":22},{"not_picked":["Bloodbath","Porccubus","BlackSwan"],"picked":"Singing Bowl","floor":22},{"not_picked":["BeautyBeast","CherryBlossoms"],"picked":"Murderer","floor":22},{"not_picked":["Diffraction+1","Amita+1"],"picked":"Hypocrisy+1","floor":25},{"not_picked":["FairyFestival","OldLady"],"picked":"Rudolta","floor":25},{"not_picked":["BeautyBeast","PunishingBird","OldLady"],"picked":"Singing Bowl","floor":27},{"not_picked":["Murderer","CherryBlossoms"],"picked":"OldLady","floor":27},{"not_picked":["Loneliness+1","Penitence+1"],"picked":"TodaysExpression+1","floor":27},{"not_picked":["GreedKing","Alriune","BeautyBeast"],"picked":"Singing Bowl","floor":28},{"not_picked":["QueenBee","NakedNest"],"picked":"BodiesMountain","floor":28},{"not_picked":["Regret_ego+1","Penitence+1","LifeForTheDareDevil+1"],"picked":"SKIP","floor":28},{"not_picked":["Scarecrow","GreedKing","Laetitia"],"picked":"Singing Bowl","floor":29},{"not_picked":["MHz","BigBird"],"picked":"BlackArmy","floor":29},{"not_picked":["Justitia+1","Horn+1","FrostShard+1"],"picked":"SKIP","floor":29},{"not_picked":["Loneliness+1","Diffraction+1"],"picked":"Beak+1","floor":31},{"not_picked":["ShyLook","CherryBlossoms"],"picked":"RedShoes","floor":31},{"not_picked":["Diffraction+1","Amita+1"],"picked":"RedEyes+1","floor":31},{"not_picked":["ParadiseLost+1","CENSORED_ego+1"],"picked":"Twilight+1","floor":33},{"not_picked":["Wellcheers","CherryBlossoms","Scorched"],"picked":"Singing Bowl","floor":33},{"not_picked":["LifeForTheDareDevil+1","FourthMatchFlame+1"],"picked":"Beak+1","floor":35},{"not_picked":["Loneliness+1","Penitence+1"],"picked":"ScreamingWedge+1","floor":35},{"not_picked":["Funeral","HeroicMonk","Freischutz"],"picked":"Singing Bowl","floor":35},{"not_picked":["MeltingLove","Scarecrow","Alriune"],"picked":"Singing Bowl","floor":36},{"not_picked":["CherryBlossoms","Wellcheers"],"picked":"Mercenary","floor":36},{"not_picked":["BlueScar+1","Harmony+1","Christmas+1"],"picked":"SKIP","floor":36},{"not_picked":["LifeForTheDareDevil+1","Lantern+1"],"picked":"Soda+1","floor":39},{"not_picked":["Scarecrow","Porccubus","Freischutz"],"picked":"Singing Bowl","floor":39},{"not_picked":["Logging+1","CUTE+1"],"picked":"Moonlight+1","floor":40},{"not_picked":["WhiteNight","Alriune","PunishingBird"],"picked":"Singing Bowl","floor":40},{"not_picked":["Christmas+1","CherryBlossom+1"],"picked":"Hypocrisy+1","floor":40},{"not_picked":["PunishingBird","FairyFestival"],"picked":"CENSORED","floor":41},{"not_picked":["Christmas+1","Amita+1"],"picked":"GrinderMk4+1","floor":41},{"not_picked":["SomewhereSpear+1","WristCuter+1"],"picked":"Beak+1","floor":41},{"not_picked":["GreenStem+1","Wingbeat+1"],"picked":"ShedSkin+1","floor":46},{"not_picked":["WhiteNight","Bloodbath","BeautyBeast"],"picked":"Singing Bowl","floor":46},{"not_picked":["CherryBlossoms","Yin"],"picked":"Murderer","floor":46},{"not_picked":["LittlePrince","Yin","QueenOfHatred"],"picked":"Singing Bowl","floor":48},{"not_picked":["Noise+1","FrostShard+1"],"picked":"TodaysExpression+1","floor":48}],"player_experience":1137198,"relics_obtained":[{"floor":1.0,"key":"LetterFromLob"},{"floor":7.0,"key":"Regal Pillow"},{"floor":9,"key":"Nunchaku"},{"floor":12,"key":"Letter Opener"},{"floor":25,"key":"Happy Flower"},{"floor":26,"key":"Blood Vial"},{"floor":27,"key":"Ornamental Fan"},{"floor":29,"key":"Potion Belt"},{"floor":40,"key":"Juzu Bracelet"},{"floor":41,"key":"Pocketwatch"},{"floor":43,"key":"Dream Catcher"},{"floor":46,"key":"Gremlin Horn"}],"event_choices":[{"damage_healed":0.0,"max_hp_gain":0.0,"max_hp_loss":0.0,"gold_gain":0.0,"event_name":"Upgrade Shrine","player_choice":"Upgraded","floor":5.0,"gold_loss":0.0,"damage_taken":0.0,"cards_upgraded":["Twilight"]},{"damage_healed":0,"gold_gain":0,"player_choice":"Gave Potion","damage_taken":0,"relics_obtained":["Vajra"],"max_hp_gain":0,"max_hp_loss":0,"event_name":"WeMeetAgain","floor":14,"gold_loss":0},{"damage_healed":0,"gold_gain":0,"player_choice":"Upgrade","damage_taken":0,"max_hp_gain":0,"max_hp_loss":0,"event_name":"Designer","floor":21,"gold_loss":40,"cards_upgraded":["GreenStem"]},{"damage_healed":0,"gold_gain":300,"player_choice":"Gold","damage_taken":0,"max_hp_gain":0,"max_hp_loss":0,"event_name":"Wheel of Change","floor":37,"gold_loss":0},{"damage_healed":0,"gold_gain":0,"player_choice":"Fight","damage_taken":0,"max_hp_gain":0,"max_hp_loss":0,"event_name":"Mysterious Sphere","floor":41,"gold_loss":0},{"damage_healed":0,"gold_gain":0,"player_choice":"Upgraded","damage_taken":0,"max_hp_gain":0,"max_hp_loss":0,"event_name":"Upgrade Shrine","floor":42,"gold_loss":0,"cards_upgraded":["Mimicry"]}],"is_beta":false,"boss_relics":[{"not_picked":["Snecko Eye","Runic Dome"],"picked":"Ectoplasm"},{"not_picked":["SacredBark","Velvet Choker"],"picked":"Philosopher\u0027s Stone"}],"items_purged_floors":[24],"is_endless":false,"potions_floor_spawned":[1,3,4,19,22,30,31,33,39,40,46,48],"ascension_level":0}}