{"host":"ishme5wb80o83upk","time":1610375457,"event":{"mods":["BaseMod","HololiveMod","Minty Spire (QoL Compilation)","StSLib"],"gold_per_floor":[78,28,28,28,47,66,77,77,102,26,60,60,79,107,107,202,202,214,224,324,335,105,130,130,164,164,164,175,186,201,232,232,334,334,352,255,265,265,265,291,291,291,318,318,318],"floor_reached":44,"playtime":1926,"items_purged":["Hololive_Defend"],"score":857,"play_id":"4394153b-e46b-43c9-91af-6d966c6b6069","local_time":"20210111233057","is_ascension_mode":true,"campfire_choices":[{"data":"Hololive_CallArtia","floor":8.0,"key":"SMITH"},{"data":"Hololive_CallShiranuiFlare","floor":12.0,"key":"SMITH"},{"data":"Hololive_CallHoushouMarine","floor":15,"key":"SMITH"},{"data":"Hololive_CallDoris","floor":27,"key":"SMITH"},{"floor":32,"key":"DIG"},{"floor":42,"key":"RECALL"}],"circlet_count":0,"master_deck":["Hololive_Defend","Hololive_Breathe","Hololive_CallAyundaRisu","Hololive_CallArtia+1","Hololive_CallKiryuuCoco","Hololive_CallShiroganeNoel","Hololive_CallMurasakiShion+1","Hololive_CallMomosuzuNene+18","Hololive_CallShiranuiFlare+1","Hololive_CallRosalyn","Hololive_DurableLive","Hololive_CallHoushouMarine+1","Hololive_AWSL","Hololive_CallDoris+1","Hololive_Teleport+1","Hololive_CallMurasakiShion","Hololive_CandyCastle","Hololive_Rebirth","Hololive_FlareMind","Finesse","Impatience","Flash of Steel+1","Discovery"],"relics":["Hololive_TheStar","Anchor","Blood Vial","Molten Egg 2","Bronze Scales","SacredBark","OrangePellets","StoneCalendar","Shovel","Peace Pipe","Incense Burner","SlaversCollar","Pen Nib","Art of War"],"acts_visited":["Exordium","TheCity","TheBeyond"],"potions_floor_usage":[18,25],"damage_taken":[{"damage":0.0,"enemies":"Cultist","floor":1.0,"turns":3.0},{"damage":0.0,"enemies":"Jaw Worm","floor":5.0,"turns":3.0},{"damage":0.0,"enemies":"2 Louse","floor":6.0,"turns":3.0},{"damage":10.0,"enemies":"Gremlin Gang","floor":7.0,"turns":3.0},{"damage":0.0,"enemies":"Gremlin Nob","floor":11.0,"turns":5.0},{"damage":0.0,"enemies":"Looter","floor":13.0,"turns":3.0},{"damage":0.0,"enemies":"Lagavulin","floor":14.0,"turns":5.0},{"damage":0,"enemies":"Slime Boss","floor":16,"turns":7},{"damage":0,"enemies":"2 Thieves","floor":18,"turns":3},{"damage":0,"enemies":"Chosen","floor":19,"turns":3},{"damage":0,"enemies":"Snecko","floor":21,"turns":4},{"damage":0,"enemies":"Book of Stabbing","floor":23,"turns":4},{"damage":0,"enemies":"Slavers","floor":25,"turns":3},{"damage":0,"enemies":"Cultist and Chosen","floor":28,"turns":3},{"damage":0,"enemies":"3 Cultists","floor":29,"turns":4},{"damage":0,"enemies":"Snecko","floor":30,"turns":3},{"damage":0,"enemies":"Book of Stabbing","floor":31,"turns":5},{"damage":0,"enemies":"Champ","floor":33,"turns":8},{"damage":0,"enemies":"Orb Walker","floor":35,"turns":3},{"damage":2,"enemies":"3 Darklings","floor":37,"turns":5},{"damage":0,"enemies":"Nemesis","floor":40,"turns":5}],"seed_played":"7912302957991908117","potions_obtained":[{"floor":11.0,"key":"Explosive Potion"},{"floor":14,"key":"Fruit Juice"},{"floor":16,"key":"SteroidPotion"},{"floor":18,"key":"CultistPotion"},{"floor":28,"key":"EssenceOfSteel"},{"floor":31,"key":"FearPotion"},{"floor":37,"key":"PowerPotion"},{"floor":40,"key":"Swift Potion"}],"is_trial":false,"path_per_floor":["M","?","?","$","M","M","M","R","T","?","E","R","M","E","R","B",null,"M","M","?","M","$","E","$","E","T","R","M","M","M","E","R","B",null,"M","$","M","?","?","E","?","R","T","M"],"character_chosen":"Hololive_HololiveCharacter","items_purchased":["OrangePellets","Finesse"],"campfire_rested":0,"item_purchase_floors":[22,36],"current_hp_per_floor":[35,35,28,28,28,28,18,18,18,18,20,20,22,24,24,26,35,46,47,47,48,48,49,49,50,50,50,51,52,53,54,54,55,55,56,56,55,54,44,47,47,47,47,0,0],"gold":318,"neow_bonus":"UPGRADE_CARD","is_daily":false,"chose_seed":false,"campfire_upgraded":4,"win_rate":0.0,"timestamp":1610375457,"path_taken":["M","?","?","$","M","M","M","R","T","?","E","R","M","E","R","BOSS","M","?","?","M","?","E","$","E","T","R","M","M","M","E","R","BOSS","M","$","M","?","?","E","?","R","T","M"],"items_purchased_type":["Relic","Card"],"build_version":"2020-12-22","purchased_purges":1,"victory":false,"max_hp_per_floor":[35,35,35,35,35,35,35,35,35,35,35,35,35,35,35,35,35,46,47,47,48,48,49,49,50,50,50,51,52,53,54,54,55,55,56,56,57,54,54,55,55,55,55,56,56],"card_choices":[{"not_picked":["Hololive_LuckPotion","Hololive_BringToTrial","Hololive_Breathe"],"picked":"Hololive_CallMomosuzuNene","floor":1.0},{"not_picked":["Hololive_Yoholoon","Hololive_RevenueBasedLive","Hololive_FlyingPonyTail","Hololive_CallInugamiKorone"],"picked":"SKIP","floor":5.0},{"not_picked":["Hololive_CallMomosuzuNene","Hololive_ILoveYou","Hololive_Trident"],"picked":"Hololive_CallShiranuiFlare","floor":6.0},{"not_picked":["Hololive_CallShirakamiFubuki","Hololive_CallOmaruPolka","Hololive_Breathe"],"picked":"Hololive_CallRosalyn","floor":7.0},{"not_picked":["Hololive_HuntDinosaur","Hololive_LuckPotion","Hololive_Sequa+1","Hololive_BringToTrial"],"picked":"SKIP","floor":11.0},{"not_picked":["Hololive_Rebound","Hololive_Drill+1","Hololive_FlyingPonyTail"],"picked":"Hololive_DurableLive","floor":13.0},{"not_picked":["Hololive_FlyingPonyTail","Hololive_CallShishiroBotan","Hololive_FlareMind"],"picked":"Hololive_CallHoushouMarine","floor":14},{"not_picked":["Hololive_Nanodesu+1","Hololive_Recruit","Hololive_OpenUp+1"],"picked":"Hololive_AWSL","floor":16},{"not_picked":["Hololive_Psychosis+1","Hololive_Watashimo","Hololive_HuntDinosaur","Hololive_Trident+1"],"picked":"SKIP","floor":18},{"not_picked":["Hololive_CallNekomataOkayu","Hololive_OvertimeWork+1","Hololive_StrengthChampion+1","Hololive_CallAyundaRisu"],"picked":"SKIP","floor":19},{"not_picked":["Hololive_FlyingPonyTail","Hololive_CallAyundaRisu","Hololive_Sequa+1"],"picked":"Hololive_CallDoris","floor":21},{"not_picked":["Hololive_Rebound","Hololive_LuckPotion","Hololive_Breathe","Hololive_BringToTrial+1"],"picked":"SKIP","floor":23},{"not_picked":["Hololive_Trident+1","Hololive_CallArtia","Hololive_ASMR+1"],"picked":"Hololive_Teleport+1","floor":25},{"not_picked":["Hololive_OvertimeWork+1","Hololive_Rebound","Hololive_LuckPotion"],"picked":"Hololive_CallMurasakiShion","floor":28},{"not_picked":["Hololive_LuckPotion","Hololive_Sequa+1","Hololive_CallDoris","Hololive_RevenueBasedLive"],"picked":"SKIP","floor":29},{"not_picked":["Hololive_Rebound+1","Hololive_Sequa+1","Hololive_Trident+1"],"picked":"Hololive_CandyCastle","floor":30},{"not_picked":["Hololive_OvertimeWork+1","Hololive_Breathe+1","Hololive_LuckPotion+1"],"picked":"Hololive_Rebirth","floor":31},{"not_picked":["Hololive_HighAtkLowDef","Hololive_Thief","Hololive_StarCraft"],"picked":"Hololive_FlareMind","floor":33},{"not_picked":["Hololive_LuckPotion","Hololive_CallKiryuuCoco","Hololive_CallFriendA+1","Hololive_Trident+1"],"picked":"SKIP","floor":35},{"not_picked":["Hololive_HuntDinosaur","Hololive_Sequa+1","Hololive_CallHimemoriLuna","Hololive_OvertimeWork+1"],"picked":"SKIP","floor":37},{"not_picked":["Dramatic Entrance+1","Panacea","Blind"],"picked":"Impatience","floor":39},{"not_picked":["Secret Weapon","Jack Of All Trades","Secret Technique"],"picked":"Flash of Steel+1","floor":39},{"not_picked":["Deep Breath","Enlightenment","Good Instincts"],"picked":"Discovery","floor":39},{"not_picked":["Hololive_HuntDinosaur","Hololive_Breathe+1","Hololive_StrengthChampion+1","Hololive_CallYozoraMel"],"picked":"SKIP","floor":40}],"player_experience":1065929,"relics_obtained":[{"floor":9.0,"key":"Anchor"},{"floor":11.0,"key":"Molten Egg 2"},{"floor":14,"key":"Bronze Scales"},{"floor":23,"key":"StoneCalendar"},{"floor":25,"key":"Shovel"},{"floor":31,"key":"Peace Pipe"},{"floor":32,"key":"Incense Burner"},{"floor":40,"key":"Pen Nib"},{"floor":43,"key":"Art of War"}],"event_choices":[{"cards_removed":["Hololive_Strike"],"damage_healed":0.0,"max_hp_gain":0.0,"max_hp_loss":0.0,"gold_gain":0.0,"event_name":"The Cleric","player_choice":"Card Removal","floor":2.0,"gold_loss":50.0,"damage_taken":0.0},{"cards_removed":["Hololive_Strike"],"damage_healed":0.0,"max_hp_gain":0.0,"max_hp_loss":0.0,"gold_gain":0.0,"event_name":"Golden Wing","player_choice":"Card Removal","floor":3.0,"gold_loss":0.0,"damage_taken":7.0},{"damage_healed":0.0,"max_hp_gain":0.0,"max_hp_loss":0.0,"gold_gain":0.0,"event_name":"WeMeetAgain","player_choice":"Paid Gold","floor":10.0,"gold_loss":76.0,"damage_taken":0.0,"relics_obtained":["Blood Vial"]},{"damage_healed":0,"gold_gain":100,"player_choice":"Pray","damage_taken":0,"max_hp_gain":0,"max_hp_loss":0,"event_name":"Golden Shrine","floor":20,"gold_loss":0},{"damage_healed":0,"gold_gain":0,"player_choice":"Max HP","damage_taken":0,"max_hp_gain":0,"max_hp_loss":3,"event_name":"Winding Halls","floor":38,"gold_loss":0},{"damage_healed":0,"gold_gain":0,"player_choice":"Memory 3","damage_taken":10,"max_hp_gain":0,"max_hp_loss":0,"event_name":"SensoryStone","floor":39,"gold_loss":0},{"damage_healed":0,"gold_gain":0,"player_choice":"Ignored","damage_taken":0,"max_hp_gain":0,"max_hp_loss":0,"event_name":"Tomb of Lord Red Mask","floor":41,"gold_loss":0}],"is_beta":false,"boss_relics":[{"not_picked":["Calling Bell","Cursed Key"],"picked":"SacredBark"},{"not_picked":["Black Star","Empty Cage"],"picked":"SlaversCollar"}],"items_purged_floors":[22],"is_endless":false,"potions_floor_spawned":[11,14,16,18,28,29,31,37,40],"killed_by":"4 Shapes","ascension_level":2}}