{"host":"drrjwv4o5ms3zsrm","time":1610340408,"event":{"mods":["100% Spire Juice","ATMod(°¢èªMod)","Act Like it!","Aspiration","BaseMod","CapriCore","Colored Powertips","Conspire","Friendly Minions","Gensokyo","Jedi Mod","Lobotomy","LobotomyExtend","Minty Spire (QoL Compilation)","MostiFishMod","Reimu£¨²©ÀöÁéÃÎ£©","Replay The Spire","RumiaBox-Â¶Ã×æ«µÄÉñÃØºÐ×Ó","StSLib","TestMod","The Alterego","The Gatherer","The Immortal","The Jungle","Waifu the Spire","WarShipGirlsR/Õ½½¢ÉÙÅ®R mod","[IsaacMod]ÒÔÈö¼âËþ","vexMod","¡¾ÒÅÎï¿¨ÅÆ¡¿REMEMod","óô»ðÖ¸ÄÏ"],"gold_per_floor":[114,128,144,144,163,163,188,198,267,297,297,52,52,77,77,77],"floor_reached":14,"playtime":1021,"items_purged":["MokouMod:Strike"],"score":150,"play_id":"af40cb06-a068-42ad-8ead-de34ebda3b37","local_time":"20210111124648","is_ascension_mode":true,"campfire_choices":[{"data":"MokouMod:BurningDraft","floor":6,"key":"SMITH"},{"data":"AT_FamilyPortrait","floor":13,"key":"SMITH"}],"circlet_count":0,"master_deck":["MokouMod:Strike+1","MokouMod:Strike","MokouMod:Strike","MokouMod:Strike","MokouMod:Defend","MokouMod:Defend","MokouMod:Defend","MokouMod:Defend","MokouMod:HeatSpark","AT_FamilyPortrait+1","Discovery","MokouMod:BlazingComet+1","MokouMod:BurningDraft+1","MokouMod:WarmUp","MokouMod:BlazingComet","BettingIsNotGood+1","MokouMod:IllusoryBattlefield+1"],"relics":["MokouMod:PhoenixFeather","HushsDoor","REME_ComplimentaryCards","testmod-DragonStarHat","Eternal Feather","Void","SynthV:TestCard","SecretRecord","Whetstone","Golden Egg","Tea:ReiMu"],"acts_visited":["Exordium"],"potions_floor_usage":[5],"damage_taken":[{"damage":0,"enemies":"Jaw Worm","floor":1,"turns":1},{"damage":0,"enemies":"2 Louse","floor":2,"turns":1},{"damage":0,"enemies":"Small Slimes","floor":3,"turns":1},{"damage":12,"enemies":"Exordium Wildlife","floor":5,"turns":2},{"damage":24,"enemies":"Gremlin Nob","floor":7,"turns":2},{"damage":9,"enemies":"2 Fungi Beasts","floor":8,"turns":2},{"damage":19,"enemies":"Lagavulin","floor":10,"turns":5},{"damage":24,"enemies":"3 Sentries","floor":14,"turns":5}],"seed_played":"-4559792460002901015","potions_obtained":[{"floor":2,"key":"testmod-EscapePotion"},{"floor":7,"key":"ZuzhouPotion:ReiMu"}],"is_trial":false,"path_per_floor":["M","M","M","?","M","R","E","M","T","E","?","$","R","E"],"character_chosen":"MKU","items_purchased":["BettingIsNotGood","MokouMod:IllusoryBattlefield"],"campfire_rested":0,"item_purchase_floors":[12,12],"current_hp_per_floor":[75,75,75,75,63,69,45,36,36,17,22,22,31,17,17,17],"gold":77,"neow_bonus":"THREE_ENEMY_KILL","is_daily":false,"chose_seed":false,"campfire_upgraded":2,"win_rate":0.0,"timestamp":1610340408,"path_taken":["M","M","M","?","M","R","E","M","T","E","?","$","R","E"],"items_purchased_type":["Card","Card"],"build_version":"2020-12-22","purchased_purges":1,"victory":false,"max_hp_per_floor":[75,75,75,75,75,75,75,75,75,75,80,80,80,80,80,80],"card_choices":[{"not_picked":["MokouMod:Singe","MokouMod:ScorchingColumn","MokouMod:IgneousBlow"],"picked":"SKIP","floor":1},{"not_picked":["MokouMod:Ember","MokouMod:ResoluteFlare","MokouMod:Fireball","MokouMod:ResonanceReactor","MokouMod:IgnitionBarrier"],"picked":"SKIP","floor":2},{"not_picked":["MokouMod:ResoluteFlare","MokouMod:DanceofFlames","MokouMod:Singe","MokouMod:RetainTemperature"],"picked":"MokouMod:BlazingComet","floor":3},{"not_picked":["MokouMod:HeatTransfer","MokouMod:Ember","Bomb","MokouMod:RoaringFlare"],"picked":"MokouMod:BurningDraft","floor":5},{"not_picked":["MokouMod:ShiftIgnition","MokouMod:Singe","MokouMod:Ventilation","MokouMod:Overheat"],"picked":"MokouMod:WarmUp","floor":7},{"not_picked":["MokouMod:ImperishableFlame","MokouMod:FlamingFireTalons","MokouMod:ResoluteFlare","MokouMod:InfernalWave"],"picked":"MokouMod:BlazingComet","floor":8},{"not_picked":["MokouMod:IndiscriminateIgnition","MokouMod:Trailblazer","MokouMod:Singe","MokouMod:ResoluteFlare","MokouMod:Sear"],"picked":"SKIP","floor":10}],"player_experience":329897,"relics_obtained":[{"floor":1,"key":"SynthV:TestCard"},{"floor":1,"key":"AddBug"},{"floor":3,"key":"LetterFromLob"},{"floor":7,"key":"Whetstone"},{"floor":9,"key":"Golden Egg"},{"floor":10,"key":"Tea:ReiMu"}],"event_choices":[{"damage_healed":0,"gold_gain":0,"player_choice":"Donut","damage_taken":0,"max_hp_gain":5,"max_hp_loss":0,"event_name":"Big Fish","floor":11,"gold_loss":0}],"is_beta":false,"boss_relics":[],"items_purged_floors":[12],"is_endless":false,"potions_floor_spawned":[2,7],"killed_by":"3 Sentries","ascension_level":4}}