{"host":"sav7uxregyirlf69","time":1610379574,"event":{"mods":["AchievementEnabler","BaseMod","Colored Map","DeckTracker","Keyboard Shortcuts","Minty Spire (QoL Compilation)","READ ME - Guardian Mod","StSLib","SuperFastMode"],"gold_per_floor":[115,131,131,131,56,56,67,67,94,129,129,139,166,180,180,180,180],"floor_reached":16,"playtime":268,"items_purged":["Strike_G"],"score":220,"play_id":"21af7954-bcbf-4354-ac1a-af0c985af4c9","local_time":"20210112003934","is_ascension_mode":true,"campfire_choices":[{"data":"Venomology","floor":6,"key":"SMITH"},{"data":"Noxious Fumes","floor":8,"key":"SMITH"},{"data":"Neutralize","floor":15,"key":"SMITH"}],"circlet_count":0,"master_deck":["AscendersBane","Strike_G","Strike_G","Strike_G","Defend_G","Defend_G","Defend_G","Defend_G","Defend_G","Survivor","Neutralize+1","Dash","Venomology+1","Noxious Fumes+1","Burst","Poisoned Stab","Tactician","Backflip"],"relics":["Ring of the Snake","NeowsBlessing","Happy Flower","Snake Skull","Omamori"],"acts_visited":["Exordium"],"potions_floor_usage":[12,12,12,13,13,13,16,16,16],"damage_taken":[{"damage":0,"enemies":"2 Louse","floor":1,"turns":1},{"damage":0,"enemies":"Jaw Worm","floor":2,"turns":1},{"damage":0,"enemies":"Cultist","floor":7,"turns":1},{"damage":10,"enemies":"3 Sentries","floor":10,"turns":7},{"damage":13,"enemies":"Exordium Wildlife","floor":12,"turns":6},{"damage":6,"enemies":"Lagavulin","floor":13,"turns":6},{"damage":4,"enemies":"3 Louse","floor":14,"turns":4},{"damage":43,"enemies":"Slime Boss","floor":16,"turns":9}],"seed_played":"-5077629012486816935","potions_obtained":[{"floor":10,"key":"Regen Potion"},{"floor":12,"key":"DuplicationPotion"},{"floor":14,"key":"Block Potion"}],"is_trial":false,"path_per_floor":["M","M","?","?","$","R","M","R","T","E","?","M","E","M","R","B"],"character_chosen":"THE_SILENT","items_purchased":[],"campfire_rested":0,"item_purchase_floors":[],"current_hp_per_floor":[59,59,59,59,59,59,59,59,59,49,49,51,45,41,41,0,0],"gold":180,"neow_bonus":"THREE_ENEMY_KILL","is_daily":false,"chose_seed":false,"campfire_upgraded":3,"win_rate":0.0,"timestamp":1610379574,"path_taken":["M","M","?","?","?","R","?","R","T","E","?","M","E","M","R","BOSS"],"items_purchased_type":[],"build_version":"2020-12-22","purchased_purges":1,"victory":false,"max_hp_per_floor":[66,66,66,66,66,66,66,66,66,66,66,66,66,66,66,66,66],"card_choices":[{"not_picked":["Acrobatics","Deadly Poison"],"picked":"Dash","floor":1},{"not_picked":["PiercingWail","Dash","Slice"],"picked":"SKIP","floor":2},{"not_picked":["Crippling Poison","Blade Dance"],"picked":"Noxious Fumes","floor":7},{"not_picked":["Expertise","Flying Knee"],"picked":"Burst","floor":10},{"not_picked":["Noxious Fumes","Sucker Punch"],"picked":"Poisoned Stab","floor":12},{"not_picked":["Outmaneuver","Sucker Punch"],"picked":"Tactician","floor":13},{"not_picked":["Underhanded Strike","Sucker Punch"],"picked":"Backflip","floor":14}],"player_experience":1254069,"relics_obtained":[{"floor":9,"key":"Happy Flower"},{"floor":10,"key":"Snake Skull"},{"floor":13,"key":"Omamori"}],"event_choices":[{"damage_healed":0,"gold_gain":0,"cards_transformed":["Strike_G"],"player_choice":"Change","damage_taken":0,"max_hp_gain":0,"max_hp_loss":0,"event_name":"Living Wall","floor":3,"gold_loss":0,"cards_obtained":["Venomology"]},{"damage_healed":0,"gold_gain":0,"player_choice":"Ignored","damage_taken":0,"max_hp_gain":0,"max_hp_loss":0,"event_name":"Liars Game","floor":4,"gold_loss":0},{"damage_healed":0,"gold_gain":0,"player_choice":"Searched \u00270\u0027 times","damage_taken":0,"max_hp_gain":0,"max_hp_loss":0,"event_name":"Dead Adventurer","floor":11,"gold_loss":0}],"is_beta":false,"boss_relics":[],"items_purged_floors":[5],"is_endless":false,"potions_floor_spawned":[10,12,14],"killed_by":"Slime Boss","ascension_level":20}}