{"host":"qyj10gxn865bn2jn","time":1610346534,"event":{"mods":["Act Like it!","BaseMod","Better-Laid Plans","Hallownest","Minty Spire (QoL Compilation)","Quick Restart","Relic Stats","Shop Mod","Spicy Shops","StSLib","The Bug Knight"],"gold_per_floor":[110,110,120,140,159,185,202,202,229,229,229,16,16,28,28,131,131,151,170,170,227,227,227,246,246,320,44,44,62,5,5,5,5,5],"floor_reached":33,"playtime":4485,"items_purged":["Writhe"],"score":372,"play_id":"4150a242-6653-4003-a8c4-750bf36afb46","local_time":"20210111142854","is_ascension_mode":false,"campfire_choices":[{"data":"HollowMod:ShadowDash","floor":13.0,"key":"SMITH"},{"floor":15.0,"key":"REST"},{"data":"HollowMod:FocusHealStart","floor":23.0,"key":"SMITH"},{"floor":25.0,"key":"REST"},{"floor":32,"key":"REST"}],"circlet_count":0,"master_deck":["HollowMod:NailStrikeStart","HollowMod:NailStrikeStart","HollowMod:NailStrikeStart","HollowMod:NailStrikeStart","HollowMod:QuickDashStart","HollowMod:QuickDashStart","HollowMod:QuickDashStart","HollowMod:QuickDashStart","HollowMod:FocusHealStart+1","HollowMod:PogoStrike","HollowMod:SharpenedShadows","HollowMod:SharpenedShadows","HollowMod:DreamGate","HollowMod:RecoilStrike","HollowMod:SlysStrikes","HollowMod:ShadowDash+1","Dramatic Entrance","HollowMod:ShapeofUnn","HollowMod:SlysStrikes","CurseOfTheBell","HollowMod:NewGlowingWomb","HollowMod:SiblingsShadow","Hallownest:attackMasterCycloneSlash","HollowMod:VengefulVoid+1","Pain","Pain","HollowMod:BlackTendrils","HollowMod:ShadowDash+1","HollowMod:ShadowDash","HollowMod:ShadowDash","Parasite","Shame"],"relics":["Cursed Key","PreservedInsect","InkBottle","Calling Bell","HollowMod:KingsBrand","HollowMod:LifeEnderRelic","Torii","HollowMod:MantisClawRelic","Pantograph","Bronze Scales","Bag of Preparation","WarpedTongs"],"acts_visited":["Hallownest:Greenpath","Hallownest:CityofTears"],"potions_floor_usage":[33],"damage_taken":[{"damage":0.0,"enemies":"Hallownest:monsterHuskGuard","floor":1.0,"turns":4.0},{"damage":0.0,"enemies":"Hallownest:2_MossCreeps","floor":3.0,"turns":5.0},{"damage":0.0,"enemies":"Hallownest:2_Tiktiks_and_1_Crawlid","floor":4.0,"turns":3.0},{"damage":23.0,"enemies":"Hallownest:1_Ooma_and_2_Uuma","floor":5.0,"turns":9.0},{"damage":32.0,"enemies":"Hallownest:eliteCrystalGuardian","floor":6.0,"turns":8.0},{"damage":1.0,"enemies":"Hallownest:monsterMossCharger","floor":7.0,"turns":4.0},{"damage":9.0,"enemies":"Hallownest:1_Baldur_1_Crawlid_1_Warrior","floor":14.0,"turns":4.0},{"damage":37.0,"enemies":"Hallownest:BossFalseKnight","floor":16.0,"turns":8.0},{"damage":2.0,"enemies":"Hallownest:Flukemon_and_Top","floor":18.0,"turns":5.0},{"damage":17.0,"enemies":"Hallownest:3_Youths","floor":19.0,"turns":8.0},{"damage":33.0,"enemies":"Hallownest:Glutton_and_Coward","floor":21.0,"turns":4.0},{"damage":21.0,"enemies":"Hallownest:3_Mistakes","floor":24.0,"turns":6.0},{"damage":22,"enemies":"Hallownest:Warrior_and_Youth","floor":29,"turns":6},{"damage":75,"enemies":"Hallownest:BossMantisLord","floor":33,"turns":4}],"seed_played":"-3212015254345511110","potions_obtained":[{"floor":1.0,"key":"SkillPotion"},{"floor":3.0,"key":"LiquidBronze"},{"floor":7.0,"key":"LiquidBronze"},{"floor":16.0,"key":"CultistPotion"},{"floor":19.0,"key":"CultistPotion"},{"floor":29,"key":"Weak Potion"}],"is_trial":false,"path_per_floor":["M","?","M","M","M","E","M","?","T","T","?","$","R","M","R","B",null,"M","M","?","M","?","R","M","R","T","$","?","M","$","?","R","B"],"character_chosen":"THE_BUGKNIGHT","items_purchased":["Dramatic Entrance","Pantograph","Bronze Scales","HollowMod:BlackTendrils","Bag of Preparation"],"campfire_rested":3,"item_purchase_floors":[12,27,27,27,30],"current_hp_per_floor":[75,75,75,75,52,35,34,34,34,34,34,34,34,25,47,10,75,73,56,56,23,23,23,8,30,30,30,30,17,17,17,39,0,0],"gold":5,"neow_bonus":"BOSS_RELIC","is_daily":false,"chose_seed":false,"campfire_upgraded":2,"win_rate":0.0,"timestamp":1610346534,"path_taken":["M","?","M","M","M","E","M","?","T","?","?","$","R","M","R","BOSS","M","M","?","M","?","R","M","R","T","$","?","?","$","?","R","BOSS"],"items_purchased_type":["Card","Relic","Relic","Card","Relic"],"build_version":"2020-12-22","purchased_purges":1,"victory":false,"max_hp_per_floor":[75,75,75,75,75,75,75,75,75,75,75,75,75,75,75,75,75,75,75,75,75,75,75,75,75,75,75,75,75,75,75,75,75,75],"relic_stats":{"Torii":78,"counters":[14,78],"Pantograph":25,"Bronze Scales":[33],"PreservedInsect":0,"Bag of Preparation":[2],"Cursed Key":3,"obtain_stats":[{"HollowMod:LifeEnderRelic":17,"Torii":17,"HollowMod:VesselMask":0,"PreservedInsect":6,"Bag of Preparation":30,"Cursed Key":0,"HollowMod:KingsBrand":17,"WarpedTongs":31,"Calling Bell":17,"Pantograph":27,"Bronze Scales":27,"HollowMod:MantisClawRelic":26,"InkBottle":10},{"HollowMod:LifeEnderRelic":8,"Torii":8,"HollowMod:VesselMask":0,"PreservedInsect":5,"Bag of Preparation":13,"Cursed Key":0,"HollowMod:KingsBrand":8,"WarpedTongs":13,"Calling Bell":8,"Pantograph":12,"Bronze Scales":12,"HollowMod:MantisClawRelic":12,"InkBottle":6},{"HollowMod:LifeEnderRelic":45,"Torii":45,"HollowMod:VesselMask":0,"PreservedInsect":29,"Bag of Preparation":74,"Cursed Key":0,"HollowMod:KingsBrand":45,"WarpedTongs":74,"Calling Bell":45,"Pantograph":68,"Bronze Scales":68,"HollowMod:MantisClawRelic":68,"InkBottle":33}],"InkBottle":[17],"WarpedTongs":[4]},"card_choices":[{"not_picked":["HollowMod:DoubleDash","HollowMod:ShadowDash"],"picked":"HollowMod:SharpenedShadows","floor":1.0},{"not_picked":["HollowMod:HowlingWraiths","HollowMod:NewGlowingWomb"],"picked":"HollowMod:SharpenedShadows","floor":3.0},{"not_picked":["HollowMod:InfectedAttack","HollowMod:VengefulSpirit"],"picked":"HollowMod:DreamGate","floor":4.0},{"not_picked":["HollowMod:CornifersMapStart","HollowMod:CoiledNail"],"picked":"HollowMod:RecoilStrike","floor":5.0},{"not_picked":["HollowMod:CornifersMapStart","HollowMod:SiblingsShadow"],"picked":"HollowMod:SlysStrikes","floor":6.0},{"not_picked":["HollowMod:DashSlash","HollowMod:CycloneSlash"],"picked":"HollowMod:ShadowDash","floor":7.0},{"not_picked":["HollowMod:LifebloodCocoon","HollowMod:SharpenedNail"],"picked":"HollowMod:ShapeofUnn","floor":14.0},{"not_picked":["HollowMod:AwokenDreamNail","HollowMod:MidwifesHunger"],"picked":"HollowMod:SlysStrikes","floor":16.0},{"not_picked":["HollowMod:SharpenedNail+1","HollowMod:ShapeofUnn"],"picked":"HollowMod:NewGlowingWomb","floor":18.0},{"not_picked":["HollowMod:CornifersMapStart","HollowMod:SoulEater","HollowMod:HowlingWraiths+1"],"picked":"SKIP","floor":19.0},{"not_picked":["HollowMod:ChannelNail","HollowMod:DesolateDive+1"],"picked":"HollowMod:SiblingsShadow","floor":21.0},{"not_picked":["HollowMod:HuntersJournal+1","HollowMod:SoulStrike"],"picked":"HollowMod:VengefulVoid+1","floor":24.0},{"not_picked":["HollowMod:FallenFury","HollowMod:DashSlash"],"picked":"HollowMod:ShadowDash+1","floor":28.0},{"not_picked":["HollowMod:NewJinnsSoul","HollowMod:DoubleDash"],"picked":"HollowMod:ShadowDash","floor":28.0},{"not_picked":["HollowMod:MonarchWings","HollowMod:TaintedHusks"],"picked":"HollowMod:ShadowDash","floor":29}],"player_experience":67231,"relics_obtained":[{"floor":6.0,"key":"PreservedInsect"},{"floor":10.0,"key":"InkBottle"},{"floor":17.0,"key":"HollowMod:KingsBrand"},{"floor":17.0,"key":"HollowMod:LifeEnderRelic"},{"floor":17.0,"key":"Torii"},{"floor":26.0,"key":"HollowMod:MantisClawRelic"}],"event_choices":[],"is_beta":false,"boss_relics":[{"not_picked":["SlaversCollar","Empty Cage"],"picked":"Calling Bell"}],"items_purged_floors":[12],"is_endless":false,"potions_floor_spawned":[1,3,7,16,19,29],"killed_by":"Hallownest:BossMantisLord","ascension_level":0}}