{"host":"w3q5ijqu8eoknil3","time":1610357104,"event":{"mods":["AchievementEnabler","BaseMod","Block Reminder","Colored Powertips","Curses Come First","Minty Spire (QoL Compilation)","Quick Restart","Relic Stats","StSLib","ojb\u0027s Better Paths Mod","ojb\u0027s Info Mod","slay the spire mod where everything is the same but ironclad has a cowboy hat"],"gold_per_floor":[113,113,55,55,73,107,119,43,43,43,43,43,43],"floor_reached":12,"playtime":168,"items_purged":[],"score":192,"play_id":"0ab6f2da-0724-4c08-a3a0-d4c034caf8ca","local_time":"20210111092504","is_ascension_mode":true,"campfire_choices":[],"circlet_count":0,"master_deck":["AscendersBane","Strike_G","Strike_G","Strike_G","Strike_G","Defend_G","Defend_G","Defend_G","Defend_G","Defend_G","Survivor","Neutralize","PiercingWail","Dagger Spray","Crippling Poison","Slice","Catalyst","Noxious Fumes","Quick Slash"],"relics":["Ring of the Snake","NeowsBlessing","StoneCalendar","Potion Belt","Ginger"],"acts_visited":["Exordium"],"potions_floor_usage":[7],"damage_taken":[{"damage":0,"enemies":"Small Slimes","floor":1,"turns":1},{"damage":0,"enemies":"2 Louse","floor":5,"turns":1},{"damage":0,"enemies":"Lagavulin","floor":6,"turns":1},{"damage":3,"enemies":"Jaw Worm","floor":7,"turns":6},{"damage":26,"enemies":"Gremlin Nob","floor":12,"turns":3}],"seed_played":"-2977720178454246525","potions_obtained":[{"floor":6,"key":"ColorlessPotion"}],"is_trial":false,"path_per_floor":["M","?","$","?","M","E","M","$","T","?","$","E"],"character_chosen":"THE_SILENT","items_purchased":["Dagger Spray","Noxious Fumes"],"campfire_rested":0,"item_purchase_floors":[3,8],"current_hp_per_floor":[59,64,64,29,29,29,26,26,26,26,26,0,0],"gold":43,"neow_bonus":"THREE_ENEMY_KILL","is_daily":false,"chose_seed":false,"campfire_upgraded":0,"win_rate":0.0,"timestamp":1610357104,"path_taken":["M","?","$","?","M","E","M","?","T","?","$","E"],"items_purchased_type":["Card","Card"],"build_version":"2020-12-22","purchased_purges":0,"victory":false,"max_hp_per_floor":[66,71,71,71,71,71,71,71,71,71,71,71,71],"relic_stats":{"counters":[5,12],"StoneCalendar":[0],"Ginger":[0],"obtain_stats":[{"Potion Belt":6,"NeowsBlessing":0,"StoneCalendar":4,"Ginger":9,"Ring of the Snake":0},{"Potion Belt":3,"NeowsBlessing":0,"StoneCalendar":1,"Ginger":4,"Ring of the Snake":0},{"Potion Belt":3,"NeowsBlessing":0,"StoneCalendar":1,"Ginger":9,"Ring of the Snake":0}],"Ring of the Snake":[10]},"card_choices":[{"not_picked":["Bane","Prepared"],"picked":"PiercingWail","floor":1},{"not_picked":["Flying Knee","Deflect"],"picked":"Crippling Poison","floor":5},{"not_picked":["Prepared","Flechettes"],"picked":"Slice","floor":6},{"not_picked":["Backflip","Calculated Gamble"],"picked":"Catalyst","floor":7}],"player_experience":961718,"relics_obtained":[{"floor":6,"key":"Potion Belt"},{"floor":9,"key":"Ginger"}],"event_choices":[{"damage_healed":0,"gold_gain":0,"player_choice":"Donut","damage_taken":0,"max_hp_gain":5,"max_hp_loss":0,"event_name":"Big Fish","floor":2,"gold_loss":0},{"damage_healed":0,"gold_gain":0,"player_choice":"Success","damage_taken":35,"relics_obtained":["StoneCalendar"],"max_hp_gain":0,"max_hp_loss":0,"event_name":"Scrap Ooze","floor":4,"gold_loss":0},{"damage_healed":0,"gold_gain":0,"cards_transformed":["Strike_G"],"player_choice":"Change","damage_taken":0,"max_hp_gain":0,"max_hp_loss":0,"event_name":"Living Wall","floor":10,"gold_loss":0,"cards_obtained":["Quick Slash"]}],"is_beta":false,"boss_relics":[],"items_purged_floors":[],"is_endless":false,"potions_floor_spawned":[6],"killed_by":"Gremlin Nob","ascension_level":18}}