{"host":"yn1175etg9ni8l0q","time":1610404377,"event":{"mods":["AchievementEnabler","BaseMod","Colored Map","Colored Powertips","DeckTracker","Minty Spire (QoL Compilation)","Rare Cards Sparkle","Relic Stats","SuperFastMode","everything is the same but u backflip on backflip"],"gold_per_floor":[114,141,91,110,120,120,120,120,120,45,62,76,76,87,87,190,190,206,225,237,257,274,274,274,274,274,308,320,320,166,265,265,364,364,375,375,385,385,395,395,409,424,424,424,424,436,436,111,111,111,111],"floor_reached":50,"playtime":1929,"items_purged":["Pain","Strike_G","Dagger Throw"],"score":481,"play_id":"071ca2f0-65bd-4541-993d-bce3037ced3b","local_time":"20210112073257","is_ascension_mode":false,"campfire_choices":[{"data":"Venomology","floor":6.0,"key":"SMITH"},{"floor":15.0,"key":"REST"},{"data":"Wraith Form v2","floor":23.0,"key":"SMITH"},{"floor":32.0,"key":"REST"},{"data":"Strike_G+1","floor":40,"key":"PURGE"},{"floor":44,"key":"REST"},{"floor":49,"key":"REST"}],"circlet_count":0,"master_deck":["Survivor","Neutralize","Venomology+1","Prepared","Backstab","Escape Plan","Cloak And Dagger","Blade Dance","Burst+1","CurseOfTheBell","Dagger Throw+1","Deadly Poison+1","PiercingWail+1","Wraith Form v2+1","Reflex+1","Leg Sweep+1","Accuracy","Cloak And Dagger+1","Acrobatics+1","After Image","Caltrops+1","Dash+1","Skewer+1","Crippling Poison+1","Phantasmal Killer+1","Deflect+1"],"relics":["Ring of the Snake","Centennial Puzzle","WarpedTongs","White Beast Statue","Toxic Egg 2","Calling Bell","Bronze Scales","Sundial","Calipers","Peace Pipe","InkBottle","Astrolabe","Pen Nib","Medical Kit"],"acts_visited":["Exordium","TheCity","TheBeyond"],"potions_floor_usage":[35,35,37,39,41,42,46,50,50],"damage_taken":[{"damage":7.0,"enemies":"Cultist","floor":1.0,"turns":5.0},{"damage":0.0,"enemies":"Jaw Worm","floor":4.0,"turns":3.0},{"damage":0.0,"enemies":"2 Louse","floor":5.0,"turns":3.0},{"damage":0.0,"enemies":"2 Fungi Beasts","floor":11.0,"turns":4.0},{"damage":0.0,"enemies":"Red Slaver","floor":12.0,"turns":1.0},{"damage":2.0,"enemies":"Looter","floor":14.0,"turns":3.0},{"damage":17.0,"enemies":"The Guardian","floor":16.0,"turns":13.0},{"damage":0.0,"enemies":"Spheric Guardian","floor":18.0,"turns":3.0},{"damage":0.0,"enemies":"Shell Parasite","floor":19.0,"turns":4.0},{"damage":10.0,"enemies":"3 Cultists","floor":20.0,"turns":4.0},{"damage":9.0,"enemies":"Shelled Parasite and Fungi","floor":21.0,"turns":6.0},{"damage":3.0,"enemies":"Snake Plant","floor":22.0,"turns":2.0},{"damage":11.0,"enemies":"Slavers","floor":27.0,"turns":5.0},{"damage":0.0,"enemies":"3 Cultists","floor":28.0,"turns":5.0},{"damage":14.0,"enemies":"Champ","floor":33.0,"turns":12.0},{"damage":0,"enemies":"3 Shapes","floor":35,"turns":3},{"damage":27,"enemies":"3 Darklings","floor":37,"turns":7},{"damage":21,"enemies":"Maw","floor":39,"turns":9},{"damage":23,"enemies":"Jaw Worm Horde","floor":41,"turns":5},{"damage":5,"enemies":"3 Darklings","floor":42,"turns":5},{"damage":25,"enemies":"Spire Growth","floor":46,"turns":6},{"damage":22,"enemies":"Time Eater","floor":50,"turns":3}],"seed_played":"-2112319863788023122","potions_obtained":[{"floor":4.0,"key":"Fruit Juice"},{"floor":12.0,"key":"Fire Potion"},{"floor":19.0,"key":"CultistPotion"},{"floor":28.0,"key":"SkillPotion"},{"floor":33.0,"key":"Strength Potion"},{"floor":35,"key":"SpeedPotion"},{"floor":36,"key":"Poison Potion"},{"floor":42,"key":"CunningPotion"}],"is_trial":false,"path_per_floor":["M","T","?","M","M","R","?","?","T","$","M","M","?","M","R","B",null,"M","M","M","M","M","R","?","?","T","E","M","?","$","?","R","B",null,"M","?","M","?","M","R","M","M","T","R","?","M","?","$","R","B"],"character_chosen":"THE_SILENT","items_purchased":["Acrobatics+1","Medical Kit","Deflect+1"],"campfire_rested":4,"item_purchase_floors":[30,48,48],"current_hp_per_floor":[63,63,63,63,68,68,53,53,53,53,53,53,46,44,66,49,75,75,75,65,56,53,53,39,39,39,28,28,28,28,28,52,38,80,80,80,53,53,32,32,9,4,4,28,28,3,3,3,25,3,3],"gold":111,"neow_bonus":"TRANSFORM_TWO_CARDS","is_daily":false,"chose_seed":false,"campfire_upgraded":2,"win_rate":0.0,"timestamp":1610404377,"path_taken":["M","?","?","M","M","R","?","?","T","$","?","M","?","M","R","BOSS","M","M","M","M","M","R","?","?","T","E","M","?","$","?","R","BOSS","M","?","?","?","M","R","M","?","T","R","?","M","?","$","R","BOSS"],"items_purchased_type":["Card","Relic","Card"],"build_version":"2020-12-22","purchased_purges":3,"victory":false,"max_hp_per_floor":[70,70,70,70,75,75,75,75,75,75,75,75,75,75,75,75,75,75,75,75,75,75,75,80,80,80,80,80,80,80,80,80,80,80,80,80,80,80,80,80,80,80,80,80,76,76,76,76,76,76,76],"relic_stats":{"Peace Pipe":1,"Centennial Puzzle":[39],"counters":[22,111],"Sundial":[16],"Bronze Scales":[217],"Astrolabe":["Caltrops","Dash","Skewer"],"Pen Nib":[2],"Medical Kit":[0],"obtain_stats":[{"Calipers":17,"Astrolabe":34,"Pen Nib":43,"Medical Kit":48,"White Beast Statue":9,"WarpedTongs":8,"Calling Bell":17,"Peace Pipe":26,"Centennial Puzzle":2,"Sundial":17,"Bronze Scales":17,"Toxic Egg 2":13,"InkBottle":27,"Ring of the Snake":0},{"Calipers":7,"Astrolabe":15,"Pen Nib":20,"Medical Kit":21,"White Beast Statue":3,"WarpedTongs":3,"Calling Bell":7,"Peace Pipe":12,"Centennial Puzzle":1,"Sundial":7,"Bronze Scales":7,"Toxic Egg 2":5,"InkBottle":13,"Ring of the Snake":0},{"Calipers":32,"Astrolabe":73,"Pen Nib":102,"Medical Kit":108,"White Beast Statue":11,"WarpedTongs":11,"Calling Bell":32,"Peace Pipe":51,"Centennial Puzzle":5,"Sundial":32,"Bronze Scales":32,"Toxic Egg 2":16,"InkBottle":56,"Ring of the Snake":0}],"InkBottle":[34],"Ring of the Snake":[44],"WarpedTongs":[92]},"card_choices":[{"not_picked":["Reflex","Backflip"],"picked":"Backstab","floor":1.0},{"not_picked":["Cloak And Dagger","Blur"],"picked":"Escape Plan","floor":4.0},{"not_picked":["Backstab","Dash"],"picked":"Cloak And Dagger","floor":5.0},{"not_picked":["Sucker Punch","Deflect","Backflip"],"picked":"SKIP","floor":11.0},{"not_picked":["Underhanded Strike","Flechettes"],"picked":"Blade Dance","floor":12.0},{"not_picked":["Flechettes","Acrobatics+1"],"picked":"Dagger Throw","floor":14.0},{"not_picked":["Bullet Time+1","Storm of Steel+1"],"picked":"Burst+1","floor":16.0},{"not_picked":["Poisoned Stab","All Out Attack"],"picked":"Dagger Throw+1","floor":18.0},{"not_picked":["Outmaneuver+1","Terror+1"],"picked":"Deadly Poison+1","floor":19.0},{"not_picked":["Cloak And Dagger+1","Poisoned Stab"],"picked":"PiercingWail+1","floor":20.0},{"not_picked":["Endless Agony+1","PiercingWail+1","Underhanded Strike"],"picked":"SKIP","floor":21.0},{"not_picked":["Cloak And Dagger+1","Skewer"],"picked":"Wraith Form v2","floor":22.0},{"not_picked":["Blade Dance+1","Caltrops"],"picked":"Accuracy","floor":27.0},{"not_picked":["Bane","Dagger Throw+1"],"picked":"Cloak And Dagger+1","floor":28.0},{"not_picked":["Venomology+1","A Thousand Cuts"],"picked":"After Image","floor":33.0},{"not_picked":["Finisher","Dodge and Roll+1","Sucker Punch"],"picked":"SKIP","floor":35},{"not_picked":["Deadly Poison+1","Flying Knee","Prepared+1"],"picked":"SKIP","floor":37},{"not_picked":["Masterful Stab","Dodge and Roll+1","Flying Knee"],"picked":"SKIP","floor":39},{"not_picked":["Quick Slash+1","Deadly Poison+1","Blade Dance+1"],"picked":"SKIP","floor":41},{"not_picked":["Sucker Punch+1","Riddle With Holes"],"picked":"Crippling Poison+1","floor":42},{"not_picked":["Flying Knee","Bane+1"],"picked":"Phantasmal Killer+1","floor":46}],"player_experience":317460,"relics_obtained":[{"floor":2.0,"key":"Centennial Puzzle"},{"floor":9.0,"key":"White Beast Statue"},{"floor":17.0,"key":"Bronze Scales"},{"floor":17.0,"key":"Sundial"},{"floor":17.0,"key":"Calipers"},{"floor":26.0,"key":"Peace Pipe"},{"floor":27.0,"key":"InkBottle"},{"floor":43,"key":"Pen Nib"}],"event_choices":[{"cards_removed":["Regret"],"damage_healed":0.0,"max_hp_gain":0.0,"max_hp_loss":0.0,"gold_gain":0.0,"event_name":"The Cleric","player_choice":"Card Removal","floor":3.0,"gold_loss":50.0,"damage_taken":0.0},{"damage_healed":0.0,"max_hp_gain":0.0,"max_hp_loss":0.0,"gold_gain":0.0,"event_name":"Shining Light","player_choice":"Entered Light","floor":7.0,"gold_loss":0.0,"damage_taken":15.0,"cards_upgraded":["Strike_G","Defend_G"]},{"damage_healed":0.0,"max_hp_gain":0.0,"max_hp_loss":0.0,"gold_gain":0.0,"event_name":"Accursed Blacksmith","player_choice":"Rummage","floor":8.0,"gold_loss":0.0,"damage_taken":0.0,"relics_obtained":["WarpedTongs"],"cards_obtained":["Pain"]},{"damage_healed":0.0,"max_hp_gain":0.0,"max_hp_loss":0.0,"gold_gain":0.0,"event_name":"Scrap Ooze","player_choice":"Success","floor":13.0,"gold_loss":0.0,"damage_taken":7.0,"relics_obtained":["Toxic Egg 2"]},{"damage_healed":0.0,"max_hp_gain":5.0,"max_hp_loss":0.0,"gold_gain":0.0,"event_name":"Forgotten Altar","player_choice":"Shed Blood","floor":24.0,"gold_loss":0.0,"damage_taken":19.0},{"damage_healed":0.0,"max_hp_gain":0.0,"max_hp_loss":0.0,"gold_gain":0.0,"cards_transformed":["Strike_G","Defend_G"],"event_name":"Drug Dealer","player_choice":"Became Test Subject","floor":25.0,"gold_loss":0.0,"damage_taken":0.0,"cards_obtained":["Reflex","Leg Sweep"]},{"cards_removed":["Strike_G"],"damage_healed":0.0,"max_hp_gain":0.0,"max_hp_loss":0.0,"gold_gain":0.0,"event_name":"Back to Basics","player_choice":"Elegance","floor":29.0,"gold_loss":0.0,"damage_taken":0.0},{"damage_healed":0.0,"max_hp_gain":0.0,"max_hp_loss":0.0,"gold_gain":99.0,"event_name":"Nest","player_choice":"Stole From Cult","floor":31.0,"gold_loss":0.0,"damage_taken":0.0},{"damage_healed":0,"gold_gain":0,"player_choice":"Got Potions","damage_taken":0,"max_hp_gain":0,"max_hp_loss":0,"event_name":"Lab","floor":36,"gold_loss":0},{"damage_healed":0,"gold_gain":0,"player_choice":"Bought 0 Potions","damage_taken":0,"max_hp_gain":0,"max_hp_loss":0,"event_name":"The Woman in Blue","floor":38,"gold_loss":0},{"damage_healed":0,"gold_gain":0,"player_choice":"Max HP","damage_taken":0,"max_hp_gain":0,"max_hp_loss":4,"event_name":"Winding Halls","floor":45,"gold_loss":0},{"damage_healed":0,"gold_gain":0,"player_choice":"Ignored","damage_taken":0,"max_hp_gain":0,"max_hp_loss":0,"event_name":"Tomb of Lord Red Mask","floor":47,"gold_loss":0}],"is_beta":false,"boss_relics":[{"not_picked":["Coffee Dripper","Ectoplasm"],"picked":"Calling Bell"},{"not_picked":["Ring of the Serpent","Velvet Choker"],"picked":"Astrolabe"}],"items_purged_floors":[10,30,48],"is_endless":false,"potions_floor_spawned":[4,11,12,14,16,18,19,20,21,22,27,28,33,35,37,39,41,42,46],"killed_by":"Time Eater","ascension_level":0}}