{"host":"nj4msrt0z6tj4wtb","time":1610386540,"event":{"mods":["AchievementEnabler","BaseMod","Colored Map","Colored Powertips","DeckTracker","Highlight Path","Minty Spire (QoL Compilation)","Quick Restart","Random Character Button","StSLib","SuperFastMode"],"gold_per_floor":[111,111,127,52,32,32,60,60,83,83,93,119,134,153,153,250,300,316,332,332,161,176,176,195,195,195],"floor_reached":25,"playtime":1149,"items_purged":["Strike_B","Strike_B"],"score":274,"play_id":"2f6a6ed6-3631-415e-8aec-087029fba66d","local_time":"20210112023540","is_ascension_mode":true,"campfire_choices":[{"data":"Zap","floor":6.0,"key":"SMITH"},{"data":"Genetic Algorithm","floor":8.0,"key":"SMITH"},{"data":"Dualcast","floor":10.0,"key":"SMITH"},{"data":"White Noise","floor":15.0,"key":"SMITH"},{"data":"Redo","floor":23.0,"key":"SMITH"}],"circlet_count":0,"master_deck":["Strike_B","Strike_B+1","Defend_B","Defend_B","Defend_B","Defend_B","Zap+1","Dualcast+1","Turbo","Hologram","Genetic Algorithm+1","Sweeping Beam","Capacitor","White Noise+1","Coolheaded","Meteor Strike","Static Discharge","Redo+1","Barrage","RitualDagger","Capacitor","Stack","Go for the Eyes+1"],"relics":["Cracked Core","NeowsBlessing","Ancient Tea Set","Orichalcum","Letter Opener","Tiny House"],"acts_visited":["Exordium","TheCity"],"potions_floor_usage":[25,25],"damage_taken":[{"damage":0.0,"enemies":"2 Louse","floor":1.0,"turns":1.0},{"damage":0.0,"enemies":"Small Slimes","floor":3.0,"turns":1.0},{"damage":0.0,"enemies":"Lagavulin","floor":7.0,"turns":1.0},{"damage":2.0,"enemies":"Cultist","floor":11.0,"turns":3.0},{"damage":18.0,"enemies":"Gremlin Nob","floor":12.0,"turns":5.0},{"damage":10.0,"enemies":"Exordium Wildlife","floor":13.0,"turns":3.0},{"damage":4.0,"enemies":"Blue Slaver","floor":14.0,"turns":4.0},{"damage":30.0,"enemies":"The Guardian","floor":16.0,"turns":16.0},{"damage":15.0,"enemies":"Shell Parasite","floor":18.0,"turns":5.0},{"damage":10.0,"enemies":"Spheric Guardian","floor":19.0,"turns":5.0},{"damage":15.0,"enemies":"3 Cultists","floor":22.0,"turns":4.0},{"damage":13.0,"enemies":"Snecko","floor":24.0,"turns":4.0},{"damage":5,"enemies":"Gremlin Leader","floor":25,"turns":2}],"seed_played":"4104928759041581573","potions_obtained":[{"floor":3.0,"key":"SpeedPotion"},{"floor":5.0,"key":"Ancient Potion"},{"floor":11.0,"key":"Weak Potion"},{"floor":13.0,"key":"DuplicationPotion"},{"floor":17.0,"key":"CultistPotion"}],"is_trial":false,"path_per_floor":["M","?","M","$","?","R","E","R","T","R","M","E","M","M","R","B",null,"M","M","?","$","M","R","M","E"],"character_chosen":"DEFECT","items_purchased":["Capacitor"],"campfire_rested":0,"item_purchase_floors":[21],"current_hp_per_floor":[75,75,75,75,75,75,75,75,75,75,73,55,45,41,41,11,80,65,55,49,49,34,34,21,16,16],"gold":195,"neow_bonus":"THREE_ENEMY_KILL","is_daily":false,"chose_seed":false,"campfire_upgraded":5,"win_rate":0.0,"timestamp":1610386540,"path_taken":["M","?","M","$","?","R","E","R","T","R","?","E","M","M","R","BOSS","M","M","?","$","M","R","M","E"],"items_purchased_type":["Card"],"build_version":"2020-12-22","purchased_purges":2,"victory":false,"max_hp_per_floor":[75,75,75,75,75,75,75,75,75,75,75,75,75,75,75,75,80,80,80,80,80,80,80,80,80,80],"card_choices":[{"not_picked":["Barrage","Aggregate"],"picked":"Turbo","floor":1.0},{"not_picked":["Glacier","Rebound"],"picked":"Hologram","floor":3.0},{"not_picked":["Scrape","Skim"],"picked":"Genetic Algorithm","floor":7.0},{"not_picked":["Stack","Hyperbeam"],"picked":"Sweeping Beam","floor":11.0},{"not_picked":["Sweeping Beam","Stack"],"picked":"Capacitor","floor":12.0},{"not_picked":["Rebound","Static Discharge"],"picked":"White Noise","floor":13.0},{"not_picked":["Hologram","Compile Driver"],"picked":"Coolheaded","floor":14.0},{"not_picked":["Hyperbeam","Fission"],"picked":"Meteor Strike","floor":16.0},{"not_picked":["Turbo","Lockon"],"picked":"Static Discharge","floor":17.0},{"not_picked":["Recycle","Cold Snap+1"],"picked":"Redo","floor":18.0},{"not_picked":["Rebound+1","Doom and Gloom"],"picked":"Barrage","floor":19.0},{"not_picked":["Heatsinks","Steam"],"picked":"Stack","floor":22.0},{"not_picked":["Reinforced Body","Turbo"],"picked":"Go for the Eyes+1","floor":24.0}],"player_experience":629599,"relics_obtained":[{"floor":7.0,"key":"Ancient Tea Set"},{"floor":9.0,"key":"Orichalcum"},{"floor":12.0,"key":"Letter Opener"}],"event_choices":[{"damage_healed":0.0,"max_hp_gain":0.0,"max_hp_loss":0.0,"gold_gain":0.0,"event_name":"Liars Game","player_choice":"Ignored","floor":2.0,"gold_loss":0.0,"damage_taken":0.0},{"damage_healed":0.0,"max_hp_gain":0.0,"max_hp_loss":0.0,"gold_gain":0.0,"event_name":"The Woman in Blue","player_choice":"Bought 1 Potion","floor":5.0,"gold_loss":0.0,"damage_taken":0.0},{"damage_healed":0.0,"max_hp_gain":0.0,"max_hp_loss":0.0,"gold_gain":0.0,"event_name":"Nest","player_choice":"Joined the Cult","floor":20.0,"gold_loss":0.0,"damage_taken":6.0,"cards_obtained":["RitualDagger"]}],"is_beta":false,"boss_relics":[{"not_picked":["SacredBark","Ectoplasm"],"picked":"Tiny House"}],"items_purged_floors":[4,21],"is_endless":false,"potions_floor_spawned":[3,11,13,18],"killed_by":"Gremlin Leader","ascension_level":3}}