{"host":"y193d0agu1dp5x1y","time":1610341590,"event":{"mods":["BaseMod","Googly Eyes","Minty Spire (QoL Compilation)"],"gold_per_floor":[113,132,132,132,17,46,46,60,84,96,123,98,198,216,216,216,216],"floor_reached":16,"playtime":507,"items_purged":["Defend_G"],"score":135,"play_id":"5d71756f-5815-4c4b-adca-c910743f9734","local_time":"20210110230630","is_ascension_mode":false,"campfire_choices":[{"data":"Deadly Poison","floor":7,"key":"SMITH"},{"floor":15,"key":"REST"}],"circlet_count":0,"master_deck":["Strike_G+1","Strike_G","Strike_G","Strike_G","Strike_G","Defend_G+1","Defend_G+1","Defend_G+1","Defend_G","Survivor","Neutralize","Noxious Fumes","Deadly Poison+1","Noxious Fumes","Cloak And Dagger","Flying Knee","Backflip","Quick Slash","Bane"],"relics":["Ring of the Snake","NeowsBlessing","War Paint","Omamori","Blood Vial"],"acts_visited":["Exordium"],"potions_floor_usage":[10],"damage_taken":[{"damage":0,"enemies":"Small Slimes","floor":1,"turns":1},{"damage":0,"enemies":"Jaw Worm","floor":2,"turns":1},{"damage":0,"enemies":"3 Sentries","floor":6,"turns":1},{"damage":0,"enemies":"2 Louse","floor":8,"turns":3},{"damage":8,"enemies":"Lots of Slimes","floor":10,"turns":4},{"damage":37,"enemies":"Gremlin Nob","floor":11,"turns":5},{"damage":9,"enemies":"Exordium Thugs","floor":14,"turns":4},{"damage":0,"enemies":"Hexaghost","floor":16,"turns":1}],"seed_played":"8912862971542205899","potions_obtained":[{"floor":1,"key":"ColorlessPotion"},{"floor":6,"key":"DistilledChaos"},{"floor":10,"key":"Fruit Juice"},{"floor":14,"key":"SkillPotion"}],"is_trial":false,"path_per_floor":["M","M","?","?","$","E","R","M","T","M","E","?","?","M","R","B"],"character_chosen":"THE_SILENT","items_purchased":["Noxious Fumes"],"campfire_rested":1,"item_purchase_floors":[5],"current_hp_per_floor":[70,70,75,60,60,60,60,60,60,57,20,20,20,13,37,39,39],"gold":216,"neow_bonus":"THREE_ENEMY_KILL","is_daily":false,"chose_seed":false,"campfire_upgraded":1,"win_rate":0.0,"timestamp":1610341590,"path_taken":["M","M","?","?","?","E","R","M","T","M","E","?","?","M","R","BOSS"],"items_purchased_type":["Card"],"build_version":"2020-12-22","purchased_purges":1,"victory":false,"max_hp_per_floor":[70,70,75,75,75,75,75,75,75,80,80,80,80,80,80,80,80],"card_choices":[{"not_picked":["PiercingWail","Catalyst"],"picked":"Noxious Fumes","floor":1},{"not_picked":["Distraction","Outmaneuver"],"picked":"Deadly Poison","floor":2},{"not_picked":["Storm of Steel","Phantasmal Killer"],"picked":"Cloak And Dagger","floor":6},{"not_picked":["Caltrops","Dagger Spray"],"picked":"Flying Knee","floor":8},{"not_picked":["Underhanded Strike","PiercingWail"],"picked":"Backflip","floor":10},{"not_picked":["Backflip","Well Laid Plans"],"picked":"Quick Slash","floor":11},{"not_picked":["Dodge and Roll","Riddle With Holes"],"picked":"Bane","floor":14}],"player_experience":57405,"relics_obtained":[{"floor":6,"key":"War Paint"},{"floor":9,"key":"Omamori"},{"floor":11,"key":"Blood Vial"}],"event_choices":[{"damage_healed":0,"gold_gain":0,"player_choice":"Donut","damage_taken":0,"max_hp_gain":5,"max_hp_loss":0,"event_name":"Big Fish","floor":3,"gold_loss":0},{"damage_healed":0,"gold_gain":0,"player_choice":"Entered Light","damage_taken":15,"max_hp_gain":0,"max_hp_loss":0,"event_name":"Shining Light","floor":4,"gold_loss":0,"cards_upgraded":["Strike_G","Defend_G"]},{"damage_healed":0,"gold_gain":0,"player_choice":"Left Gold","damage_taken":0,"max_hp_gain":0,"max_hp_loss":0,"event_name":"World of Goop","floor":12,"gold_loss":25},{"damage_healed":0,"gold_gain":100,"player_choice":"Pray","damage_taken":0,"max_hp_gain":0,"max_hp_loss":0,"event_name":"Golden Shrine","floor":13,"gold_loss":0}],"is_beta":false,"boss_relics":[],"items_purged_floors":[5],"is_endless":false,"potions_floor_spawned":[1,6,10,14],"killed_by":"Hexaghost","ascension_level":0}}