{"host":"ojme7g6xlqwffsso","time":1610350395,"event":{"mods":["Act Like it!","BaseMod","Hermit","Infinite Spire","MarisaÅiñ∂âJÅ@ñÇóùçπÅj","Minty Spire (QoL Compilation)","Replay The Spire","Shade Mod","Shop Mod","StSLib","The Alterego","The Cursed","Yuri Mod"],"gold_per_floor":[118,131,131,131,142,168,179,179,202,237,43,56,74,86,86,187,187,173,203,238,250,280,280,306,339,387,387,421,448,448,458,458,575,575,587,622,648,20,0,39,39,64,64,64,64,64,64,111,111,140],"floor_reached":51,"playtime":2256,"items_purged":[],"score":886,"play_id":"583f8c79-fce0-41cb-a460-17c535fc6a20","local_time":"20210111163315","is_ascension_mode":false,"campfire_choices":[{"data":"yuri:SeeingDouble","floor":15,"key":"SMITH"},{"floor":23,"key":"REST"},{"data":"yuri:Oolong","floor":27,"key":"SMITH"},{"data":"yuri:Suicide","floor":41,"key":"SMITH"},{"data":"yuri:Skip","floor":44,"key":"SMITH"},{"data":"yuri:yuriStab","floor":46,"key":"SMITH"},{"data":"yuri:Stalk","floor":49,"key":"SMITH"}],"circlet_count":0,"master_deck":["yuri:yuriStrike+1","yuri:yuriStrike+1","yuri:yuriStrike","yuri:yuriStrike","yuri:yuriStrike","yuri:yuriDefend","yuri:yuriDefend","yuri:yuriDefend","yuri:yuriDefend","yuri:yuriDefend","yuri:Oolong+1","yuri:yuriStab+1","yuri:Skip","yuri:MPose","yuri:SeeingDouble+1","yuri:yuriQuickStrike","yuri:InsanityDefense","yuri:RecklessStrike","yuri:HoldBackCorrupt+1","yuri:ReactiveMadnessCorrupt","yuri:StealPen","yuri:CalmingAuraCorrupt","yuri:Stalk+1","yuri:ChibiInvasionCorrupt","yuri:GlitchedStrike","yuri:CalmingAuraCorrupt","yuri:ChibiInvasionCorrupt","yuri:HoldBackCorrupt+1","yuri:Skip+1","yuri:Suicide+1","Parasite","yuri:CalmingAuraCorrupt+1","yuri:SturdyUniform+1","yuri:ReactiveMadnessCorrupt","yuri:BlackTea","infinitespire:SevenWalls","yuri:InduceGlitch+1"],"relics":["yuri:BloodyKnife","infinitespire:Beetle Shell","MealTicket","Frozen Egg 2","MerchantsRug","Meat on the Bone","Juzu Bracelet","Vajra","Painkiller Herb","Mummified Hand","infinitespire:Midas Blood","Sling","Red Mask","Anchor","Replay:Bandana","Bottled Lightning","Toy Ornithopter","Ornamental Fan"],"acts_visited":["Exordium","TheCity","TheBeyond"],"potions_floor_usage":[10,28,29,32],"damage_taken":[{"damage":2,"enemies":"Small Slimes","floor":1,"turns":2},{"damage":0,"enemies":"2 Louse","floor":2,"turns":2},{"damage":1,"enemies":"Cultist","floor":5,"turns":3},{"damage":22,"enemies":"Gremlin Nob","floor":6,"turns":4},{"damage":1,"enemies":"2 Fungi Beasts","floor":7,"turns":4},{"damage":12,"enemies":"3 Sentries","floor":10,"turns":9},{"damage":11,"enemies":"Gremlin Gang","floor":12,"turns":4},{"damage":0,"enemies":"Large Slime","floor":13,"turns":6},{"damage":13,"enemies":"Exordium Thugs","floor":14,"turns":4},{"damage":32,"enemies":"Hexaghost","floor":16,"turns":14},{"damage":1087,"enemies":"2 Thieves","floor":18,"turns":4},{"damage":7,"enemies":"Shell Parasite","floor":19,"turns":6},{"damage":3,"enemies":"Centurion and Healer","floor":20,"turns":5},{"damage":28,"enemies":"Snake Plant","floor":21,"turns":4},{"damage":0,"enemies":"3 Cultists","floor":22,"turns":5},{"damage":3,"enemies":"Centurion and Healer","floor":24,"turns":6},{"damage":18,"enemies":"Book of Stabbing","floor":25,"turns":5},{"damage":0,"enemies":"Sentry and Sphere","floor":28,"turns":5},{"damage":17,"enemies":"Slavers","floor":29,"turns":5},{"damage":3,"enemies":"3 Cultists","floor":31,"turns":3},{"damage":44,"enemies":"Collector","floor":33,"turns":11},{"damage":4,"enemies":"Orb Walker","floor":35,"turns":3},{"damage":19,"enemies":"3 Darklings","floor":36,"turns":5},{"damage":29,"enemies":"Writhing Mass","floor":37,"turns":6},{"damage":8,"enemies":"Giant Head","floor":40,"turns":7},{"damage":24,"enemies":"Reptomancer","floor":48,"turns":6},{"damage":3,"enemies":"Time Eater","floor":50,"turns":8}],"seed_played":"-3386200067687074496","potions_obtained":[{"floor":0,"key":"Toxic Potion"},{"floor":0,"key":"FairyPotion"},{"floor":0,"key":"Reflective Coating"},{"floor":6,"key":"Fire Potion"},{"floor":10,"key":"LiquidMemories"},{"floor":19,"key":"Swift Potion"},{"floor":20,"key":"Adrenaline Potion"},{"floor":32,"key":"Fruit Juice"},{"floor":32,"key":"Regen Potion"},{"floor":33,"key":"Toxic Potion"}],"is_trial":false,"path_per_floor":["M","M","?","?","M","E","M","?","T","E","$","M","M","M","R","B",null,"M","M","M","M","M","R","M","E","T","R","M","E","?","M","R","B",null,"?","?","?","T","?","E","T","T","T","T","?","T","AVR","E","T","B",null],"character_chosen":"YURI","items_purchased":["yuri:HoldBack+1","MerchantsRug","Mummified Hand","yuri:SturdyUniform+1","yuri:ReactiveMadness","infinitespire:Midas Blood","Sling"],"campfire_rested":1,"item_purchase_floors":[11,11,38,38,38,38,38],"current_hp_per_floor":[80,80,80,80,79,58,61,61,61,53,68,61,65,56,56,28,80,31,28,29,5,9,33,34,16,16,16,35,37,37,41,46,21,85,81,69,47,62,62,61,61,61,61,61,61,61,61,44,44,48],"gold":140,"neow_bonus":"THREE_SMALL_POTIONS","is_daily":false,"chose_seed":false,"campfire_upgraded":6,"win_rate":0.0,"timestamp":1610350395,"path_taken":["M","M","?","?","M","E","?","?","T","E","$","M","M","M","R","BOSS","M","M","M","M","M","R","M","E","T","R","M","E","?","M","R","BOSS","?","?","?","T","?","E","T","?","T","T","?","T","AVR","E","T","BOSS"],"items_purchased_type":["Card","Relic","Relic","Card","Card","Relic","Relic"],"build_version":"2020-12-22","purchased_purges":0,"victory":true,"max_hp_per_floor":[80,80,80,80,80,80,80,80,80,80,80,80,80,80,80,80,80,80,80,80,80,80,80,80,80,80,80,80,80,80,80,85,85,85,85,85,85,85,85,85,85,85,85,85,85,85,85,85,85,85],"card_choices":[{"not_picked":["yuri:WickedSlash","yuri:NerfBat"],"picked":"yuri:ReactiveMadness","floor":1},{"not_picked":["yuri:SelfHarm","yuri:HeavierStrike"],"picked":"yuri:Skip","floor":2},{"not_picked":["yuri:AdaptiveAI","yuri:yuriQuickStrike"],"picked":"yuri:MPose","floor":5},{"not_picked":["yuri:RelentlessStrikes","yuri:HeavierStrike"],"picked":"yuri:CalmingAura","floor":6},{"not_picked":["yuri:GrowingInsanity","yuri:TPose"],"picked":"yuri:ChibiInvasion","floor":7},{"not_picked":["yuri:Stalk","yuri:GlitchedStrike"],"picked":"yuri:SeeingDouble","floor":10},{"not_picked":["yuri:Stare","yuri:StealPen"],"picked":"yuri:yuriQuickStrike","floor":12},{"not_picked":["yuri:Parry","yuri:UnstableStrike"],"picked":"yuri:InsanityDefense","floor":13},{"not_picked":["yuri:ThrowingKnives","yuri:SeeingDouble"],"picked":"yuri:RecklessStrike","floor":14},{"not_picked":["yuri:DragonForm+1","yuri:ConsumeGlitch"],"picked":"yuri:Suicide","floor":16},{"not_picked":["yuri:RecklessStrike","yuri:yuriQuickStrike"],"picked":"yuri:StealPen","floor":18},{"not_picked":["yuri:InsanityDefense+1","yuri:Stare","yuri:yuriQuickStrike"],"picked":"SKIP","floor":19},{"not_picked":["yuri:yuriQuickStrike","yuri:Stare+1"],"picked":"yuri:Stalk","floor":20},{"not_picked":["yuri:DebugCard","yuri:InsanityDefense"],"picked":"yuri:GlitchedStrike","floor":21},{"not_picked":["yuri:TPose+1","yuri:ThrowingKnives"],"picked":"yuri:CalmingAura","floor":22},{"not_picked":["yuri:yuriHeavyStrike+1","yuri:Stare"],"picked":"yuri:GlitchRemove+1","floor":24},{"not_picked":["yuri:RecklessStrike","yuri:MagneticKnives+1"],"picked":"yuri:ChibiInvasion","floor":25},{"not_picked":["yuri:Skip+1","yuri:CalmingAura"],"picked":"yuri:HoldBack+1","floor":28},{"not_picked":["yuri:SelfHarm","yuri:RecklessStrike","yuri:yuriHeavyStrike"],"picked":"SKIP","floor":29},{"not_picked":["yuri:TPose+1","yuri:Stare"],"picked":"yuri:Skip","floor":31},{"not_picked":["yuri:Virus","yuri:GhostForm+1"],"picked":"yuri:Suicide","floor":33},{"not_picked":["yuri:ChibiInvasion+1","yuri:AdaptiveAI+1","yuri:GlitchedStrike"],"picked":"SKIP","floor":35},{"not_picked":["yuri:GlitchedStrike+1","yuri:DebugCard"],"picked":"yuri:CalmingAura+1","floor":36},{"not_picked":["yuri:ThrowingKnives","yuri:ThrowBook+1","yuri:CalmingAura+1"],"picked":"SKIP","floor":37},{"not_picked":["yuri:BookRed+1","yuri:yuriHeavyStrike"],"picked":"yuri:BlackTea","floor":40},{"not_picked":["yuri:InsanityDefense+1","yuri:Stare"],"picked":"yuri:InduceGlitch+1","floor":48}],"player_experience":844296,"relics_obtained":[{"floor":3,"key":"Whetstone"},{"floor":6,"key":"infinitespire:Beetle Shell"},{"floor":9,"key":"MealTicket"},{"floor":10,"key":"Frozen Egg 2"},{"floor":25,"key":"Meat on the Bone"},{"floor":26,"key":"Juzu Bracelet"},{"floor":29,"key":"Vajra"},{"floor":40,"key":"Anchor"},{"floor":42,"key":"Replay:Bandana"},{"floor":43,"key":"Bottled Lightning"},{"floor":48,"key":"Ornamental Fan"}],"event_choices":[{"damage_healed":0,"gold_gain":0,"player_choice":"Got Potions","damage_taken":0,"max_hp_gain":0,"max_hp_loss":0,"event_name":"Lab","floor":4,"gold_loss":0},{"damage_healed":0,"gold_gain":0,"player_choice":"Ignored","damage_taken":0,"max_hp_gain":0,"max_hp_loss":0,"event_name":"NoteForYourself","floor":8,"gold_loss":0},{"damage_healed":0,"gold_gain":0,"player_choice":"Ignored","damage_taken":0,"max_hp_gain":0,"max_hp_loss":0,"event_name":"Ghosts","floor":30,"gold_loss":0},{"damage_healed":0,"gold_gain":0,"player_choice":"Paid","damage_taken":0,"relics_obtained":["Red Mask"],"max_hp_gain":0,"max_hp_loss":0,"event_name":"Tomb of Lord Red Mask","floor":39,"gold_loss":20},{"cards_removed":["yuri:GlitchRemove"],"damage_healed":0,"gold_gain":0,"player_choice":"Removed Power","damage_taken":0,"max_hp_gain":0,"max_hp_loss":0,"event_name":"Falling","floor":45,"gold_loss":0}],"is_beta":false,"boss_relics":[{"not_picked":["Snecko Heart","Honey Jar"],"picked":"Runic Dome"},{"not_picked":["ReplayTheSpireMod:DimensionalGlitch","Busted Crown"],"picked":"Painkiller Herb"}],"items_purged_floors":[],"is_endless":false,"potions_floor_spawned":[6,7,10,19,20,21,22,25,33,36],"ascension_level":0}}