{"host":"2gg06yzptsyvmpvy","time":1610397742,"event":{"mods":["2.2 Compatiblity","AchievementEnabler","Act Like it!","Aspiration","BaseMod","Beaked The Cultist","Best Route Mod","Bestiary","Better Note","Better Synergies","Challenge The Spire","ChefMod","Colored Map","Colored Powertips","Colorless Booster Pack","Conjunction","Curses Come First","Downfall","Energized Spire","Friendly Minions","GifTheSpireLib","Glutton Mod","GungeonMod","Halation","Highlight Path","Hubris","Jedi Mod","JesterMod","Minty Spire (QoL Compilation)","Pale of the Ancients","Permanent Neow","Quick Restart","Random Character Button","Relic Stats","Replay The Spire","Retaliation","Reworked Bosses","SCP261 Mod","Shade Mod","Small Relic Pack","Spicy Shops","Spikes Relics","StSLib","Stuff the Spire","SuperFastMode","Swap Starting Deck Mod","The Construct","The Factory","The Hayseed","The Hierophant","The Jungle","The Runesmith","The Servant 0.9.4","Trackpad","Useless Jewels Mod","thorton","vexMod"],"gold_per_floor":[349,367,381,381,395,409,409,422,422,441,456,456,456,53,73,168,168,168,186,199,219,24,24,24,24,24,24],"floor_reached":25,"playtime":1524,"items_purged":["hexamod:Strike","hexamod:Defend"],"score":197,"play_id":"dedd5cf4-b207-45fc-a8f6-3f2f00f7d47f","local_time":"20210111134222","is_ascension_mode":false,"campfire_choices":[{"floor":1,"key":"REST"},{"data":"hexamod:ExtraCrispy","floor":12,"key":"SMITH"},{"data":"hexamod:WildfireWeapon","floor":18,"key":"SMITH"},{"floor":23,"key":"REST"}],"circlet_count":0,"master_deck":["hexamod:Strike","hexamod:Strike","hexamod:Strike","hexamod:Defend","hexamod:Defend","hexamod:Defend","hexamod:Sear","hexamod:Float","hexamod:HeatCrush","hexamod:FourthSeal","hexamod:CatchUp+1","hexamod:EtherealExpedition","hexamod:SoulSteal","hexamod:BurningTouch","hexamod:ExtraCrispy+1","hexamod:Incineration+1","hexamod:HeatMetal","hexamod:BurningTouch","hexamod:WildfireWeapon+1","hexamod:StepThrough+1","hexamod:ChargedBarrage","hexamod:GhostOfSpirePresent","hexamod:GhostflameInferno","hexamod:FifthSeal","hexamod:DynamicBlow","expansioncontent:QuickStudy"],"relics":["hexamod:SpiritBrand","Gremlin Horn","hubris:Towel","vexMod:PaidLearning","Black Star","Rawhide"],"acts_visited":["Exordium","TheCity"],"potions_floor_usage":[16,16,21,22],"damage_taken":[{"damage":0,"enemies":"Jaw Worm","floor":2,"turns":3},{"damage":0,"enemies":"Cultist","floor":3,"turns":3},{"damage":3,"enemies":"Small Slimes","floor":5,"turns":4},{"damage":0,"enemies":"2 Fungi Beasts","floor":6,"turns":4},{"damage":21,"enemies":"Exordium Thugs","floor":8,"turns":6},{"damage":6,"enemies":"Gremlin Gang","floor":10,"turns":3},{"damage":0,"enemies":"Large Slime","floor":11,"turns":3},{"damage":0,"enemies":"downfall:FleeingMerchant","floor":14,"turns":4},{"damage":13,"enemies":"Blue Slaver","floor":15,"turns":3},{"damage":25,"enemies":"downfall:Silent","floor":16,"turns":6},{"damage":21,"enemies":"3 Byrds","floor":19,"turns":3},{"damage":9,"enemies":"Shell Parasite","floor":20,"turns":6},{"damage":19,"enemies":"Centurion and Healer","floor":21,"turns":4},{"damage":9,"enemies":"downfall:FleeingMerchant","floor":22,"turns":4},{"damage":52,"enemies":"Shelled Parasite and Fungi","floor":25,"turns":4}],"seed_played":"3138676743352136852","potions_obtained":[{"floor":2,"key":"Strength Potion"},{"floor":3,"key":"Strength Potion"},{"floor":5,"key":"EssenceOfSteel"},{"floor":14,"key":"hexamod:InfernoChargePotion"},{"floor":15,"key":"hexamod:InfernoChargePotion"},{"floor":19,"key":"hexamod:InfernoChargePotion"},{"floor":20,"key":"hexamod:EctoCoolerPotion"},{"floor":21,"key":"jedi:hoardpotion"}],"is_trial":false,"path_per_floor":["R","M","M","?","M","M","T","M","?","M","M","R","?","$","M","B",null,"R","M","M","M","$","R","T","M"],"character_chosen":"THE_SPIRIT","items_purchased":["vexMod:PaidLearning","hexamod:HeatMetal","expansioncontent:QuickStudy"],"campfire_rested":2,"item_purchase_floors":[14,14,22],"current_hp_per_floor":[70,70,70,70,67,67,67,46,46,40,40,40,40,40,27,2,70,70,49,40,21,12,33,33,0,0,0],"gold":24,"neow_bonus":"TWO_FIFTY_GOLD","is_daily":false,"chose_seed":false,"campfire_upgraded":2,"win_rate":0.0,"timestamp":1610397742,"path_taken":["R","M","M","?","?","M","T","M","?","M","M","R","?","?","M","BOSS","R","M","M","M","$","R","T","M"],"items_purchased_type":["Relic","Card","Card"],"build_version":"2020-12-22","purchased_purges":2,"victory":false,"max_hp_per_floor":[70,70,70,70,70,70,70,70,70,70,70,70,70,70,70,70,70,70,70,70,70,70,70,70,70,70,70],"relic_stats":{"Gremlin Horn":[3,3],"counters":[15,60],"Black Star":0,"obtain_stats":[{"Gremlin Horn":7,"Rawhide":24,"DemoMod:GlassGuonStoneRelic":2,"vexMod:PaidLearning":14,"Black Star":17,"hubris:Towel":9,"hexamod:SpiritBrand":0},{"Gremlin Horn":4,"Rawhide":14,"DemoMod:GlassGuonStoneRelic":1,"vexMod:PaidLearning":8,"Black Star":10,"hubris:Towel":5,"hexamod:SpiritBrand":0},{"Gremlin Horn":14,"Rawhide":56,"DemoMod:GlassGuonStoneRelic":3,"vexMod:PaidLearning":30,"Black Star":39,"hubris:Towel":20,"hexamod:SpiritBrand":0}]},"card_choices":[{"not_picked":["hexamod:ShieldOfDarkness","hexamod:AdvancingGuard"],"picked":"hexamod:HeatCrush","floor":2},{"not_picked":["hexamod:NightmareStrike","hexamod:RainOfEmbers"],"picked":"hexamod:FourthSeal","floor":3},{"not_picked":["hexamod:SpectralAdrenaline","hexamod:Haunt"],"picked":"hexamod:CatchUp","floor":5},{"not_picked":["hexamod:GhostflameBarrier","hexamod:GhostShield"],"picked":"hexamod:EtherealExpedition","floor":6},{"not_picked":["hexamod:Firestarter","hexamod:BacktrackSmack"],"picked":"hexamod:SoulSteal","floor":8},{"not_picked":["hexamod:ThermalTransfer","hexamod:ShieldOfDarkness"],"picked":"hexamod:BurningTouch","floor":10},{"not_picked":["hexamod:CrushingStance","hexamod:Hexaguard"],"picked":"hexamod:ExtraCrispy","floor":11},{"not_picked":["hexamod:SpectersWail","hexamod:NightmareStrike"],"picked":"hexamod:Incineration","floor":14},{"not_picked":["hexamod:ShieldOfDarkness","hexamod:NightmareStrike"],"picked":"hexamod:BurningTouch","floor":15},{"not_picked":["hexamod:GiftsFromTheDead","hexamod:TimeOfNeed"],"picked":"hexamod:WildfireWeapon","floor":16},{"not_picked":["hexamod:NecessarySacrifice","hexamod:GhostOfSpireFuture"],"picked":"hexamod:StepThrough+1","floor":19},{"not_picked":["hexamod:InspiringFlames","hexamod:AdvancingGuard"],"picked":"hexamod:ChargedBarrage","floor":20},{"not_picked":["hexamod:BacktrackSmack","hexamod:AdvancingGuard"],"picked":"hexamod:GhostOfSpirePresent","floor":21}],"player_experience":1168353,"relics_obtained":[{"floor":7,"key":"Gremlin Horn"},{"floor":24,"key":"Rawhide"}],"event_choices":[{"cards_removed":["hexamod:FourthSeal"],"damage_healed":0,"gold_gain":0,"player_choice":"Give","damage_taken":0,"max_hp_gain":0,"max_hp_loss":0,"event_name":"betterNote:BetterNote","floor":4,"gold_loss":0,"cards_obtained":["Eruption"]}],"is_beta":false,"boss_relics":[{"not_picked":["halation:PinkAlligatorPlush","jesterMod:MachoBrace"],"picked":"Black Star"}],"items_purged_floors":[14,14],"is_endless":false,"potions_floor_spawned":[2,3,5,6,20],"killed_by":"Shelled Parasite and Fungi","ascension_level":0}}