{"host":"3j2m8n0ywf988fwb","time":1610396025,"event":{"mods":["2.2 Compatiblity","Act Like it!","Aspiration","Astrologer","BaseMod","Beaked The Cultist","Better Altar","Better Match","Better Note","Better Sensory Stone","Better Skull","Better Third Choice","CCEM","Colored Map","Colored Powertips","Conspire","Dark Map","Energized Spire","Evolution","Fireblade Mod","GifTheSpireLib","Googly Eyes","Halation","Hallownest","Highlight Path","Hubris","Infinite Spire","Jedi Mod","Jorbs\u0027s Wanderer Trilogy","Marisa????????","Marked Mod","Mimic Mod","Minty Spire (QoL Compilation)","Random Character Button","Relic Stats","Replay The Spire","Robot Space Explorer","Shop Mod","Somnambulant","StSLib","Stuff the Spire","The Bug Knight","The Hierophant","The Marked","The Runesmith","TheFirefly","Unceasing Turn Reminder","everything is the same but u backflip on backflip"],"gold_per_floor":[117,117,117,152,166,191,191,201,201,201,201,201,212,239,239,334,434,449,463,463,463],"floor_reached":20,"playtime":1562,"items_purged":["Normality"],"score":226,"play_id":"9dc97cc5-9fa4-4c81-a7c3-2c70389124b2","local_time":"20210111141345","is_ascension_mode":true,"campfire_choices":[{"floor":7,"key":"REST"},{"floor":10,"key":"REST"},{"floor":12,"key":"REST"}],"circlet_count":0,"master_deck":["somnambulantmod: Bruise","somnambulantmod: SomnambulantStrike","somnambulantmod: SomnambulantStrike","somnambulantmod: SomnambulantStrike","somnambulantmod: SomnambulantStrike+1","somnambulantmod: Defend_Somnambulant+1","somnambulantmod: Defend_Somnambulant","somnambulantmod: Defend_Somnambulant","somnambulantmod: Defend_Somnambulant","somnambulantmod: Defend_Somnambulant","somnambulantmod: QuickNap","somnambulantmod: PrimingPunch","somnambulantmod: ImpenetrableMind","hubris:EnhanceAbility+1","somnambulantmod: ImpenetrableMind","somnambulantmod: Pinch","somnambulantmod: TrepanningBlow","Normality","Normality","somnambulantmod: Nosebleed","somnambulantmod: LoseForm","somnambulantmod: HeadSmack","somnambulantmod: TrepanningBlow+1"],"relics":["somnambulantmod: DreamJournal","EVO:Axolotl","NeowsBlessing","Ring of Fangs","ReplayTheSpireMod:CursedCoin","ReplayFunnel","jedi:archwizardhat","Hallownest:DreamNailRelic","Art of War","Replay:Wanted Poster"],"acts_visited":["Exordium","Hallownest:Greenpath"],"potions_floor_usage":[8],"damage_taken":[{"damage":0,"enemies":"Hallownest:monsterHuskWarrior","floor":1,"turns":1},{"damage":0,"enemies":"2_ Uuma","floor":5,"turns":1},{"damage":0,"enemies":"Hallownest:eliteMossKnight","floor":6,"turns":1},{"damage":17,"enemies":"Hallownest:2_MossCreeps","floor":8,"turns":12},{"damage":8,"enemies":"Hallownest:Wandering_and_Horned","floor":13,"turns":9},{"damage":7,"enemies":"Hallownest:eliteVengeflyKing","floor":14,"turns":12},{"damage":30,"enemies":"Hallownest:BossHornet","floor":16,"turns":12},{"damage":27,"enemies":"Hallownest:Guard_and_Sentry","floor":18,"turns":8},{"damage":12,"enemies":"Hallownest:2_Mistakes","floor":19,"turns":18},{"damage":46,"enemies":"Hallownest:Glutton_and_Coward","floor":20,"turns":2}],"seed_played":"-3486920234108921605","potions_obtained":[{"floor":5,"key":"Strength Potion"},{"floor":6,"key":"Weak Potion"},{"floor":14,"key":"SteroidPotion"},{"floor":18,"key":"Weak Potion"}],"is_trial":false,"path_per_floor":["M","?","?","$","M","E","R","M","T","R","?","R","M","E","R","B",null,"M","M","M"],"character_chosen":"THE_SOMNAMBULANT","items_purchased":["ReplayTheSpireMod:CursedCoin","somnambulantmod: ImpenetrableMind"],"campfire_rested":3,"item_purchase_floors":[4,4],"current_hp_per_floor":[70,70,70,70,70,70,72,55,55,74,74,76,68,61,61,31,76,49,37,0,0],"gold":463,"neow_bonus":"THREE_ENEMY_KILL","is_daily":false,"chose_seed":false,"campfire_upgraded":0,"win_rate":0.0,"timestamp":1610396025,"path_taken":["M","?","?","?","?","E","R","?","T","R","?","R","?","E","R","BOSS","M","M","M"],"items_purchased_type":["Relic","Card"],"build_version":"2020-12-22","purchased_purges":1,"victory":false,"max_hp_per_floor":[70,70,70,70,70,70,72,72,72,74,74,76,76,76,76,76,76,76,76,76,76],"relic_stats":{"counters":[10,76],"Art of War":[9],"obtain_stats":[{"ReplayFunnel":6,"Replay:Wanted Poster":17,"Ring of Fangs":3,"NeowsBlessing":0,"ReplayTheSpireMod:CursedCoin":4,"somnambulantmod: DreamJournal":0,"Hallownest:DreamNailRelic":11,"Art of War":14,"EVO:Axolotl":0,"jedi:archwizardhat":9},{"ReplayFunnel":3,"Replay:Wanted Poster":7,"Ring of Fangs":1,"NeowsBlessing":0,"ReplayTheSpireMod:CursedCoin":1,"somnambulantmod: DreamJournal":0,"Hallownest:DreamNailRelic":4,"Art of War":6,"EVO:Axolotl":0,"jedi:archwizardhat":4},{"ReplayFunnel":3,"Replay:Wanted Poster":48,"Ring of Fangs":1,"NeowsBlessing":0,"ReplayTheSpireMod:CursedCoin":1,"somnambulantmod: DreamJournal":0,"Hallownest:DreamNailRelic":15,"Art of War":36,"EVO:Axolotl":0,"jedi:archwizardhat":15}]},"card_choices":[{"not_picked":["somnambulantmod: Unknow","somnambulantmod: TimeCompression"],"picked":"somnambulantmod: ImpenetrableMind","floor":1},{"not_picked":["Impatience","Sadistic Nature"],"picked":"hubris:EnhanceAbility","floor":2},{"not_picked":["somnambulantmod: MindWave","somnambulantmod: Stumble","somnambulantmod: Trauma"],"picked":"SKIP","floor":5},{"not_picked":["somnambulantmod: PillowFort","somnambulantmod: Bloom"],"picked":"somnambulantmod: Pinch","floor":6},{"not_picked":["somnambulantmod: BrainFeeder","somnambulantmod: AllForNothing"],"picked":"somnambulantmod: TrepanningBlow","floor":8},{"not_picked":["somnambulantmod: SickeningSwathe","somnambulantmod: Hush","somnambulantmod: ShowerThought"],"picked":"SKIP","floor":13},{"not_picked":["somnambulantmod: OpeningUp","somnambulantmod: NewDawn"],"picked":"somnambulantmod: Nosebleed","floor":14},{"not_picked":["somnambulantmod: Lucidity","somnambulantmod: Narcolepsy"],"picked":"somnambulantmod: LoseForm","floor":16},{"not_picked":["somnambulantmod: Cower","somnambulantmod: HappyThoughts+1"],"picked":"somnambulantmod: HeadSmack","floor":18},{"not_picked":["somnambulantmod: Sleepyhead","somnambulantmod: Extract+1"],"picked":"somnambulantmod: TrepanningBlow+1","floor":19}],"player_experience":1110193,"relics_obtained":[{"floor":3,"key":"Ring of Fangs"},{"floor":6,"key":"ReplayFunnel"},{"floor":9,"key":"jedi:archwizardhat"},{"floor":14,"key":"Art of War"}],"event_choices":[{"damage_healed":0,"gold_gain":1,"player_choice":"1","damage_taken":0,"max_hp_gain":0,"max_hp_loss":0,"event_name":"betterStone:BetterStone","floor":2,"gold_loss":0}],"is_beta":false,"boss_relics":[{"not_picked":["halation:CatFaceCupcake","aspiration:FutureDiary"],"picked":"Replay:Wanted Poster"}],"items_purged_floors":[4],"is_endless":false,"potions_floor_spawned":[5,6,14,18],"killed_by":"Hallownest:Glutton_and_Coward","ascension_level":2}}