{"host":"tw7a6rmo9h75ssrt","time":1610341989,"event":{"mods":["AchievementEnabler","Act Like it!","BaseMod","Colored Map","Dark Map","Highlight Path","Minty Spire (QoL Compilation)","Quick Restart","StSLib","SuperFastMode"],"gold_per_floor":[116,66,81,81,6,6,37,37,37,37,49,61,77,57,57,152,152,122,122],"floor_reached":18,"playtime":530,"items_purged":["Strike_R"],"score":206,"play_id":"3ca0cfba-c99c-4ddd-a148-38a5f883e2d4","local_time":"20210111131309","is_ascension_mode":true,"campfire_choices":[{"data":"Havoc","floor":6.0,"key":"SMITH"},{"data":"Armaments","floor":15.0,"key":"SMITH"}],"circlet_count":0,"master_deck":["Bash","Havoc+1","Feel No Pain","Armaments+1","Body Slam","Exhume","Spot Weakness","Cleave","Juggernaut","Heavy Blade","Berserk","Flex"],"relics":["Burning Blood","NeowsBlessing","Dead Branch","White Beast Statue","Pandora\u0027s Box"],"acts_visited":["Exordium","TheCity"],"potions_floor_usage":[16,16],"damage_taken":[{"damage":0.0,"enemies":"Small Slimes","floor":1.0,"turns":1.0},{"damage":0.0,"enemies":"2 Louse","floor":3.0,"turns":1.0},{"damage":0.0,"enemies":"Gremlin Nob","floor":7.0,"turns":1.0},{"damage":0.0,"enemies":"Jaw Worm","floor":11.0,"turns":4.0},{"damage":12.0,"enemies":"Large Slime","floor":12.0,"turns":6.0},{"damage":0.0,"enemies":"Blue Slaver","floor":13.0,"turns":6.0},{"damage":1.0,"enemies":"Exordium Thugs","floor":14.0,"turns":4.0},{"damage":34,"enemies":"Hexaghost","floor":16,"turns":8},{"damage":17,"enemies":"2 Thieves","floor":18,"turns":2}],"seed_played":"-1364365015083851106","potions_obtained":[{"floor":1.0,"key":"Dexterity Potion"},{"floor":11.0,"key":"DistilledChaos"},{"floor":12.0,"key":"FearPotion"},{"floor":14.0,"key":"LiquidMemories"},{"floor":16,"key":"GamblersBrew"}],"is_trial":false,"path_per_floor":["M","?","M","?","$","R","E","$","T","?","M","M","M","M","R","B",null,"M"],"character_chosen":"IRONCLAD","items_purchased":[],"campfire_rested":0,"item_purchase_floors":[],"current_hp_per_floor":[80,80,80,73,73,73,79,79,79,84,85,79,85,85,85,57,85,68,68],"gold":122,"neow_bonus":"THREE_ENEMY_KILL","is_daily":false,"chose_seed":false,"campfire_upgraded":2,"win_rate":0.0,"timestamp":1610341989,"path_taken":["M","?","M","?","$","R","E","?","T","?","M","?","M","M","R","BOSS","M"],"items_purchased_type":[],"build_version":"2020-12-22","purchased_purges":1,"victory":false,"max_hp_per_floor":[80,80,80,80,80,80,80,80,80,85,85,85,85,85,85,85,85,85,85],"card_choices":[{"not_picked":["Power Through","Shrug It Off"],"picked":"Havoc","floor":1.0},{"not_picked":["Warcry","Wild Strike","Flex"],"picked":"SKIP","floor":3.0},{"not_picked":["Blood for Blood","Impervious","Havoc"],"picked":"SKIP","floor":7.0},{"not_picked":["Cleave","Shrug It Off"],"picked":"Feel No Pain","floor":11.0},{"not_picked":["Shrug It Off","Whirlwind"],"picked":"Armaments","floor":12.0},{"not_picked":["Heavy Blade","Combust","Juggernaut"],"picked":"SKIP","floor":13.0},{"not_picked":["Anger","Sever Soul"],"picked":"Body Slam","floor":14.0},{"not_picked":["Fiend Fire","Brutality"],"picked":"Exhume","floor":16}],"player_experience":12130,"relics_obtained":[{"floor":7.0,"key":"Dead Branch"},{"floor":9.0,"key":"White Beast Statue"}],"event_choices":[{"cards_removed":["Strike_R"],"damage_healed":0.0,"max_hp_gain":0.0,"max_hp_loss":0.0,"gold_gain":0.0,"event_name":"The Cleric","player_choice":"Card Removal","floor":2.0,"gold_loss":50.0,"damage_taken":0.0},{"cards_removed":["Strike_R"],"damage_healed":0.0,"max_hp_gain":0.0,"max_hp_loss":0.0,"gold_gain":0.0,"event_name":"Golden Wing","player_choice":"Card Removal","floor":4.0,"gold_loss":0.0,"damage_taken":7.0},{"damage_healed":0.0,"max_hp_gain":5.0,"max_hp_loss":0.0,"gold_gain":0.0,"event_name":"Big Fish","player_choice":"Donut","floor":10.0,"gold_loss":0.0,"damage_taken":0.0}],"is_beta":false,"boss_relics":[{"not_picked":["Astrolabe","Black Blood"],"picked":"Pandora\u0027s Box"}],"items_purged_floors":[5],"is_endless":false,"potions_floor_spawned":[1,11,12,13,14,16],"killed_by":"2 Thieves","ascension_level":2}}