{"host":"c97twqu0op5dg8i4","time":1610339761,"event":{"mods":["AchievementEnabler","BaseMod","Colored Map","Minty Spire (QoL Compilation)","Permanent Neow"],"gold_per_floor":[118,118,71,71,89,89,118,118,118,15,15,27,47,60,60,155,155,172,271,271,286,175,202,202,202],"floor_reached":24,"playtime":698,"items_purged":["Strike_R"],"score":243,"play_id":"67c49b38-7058-47be-bd9c-1a2ed8b9c2f6","local_time":"20210110233601","is_ascension_mode":true,"campfire_choices":[{"data":"Sever Soul","floor":6,"key":"SMITH"},{"data":"Evolve","floor":8,"key":"SMITH"},{"data":"True Grit","floor":11,"key":"SMITH"},{"data":"Sever Soul","floor":15,"key":"SMITH"}],"circlet_count":0,"master_deck":["Strike_R","Strike_R","Strike_R","Strike_R","Defend_R","Defend_R","Defend_R","Defend_R","Bash","Twin Strike","Wild Strike+1","Sever Soul+1","Evolve+1","True Grit+1","Shrug It Off","Sever Soul+1","Flex","Cleave","Inflame","Seeing Red"],"relics":["Burning Blood","Lantern","Centennial Puzzle","Gremlin Horn","Philosopher\u0027s Stone","Red Mask"],"acts_visited":["Exordium","TheCity"],"potions_floor_usage":[7,24,24,24],"damage_taken":[{"damage":13,"enemies":"Jaw Worm","floor":1,"turns":4},{"damage":12,"enemies":"Small Slimes","floor":5,"turns":2},{"damage":35,"enemies":"3 Sentries","floor":7,"turns":6},{"damage":6,"enemies":"2 Louse","floor":12,"turns":2},{"damage":2,"enemies":"Exordium Wildlife","floor":13,"turns":4},{"damage":0,"enemies":"Blue Slaver","floor":14,"turns":2},{"damage":30,"enemies":"Slime Boss","floor":16,"turns":6},{"damage":4,"enemies":"Chosen","floor":18,"turns":4},{"damage":7,"enemies":"Spheric Guardian","floor":21,"turns":3},{"damage":40,"enemies":"Masked Bandits","floor":23,"turns":4},{"damage":29,"enemies":"Book of Stabbing","floor":24,"turns":4}],"seed_played":"575895458848637944","potions_obtained":[{"floor":5,"key":"Regen Potion"},{"floor":7,"key":"BlessingOfTheForge"},{"floor":14,"key":"SteroidPotion"},{"floor":16,"key":"EssenceOfSteel"}],"is_trial":false,"path_per_floor":["M","?","$","?","M","R","E","R","T","$","R","M","M","M","R","B",null,"M","?","?","M","$","?","E"],"character_chosen":"IRONCLAD","items_purchased":["Wild Strike","True Grit","Shrug It Off","Seeing Red"],"campfire_rested":0,"item_purchase_floors":[3,10,10,22],"current_hp_per_floor":[73,73,73,73,67,67,50,50,50,50,50,50,54,60,60,36,69,71,71,71,70,70,36,7,7],"gold":202,"neow_bonus":"RANDOM_COMMON_RELIC","is_daily":false,"chose_seed":false,"campfire_upgraded":4,"win_rate":0.0,"timestamp":1610339761,"path_taken":["M","?","$","?","M","R","E","R","T","?","R","M","M","M","R","BOSS","M","?","?","?","$","?","E"],"items_purchased_type":["Card","Card","Card","Card"],"build_version":"2020-12-22","purchased_purges":1,"victory":false,"max_hp_per_floor":[80,80,80,80,80,80,80,80,80,80,80,80,80,80,80,80,80,80,80,80,80,80,80,80,80],"card_choices":[{"not_picked":["Body Slam","Wild Strike"],"picked":"Twin Strike","floor":1},{"not_picked":["Perfected Strike","Rage"],"picked":"Sever Soul","floor":5},{"not_picked":["Rupture","Reckless Charge"],"picked":"Evolve","floor":7},{"not_picked":["Iron Wave","Anger"],"picked":"Sever Soul","floor":12},{"not_picked":["Rupture","Heavy Blade"],"picked":"Flex","floor":13},{"not_picked":["Heavy Blade","Dual Wield"],"picked":"Cleave","floor":14},{"not_picked":["Ghostly Armor","Sword Boomerang"],"picked":"Inflame","floor":18},{"not_picked":["Havoc","Thunderclap","Wild Strike"],"picked":"SKIP","floor":21}],"player_experience":297420,"relics_obtained":[{"floor":7,"key":"Centennial Puzzle"},{"floor":9,"key":"Gremlin Horn"},{"floor":23,"key":"Red Mask"}],"event_choices":[{"damage_healed":0,"gold_gain":0,"player_choice":"Leave","damage_taken":0,"max_hp_gain":0,"max_hp_loss":0,"event_name":"The Cleric","floor":2,"gold_loss":0},{"damage_healed":0,"gold_gain":0,"player_choice":"Grow","damage_taken":0,"max_hp_gain":0,"max_hp_loss":0,"event_name":"Living Wall","floor":4,"gold_loss":0,"cards_upgraded":["Wild Strike"]},{"damage_healed":0,"gold_gain":99,"player_choice":"Stole From Cult","damage_taken":0,"max_hp_gain":0,"max_hp_loss":0,"event_name":"Nest","floor":19,"gold_loss":0},{"damage_healed":0,"gold_gain":0,"player_choice":"Ignored","damage_taken":0,"max_hp_gain":0,"max_hp_loss":0,"event_name":"Vampires","floor":20,"gold_loss":0},{"damage_healed":0,"gold_gain":0,"player_choice":"Fought Bandits","damage_taken":0,"max_hp_gain":0,"max_hp_loss":0,"event_name":"Masked Bandits","floor":23,"gold_loss":0}],"is_beta":false,"boss_relics":[{"not_picked":["Fusion Hammer","Busted Crown"],"picked":"Philosopher\u0027s Stone"}],"items_purged_floors":[22],"is_endless":false,"potions_floor_spawned":[5,7,14,16,23],"killed_by":"Book of Stabbing","ascension_level":5}}