{"host":"2lo6hma6kymb0g9i","time":1610385883,"event":{"mods":["BaseMod","Colored Map","DeckTracker","Minty Spire (QoL Compilation)"],"gold_per_floor":[116,116,135,135,155,155,3,3,3,29,29,45,62,78,78,78,78],"floor_reached":16,"playtime":758,"items_purged":[],"score":179,"play_id":"03b67ba2-bcce-44a5-8b57-eecc2fa8c543","local_time":"20210112022443","is_ascension_mode":true,"campfire_choices":[{"data":"Zap","floor":6,"key":"SMITH"},{"data":"Rebound","floor":8,"key":"SMITH"},{"floor":15,"key":"REST"}],"circlet_count":0,"master_deck":["AscendersBane","Strike_B","Defend_B","Defend_B","Defend_B","Zap+1","Dualcast","Rebound+1","Gash","Coolheaded","Defragment","Chill"],"relics":["Cracked Core","TheAbacus","Eternal Feather","DataDisk"],"acts_visited":["Exordium"],"potions_floor_usage":[10,13,16],"damage_taken":[{"damage":0,"enemies":"2 Louse","floor":1,"turns":2},{"damage":4,"enemies":"Small Slimes","floor":3,"turns":4},{"damage":1,"enemies":"Cultist","floor":5,"turns":3},{"damage":34,"enemies":"3 Sentries","floor":10,"turns":6},{"damage":0,"enemies":"3 Louse","floor":12,"turns":2},{"damage":0,"enemies":"Lots of Slimes","floor":13,"turns":2},{"damage":1,"enemies":"Exordium Thugs","floor":14,"turns":4},{"damage":36,"enemies":"Hexaghost","floor":16,"turns":10}],"seed_played":"-8771840900674435270","potions_obtained":[{"floor":1,"key":"LiquidBronze"},{"floor":3,"key":"PotionOfCapacity"},{"floor":10,"key":"LiquidMemories"},{"floor":11,"key":"Explosive Potion"}],"is_trial":false,"path_per_floor":["M","?","M","?","M","R","$","R","T","E","?","M","M","M","R","B"],"character_chosen":"DEFECT","items_purchased":["TheAbacus"],"campfire_rested":1,"item_purchase_floors":[7],"current_hp_per_floor":[46,46,42,42,41,41,41,41,41,7,7,7,7,6,33,0,0],"gold":78,"neow_bonus":"REMOVE_TWO","is_daily":false,"chose_seed":false,"campfire_upgraded":2,"win_rate":0.0,"timestamp":1610385883,"path_taken":["M","?","M","?","?","R","$","R","T","E","?","M","M","?","R","BOSS"],"items_purchased_type":["Relic"],"build_version":"2020-12-22","purchased_purges":0,"victory":false,"max_hp_per_floor":[71,71,71,71,71,71,71,71,71,71,71,71,71,71,71,71,71],"card_choices":[{"not_picked":["Blizzard","Ball Lightning","Turbo"],"picked":"SKIP","floor":1},{"not_picked":["Rebound","Scrape","Ball Lightning"],"picked":"SKIP","floor":3},{"not_picked":["Consume","Rebound"],"picked":"Gash","floor":5},{"not_picked":["Skim","Recycle"],"picked":"Coolheaded","floor":10},{"not_picked":["Sweeping Beam","Cold Snap"],"picked":"Defragment","floor":12},{"not_picked":["Stack","Steam"],"picked":"Chill","floor":13},{"not_picked":["Conserve Battery","Darkness","Hologram"],"picked":"SKIP","floor":14}],"player_experience":1036206,"relics_obtained":[{"floor":9,"key":"Eternal Feather"},{"floor":10,"key":"DataDisk"}],"event_choices":[{"damage_healed":0,"gold_gain":0,"cards_transformed":["Strike_B"],"player_choice":"Change","damage_taken":0,"max_hp_gain":0,"max_hp_loss":0,"event_name":"Living Wall","floor":2,"gold_loss":0,"cards_obtained":["Rebound"]},{"cards_removed":["Defend_B"],"damage_healed":0,"gold_gain":0,"player_choice":"Offered Basic","damage_taken":0,"max_hp_gain":0,"max_hp_loss":0,"event_name":"Bonfire Elementals","floor":4,"gold_loss":0},{"damage_healed":0,"gold_gain":0,"player_choice":"Got Potions","damage_taken":0,"max_hp_gain":0,"max_hp_loss":0,"event_name":"Lab","floor":11,"gold_loss":0}],"is_beta":false,"boss_relics":[],"items_purged_floors":[],"is_endless":false,"potions_floor_spawned":[1,3,10],"killed_by":"Hexaghost","ascension_level":15}}