{"host":"msa0wxqjs3jv1k3j","time":1610372215,"event":{"mods":["AchievementEnabler","BaseMod","BetterRewards","Colored Map","Highlight Path","KOR Keyword Fix","Keyboard Shortcuts","Minty Spire (QoL Compilation)","Quick Restart","SuperFastMode","everything is the same but u backflip on backflip"],"gold_per_floor":[114,289,8,8,8,37,51,51,51,51,51,63,96,109,109,214,214,227,227,237,251,251,251,151,151,151,163,191,229,97,110,110,110,110],"floor_reached":33,"playtime":1217,"items_purged":["Doubt","Strike_P"],"score":273,"play_id":"a1816e6f-ce14-4990-81bb-27a0f76b99d5","local_time":"20210111223655","is_ascension_mode":false,"campfire_choices":[{"data":"Eruption","floor":8.0,"key":"SMITH"},{"floor":10.0,"key":"REST"},{"data":"ClearTheMind","floor":15.0,"key":"SMITH"},{"data":"LikeWater","floor":23.0,"key":"SMITH"},{"floor":25.0,"key":"REST"},{"floor":32.0,"key":"REST"}],"circlet_count":0,"master_deck":["Strike_P","Strike_P","Defend_P","Defend_P","Defend_P","Eruption+1","Vigilance","BattleHymn","Prostrate","FlurryOfBlows","ClearTheMind+1","ClearTheMind","LikeWater+1","Devotion","Crescendo","Alpha","Worship","FlyingSleeves+1","Adaptation","Prostrate"],"relics":["PureWater","MealTicket","StoneCalendar","Question Card","Chemical X","Happy Flower","Torii","Matryoshka","Oddly Smooth Stone","Black Star","MawBank","WingedGreaves","Nunchaku","Potion Belt","PreservedInsect"],"acts_visited":["Exordium","TheCity"],"potions_floor_usage":[33],"damage_taken":[{"damage":6.0,"enemies":"Jaw Worm","floor":1.0,"turns":3.0},{"damage":39.0,"enemies":"Gremlin Nob","floor":6.0,"turns":5.0},{"damage":1.0,"enemies":"Small Slimes","floor":7.0,"turns":3.0},{"damage":6.0,"enemies":"Cultist","floor":12.0,"turns":3.0},{"damage":9.0,"enemies":"3 Sentries","floor":13.0,"turns":7.0},{"damage":1.0,"enemies":"Blue Slaver","floor":14.0,"turns":5.0},{"damage":42.0,"enemies":"The Guardian","floor":16.0,"turns":7.0},{"damage":16.0,"enemies":"Chosen","floor":18.0,"turns":6.0},{"damage":29.0,"enemies":"3 Byrds","floor":20.0,"turns":4.0},{"damage":25.0,"enemies":"3 Cultists","floor":21.0,"turns":5.0},{"damage":22.0,"enemies":"Sentry and Sphere","floor":28.0,"turns":6.0},{"damage":30.0,"enemies":"Book of Stabbing","floor":29.0,"turns":7.0},{"damage":11.0,"enemies":"Snecko","floor":31.0,"turns":5.0},{"damage":78,"enemies":"Collector","floor":33,"turns":5}],"seed_played":"-4099088866772471371","potions_obtained":[{"floor":12.0,"key":"Swift Potion"},{"floor":13.0,"key":"Fire Potion"},{"floor":14.0,"key":"BottledMiracle"},{"floor":18.0,"key":"Swift Potion"},{"floor":20.0,"key":"LiquidMemories"},{"floor":31.0,"key":"LiquidBronze"}],"is_trial":false,"path_per_floor":["M","?","$","?","?","E","M","R","T","R","$","M","E","M","R","B",null,"M","?","M","M","?","R","$","R","T","$","M","E","$","M","R","B"],"character_chosen":"WATCHER","items_purchased":["MealTicket","Question Card","Chemical X","BattleHymn","Prostrate","FlurryOfBlows","Happy Flower","ClearTheMind","PreservedInsect"],"campfire_rested":3,"item_purchase_floors":[0,0,0,0,0,0,3,3,30],"current_hp_per_floor":[66,66,72,77,70,31,30,30,30,53,68,62,53,52,52,10,77,61,61,32,7,7,7,22,45,45,60,38,8,23,12,35,0,0],"gold":110,"neow_bonus":"","is_daily":false,"chose_seed":false,"campfire_upgraded":3,"win_rate":0.0,"timestamp":1610372215,"path_taken":["M","?","$","?","?","E","?","R","T","R","$","M","E","M","R","BOSS","M","?","?","M","?","R","?","R","T","$","?","E","?","M","R","BOSS"],"items_purchased_type":["Relic","Relic","Relic","Card","Card","Card","Relic","Card","Relic"],"build_version":"2020-12-22","purchased_purges":2,"victory":false,"max_hp_per_floor":[72,72,72,77,77,77,77,77,77,77,77,77,77,77,77,77,77,77,77,77,77,77,77,77,77,77,77,77,77,77,77,77,77,77],"card_choices":[{"not_picked":["Worship","CrushJoints","WreathOfFlame"],"picked":"ClearTheMind","floor":1.0},{"not_picked":["Protect","CrushJoints","DeceiveReality","Evaluate"],"picked":"SKIP","floor":6.0},{"not_picked":["Vengeance","DeceiveReality","CutThroughFate","ForeignInfluence"],"picked":"SKIP","floor":7.0},{"not_picked":["WreathOfFlame","CutThroughFate","FollowUp"],"picked":"LikeWater","floor":12.0},{"not_picked":["WheelKick","Omniscience","Vengeance"],"picked":"Devotion","floor":13.0},{"not_picked":["Evaluate","SignatureMove","ClearTheMind"],"picked":"Crescendo","floor":14.0},{"not_picked":["Devotion","ConjureBlade","Scrawl"],"picked":"Alpha","floor":16.0},{"not_picked":["EmptyMind","SashWhip","PathToVictory+1","FlyingSleeves"],"picked":"SKIP","floor":18.0},{"not_picked":["Evaluate+1","Tantrum+1","Swivel"],"picked":"FlyingSleeves+1","floor":20.0},{"not_picked":["CutThroughFate","JustLucky","ClearTheMind+1"],"picked":"Adaptation","floor":21.0},{"not_picked":["ThirdEye","FlurryOfBlows","Weave"],"picked":"Prostrate","floor":28.0},{"not_picked":["BowlingBash","WindmillStrike","Protect","Study"],"picked":"SKIP","floor":29.0},{"not_picked":["ThirdEye","EmptyFist","Indignation","Meditate+1"],"picked":"SKIP","floor":31.0}],"player_experience":81905,"relics_obtained":[{"floor":6.0,"key":"Torii"},{"floor":9.0,"key":"Matryoshka"},{"floor":13.0,"key":"Oddly Smooth Stone"},{"floor":26.0,"key":"MawBank"},{"floor":26.0,"key":"WingedGreaves"},{"floor":29.0,"key":"Nunchaku"},{"floor":29.0,"key":"Potion Belt"}],"event_choices":[{"damage_healed":0.0,"max_hp_gain":0.0,"max_hp_loss":0.0,"gold_gain":175.0,"event_name":"Liars Game","player_choice":"AGREE","floor":2.0,"gold_loss":0.0,"damage_taken":0.0,"cards_obtained":["Doubt"]},{"damage_healed":0.0,"max_hp_gain":5.0,"max_hp_loss":0.0,"gold_gain":0.0,"event_name":"Big Fish","player_choice":"Donut","floor":4.0,"gold_loss":0.0,"damage_taken":0.0},{"damage_healed":0.0,"max_hp_gain":0.0,"max_hp_loss":0.0,"gold_gain":0.0,"event_name":"Wheel of Change","player_choice":"Damaged","floor":5.0,"gold_loss":0.0,"damage_taken":7.0},{"damage_healed":0.0,"max_hp_gain":0.0,"max_hp_loss":0.0,"gold_gain":0.0,"cards_transformed":["Defend_P"],"event_name":"Transmorgrifier","player_choice":"Transformed","floor":19.0,"gold_loss":0.0,"damage_taken":0.0,"cards_obtained":["Worship"]},{"cards_removed":["Strike_P"],"damage_healed":0.0,"max_hp_gain":0.0,"max_hp_loss":0.0,"gold_gain":0.0,"event_name":"Purifier","player_choice":"Purged","floor":22.0,"gold_loss":0.0,"damage_taken":0.0}],"is_beta":false,"boss_relics":[{"not_picked":["Runic Dome","SacredBark"],"picked":"Black Star"}],"items_purged_floors":[3,24],"is_endless":false,"potions_floor_spawned":[12,13,14,18,20,31],"killed_by":"Collector","ascension_level":0}}