{"host":"amnup8uv961nil3y","time":1610407979,"event":{"mods":["Act Like it!","Aspiration","BaseMod","Bestiary","Better Altar","Better Match","Better Sensory Stone","Better Synergies","Better Third Choice","Block Reminder","Challenge The Spire","Colored Map","Colored Powertips","Colorless Booster Pack","Conspire","DeckTracker","Disable Question Mark Monsters","Elementarium","Energized Spire","Evolution","GifTheSpireLib","Halation","HexUI Lib","Highlight Path","Hubris","Infinite Spire","Lotus Mark","Menagerie","Minty Spire (QoL Compilation)","Pale of the Ancients","Potion Indicator Mod","Quarter Circle Forward PUNCH!","Relic Stats","Replay The Spire","Reworked Bosses","Shop Mod","Small Relic Pack","Spicy Shops","Spikes Relics","StSLib","Stuff the Spire","Swap Starting Deck Mod","Trackpad","Useless Jewels Mod","Wandering Minibosses","vexMod"],"gold_per_floor":[109,109,109,126,143,170,170,201,201,219,244,22,41,73,73,169,169,182,182,92,14,29,60,60,89,138,170,190,222,234,252,252,354,354,374,22,22,62,78,110,128,128,199,42,42,62,81,111,111,111],"floor_reached":51,"playtime":6211,"items_purged":["Strike_G","Strike_G","Strike_G"],"score":1281,"play_id":"67947c90-c2af-4293-8fe3-92ee1a900ca8","local_time":"20210111233259","is_ascension_mode":true,"campfire_choices":[{"data":"Infinite Blades","floor":7.0,"key":"SMITH"},{"data":"Neutralize","floor":15.0,"key":"SMITH"},{"floor":24.0,"key":"REST"},{"floor":32.0,"key":"REST"},{"floor":42,"key":"REST"},{"data":"StuffTheSpire:Incantation","floor":49,"key":"SMITH"}],"circlet_count":0,"master_deck":["Defend_G+1","Defend_G","Defend_G","Defend_G","Defend_G","Survivor","Neutralize+1","Blade Dance","Sneak Up","Infinite Blades+1","Malaise","Terror","StuffTheSpire:Injection+1","Fluid Movement+1","Infinite Blades+1","conspire:DoublingDagger","Cloak And Dagger","Tools of the Trade+1","Deflect+1","Replay:Fractal Strike+1","ReplayTheSpireMod:Scrap Shanks+1","Backflip","Outmaneuver","StuffTheSpire:Incantation+1","Deflect+1","Slice+1","Distraction","A Thousand Cuts+1","AbeCurse","Backstab+1","Infinite Blades+1","Masterful Stab+1","Prepared+1","Dagger Throw+1","Quick Slash+1","Sucker Punch+1","Blade Dance","Escape Plan+1","StuffTheSpire:Sprint+1"],"relics":["Ring of the Snake","EVO:Axolotl","halation:PinkSoulGem","Frozen Egg 2","qcfpunch:Red_Beret","Molten Egg 2","StuffTheSpire:Tea","Paper Crane","BicycleWheel","Regal Pillow","halation:KoshaPiece","qcfpunch:Army_Boots","Boot","vexMod:FocusSash","Abe\u0027s Treasure","MerchantsRug","Pantograph","Kunai","infinitespire:ShieldingShard","infinitespire:Lucky Rock"],"acts_visited":["Exordium","TheCity","TheBeyond"],"potions_floor_usage":[39,50],"damage_taken":[{"damage":0.0,"enemies":"conspire:RoseBush","floor":1.0,"turns":6.0},{"damage":0.0,"enemies":"2 Louse","floor":4.0,"turns":2.0},{"damage":0.0,"enemies":"Cultist","floor":5.0,"turns":4.0},{"damage":5.0,"enemies":"Replay:BlueRogue","floor":6.0,"turns":9.0},{"damage":10.0,"enemies":"Lagavulin","floor":8.0,"turns":10.0},{"damage":0.0,"enemies":"3 Louse","floor":10.0,"turns":4.0},{"damage":15.0,"enemies":"3 Sentries","floor":11.0,"turns":9.0},{"damage":1.0,"enemies":"Exordium Thugs","floor":13.0,"turns":3.0},{"damage":10.0,"enemies":"Lagavulin","floor":14.0,"turns":4.0},{"damage":8.0,"enemies":"Slime Boss","floor":16.0,"turns":12.0},{"damage":13.0,"enemies":"Spheric Guardian","floor":18.0,"turns":4.0},{"damage":16.0,"enemies":"conspire:FuzzyDice","floor":22.0,"turns":4.0},{"damage":0.0,"enemies":"Nightmare","floor":23.0,"turns":6.0},{"damage":2.0,"enemies":"conspire:Head Lice","floor":25.0,"turns":7.0},{"damage":11.0,"enemies":"Gremlin Leader","floor":27.0,"turns":5.0},{"damage":12.0,"enemies":"Sentry and Sphere","floor":28.0,"turns":5.0},{"damage":6.0,"enemies":"conspire:Head Lice","floor":29.0,"turns":6.0},{"damage":4.0,"enemies":"Cultist and Chosen","floor":30.0,"turns":6.0},{"damage":0.0,"enemies":"Centurion and Healer","floor":31.0,"turns":2.0},{"damage":0.0,"enemies":"bossMod:newChamp","floor":33.0,"turns":6.0},{"damage":5.0,"enemies":"Orb Walker","floor":35.0,"turns":4.0},{"damage":10.0,"enemies":"conspire:MimicChest","floor":38.0,"turns":5.0},{"damage":16,"enemies":"3 Darklings","floor":39,"turns":5},{"damage":42,"enemies":"Reptomancer","floor":40,"turns":5},{"damage":2,"enemies":"4 Shapes","floor":41,"turns":4},{"damage":0,"enemies":"Maw","floor":46,"turns":5},{"damage":0,"enemies":"3 Darklings","floor":47,"turns":4},{"damage":0,"enemies":"Giant Head","floor":48,"turns":5},{"damage":0,"enemies":"bossMod:newAwakened","floor":50,"turns":7}],"seed_played":"-7569458695842966756","potions_obtained":[{"floor":1.0,"key":"Energy Potion"},{"floor":10.0,"key":"Energy Potion"},{"floor":11.0,"key":"Venom Potion"},{"floor":13.0,"key":"DuplicationPotion"},{"floor":16.0,"key":"GamblersBrew"},{"floor":22.0,"key":"ColorlessPotion"},{"floor":28.0,"key":"Explosive Potion"},{"floor":30.0,"key":"Poison Potion"},{"floor":31.0,"key":"FearPotion"},{"floor":33.0,"key":"Reflective Coating"},{"floor":38.0,"key":"infinitespire:BlackPotion"},{"floor":41,"key":"AttackPotion"},{"floor":47,"key":"GhostInAJar"}],"is_trial":false,"path_per_floor":["M","?","?","M","M","E","R","E","T","M","E","$","M","E","R","B",null,"M","AVR","?","$","M","NM","R","E","T","E","M","E","M","M","R","B",null,"M","$","?","?","M","E","M","R","T","$","?","M","M","E","R_BF","B",null],"character_chosen":"THE_SILENT","items_purchased":["Fluid Movement+1","DollysMirror","ReplayTheSpireMod:Scrap Shanks+1","MerchantsRug","Infinite Blades+1","Masterful Stab+1","Blade Dance","infinitespire:ShieldingShard"],"campfire_rested":3,"item_purchase_floors":[12,12,21,36,36,36,44,44],"current_hp_per_floor":[77,77,77,77,77,72,72,62,62,62,47,47,46,36,36,28,65,52,52,52,52,36,36,74,72,72,61,49,43,39,39,77,77,77,72,77,77,67,51,9,7,45,45,60,87,87,87,87,87,87],"gold":111,"neow_bonus":"TEN_PERCENT_HP_BONUS","is_daily":false,"chose_seed":false,"campfire_upgraded":3,"win_rate":0.0,"timestamp":1610407979,"path_taken":["M","?","?","?","M","E","R","E","T","M","E","$","M","E","R","BOSS","M","AVR","?","?","M","NM","R","E","T","E","M","E","?","M","R","BOSS","M","$","?","?","?","E","M","R","T","$","?","?","M","E","R_BF","BOSS"],"items_purchased_type":["Card","Relic","Card","Relic","Card","Card","Card","Relic"],"build_version":"2020-12-22","purchased_purges":3,"victory":true,"max_hp_per_floor":[77,77,77,77,77,77,77,77,77,77,77,77,77,77,77,77,77,77,77,77,77,77,77,77,77,77,77,77,77,77,77,77,77,77,77,77,77,77,77,77,77,77,77,77,87,87,87,87,87,87],"relic_stats":{"Regal Pillow":45,"counters":[29,158],"Pantograph":0,"Kunai":[38],"Boot":[28],"obtain_stats":[{"qcfpunch:Army_Boots":25,"MerchantsRug":36,"Regal Pillow":19,"EVO:Axolotl":0,"qcfpunch:Red_Beret":8,"vexMod:FocusSash":29,"infinitespire:Lucky Rock":48,"Frozen Egg 2":6,"Paper Crane":14,"Boot":26,"hubris:Backtick":17,"infinitespire:ShieldingShard":44,"DollysMirror":12,"Pantograph":38,"vexMod:HeadHunter":40,"Molten Egg 2":9,"MealTicket":27,"halation:KoshaPiece":23,"Kunai":43,"halation:PinkSoulGem":2,"BicycleWheel":17,"Abe\u0027s Treasure":34,"Ring of the Snake":0,"StuffTheSpire:Tea":11},{"qcfpunch:Army_Boots":14,"MerchantsRug":21,"Regal Pillow":11,"EVO:Axolotl":0,"qcfpunch:Red_Beret":5,"vexMod:FocusSash":17,"infinitespire:Lucky Rock":28,"Frozen Egg 2":4,"Paper Crane":9,"Boot":14,"hubris:Backtick":10,"infinitespire:ShieldingShard":25,"DollysMirror":7,"Pantograph":22,"vexMod:HeadHunter":24,"Molten Egg 2":5,"MealTicket":15,"halation:KoshaPiece":13,"Kunai":25,"halation:PinkSoulGem":1,"BicycleWheel":10,"Abe\u0027s Treasure":20,"Ring of the Snake":0,"StuffTheSpire:Tea":7},{"qcfpunch:Army_Boots":84,"MerchantsRug":118,"Regal Pillow":67,"EVO:Axolotl":0,"qcfpunch:Red_Beret":31,"vexMod:FocusSash":100,"infinitespire:Lucky Rock":151,"Frozen Egg 2":21,"Paper Crane":51,"Boot":84,"hubris:Backtick":63,"infinitespire:ShieldingShard":137,"DollysMirror":44,"Pantograph":123,"vexMod:HeadHunter":133,"Molten Egg 2":31,"MealTicket":89,"halation:KoshaPiece":77,"Kunai":137,"halation:PinkSoulGem":6,"BicycleWheel":63,"Abe\u0027s Treasure":114,"Ring of the Snake":0,"StuffTheSpire:Tea":44}],"Ring of the Snake":[58]},"card_choices":[{"not_picked":["StuffTheSpire:BumpUp","Deadly Poison"],"picked":"Blade Dance","floor":1.0},{"not_picked":["Deadly Poison","Escape Plan"],"picked":"Sneak Up","floor":4.0},{"not_picked":["StuffTheSpire:ClusterCrunch","StuffTheSpire:Injection"],"picked":"Infinite Blades","floor":5.0},{"not_picked":["Prepared","Dash"],"picked":"Malaise","floor":6.0},{"not_picked":["Riddle With Holes","Replay:Poison Smokescreen"],"picked":"Terror","floor":8.0},{"not_picked":["Flechettes+1","Terror"],"picked":"StuffTheSpire:Injection+1","floor":10.0},{"not_picked":["Outmaneuver","ReplayTheSpireMod:Necrosis","lotusMarks:SeasonOfFire+1"],"picked":"SKIP","floor":11.0},{"not_picked":["Underhanded Strike+1","hubris:SlightOfHand"],"picked":"conspire:DoublingDagger","floor":13.0},{"not_picked":["StuffTheSpire:Repulse","StuffTheSpire:BrimstoneBlast+1"],"picked":"Cloak And Dagger","floor":14.0},{"not_picked":["Grand Finale+1","aspiration:Lunge+1"],"picked":"Tools of the Trade+1","floor":16.0},{"not_picked":["Acrobatics","Reflex"],"picked":"Deflect+1","floor":18.0},{"not_picked":["Underhanded Strike+1","Tactician+1"],"picked":"Backflip","floor":22.0},{"not_picked":["StuffTheSpire:ClusterCrunch+1","Quick Slash+1"],"picked":"Outmaneuver","floor":23.0},{"not_picked":["ReplayTheSpireMod:The Works","Choke+1"],"picked":"StuffTheSpire:Incantation","floor":25.0},{"not_picked":["Reflex","Prepared"],"picked":"Deflect+1","floor":27.0},{"not_picked":["StuffTheSpire:Injection+1","InfectiousVector","StuffTheSpire:ClusterCrunch+1"],"picked":"SKIP","floor":28.0},{"not_picked":["Deadly Poison+1","Leg Sweep"],"picked":"Doppelganger","floor":29.0},{"not_picked":["Acrobatics+1","lotusMarks:LotusSlash+1"],"picked":"Slice+1","floor":30.0},{"not_picked":["lotusMarks:Mark","StuffTheSpire:ClusterCrunch+1"],"picked":"Distraction","floor":31.0},{"not_picked":["Grand Finale+1","Envenom+1"],"picked":"A Thousand Cuts+1","floor":33.0},{"not_picked":["Terror","lotusMarks:SeasonOfFire+1"],"picked":"Backstab+1","floor":35.0},{"not_picked":["Dagger Spray+1","StuffTheSpire:BumpUp+1"],"picked":"Prepared+1","floor":38.0},{"not_picked":["Bouncing Flask","Sucker Punch+1"],"picked":"Dagger Throw+1","floor":39},{"not_picked":["Deadly Poison","Grand Finale+1"],"picked":"Quick Slash+1","floor":40},{"not_picked":["Bane+1","Flying Knee+1"],"picked":"Sucker Punch+1","floor":41},{"not_picked":["InfectiousVector+1","conspire:DoublingDagger"],"picked":"Escape Plan+1","floor":46},{"not_picked":["Poisoned Stab+1","StuffTheSpire:Python+1"],"picked":"StuffTheSpire:Sprint+1","floor":47},{"not_picked":["StuffTheSpire:Python+1","Dodge and Roll","lotusMarks:Mark+1"],"picked":"SKIP","floor":48}],"player_experience":300430,"relics_obtained":[{"floor":6.0,"key":"Frozen Egg 2"},{"floor":8.0,"key":"qcfpunch:Red_Beret"},{"floor":9.0,"key":"Molten Egg 2"},{"floor":11.0,"key":"StuffTheSpire:Tea"},{"floor":14.0,"key":"Paper Crane"},{"floor":23.0,"key":"halation:KoshaPiece"},{"floor":25.0,"key":"qcfpunch:Army_Boots"},{"floor":26.0,"key":"Boot"},{"floor":27.0,"key":"MealTicket"},{"floor":29.0,"key":"vexMod:FocusSash"},{"floor":38.0,"key":"Pantograph"},{"floor":40,"key":"vexMod:HeadHunter"},{"floor":43,"key":"Kunai"},{"floor":48,"key":"infinitespire:Lucky Rock"}],"event_choices":[{"damage_healed":0.0,"max_hp_gain":0.0,"max_hp_loss":0.0,"gold_gain":0.0,"cards_transformed":["Strike_G"],"event_name":"Transmorgrifier","player_choice":"Transformed","floor":3.0,"gold_loss":0.0,"damage_taken":0.0,"cards_obtained":["Backflip"]},{"cards_removed":["Strike_G"],"damage_healed":0.0,"max_hp_gain":0.0,"max_hp_loss":0.0,"gold_gain":0.0,"event_name":"Designer","player_choice":"Upgrade and Remove","floor":20.0,"gold_loss":90.0,"damage_taken":0.0,"cards_upgraded":["Defend_G"]},{"cards_removed":["Backflip"],"damage_healed":0.0,"max_hp_gain":0.0,"max_hp_loss":0.0,"gold_gain":0.0,"event_name":"Falling","player_choice":"Removed Skill","floor":37.0,"gold_loss":0.0,"damage_taken":0.0},{"cards_removed":["Doppelganger"],"damage_healed":17,"gold_gain":0,"player_choice":"Offered Rare","damage_taken":0,"max_hp_gain":10,"max_hp_loss":0,"event_name":"Bonfire Elementals","floor":45,"gold_loss":0}],"is_beta":false,"boss_relics":[{"not_picked":["halation:PinkAlligatorPlush","ChewingGum"],"picked":"hubris:Backtick"},{"not_picked":["energizedSpire:NeverEndingSparkler","Runic Pyramid"],"picked":"Abe\u0027s Treasure"}],"items_purged_floors":[19,36,36],"is_endless":false,"potions_floor_spawned":[1,10,11,13,16,22,28,30,31,33,38,41,47],"ascension_level":5}}