{"host":"6azrrw3tf7wb0f4b","time":1610363604,"event":{"mods":["BaseMod","DeckTracker","Minty Spire (QoL Compilation)","SuperFastMode"],"gold_per_floor":[115,20,20,35,49,80,95,20,20,20,43,61,61,75,75,75,75],"floor_reached":16,"playtime":366,"items_purged":["Strike_P"],"score":170,"play_id":"37ce6eaa-e1e1-4135-9811-595970d77881","local_time":"20210111201324","is_ascension_mode":true,"campfire_choices":[{"data":"Eruption","floor":15,"key":"SMITH"}],"circlet_count":0,"master_deck":["AscendersBane","Strike_P","Strike_P","Defend_P","Defend_P","Defend_P","Eruption+1","Vigilance","Worship","FearNoEvil","Protect","FlurryOfBlows","CrushJoints"],"relics":["PureWater","Golden Idol","Calipers","Letter Opener"],"acts_visited":["Exordium"],"potions_floor_usage":[16],"damage_taken":[{"damage":2.0,"enemies":"Cultist","floor":1.0,"turns":4.0},{"damage":3.0,"enemies":"Small Slimes","floor":4.0,"turns":3.0},{"damage":12.0,"enemies":"Jaw Worm","floor":5.0,"turns":4.0},{"damage":25.0,"enemies":"3 Sentries","floor":6.0,"turns":9.0},{"damage":0.0,"enemies":"Large Slime","floor":7.0,"turns":5.0},{"damage":5.0,"enemies":"Red Slaver","floor":11.0,"turns":3.0},{"damage":5.0,"enemies":"2 Fungi Beasts","floor":12.0,"turns":4.0},{"damage":0.0,"enemies":"Gremlin Gang","floor":13.0,"turns":2.0},{"damage":0,"enemies":"Large Slime","floor":14,"turns":4},{"damage":14,"enemies":"Hexaghost","floor":16,"turns":8}],"seed_played":"-3279303784869155501","potions_obtained":[{"floor":5.0,"key":"FearPotion"},{"floor":11.0,"key":"SmokeBomb"}],"is_trial":false,"path_per_floor":["M","$","?","M","M","E","M","$","T","?","M","M","M","M","R","B"],"character_chosen":"WATCHER","items_purchased":["FearNoEvil","Protect"],"campfire_rested":0,"item_purchase_floors":[2,2],"current_hp_per_floor":[63,63,63,60,48,23,23,23,23,23,18,13,13,13,13,0,0],"gold":75,"neow_bonus":"REMOVE_CARD","is_daily":false,"chose_seed":false,"campfire_upgraded":1,"win_rate":0.0,"timestamp":1610363604,"path_taken":["M","?","?","M","M","E","M","?","T","?","M","M","?","M","R","BOSS"],"items_purchased_type":["Card","Card"],"build_version":"2020-12-22","purchased_purges":1,"victory":false,"max_hp_per_floor":[72,72,67,67,67,67,67,67,67,67,67,67,67,67,67,67,67],"card_choices":[{"not_picked":["BowlingBash","Indignation"],"picked":"Worship","floor":1.0},{"not_picked":["FlyingSleeves","PathToVictory","CutThroughFate"],"picked":"SKIP","floor":4.0},{"not_picked":["Consecrate","Weave"],"picked":"FlurryOfBlows","floor":5.0},{"not_picked":["FearNoEvil","EmptyFist","TalkToTheHand"],"picked":"SKIP","floor":6.0},{"not_picked":["FlyingSleeves","Evaluate","ThirdEye"],"picked":"SKIP","floor":7.0},{"not_picked":["FearNoEvil","Prostrate","CarveReality"],"picked":"SKIP","floor":11.0},{"not_picked":["CrushJoints","Brilliance","ClearTheMind"],"picked":"SKIP","floor":12.0},{"not_picked":["Nirvana","Perseverance","EmptyMind"],"picked":"SKIP","floor":14}],"player_experience":693053,"relics_obtained":[{"floor":6.0,"key":"Calipers"},{"floor":9.0,"key":"Letter Opener"}],"event_choices":[{"damage_healed":0.0,"max_hp_gain":0.0,"max_hp_loss":5.0,"gold_gain":0.0,"event_name":"Golden Idol","player_choice":"Lose Max HP","floor":3.0,"gold_loss":0.0,"damage_taken":0.0,"relics_obtained":["Golden Idol"]},{"damage_healed":0.0,"max_hp_gain":0.0,"max_hp_loss":0.0,"gold_gain":0.0,"cards_transformed":["Strike_P"],"event_name":"Transmorgrifier","player_choice":"Transformed","floor":10.0,"gold_loss":0.0,"damage_taken":0.0,"cards_obtained":["CrushJoints"]}],"is_beta":false,"boss_relics":[],"items_purged_floors":[8],"is_endless":false,"potions_floor_spawned":[5,11,12,13],"killed_by":"Hexaghost","ascension_level":12}}