{"host":"xu0zbcebhy6w9mdv","time":1610387065,"event":{"mods":["AchievementEnabler","Act Like it!","Aspiration","BaseMod","Better Match","Better Third Choice","BetterRewards","Colored Powertips","Downfall","Duelist Mod","Friendly Minions","Gensokyo","Hallownest","Hubris","Infinite Spire","Marisa????????","Minty Spire (QoL Compilation)","Potionbrewer","Quick Restart","READ ME - Guardian Mod","READ ME - Snecko Mod","Rare Cards Sparkle","Replay The Spire","Shop Mod","StSLib","The Animator","The Blackbeard","The Bug Knight","The Cursed","The Hierophant","The Necromancer","The Runesmith","The Servant 0.9.4"],"gold_per_floor":[145,156,3,3,21,21,41,74,74,36,63,78,78,107,107,184,184,200,200,200,200,216,216,216,243,243,256,283,311,337,368,380,408,420,504,516,540,316,327,337,353,353,373,373,373,373,405,405,422,438,438,438],"floor_reached":53,"playtime":2762,"items_purged":["Pain","theDuelist:CastleWalls"],"score":1826,"play_id":"e0926e42-87e8-49cd-8555-2c150912e4c2","local_time":"20210111124425","is_ascension_mode":true,"campfire_choices":[{"data":"theDuelist:KamionTimelord","floor":6,"key":"SMITH"},{"data":"theDuelist:ShallowGrave","floor":13,"key":"SMITH"},{"floor":15,"key":"REST"},{"data":"theDuelist:SuperSolarNutrient","floor":26,"key":"SMITH"},{"floor":34,"key":"REST"},{"floor":42,"key":"REST"},{"floor":46,"key":"REST"},{"floor":51,"key":"REST"}],"circlet_count":0,"master_deck":["theDuelist:GateGuardian+1","RitualDagger+1","theDuelist:Hayate","theDuelist:Eva","Sadistic Nature","theDuelist:DunamesDarkWitch+1","theDuelist:MonsterReborn","theDuelist:SuperSolarNutrient+1","theDuelist:OrbMetronome+1","theDuelist:KamionTimelord+1","theDuelist:HappyLover","theDuelist:SangaEarth+1","theDuelist:HappyLover","theDuelist:CastleWalls","theDuelist:ShallowGrave+1","animator:Curse_Greed","theDuelist:RainbowKuribohBasic","AscendersBane","theDuelist:RainbowNeos+1","theDuelist:Sparks","infinitespire:Collect","theDuelist:RainbowFlower+1","theDuelist:Sparks","infinitespire:Fortify","theDuelist:SummoningCurse"],"relics":["theDuelist:MillenniumPuzzle","theDuelist:CardPoolRelic","theDuelist:CardPoolBasicRelic","theDuelist:BoosterPackPoolRelic","theDuelist:CardPoolAddRelic","theDuelist:CardPoolMinusRelic","theDuelist:CardPoolSaveRelic","theDuelist:CardPoolOptionsRelic","Membership Card","theDuelist:BoosterBetterBoostersRelic","Bag of Marbles","Gremlin Food","WarpedTongs","HollowMod:PaleOreRelic","Another Sword","aspiration:HiddenCompartment","Odd Mushroom","ReplayTheSpireMod:SealedPack","aspiration:HatOfInfinitePower","aspiration:WatcherSkillbook","aspiration:TomeofQuesting","MawBank","hubris:GrandSneckoEye","aspiration:Nostalgia","Guardian:ModeShifter","Shuriken","infinitespire:Satchel","theDuelist:MillenniumRod"],"acts_visited":["Exordium","TheCity","TheBeyond"],"potions_floor_usage":[16],"damage_taken":[{"damage":0,"enemies":"Small Slimes","floor":1,"turns":2},{"damage":0,"enemies":"Cultist","floor":2,"turns":2},{"damage":0,"enemies":"Jaw Worm","floor":5,"turns":1},{"damage":0,"enemies":"2 Fungi Beasts","floor":7,"turns":3},{"damage":1,"enemies":"Lagavulin","floor":8,"turns":6},{"damage":0,"enemies":"Gremlin Nob","floor":11,"turns":4},{"damage":0,"enemies":"Blue Slaver","floor":12,"turns":2},{"damage":0,"enemies":"The Mushroom Lair","floor":14,"turns":3},{"damage":0,"enemies":"Fading Forest","floor":16,"turns":7},{"damage":0,"enemies":"2 Thieves","floor":18,"turns":3},{"damage":0,"enemies":"Spheric Guardian","floor":22,"turns":3},{"damage":0,"enemies":"theDuelist:KaibaA2","floor":25,"turns":3},{"damage":0,"enemies":"Snecko","floor":27,"turns":2},{"damage":47,"enemies":"Shelled Parasite and Fungi","floor":29,"turns":4},{"damage":0,"enemies":"3 Cultists","floor":30,"turns":4},{"damage":0,"enemies":"Centurion and Healer","floor":31,"turns":4},{"damage":0,"enemies":"Snecko","floor":33,"turns":2},{"damage":5,"enemies":"Collector","floor":35,"turns":5},{"damage":2,"enemies":"Orb Walker","floor":37,"turns":4},{"damage":12,"enemies":"3 Darklings","floor":39,"turns":2},{"damage":9,"enemies":"Spire Growth","floor":40,"turns":3},{"damage":0,"enemies":"Jaw Worm Horde","floor":41,"turns":2},{"damage":0,"enemies":"4 Shapes","floor":43,"turns":1},{"damage":0,"enemies":"Nightmare","floor":47,"turns":3},{"damage":0,"enemies":"Sphere and 2 Shapes","floor":49,"turns":4},{"damage":12,"enemies":"Spire Growth","floor":50,"turns":4},{"damage":0,"enemies":"hubris:GrandSnecko","floor":52,"turns":3}],"seed_played":"6194238628268204355","potions_obtained":[{"floor":2,"key":"Elixir"},{"floor":7,"key":"theDuelist:ReducerPotion"},{"floor":16,"key":"FearPotion"},{"floor":27,"key":"Elixir"}],"is_trial":false,"path_per_floor":["M","M","$","?","M","R","M","E","T","$","E","M","R","?","R","B",null,"M","AVR","PTL","PTL","M","?","$","E","R","M","T","M","M","M","?","M","R","B",null,"M","$","M","M","M","R","M","?","T","R","NM","?","M","M","R","B",null],"character_chosen":"THE_DUELIST","items_purchased":["Membership Card","theDuelist:BoosterBetterBoostersRelic","Bag of Marbles","Gremlin Food","theDuelist:SangaEarth+1","theDuelist:HappyLover","aspiration:Nostalgia","Sadistic Nature"],"campfire_rested":5,"item_purchase_floors":[0,0,0,3,3,3,38,38],"current_hp_per_floor":[63,63,63,63,63,63,63,62,62,62,62,62,62,62,70,70,70,70,70,70,70,70,64,64,64,64,64,64,17,17,17,17,17,38,33,61,59,59,47,38,38,59,59,59,59,70,70,70,70,58,70,70],"gold":438,"neow_bonus":"","is_daily":false,"chose_seed":false,"campfire_upgraded":3,"win_rate":0.0,"timestamp":1610387065,"path_taken":["M","M","$","?","M","R","M","E","T","?","E","M","R","?","R","BOSS","M","AVR","PTL","PTL","M","?","$","E","R","M","T","M","M","M","?","M","R","BOSS","M","$","M","M","M","R","M","?","T","R","NM","?","?","M","R","BOSS"],"items_purchased_type":["Relic","Relic","Relic","Relic","Card","Card","Relic","Card"],"build_version":"2020-12-22","purchased_purges":2,"victory":true,"max_hp_per_floor":[70,70,70,70,70,70,70,70,70,70,70,70,70,70,70,70,70,70,70,70,70,70,70,70,70,70,70,70,70,70,70,70,70,70,70,70,70,70,70,70,70,70,70,70,70,70,70,70,70,70,70,70],"card_choices":[{"not_picked":["theDuelist:HappyLover","theDuelist:Eva","theDuelist:RainbowMagician","theDuelist:RainbowDarkDragon"],"picked":"theDuelist:KamionTimelord","floor":1},{"not_picked":["theDuelist:ShadowVampire","theDuelist:VampireFraulein","theDuelist:VampireLord","theDuelist:VampireGenesis","theDuelist:PatricianDarkness"],"picked":"SKIP","floor":2},{"not_picked":["theDuelist:Sangan","theDuelist:GiantTrapHole","theDuelist:MagicHoleGolem","theDuelist:ChangeHeart","theDuelist:SphereKuriboh"],"picked":"SKIP","floor":5},{"not_picked":["theDuelist:GravityBlaster","theDuelist:DarkEnergy","theDuelist:IronCall","theDuelist:CardSafeReturn"],"picked":"theDuelist:ShallowGrave","floor":7},{"not_picked":["theDuelist:ZombieMammoth+1","theDuelist:ValkMagnet+1","theDuelist:GravityBlaster+1"],"picked":"SKIP","floor":8},{"not_picked":["theDuelist:WanderingKing","theDuelist:YamataDragon","theDuelist:VampireGenesis","theDuelist:WingedKuribohLv9","theDuelist:BlizzardThunderbird"],"picked":"SKIP","floor":11},{"not_picked":["theDuelist:RainbowNeos","theDuelist:IslandTurtle","theDuelist:CaveDragon","theDuelist:CurseDragon","theDuelist:BlizzardDefender"],"picked":"SKIP","floor":12},{"not_picked":["theDuelist:Metronome","theDuelist:SwordsRevealing","theDuelist:StardustDragon","theDuelist:RainbowMagician"],"picked":"theDuelist:GateGuardian","floor":16},{"not_picked":["infinitespire:SevenWalls","infinitespire:Fortify"],"picked":"infinitespire:Collect","floor":17},{"not_picked":["theDuelist:QueenDragunDjinn","theDuelist:VampireGrace"],"picked":"theDuelist:MonsterReborn","floor":17},{"not_picked":["theDuelist:DarkMasterZorc","theDuelist:SangaWater","theDuelist:WingedKuribohLv10","theDuelist:RainbowJar"],"picked":"theDuelist:OrbMetronome+1","floor":18},{"not_picked":["theDuelist:DarkMagician","theDuelist:CrystalRaigeki","theDuelist:BetaMagnet","theDuelist:IronCall","theDuelist:WhiteHowling"],"picked":"SKIP","floor":22},{"not_picked":["theDuelist:AlphaMagnet","theDuelist:Biofalcon","theDuelist:IslandTurtle","theDuelist:DarkEnergy"],"picked":"theDuelist:SuperSolarNutrient","floor":25},{"not_picked":["theDuelist:Lajinn","theDuelist:RainbowDragon","theDuelist:ShallowGrave","theDuelist:SuperSolarNutrient","theDuelist:CardSafeReturn"],"picked":"SKIP","floor":27},{"not_picked":["theDuelist:GoldenBlastJuggler","theDuelist:VampireGrace","theDuelist:SangaWater","theDuelist:StardustDragon","theDuelist:RainbowDarkDragon"],"picked":"SKIP","floor":29},{"not_picked":["theDuelist:TyrantWing","theDuelist:VioletCrystal","theDuelist:Yami+1","theDuelist:RainbowRuins","theDuelist:OniGamiCombo"],"picked":"SKIP","floor":30},{"not_picked":["theDuelist:SangaThunder","theDuelist:RevivalJam","theDuelist:ShadowVampire","theDuelist:SuperSolarNutrient","theDuelist:Biofalcon+1"],"picked":"SKIP","floor":31},{"not_picked":["theDuelist:ShadowVampire","theDuelist:VampireFraulein","theDuelist:VampireGrace","theDuelist:VampireGenesis","theDuelist:PatricianDarkness"],"picked":"SKIP","floor":33},{"not_picked":["theDuelist:Eva","theDuelist:MaleficRainbowDragon+1","theDuelist:RainbowMagician","theDuelist:KamionTimelord"],"picked":"theDuelist:HappyLover","floor":35},{"not_picked":["theDuelist:LightningDarts","theDuelist:WingedKuriboh","theDuelist:RedHeadedOni","theDuelist:StrayLambs","theDuelist:PurplePainOni"],"picked":"SKIP","floor":37},{"not_picked":["theDuelist:ZombieMammoth","theDuelist:Lajinn","theDuelist:CaveDragon","theDuelist:SuperancientDinobeast+1","theDuelist:BeastTalwar+1"],"picked":"SKIP","floor":39},{"not_picked":["theDuelist:RainbowFlower","theDuelist:Zombyra","theDuelist:BlizzardDefender","theDuelist:SuperancientDinobeast","theDuelist:RedHeadedOni"],"picked":"SKIP","floor":40},{"not_picked":["theDuelist:GravityBlaster+1","theDuelist:DarkEnergy","theDuelist:FluteSummoning+1","theDuelist:RainbowBridge+1","theDuelist:MonsterReborn"],"picked":"SKIP","floor":41},{"not_picked":["theDuelist:BeastTalwar","theDuelist:BabyDragon","theDuelist:GraydleSlimeJr","theDuelist:ShallowGrave+1","theDuelist:SummonedSkull+1"],"picked":"SKIP","floor":43},{"not_picked":["infinitespire:Collect","infinitespire:TheBestDefense"],"picked":"infinitespire:Fortify","floor":47},{"not_picked":["theDuelist:DunamesDarkWitch","theDuelist:HappyLover+1","theDuelist:Eva","theDuelist:RainbowDarkDragon","theDuelist:RainbowMagician"],"picked":"SKIP","floor":47},{"not_picked":["theDuelist:RainbowNeos","theDuelist:BetaMagnet","theDuelist:ZombieWarrior","theDuelist:BigWaveSmallWave+1","theDuelist:IronCall"],"picked":"SKIP","floor":49},{"not_picked":["theDuelist:Pumpking","theDuelist:RainbowNeos","theDuelist:Illusionist","theDuelist:BabyDragon","theDuelist:BlastAsmodian"],"picked":"SKIP","floor":50}],"player_experience":596772,"relics_obtained":[{"floor":8,"key":"HollowMod:PaleOreRelic"},{"floor":9,"key":"Another Sword"},{"floor":11,"key":"aspiration:HiddenCompartment"},{"floor":14,"key":"Odd Mushroom"},{"floor":25,"key":"aspiration:TomeofQuesting"},{"floor":28,"key":"MawBank"},{"floor":45,"key":"Shuriken"},{"floor":47,"key":"infinitespire:Satchel"}],"event_choices":[{"damage_healed":0,"gold_gain":0,"player_choice":"Rummage","damage_taken":0,"relics_obtained":["WarpedTongs"],"max_hp_gain":0,"max_hp_loss":0,"event_name":"Accursed Blacksmith","floor":4,"gold_loss":0,"cards_obtained":["Pain"]},{"damage_healed":0,"gold_gain":0,"player_choice":"Fought Mushrooms","damage_taken":0,"max_hp_gain":0,"max_hp_loss":0,"event_name":"Mushrooms","floor":14,"gold_loss":0},{"damage_healed":0,"gold_gain":0,"player_choice":"Dagger","damage_taken":6,"max_hp_gain":0,"max_hp_loss":0,"event_name":"betterThird:BetterNest","floor":23,"gold_loss":0,"cards_obtained":["RitualDagger"]},{"damage_healed":0,"gold_gain":0,"player_choice":"Ignored","damage_taken":0,"max_hp_gain":0,"max_hp_loss":0,"event_name":"Beggar","floor":32,"gold_loss":0},{"damage_healed":0,"gold_gain":0,"player_choice":"Leave","duelist":true,"damage_taken":0,"max_hp_gain":0,"max_hp_loss":0,"event_name":"Battle City","floor":44,"gold_loss":0},{"damage_healed":0,"gold_gain":0,"player_choice":"Took item - Received: Millennium Rod","duelist":true,"damage_taken":0,"max_hp_gain":0,"max_hp_loss":0,"event_name":"Millennium Items","floor":48,"gold_loss":0}],"is_beta":false,"boss_relics":[{"not_picked":["theDuelist:HauntedRelic","ReplayTheSpireMod:DimensionalGlitch"],"picked":"ReplayTheSpireMod:SealedPack"},{"not_picked":["Snecko Heart","Painkiller Herb"],"picked":"hubris:GrandSneckoEye"}],"items_purged_floors":[10,38],"is_endless":false,"potions_floor_spawned":[2,7,16,18,25,27,31,33,41,47,49],"ascension_level":19}}