{"host":"344lv32hnei0mdhu","time":1610355064,"event":{"mods":["Act Like it!","BaseMod","Better Match","Better Sensory Stone","Better Skull","Better Third Choice","Better Vampires","Colored Powertips","Highlight Path","Minty Spire (QoL Compilation)","Quick Restart","Random Character Button","Rare Cards Sparkle","StSLib"],"gold_per_floor":[114,38,38,38,213,257,20,45,45,63,94,94,94,117,117,248,248,262,287,287,305,60,60,60,60],"floor_reached":24,"playtime":660,"items_purged":["Doubt","Injury"],"score":344,"play_id":"2252d151-53e8-455e-b7a8-63fb4b1da0d2","local_time":"20210111025104","is_ascension_mode":true,"campfire_choices":[{"data":"Ragnarok","floor":12,"key":"SMITH"},{"floor":15,"key":"REST"},{"floor":23,"key":"REST"}],"circlet_count":0,"master_deck":["AscendersBane","Eruption","Vigilance","ForeignInfluence","Prostrate","Ragnarok+1","WheelKick","WaveOfTheHand","Conclude","DevaForm","Devotion","Omniscience","DeceiveReality","Vault","Devotion","Judgement","JustLucky","Study","TalkToTheHand","Crescendo+1","LikeWater+1"],"relics":["PureWater","NeowsBlessing","Golden Idol","Pantograph","StrikeDummy","Strawberry","Sundial","Pandora\u0027s Box","PreservedInsect"],"acts_visited":["Exordium","TheCity"],"potions_floor_usage":[11,18,21],"damage_taken":[{"damage":0,"enemies":"Cultist","floor":1,"turns":1},{"damage":0,"enemies":"Gremlin Nob","floor":6,"turns":1},{"damage":1,"enemies":"2 Louse","floor":8,"turns":2},{"damage":0,"enemies":"Small Slimes","floor":10,"turns":2},{"damage":16,"enemies":"Lagavulin","floor":11,"turns":5},{"damage":6,"enemies":"Looter","floor":14,"turns":3},{"damage":52,"enemies":"The Guardian","floor":16,"turns":11},{"damage":18,"enemies":"2 Thieves","floor":18,"turns":5},{"damage":6,"enemies":"Chosen","floor":19,"turns":5},{"damage":32,"enemies":"Shelled Parasite and Fungi","floor":21,"turns":4},{"damage":35,"enemies":"Slavers","floor":24,"turns":2}],"seed_played":"8684017509392988107","potions_obtained":[{"floor":8,"key":"SkillPotion"},{"floor":11,"key":"CultistPotion"},{"floor":14,"key":"DuplicationPotion"},{"floor":18,"key":"Energy Potion"}],"is_trial":false,"path_per_floor":["M","$","?","?","?","E","$","M","T","M","E","R","T","M","R","B",null,"M","M","?","M","$","R","E"],"character_chosen":"WATCHER","items_purchased":["ForeignInfluence","Ragnarok","PreservedInsect"],"campfire_rested":2,"item_purchase_floors":[2,7,22],"current_hp_per_floor":[65,65,65,65,65,65,65,64,64,64,55,55,55,49,72,27,66,48,42,42,10,10,33,0,0],"gold":60,"neow_bonus":"THREE_ENEMY_KILL","is_daily":false,"chose_seed":false,"campfire_upgraded":1,"win_rate":0.0,"timestamp":1610355064,"path_taken":["M","$","?","?","?","E","$","M","T","M","E","R","?","M","R","BOSS","M","M","?","M","$","R","E"],"items_purchased_type":["Card","Card","Relic"],"build_version":"2020-12-22","purchased_purges":2,"victory":false,"max_hp_per_floor":[72,72,72,72,72,72,72,72,72,72,79,79,79,79,79,79,79,79,79,79,79,79,79,79,79],"card_choices":[{"not_picked":["EmptyBody","Adaptation","EmptyFist"],"picked":"SKIP","floor":1},{"not_picked":["FlurryOfBlows","Worship"],"picked":"Prostrate","floor":6},{"not_picked":["FollowUp","EmptyFist"],"picked":"WheelKick","floor":8},{"not_picked":["EmptyBody","WindmillStrike","FlyingSleeves"],"picked":"SKIP","floor":10},{"not_picked":["SashWhip","Sanctity"],"picked":"WaveOfTheHand","floor":11},{"not_picked":["FlyingSleeves","WreathOfFlame"],"picked":"Conclude","floor":14},{"not_picked":["Alpha","SpiritShield"],"picked":"DevaForm","floor":16},{"not_picked":["Swivel","Prostrate+1"],"picked":"TalkToTheHand","floor":18},{"not_picked":["BattleHymn","BowlingBash"],"picked":"Crescendo+1","floor":19},{"not_picked":["ClearTheMind","EmptyBody+1"],"picked":"LikeWater+1","floor":21}],"player_experience":327381,"relics_obtained":[{"floor":6,"key":"Pantograph"},{"floor":9,"key":"StrikeDummy"},{"floor":11,"key":"Strawberry"},{"floor":13,"key":"Sundial"}],"event_choices":[{"damage_healed":0,"gold_gain":0,"player_choice":"Ignored","damage_taken":0,"max_hp_gain":0,"max_hp_loss":0,"event_name":"Golden Wing","floor":3,"gold_loss":0},{"damage_healed":0,"gold_gain":0,"player_choice":"Take Wound","damage_taken":0,"relics_obtained":["Golden Idol"],"max_hp_gain":0,"max_hp_loss":0,"event_name":"Golden Idol","floor":4,"gold_loss":0,"cards_obtained":["Injury"]},{"damage_healed":0,"gold_gain":175,"player_choice":"AGREE","damage_taken":38,"max_hp_gain":0,"max_hp_loss":0,"event_name":"betterThird:BetterSerpent","floor":5,"gold_loss":0},{"damage_healed":0,"gold_gain":2,"player_choice":"1","damage_taken":0,"max_hp_gain":0,"max_hp_loss":0,"event_name":"betterStone:BetterStone","floor":20,"gold_loss":0}],"is_beta":false,"boss_relics":[{"not_picked":["Runic Dome","Velvet Choker"],"picked":"Pandora\u0027s Box"}],"items_purged_floors":[7,22],"is_endless":false,"potions_floor_spawned":[8,11,14,18],"killed_by":"Slavers","ascension_level":10}}