{"host":"08z5bj28eube4vug","time":1610341205,"event":{"mods":["2.2 Compatiblity","Abigail Mod","Act Like it!","BaseMod","Beaked The Cultist","Bestiary","Friendly Minions","Gensokyo","GungeonMod","Hallownest","Kiyohime????","Koishi","Lobotomy","Marisa????????","Minty Spire (QoL Compilation)","Prisma Mod","Remilia??????","Replay The Spire","StSLib","Td1madao Mod","The Alterego","The Bug Knight","The Jungle","The Sage","The Senshi","The Servant 0.9.4","Waifu the Spire","WarShipGirlsR/????R mod","Yuri Mod"],"gold_per_floor":[115,133,133,145,161,161,188,208,208,208,12,12,31,223,223,321,321,335,335,260,180,180,180,196,196,196,196,196,208,223,235,235,333,333,347,366,127,140,190,190,225,225,248,120,120,161,151,151,151,161],"floor_reached":51,"playtime":3015,"items_purged":["Doubt"],"score":957,"play_id":"85f6d9c3-83af-413b-a550-def391916e3c","local_time":"20210111080005","is_ascension_mode":true,"campfire_choices":[{"data":"PrismaMod:IllyaDetonatingBlow","floor":6,"key":"SMITH"},{"data":"PrismaMod:IllyaFriendMaker","floor":10,"key":"SMITH"},{"data":"PrismaMod:IllyaCheapChannelDefend","floor":12,"key":"SMITH"},{"data":"PrismaMod:IllyaUncommonDefend","floor":15,"key":"SMITH"},{"data":"PrismaMod:IllyaUncommonDefend","floor":23,"key":"SMITH"},{"data":"PrismaMod:IllyaPoisonTippedWeapons","floor":25,"key":"SMITH"},{"data":"PrismaMod:IllyaAOECommonAttack","floor":27,"key":"SMITH"},{"data":"PrismaMod:IllyaUncommonAttack","floor":32,"key":"SMITH"},{"data":"PrismaMod:IllyaCheapAttack","floor":40,"key":"SMITH"},{"data":"PrismaMod:IllyaUncommonDefend","floor":42,"key":"SMITH"},{"data":"PrismaMod:IllyaPoisonTippedWeapons","floor":45,"key":"SMITH"},{"data":"PrismaMod:IllyaGrail","floor":49,"key":"SMITH"}],"circlet_count":0,"master_deck":["PrismaMod:IllyaCommonAttack","PrismaMod:IllyaCommonDefend","PrismaMod:IllyaCommonDefend","PrismaMod:IllyaCommonAttack","PrismaMod:IllyaCommonDefend","PrismaMod:IllyaCommonAttack","PrismaMod:IllyaCommonDefend","PrismaMod:IllyaCommonAttack","PrismaMod:IllyaCommonDefend","PrismaMod:IllyaUncommonAttack+1","PrismaMod:IllyaUncommonDefend+1","PrismaMod:IllyaPoisonTippedWeapons+1","PrismaMod:IllyaFriendMaker+1","PrismaMod:IllyaDetonatingBlow+1","PrismaMod:IllyaFeed","PrismaMod:IllyaCheapChannelDefend+1","PrismaMod:IllyaAOECommonAttack+1","PrismaMod:IllyaUncommonDefend+1","PrismaMod:IllyaInstallRider","PrismaMod:IllyaFeed+1","PrismaMod:IllyaUncommonDefend+1","RitualDagger","PrismaMod:IllyaGrail+1","PrismaMod:IllyaDevil+1","PrismaMod:IllyaFeed","PrismaMod:IllyaPoisonTippedWeapons+1","PrismaMod:IllyaCheapAttack+1","PrismaMod:IllyaUncommonDefend+1","PrismaMod:IllyaFeed","PrismaMod:IllyaGrail","Wraith"],"relics":["PrismaMod:PrismaRuby","Thread and Needle","Lantern","MealTicket","Bag of Marbles","Cursed Key","beaked:ShinyBauble","Black Star","Mirror","Pondfish Scales","Replay:Bandana","Replay:Baseball","DemoMod:Metronome","Bronze Scales","Quantum Egg"],"acts_visited":["Exordium","TheCity","TheBeyond"],"potions_floor_usage":[16,16,31,31,33,36,50,50,50],"damage_taken":[{"damage":0,"enemies":"Small Slimes","floor":1,"turns":4},{"damage":5,"enemies":"Cultist","floor":2,"turns":4},{"damage":0,"enemies":"2 Louse","floor":4,"turns":3},{"damage":0,"enemies":"Large Slime","floor":5,"turns":9},{"damage":23,"enemies":"3 Sentries","floor":7,"turns":10},{"damage":0,"enemies":"Red Slaver","floor":8,"turns":3},{"damage":3,"enemies":"3 Louse","floor":13,"turns":2},{"damage":13,"enemies":"Fading Forest","floor":16,"turns":11},{"damage":4,"enemies":"Shell Parasite","floor":18,"turns":4},{"damage":0,"enemies":"Chosen","floor":24,"turns":3},{"damage":0,"enemies":"3 Cultists","floor":29,"turns":3},{"damage":0,"enemies":"Cultist and Chosen","floor":30,"turns":5},{"damage":0,"enemies":"Snake Plant","floor":31,"turns":3},{"damage":37,"enemies":"Automaton","floor":33,"turns":12},{"damage":10,"enemies":"3 Darklings","floor":35,"turns":6},{"damage":8,"enemies":"Orb Walker","floor":36,"turns":2},{"damage":32,"enemies":"3 Darklings","floor":38,"turns":4},{"damage":0,"enemies":"Mind Bloom Boss Battle","floor":39,"turns":7},{"damage":41,"enemies":"Giant Head","floor":41,"turns":9},{"damage":25,"enemies":"Nemesis","floor":46,"turns":7},{"damage":24,"enemies":"Time Eater","floor":50,"turns":10}],"seed_played":"2580530017442049427","potions_obtained":[{"floor":1,"key":"Dexterity Potion"},{"floor":2,"key":"Strength Potion"},{"floor":16,"key":"Adrenaline Potion"},{"floor":18,"key":"Weak Potion"},{"floor":24,"key":"SteroidPotion"},{"floor":31,"key":"Swift Potion"},{"floor":35,"key":"Reflective Coating"},{"floor":38,"key":"FearPotion"},{"floor":46,"key":"SteroidPotion"}],"is_trial":false,"path_per_floor":["M","M","?","M","M","R","E","M","T","R","$","R","M","?","R","B",null,"M","T","?","$","?","R","M","R","T","R","?","M","M","M","R","B",null,"M","M","$","M","?","R","E","R","T","$","R","E","?","?","R","B",null],"character_chosen":"ILLYA","items_purchased":["Bag of Marbles","PrismaMod:IllyaAOECommonAttack","PrismaMod:IllyaUncommonDefend","Mirror","PrismaMod:IllyaFeed"],"campfire_rested":0,"item_purchase_floors":[11,11,21,37,44],"current_hp_per_floor":[68,63,63,63,63,63,40,40,40,40,55,55,52,35,35,38,61,64,64,64,68,62,62,62,62,62,62,62,62,62,68,68,48,63,59,51,66,34,64,64,53,53,53,68,68,68,68,68,68,65],"gold":161,"neow_bonus":"ONE_RARE_RELIC","is_daily":false,"chose_seed":false,"campfire_upgraded":12,"win_rate":0.0,"timestamp":1610341205,"path_taken":["M","M","?","M","?","R","E","M","T","R","$","R","M","?","R","BOSS","M","?","?","$","?","R","M","R","T","R","?","M","M","?","R","BOSS","M","?","$","M","?","R","E","R","T","$","R","E","?","?","R","BOSS"],"items_purchased_type":["Relic","Card","Card","Relic","Card"],"build_version":"2020-12-22","purchased_purges":1,"victory":true,"max_hp_per_floor":[68,68,68,68,68,68,68,68,68,68,68,68,68,68,68,68,68,68,68,68,68,68,68,68,68,68,68,68,68,68,68,68,68,68,68,68,68,68,68,68,68,68,68,68,68,68,68,68,68,68],"card_choices":[{"not_picked":["PrismaMod:IllyaBlindPoisonToss","PrismaMod:IllyaRussianRoulette"],"picked":"PrismaMod:IllyaPoisonTippedWeapons","floor":1},{"not_picked":["PrismaMod:IllyaBerserCAR","PrismaMod:IllyaTestament"],"picked":"PrismaMod:IllyaFriendMaker","floor":2},{"not_picked":["PrismaMod:IllyaUncommonAttack","PrismaMod:IllyaMinorRapidFire"],"picked":"PrismaMod:IllyaDetonatingBlow","floor":4},{"not_picked":["PrismaMod:IllyaUberAttackChannel","PrismaMod:IllyaCheapChannelPoison","PrismaMod:IllyaBlindPoisonToss"],"picked":"SKIP","floor":5},{"not_picked":["PrismaMod:IllyaDevil","PrismaMod:IllyaGun"],"picked":"PrismaMod:IllyaFeed","floor":7},{"not_picked":["PrismaMod:IllyaDevil","PrismaMod:IllyaSaphire"],"picked":"PrismaMod:IllyaCheapChannelDefend","floor":8},{"not_picked":["PrismaMod:IllyaRubysPotion","PrismaMod:IllyaCheapDefend"],"picked":"PrismaMod:IllyaUncommonDefend","floor":13},{"not_picked":["PrismaMod:IllyaInstallCaster","PrismaMod:IllyaCarnivalOrbs"],"picked":"PrismaMod:IllyaInstallRider","floor":16},{"not_picked":["PrismaMod:IllyaUberChannel+1","PrismaMod:IllyaTestament"],"picked":"PrismaMod:IllyaFeed+1","floor":18},{"not_picked":["PrismaMod:IllyaUberChannel","PrismaMod:IllyaDualEvoke","PrismaMod:IllyaRussianRoulette"],"picked":"SKIP","floor":24},{"not_picked":["PrismaMod:IllyaUncommonEvoke+1","PrismaMod:IllyaReinForce"],"picked":"PrismaMod:IllyaDevil+1","floor":29},{"not_picked":["PrismaMod:IllyaAOECommonAttack","PrismaMod:IllyaUberPoisonBlock+1"],"picked":"PrismaMod:IllyaFeed","floor":30},{"not_picked":["PrismaMod:IllyaReinForce","PrismaMod:IllyaCheapChannelDefend","PrismaMod:IllyaBoysLove"],"picked":"SKIP","floor":31},{"not_picked":["PrismaMod:IllyaUncommonAttack","PrismaMod:IllyaPoisoningPhantasm+1"],"picked":"PrismaMod:IllyaPoisonTippedWeapons","floor":35},{"not_picked":["PrismaMod:IllyaFeed+1","PrismaMod:IllyaCheapChannelAttack","PrismaMod:IllyaBlindPoisonToss"],"picked":"SKIP","floor":36},{"not_picked":["PrismaMod:IllyaRapidFire","PrismaMod:IllyaAOECommonAttack+1"],"picked":"PrismaMod:IllyaCheapAttack","floor":38},{"not_picked":["PrismaMod:IllyaHassanGift","PrismaMod:IllyaMaid"],"picked":"PrismaMod:IllyaUncommonDefend","floor":41},{"not_picked":["PrismaMod:IllyaRubysPotion","PrismaMod:IllyaAlice+1","PrismaMod:IllyaCarnivalOrbs"],"picked":"SKIP","floor":46},{"not_picked":[],"picked":"PrismaMod:IllyaGrail","floor":47}],"player_experience":769398,"relics_obtained":[{"floor":7,"key":"Lantern"},{"floor":9,"key":"MealTicket"},{"floor":19,"key":"beaked:ShinyBauble"},{"floor":39,"key":"Pondfish Scales"},{"floor":41,"key":"Replay:Bandana"},{"floor":41,"key":"Replay:Baseball"},{"floor":43,"key":"DemoMod:Metronome"},{"floor":46,"key":"Bronze Scales"},{"floor":46,"key":"Quantum Egg"}],"event_choices":[{"damage_healed":0,"gold_gain":0,"player_choice":"Upgraded","damage_taken":0,"max_hp_gain":0,"max_hp_loss":0,"event_name":"Upgrade Shrine","floor":3,"gold_loss":0,"cards_upgraded":["PrismaMod:IllyaUncommonDefend"]},{"cards_removed":["Languid"],"damage_healed":0,"gold_gain":0,"player_choice":"Gave Gold","damage_taken":0,"max_hp_gain":0,"max_hp_loss":0,"event_name":"Beggar","floor":20,"gold_loss":75},{"damage_healed":0,"gold_gain":0,"player_choice":"Joined the Cult","damage_taken":6,"max_hp_gain":0,"max_hp_loss":0,"event_name":"Nest","floor":22,"gold_loss":0,"cards_obtained":["RitualDagger"]},{"damage_healed":0,"gold_gain":0,"cards_transformed":["PrismaMod:IllyaCommonAttack"],"player_choice":"Transformed","damage_taken":0,"max_hp_gain":0,"max_hp_loss":0,"event_name":"Transmorgrifier","floor":28,"gold_loss":0,"cards_obtained":["PrismaMod:IllyaGrail"]},{"damage_healed":0,"gold_gain":0,"player_choice":"Fight","damage_taken":0,"max_hp_gain":0,"max_hp_loss":0,"event_name":"MindBloom","floor":39,"gold_loss":0},{"damage_healed":0,"gold_gain":0,"player_choice":"Ignored","damage_taken":0,"max_hp_gain":0,"max_hp_loss":0,"event_name":"OrinTheCat","floor":48,"gold_loss":0}],"is_beta":false,"boss_relics":[{"not_picked":["Kintsugi","sagemod:Falmels_Amulet"],"picked":"Cursed Key"},{"not_picked":["Velvet Choker","Replay:Drink Me"],"picked":"Black Star"}],"items_purged_floors":[44],"is_endless":false,"potions_floor_spawned":[1,2,16,18,24,31,35,38,46],"ascension_level":7}}