{"host":"684z1xpuwaoqmmh1","time":1610383817,"event":{"mods":["Bard","BaseMod","Downfall","Hermit","Jorbs\u0027s Wanderer Trilogy","Marisa????????","Minty Spire (QoL Compilation)","Robot Space Explorer","Shade Mod","StSLib","The Hierophant","The Marked","The Mystic"],"gold_per_floor":[113,113,136,160,181,181,217,217,243,70,109,134,159,199,199,325,325,309,334,334,349,368,368,368],"floor_reached":23,"playtime":1675,"items_purged":[],"score":252,"play_id":"a951c107-a2f7-44b9-94f0-aea2239a3e9f","local_time":"20210111185017","is_ascension_mode":true,"campfire_choices":[{"data":"Shade:OpenGraves","floor":6.0,"key":"SMITH"},{"data":"Shade:UnbarTheGrave","floor":8.0,"key":"SMITH"},{"data":"Shade:TouchOfTheGrave","floor":15,"key":"SMITH"}],"circlet_count":0,"master_deck":["Shade:Strike_Shade","Shade:Strike_Shade","Shade:Strike_Shade","Shade:Strike_Shade","Shade:Defend_Shade","Shade:Defend_Shade","Shade:Defend_Shade","Shade:Defend_Shade","Shade:AnimateDead","Shade:CarefulCut","Shade:UnbarTheGrave+1","Shade:ScuttlingHand","Shade:TouchOfTheGrave+1","Shade:Carnophage","Shade:OpenGraves+1","Shade:AncientSpear","Shade:SkeletonHug","Shade:AuraOfUnlife","Shade:Carnophage","Shade:Haruspicy","Shade:FuneraryArmor","Shade:LichForm","Shade:GraveStillness+1","Shade:CoffinDance+1","Shade:GraveStillness+1"],"relics":["Shade:YorickSkull","Golden Idol","hexamod:BolsterEngine","Blood Vial","Guardian:BottledAnomaly","Potion Belt","Bronze Scales","SacredBark","MutagenicStrength"],"acts_visited":["Exordium","TheCity"],"potions_floor_usage":[18,22],"damage_taken":[{"damage":1.0,"enemies":"Jaw Worm","floor":1.0,"turns":4.0},{"damage":0.0,"enemies":"2 Louse","floor":3.0,"turns":3.0},{"damage":0.0,"enemies":"Cultist","floor":4.0,"turns":3.0},{"damage":11.0,"enemies":"Exordium Thugs","floor":5.0,"turns":4.0},{"damage":12.0,"enemies":"Gremlin Nob","floor":7.0,"turns":4.0},{"damage":1.0,"enemies":"3 Sentries","floor":11.0,"turns":6.0},{"damage":0.0,"enemies":"Blue Slaver","floor":12.0,"turns":3.0},{"damage":0.0,"enemies":"Looter","floor":13.0,"turns":3.0},{"damage":0,"enemies":"Lagavulin","floor":14,"turns":5},{"damage":17,"enemies":"Slime Boss","floor":16,"turns":8},{"damage":17,"enemies":"2 Thieves","floor":18,"turns":4},{"damage":4,"enemies":"Spheric Guardian","floor":19,"turns":4},{"damage":32,"enemies":"Snecko","floor":21,"turns":6},{"damage":0,"enemies":"Snake Plant","floor":22,"turns":4},{"damage":32,"enemies":"Gremlin Leader","floor":23,"turns":7}],"seed_played":"2800160406017164927","potions_obtained":[{"floor":1.0,"key":"GamblersBrew"},{"floor":5.0,"key":"Fire Potion"},{"floor":11.0,"key":"Dexterity Potion"},{"floor":13,"key":"sneckomod:MuddlingPotion"},{"floor":19,"key":"Guardian:BlockOnCardUsePotion"}],"is_trial":false,"path_per_floor":["M","?","M","M","M","R","E","R","T","$","E","M","M","E","R","B",null,"M","M","?","M","M","E"],"character_chosen":"SHADE","items_purchased":["Shade:SkeletonHug","Guardian:BottledAnomaly"],"campfire_rested":0,"item_purchase_floors":[10,10],"current_hp_per_floor":[64,60,60,60,49,49,37,37,37,37,38,40,42,44,44,29,60,43,41,41,11,13,0,0],"gold":368,"neow_bonus":"ONE_RANDOM_RARE_CARD","is_daily":false,"chose_seed":false,"campfire_upgraded":3,"win_rate":0.0,"timestamp":1610383817,"path_taken":["M","?","M","M","M","R","E","R","T","$","E","M","M","E","R","BOSS","M","M","?","M","M","E"],"items_purchased_type":["Card","Relic"],"build_version":"2020-12-22","purchased_purges":0,"victory":false,"max_hp_per_floor":[65,60,60,60,60,60,60,60,60,60,60,60,60,60,60,60,60,60,60,60,60,60,60,60],"card_choices":[{"not_picked":["Shade:Frenzy","Shade:WallOfFlesh"],"picked":"Shade:ScuttlingHand","floor":1.0},{"not_picked":["Shade:FreshBones","Shade:FleshToFlesh"],"picked":"Shade:TouchOfTheGrave","floor":3.0},{"not_picked":["Shade:CommandSoldier","Shade:AncientSpear"],"picked":"Shade:Carnophage","floor":4.0},{"not_picked":["Shade:BoneShards","Shade:AncientSpear"],"picked":"Shade:OpenGraves","floor":5.0},{"not_picked":["Shade:SelfBurial","Shade:BoneShards"],"picked":"Shade:AncientSpear","floor":7.0},{"not_picked":["Shade:WallOfFlesh","Shade:CoffinDance"],"picked":"Shade:AuraOfUnlife","floor":11.0},{"not_picked":["Shade:Premonition","Shade:FreshBones"],"picked":"Shade:Carnophage","floor":12.0},{"not_picked":["Shade:Frenzy","Shade:TouchOfTheGrave"],"picked":"Shade:Haruspicy","floor":13},{"not_picked":["Shade:Bonestorm","Shade:CoffinDance"],"picked":"Shade:FuneraryArmor","floor":14},{"not_picked":["Shade:UnbarTheGrave","Shade:LoseControl"],"picked":"Shade:LichForm","floor":16},{"not_picked":["Shade:AncientSpear","Shade:Premonition+1"],"picked":"Shade:GraveStillness+1","floor":18},{"not_picked":["Shade:Bonestorm+1","Shade:Haruspicy+1","Shade:GraveStillness"],"picked":"SKIP","floor":19},{"not_picked":["Shade:Premonition","Shade:PressTheAttack"],"picked":"Shade:CoffinDance+1","floor":21},{"not_picked":["Shade:Premonition+1","Shade:SelfBurial"],"picked":"Shade:GraveStillness+1","floor":22}],"player_experience":2475958,"relics_obtained":[{"floor":7.0,"key":"hexamod:BolsterEngine"},{"floor":9.0,"key":"Blood Vial"},{"floor":11.0,"key":"Potion Belt"},{"floor":14,"key":"Bronze Scales"}],"event_choices":[{"damage_healed":0.0,"max_hp_gain":0.0,"max_hp_loss":5.0,"gold_gain":0.0,"event_name":"Golden Idol","player_choice":"Lose Max HP","floor":2.0,"gold_loss":0.0,"damage_taken":0.0,"relics_obtained":["Golden Idol"]},{"damage_healed":0,"gold_gain":0,"player_choice":"Inject Mutagens","damage_taken":0,"relics_obtained":["MutagenicStrength"],"max_hp_gain":0,"max_hp_loss":0,"event_name":"Drug Dealer","floor":20,"gold_loss":0}],"is_beta":false,"boss_relics":[{"not_picked":["Astrolabe","Fusion Hammer"],"picked":"SacredBark"}],"items_purged_floors":[],"is_endless":false,"potions_floor_spawned":[1,5,11,13,19],"killed_by":"Gremlin Leader","ascension_level":1}}