{"host":"g200jza2br9hmesm","time":1610332793,"event":{"mods":["AchievementEnabler","BaseMod","Colored Map","Downfall","Minty Spire (QoL Compilation)","Quick Restart","Relic Stats","StSLib"],"gold_per_floor":[116,116,41,6,24,24,36,36,63,63,91,91,111,143,143,242,242,261,261,261,17,17,17,17,17],"floor_reached":24,"playtime":814,"items_purged":["Strike_R","Writhe"],"score":300,"play_id":"a1c30621-4072-49bb-bb21-bf0409f983a4","local_time":"20210110213953","is_ascension_mode":true,"campfire_choices":[{"data":"Juggernaut","floor":6,"key":"SMITH"},{"data":"Ghostly Armor","floor":8,"key":"SMITH"},{"floor":12,"key":"REST"},{"data":"Entrench","floor":15,"key":"SMITH"},{"data":"Barricade","floor":23,"key":"SMITH"}],"circlet_count":0,"master_deck":["AscendersBane","Strike_R","Strike_R","Strike_R","Defend_R","Defend_R","Defend_R","Defend_R","Bash","Juggernaut+1","Ghostly Armor+1","Entrench+1","Barricade+1","Flame Barrier"],"relics":["Black Blood","Akabeko","Orichalcum","Regal Pillow","Matryoshka","Bag of Preparation","Blood Vial"],"acts_visited":["Exordium","TheCity"],"potions_floor_usage":[11,16,16],"damage_taken":[{"damage":12,"enemies":"Jaw Worm","floor":1,"turns":3},{"damage":9,"enemies":"2 Louse","floor":5,"turns":3},{"damage":10,"enemies":"Small Slimes","floor":7,"turns":4},{"damage":26,"enemies":"Gremlin Nob","floor":11,"turns":5},{"damage":0,"enemies":"Blue Slaver","floor":13,"turns":3},{"damage":2,"enemies":"Lagavulin","floor":14,"turns":8},{"damage":66,"enemies":"Hexaghost","floor":16,"turns":10},{"damage":7,"enemies":"Chosen","floor":18,"turns":6},{"damage":67,"enemies":"Gremlin Leader","floor":24,"turns":5}],"seed_played":"-213098956204944465","potions_obtained":[{"floor":5,"key":"FearPotion"},{"floor":7,"key":"CultistPotion"},{"floor":14,"key":"CultistPotion"}],"is_trial":false,"path_per_floor":["M","?","$","?","M","R","M","R","T","?","E","R","M","E","R","B",null,"M","?","?","$","?","R","E"],"character_chosen":"IRONCLAD","items_purchased":["Blood Vial"],"campfire_rested":1,"item_purchase_floors":[21],"current_hp_per_floor":[66,59,59,79,76,76,72,72,72,54,34,73,79,80,80,20,65,70,70,70,70,55,55,0,0],"gold":17,"neow_bonus":"ONE_RANDOM_RARE_CARD","is_daily":false,"chose_seed":false,"campfire_upgraded":4,"win_rate":0.0,"timestamp":1610332793,"path_taken":["M","?","$","?","M","R","M","R","T","?","E","R","M","E","R","BOSS","M","?","?","$","?","R","E"],"items_purchased_type":["Relic"],"build_version":"2020-12-22","purchased_purges":2,"victory":false,"max_hp_per_floor":[80,80,80,80,80,80,80,80,80,80,80,80,80,80,80,80,80,80,80,80,80,85,85,85,85],"relic_stats":{"Blood Vial":2,"Regal Pillow":15,"counters":[9,47],"Black Blood":51,"Bag of Preparation":[2],"Orichalcum":[78],"obtain_stats":[{"Blood Vial":21,"Regal Pillow":11,"Matryoshka":14,"Black Blood":17,"Bag of Preparation":20,"Orichalcum":10,"Burning Blood":0,"Akabeko":9},{"Blood Vial":8,"Regal Pillow":4,"Matryoshka":6,"Black Blood":7,"Bag of Preparation":8,"Orichalcum":3,"Burning Blood":0,"Akabeko":3},{"Blood Vial":42,"Regal Pillow":15,"Matryoshka":26,"Black Blood":36,"Bag of Preparation":42,"Orichalcum":10,"Burning Blood":0,"Akabeko":10}]},"card_choices":[{"not_picked":["Twin Strike","Warcry","Inflame"],"picked":"SKIP","floor":1},{"not_picked":["Bloodletting","Clothesline"],"picked":"Ghostly Armor","floor":5},{"not_picked":["Armaments","Havoc","Iron Wave"],"picked":"SKIP","floor":7},{"not_picked":["Double Tap","Headbutt"],"picked":"Entrench","floor":11},{"not_picked":["Clothesline","Whirlwind","True Grit"],"picked":"SKIP","floor":13},{"not_picked":["Sever Soul","Twin Strike","Clash"],"picked":"SKIP","floor":14},{"not_picked":["Exhume","Bludgeon"],"picked":"Barricade","floor":16},{"not_picked":["Headbutt","Pommel Strike"],"picked":"Flame Barrier","floor":18}],"player_experience":511097,"relics_obtained":[{"floor":9,"key":"Akabeko"},{"floor":11,"key":"Regal Pillow"},{"floor":14,"key":"Matryoshka"}],"event_choices":[{"cards_removed":["Strike_R"],"damage_healed":0,"gold_gain":0,"player_choice":"Card Removal","damage_taken":7,"max_hp_gain":0,"max_hp_loss":0,"event_name":"Golden Wing","floor":2,"gold_loss":0},{"damage_healed":20,"gold_gain":0,"player_choice":"Healed","damage_taken":0,"max_hp_gain":0,"max_hp_loss":0,"event_name":"The Cleric","floor":4,"gold_loss":35},{"damage_healed":0,"gold_gain":0,"player_choice":"Success","damage_taken":18,"relics_obtained":["Orichalcum"],"max_hp_gain":0,"max_hp_loss":0,"event_name":"Scrap Ooze","floor":10,"gold_loss":0},{"damage_healed":0,"gold_gain":0,"player_choice":"Ignored","damage_taken":0,"max_hp_gain":0,"max_hp_loss":0,"event_name":"Ghosts","floor":19,"gold_loss":0},{"damage_healed":0,"gold_gain":0,"player_choice":"Opened","damage_taken":0,"relics_obtained":["Bag of Preparation"],"max_hp_gain":0,"max_hp_loss":0,"event_name":"The Mausoleum","floor":20,"gold_loss":0,"cards_obtained":["Writhe"]},{"damage_healed":0,"gold_gain":0,"player_choice":"Shed Blood","damage_taken":20,"max_hp_gain":5,"max_hp_loss":0,"event_name":"Forgotten Altar","floor":22,"gold_loss":0}],"is_beta":false,"boss_relics":[{"not_picked":["Empty Cage","Astrolabe"],"picked":"Black Blood"}],"items_purged_floors":[3,21],"is_endless":false,"potions_floor_spawned":[5,7,14],"killed_by":"Gremlin Leader","ascension_level":10}}