{"host":"w4b7hmige5bnqipq","time":1610354130,"event":{"mods":["2.2 Compatiblity","BaseMod","Colored Map","DeckTracker","Keyboard Shortcuts","Minty Spire (QoL Compilation)","Permanent Neow","Rare Cards Sparkle","SuperFastMode","everything is the same but u backflip on backflip","slay the spire mod where everything is the same but ironclad has a cowboy hat"],"gold_per_floor":[109,121,121,46,46,79,79,110,110,110,131,169,169,183,183,311,311,311],"floor_reached":17,"playtime":560,"items_purged":["Strike_P"],"score":182,"play_id":"8cb3d2b4-0e4a-427a-8225-46cbbaf1a4f8","local_time":"20210111173530","is_ascension_mode":true,"campfire_choices":[{"data":"Eruption","floor":7,"key":"SMITH"},{"floor":10,"key":"REST"},{"data":"Omniscience","floor":13,"key":"SMITH"},{"floor":15,"key":"REST"}],"circlet_count":0,"master_deck":["Strike_P","Strike_P","Strike_P","Defend_P","Defend_P","Defend_P","Defend_P","Eruption+1","Vigilance","Ragnarok","Prostrate","CutThroughFate","Deep Breath","ClearTheMind","Indignation","EmptyBody","Omniscience+1","Crescendo","Ragnarok"],"relics":["PureWater","Golden Idol","Vajra","Sundial","Ornamental Fan","Anchor","Black Star"],"acts_visited":["Exordium","TheCity"],"potions_floor_usage":[6,12,16,16],"damage_taken":[{"damage":0,"enemies":"2 Louse","floor":1,"turns":1},{"damage":6,"enemies":"Jaw Worm","floor":2,"turns":3},{"damage":14,"enemies":"Lagavulin","floor":6,"turns":5},{"damage":20,"enemies":"3 Sentries","floor":8,"turns":10},{"damage":0,"enemies":"Cultist","floor":11,"turns":2},{"damage":21,"enemies":"Lagavulin","floor":12,"turns":5},{"damage":5,"enemies":"3 Louse","floor":14,"turns":3},{"damage":25,"enemies":"Hexaghost","floor":16,"turns":7}],"seed_played":"-8931975224386746768","potions_obtained":[{"floor":2,"key":"BottledMiracle"},{"floor":8,"key":"Dexterity Potion"},{"floor":11,"key":"BottledMiracle"},{"floor":12,"key":"SmokeBomb"},{"floor":14,"key":"BlessingOfTheForge"}],"is_trial":false,"path_per_floor":["M","M","?","$","?","E","R","E","T","R","M","E","R","M","R","B",null],"character_chosen":"WATCHER","items_purchased":[],"campfire_rested":2,"item_purchase_floors":[],"current_hp_per_floor":[72,66,48,48,48,34,34,14,14,35,35,14,14,9,30,5,72,72],"gold":311,"neow_bonus":"ONE_RANDOM_RARE_CARD","is_daily":false,"chose_seed":false,"campfire_upgraded":2,"win_rate":0.0,"timestamp":1610354130,"path_taken":["M","M","?","$","?","E","R","E","T","R","M","E","R","?","R","BOSS"],"items_purchased_type":[],"build_version":"2020-12-22","purchased_purges":1,"victory":false,"max_hp_per_floor":[72,72,72,72,72,72,72,72,72,72,72,72,72,72,72,72,72,72],"card_choices":[{"not_picked":["BowlingBash","EmptyBody"],"picked":"Prostrate","floor":1},{"not_picked":["FlurryOfBlows","LikeWater"],"picked":"CutThroughFate","floor":2},{"not_picked":["SashWhip","WheelKick"],"picked":"ClearTheMind","floor":6},{"not_picked":["SignatureMove","Vengeance"],"picked":"Indignation","floor":8},{"not_picked":["WheelKick","MentalFortress"],"picked":"EmptyBody","floor":11},{"not_picked":["Evaluate","WaveOfTheHand"],"picked":"Omniscience","floor":12},{"not_picked":["SashWhip","CrushJoints"],"picked":"Crescendo","floor":14},{"not_picked":["ConjureBlade","Alpha"],"picked":"Ragnarok","floor":16}],"player_experience":482115,"relics_obtained":[{"floor":6,"key":"Vajra"},{"floor":8,"key":"Sundial"},{"floor":9,"key":"Ornamental Fan"},{"floor":12,"key":"Anchor"}],"event_choices":[{"damage_healed":0,"gold_gain":0,"player_choice":"Take Damage","damage_taken":18,"relics_obtained":["Golden Idol"],"max_hp_gain":0,"max_hp_loss":0,"event_name":"Golden Idol","floor":3,"gold_loss":0},{"damage_healed":0,"gold_gain":0,"player_choice":"1 cards matched","damage_taken":0,"max_hp_gain":0,"max_hp_loss":0,"event_name":"Match and Keep!","floor":5,"gold_loss":0,"cards_obtained":["Deep Breath"]}],"is_beta":false,"boss_relics":[{"not_picked":["Empty Cage","Busted Crown"],"picked":"Black Star"}],"items_purged_floors":[4],"is_endless":false,"potions_floor_spawned":[2,8,11,12,14],"ascension_level":1}}