{"host":"dnd25fcf5l5puhl9","time":1610364433,"event":{"mods":["AchievementEnabler","Act Like it!","Aspiration","BaseMod","BetterRewards","Colored Map","Colored Powertips","Conspire","Dark Map","Downfall","Gensokyo","Hermit","Hubris","Infinite Spire","Lobotomy","Minty Spire (QoL Compilation)","Replay The Spire","Shop Mod","StSLib","SuperFastMode","The Cursed","The Disciple","The Jungle","vexMod","??????REMEMod"],"gold_per_floor":[99,99,99,99,199,217,240,240,240,240,253,288,46,62,94,79,190,190,190,190],"floor_reached":18,"playtime":1136,"items_purged":["hubris:Despair"],"score":150,"play_id":"afea9779-abf4-4ab6-9b59-799ce85a062d","local_time":"20210111092713","is_ascension_mode":true,"campfire_choices":[{"floor":1,"key":"DIG"},{"data":"Jack Of All Trades","floor":8,"key":"SMITH"}],"circlet_count":0,"master_deck":["champ:Strike","champ:Strike","champ:Strike","champ:Strike","champ:Defend","champ:Defend","champ:Defend","champ:Defend","champ:Execute","champ:Taunt","hermit:GoldenBullet","champ:Duel","champ:Duel","champ:ShieldThrow","champ:FocusedBerserking","champ:RageSigil","champ:Taunt","Jack Of All Trades+1","champ:Riposte","champ:Devastate","champ:CalledShot"],"relics":["champ:ChampionCrown","REME_ComplimentaryCards","downfall:HeartsMalice","hubris:MobiusCoin","downfall:GremlinSack","Toy Ornithopter","Dream Catcher","Bronze Scales","Mercury Hourglass"],"acts_visited":["Exordium"],"potions_floor_usage":[15,17,18,18,18],"damage_taken":[{"damage":0,"enemies":"Cultist","floor":2,"turns":1},{"damage":0,"enemies":"infinitespire:Voidling","floor":3,"turns":1},{"damage":0,"enemies":"2 Louse","floor":4,"turns":1},{"damage":36,"enemies":"2 Louse","floor":5,"turns":6},{"damage":34,"enemies":"Lots of Slimes","floor":6,"turns":5},{"damage":12,"enemies":"Red Slaver","floor":11,"turns":4},{"damage":0,"enemies":"Lagavulin","floor":12,"turns":5},{"damage":20,"enemies":"downfall:FleeingMerchant","floor":13,"turns":4},{"damage":0,"enemies":"Large Slime","floor":14,"turns":4},{"damage":20,"enemies":"3 Sentries","floor":15,"turns":6},{"damage":0,"enemies":"downfall:FleeingMerchant","floor":16,"turns":4},{"damage":0,"enemies":"Exordium Thugs","floor":17,"turns":4},{"damage":34,"enemies":"downfall:Silent","floor":18,"turns":8}],"seed_played":"5435174072373689814","potions_obtained":[{"floor":6,"key":"AttackPotion"},{"floor":11,"key":"sneckomod:MuddlingPotion"},{"floor":14,"key":"ColorlessPotion"},{"floor":15,"key":"champ:OpenerPotion"},{"floor":17,"key":"Swift Potion"}],"is_trial":false,"path_per_floor":["R_BF","M","M","M","?","M","T","R","PTL","PTL","M","E","$","M","E","$","M","B"],"character_chosen":"THE_CHAMP","items_purchased":["Bronze Scales"],"campfire_rested":0,"item_purchase_floors":[13],"current_hp_per_floor":[90,90,90,90,59,30,30,30,30,30,18,18,18,18,11,11,16,0,0,0],"gold":190,"neow_bonus":"THREE_ENEMY_KILL","is_daily":false,"chose_seed":false,"campfire_upgraded":1,"win_rate":0.0,"timestamp":1610364433,"path_taken":["R_BF","M","?","?","?","M","T","R","PTL","PTL","M","E","$","M","E","$","M","BOSS"],"items_purchased_type":["Relic"],"build_version":"2020-12-22","purchased_purges":1,"victory":false,"max_hp_per_floor":[90,90,90,90,90,90,90,90,90,90,90,90,90,90,90,90,90,90,90,90],"card_choices":[{"not_picked":["champ:Circumvent","champ:EndlessRage"],"picked":"champ:Duel","floor":2},{"not_picked":["champ:EndlessRage","champ:ArenaPreparation","champ:BerserkerStyle"],"picked":"SKIP","floor":3},{"not_picked":["champ:GladiatorsShout","champ:CrookedStrike","champ:BringItOn"],"picked":"SKIP","floor":4},{"not_picked":["champ:Control","champ:EnragedBash"],"picked":"champ:Duel","floor":5},{"not_picked":["champ:FanOfKnives","champ:ShieldSigil","champ:FlashCut"],"picked":"SKIP","floor":6},{"not_picked":["champ:EnchantCrown","champ:BerserkersShout"],"picked":"champ:Riposte","floor":11},{"not_picked":["champ:RageSigil","champ:ArenaPreparation","champ:FocusedBerserking"],"picked":"SKIP","floor":12},{"not_picked":["champ:FocusedGladiator","champ:PerfectedStrike","champ:ShieldSlam"],"picked":"SKIP","floor":13},{"not_picked":["champ:PerfectedStrike","champ:CrookedStrike","champ:FanOfKnives"],"picked":"SKIP","floor":14},{"not_picked":["champ:BringItOn","champ:TornadoPunch"],"picked":"champ:Devastate","floor":15},{"not_picked":["champ:ViciousMockery","champ:Balance","champ:Haymaker"],"picked":"SKIP","floor":16},{"not_picked":["champ:BringItOn","champ:FaceSlap"],"picked":"champ:CalledShot","floor":17}],"player_experience":600335,"relics_obtained":[{"floor":1,"key":"hubris:MobiusCoin"},{"floor":5,"key":"downfall:GremlinSack"},{"floor":7,"key":"Toy Ornithopter"},{"floor":12,"key":"Dream Catcher"},{"floor":15,"key":"Mercury Hourglass"}],"event_choices":[],"is_beta":false,"boss_relics":[],"items_purged_floors":[13],"is_endless":false,"potions_floor_spawned":[6,11,14,15,17],"killed_by":"downfall:Silent","ascension_level":1}}