{"host":"z9mq1tf06lkrncmk","time":1610383194,"event":{"mods":["BaseMod","Downfall","Minty Spire (QoL Compilation)","StSLib"],"gold_per_floor":[99,115,115,126,139,289,364,381,481,546,546,578,503,553,572,673,673,673,673,322,332,382,382,382,402,412,462,478,493,520,570,588,588,588,588],"floor_reached":33,"playtime":2536,"items_purged":["hexamod:ParanormalForm"],"score":294,"play_id":"35c25a94-662c-4cf9-84fc-f07df2697182","local_time":"20210111113954","is_ascension_mode":false,"campfire_choices":[{"data":"hexamod:Sear","floor":1,"key":"SMITH"},{"floor":11,"key":"REST"},{"data":"hexamod:CatchUp","floor":13,"key":"SMITH"},{"data":"hexamod:GhostflameInferno","floor":18,"key":"SMITH"},{"floor":23,"key":"REST"}],"circlet_count":0,"master_deck":["hexamod:Strike","hexamod:Strike","hexamod:Strike","hexamod:Strike","hexamod:Defend","hexamod:Defend","hexamod:Defend","hexamod:Defend","hexamod:Sear+1","hexamod:Float","hexamod:SkipABeat","hexamod:PhantomFireball","hexamod:BurningTouch","hexamod:RainOfEmbers+1","hexamod:SpectersWail+1","hexamod:CatchUp+1","hexamod:BacktrackSmack+1","hexamod:GhostflameInferno+1","hexamod:Hexaguard","hexamod:ExtraCrispy","hexamod:HeatCrush+1","hexamod:ChargedBarrage","hexamod:TimeOfNeed"],"relics":["hexamod:SpiritBrand","Molten Egg 2","downfall:CloakOfManyFaces","CultistMask","FaceOfCleric","NlothsMask","GremlinMask","SsserpentHead","downfall:HeartBlessingGreen","SlaversCollar","Lee\u0027s Waffle","downfall:RedIOU","Letter Opener"],"acts_visited":["Exordium","TheCity"],"potions_floor_usage":[16,16,26,30,30,33,33,33],"damage_taken":[{"damage":0,"enemies":"Cultist","floor":2,"turns":4},{"damage":0,"enemies":"Jaw Worm","floor":4,"turns":3},{"damage":0,"enemies":"Small Slimes","floor":5,"turns":3},{"damage":15,"enemies":"Exordium Thugs","floor":8,"turns":5},{"damage":19,"enemies":"downfall:FaceTrader","floor":9,"turns":8},{"damage":2,"enemies":"2 Fungi Beasts","floor":10,"turns":3},{"damage":13,"enemies":"Lagavulin","floor":12,"turns":4},{"damage":9,"enemies":"Exordium Wildlife","floor":15,"turns":5},{"damage":31,"enemies":"downfall:Ironclad","floor":16,"turns":9},{"damage":0,"enemies":"Chosen","floor":19,"turns":1},{"damage":0,"enemies":"downfall:FleeingMerchant","floor":20,"turns":4},{"damage":26,"enemies":"Sentry and Sphere","floor":21,"turns":4},{"damage":12,"enemies":"Centurion and Healer","floor":25,"turns":6},{"damage":16,"enemies":"Snake Plant","floor":26,"turns":4},{"damage":42,"enemies":"3 Cultists","floor":28,"turns":5},{"damage":3,"enemies":"Snecko","floor":29,"turns":5},{"damage":10,"enemies":"Slavers","floor":30,"turns":4},{"damage":12,"enemies":"Chosen and Byrds","floor":32,"turns":5},{"damage":3,"enemies":"downfall:Defect","floor":33,"turns":3}],"seed_played":"-5285659328766497212","potions_obtained":[{"floor":2,"key":"SneckoOil"},{"floor":4,"key":"Dexterity Potion"},{"floor":10,"key":"DuplicationPotion"},{"floor":21,"key":"hexamod:EctoCoolerPotion"},{"floor":28,"key":"sneckomod:MuddlingPotion"},{"floor":30,"key":"Strength Potion"},{"floor":31,"key":"Block Potion"},{"floor":31,"key":"Strength Potion"}],"is_trial":false,"path_per_floor":["R","M","?","M","M","?","T","M","?","M","R","E","R","?","M","B",null,"R","M","$","M","?","R","T","M","M","?","M","M","E","?","M","B"],"character_chosen":"THE_SPIRIT","items_purchased":["hexamod:HeatCrush+1","hexamod:ChargedBarrage","Lee\u0027s Waffle"],"campfire_rested":2,"item_purchase_floors":[20,20,20],"current_hp_per_floor":[77,77,77,77,77,77,77,62,43,42,65,53,53,53,45,15,81,81,82,90,65,65,91,91,80,65,65,24,22,13,13,2,0,0,0],"gold":588,"neow_bonus":"TEN_PERCENT_HP_BONUS","is_daily":false,"chose_seed":false,"campfire_upgraded":3,"win_rate":0.0,"timestamp":1610383194,"path_taken":["R","?","?","M","M","?","T","M","?","?","R","E","R","?","M","BOSS","R","M","$","M","?","R","T","M","M","?","M","M","E","?","M","BOSS"],"items_purchased_type":["Card","Card","Relic"],"build_version":"2020-12-22","purchased_purges":1,"victory":false,"max_hp_per_floor":[77,77,77,77,77,77,77,77,77,78,78,79,79,79,80,81,81,81,82,90,91,91,91,91,92,93,93,94,95,96,96,97,97,97,97],"card_choices":[{"not_picked":["hexamod:PhantomCloak","hexamod:BacktrackSmack"],"picked":"hexamod:SkipABeat","floor":2},{"not_picked":["hexamod:GhostLash","hexamod:HauntingEcho"],"picked":"hexamod:PhantomFireball","floor":4},{"not_picked":["hexamod:ThirdSeal","hexamod:HauntingEcho"],"picked":"hexamod:BurningTouch","floor":5},{"not_picked":["hexamod:SecondSeal","hexamod:InspiringFlames"],"picked":"hexamod:ParanormalForm","floor":8},{"not_picked":["hexamod:Firestarter+1","hexamod:BurningTouch"],"picked":"hexamod:RainOfEmbers+1","floor":9},{"not_picked":["hexamod:GhostShield","hexamod:GhostOfSpirePresent"],"picked":"hexamod:SpectersWail+1","floor":10},{"not_picked":["hexamod:FastForward","hexamod:Again"],"picked":"hexamod:CatchUp","floor":12},{"not_picked":["hexamod:NightmareGuise","hexamod:RainOfEmbers+1"],"picked":"hexamod:BacktrackSmack+1","floor":15},{"not_picked":["hexamod:TimeOfNeed","hexamod:UnleashSpirits+1"],"picked":"hexamod:GhostflameInferno","floor":16},{"not_picked":["hexamod:BacktrackSmack+1","hexamod:SpectersWail+1"],"picked":"hexamod:Hexaguard","floor":19},{"not_picked":["hexamod:TimeWarp+1","hexamod:AdvancingGuard"],"picked":"hexamod:ExtraCrispy","floor":20},{"not_picked":["hexamod:GhostShield","hexamod:RetreatToShadows+1","hexamod:RecurringNightmare"],"picked":"SKIP","floor":21},{"not_picked":["hexamod:HauntingEcho+1","hexamod:BurningTouch+1","hexamod:ShieldOfDarkness"],"picked":"SKIP","floor":25},{"not_picked":["hexamod:AdvancingGuard","hexamod:FourthSeal","hexamod:BurningTouch"],"picked":"SKIP","floor":26},{"not_picked":["hexamod:HauntingEcho+1","hexamod:GhostShield","hexamod:ShieldOfDarkness"],"picked":"SKIP","floor":28},{"not_picked":["hexamod:BurningTouch","hexamod:Hexaguard","hexamod:SpectralAdrenaline"],"picked":"SKIP","floor":29},{"not_picked":["hexamod:GhostOfSpirePast","hexamod:ChargedBarrage+1","hexamod:Again"],"picked":"SKIP","floor":30},{"not_picked":["hexamod:SpectralAdrenaline","hexamod:SwordOfDarkness+1"],"picked":"hexamod:TimeOfNeed","floor":32}],"player_experience":326357,"relics_obtained":[{"floor":7,"key":"Molten Egg 2"},{"floor":9,"key":"downfall:CloakOfManyFaces"},{"floor":12,"key":"Orichalcum"},{"floor":30,"key":"Letter Opener"}],"event_choices":[{"cards_removed":["Slimebound:Icky"],"damage_healed":0,"gold_gain":0,"player_choice":"Card Removal","damage_taken":0,"max_hp_gain":0,"max_hp_loss":0,"event_name":"The Cleric","floor":14,"gold_loss":0},{"damage_healed":0,"gold_gain":0,"player_choice":"Got Potions","damage_taken":0,"max_hp_gain":0,"max_hp_loss":0,"event_name":"Lab","floor":31,"gold_loss":0}],"is_beta":false,"boss_relics":[{"not_picked":["Philosopher\u0027s Stone","Astrolabe"],"picked":"SlaversCollar"}],"items_purged_floors":[20],"is_endless":false,"potions_floor_spawned":[2,4,10,15,21,28,30,32],"killed_by":"downfall:Defect","ascension_level":0}}