{"host":"b995t17pt6d05w8c","time":1610389246,"event":{"mods":["AchievementEnabler","BaseMod","Colored Map","Minty Spire (QoL Compilation)","SuperFastMode"],"gold_per_floor":[117,117,132,148,148,162,162,237,237,252,252,264,277,291,291,362,362,375,375,375,391,405,405,405,416,416,46,46,46,65,85,85,160,160,173,198,213,113,113,113,126,156,156,168,168,199,74,105,105,105],"floor_reached":51,"playtime":1757,"items_purged":["Strike_G","Defend_G","Defend_G"],"score":1590,"play_id":"d1f145e8-4044-4574-805b-2606adf4cd80","local_time":"20210112032046","is_ascension_mode":true,"campfire_choices":[{"data":"Acrobatics","floor":7.0,"key":"SMITH"},{"floor":15.0,"key":"REST"},{"floor":23.0,"key":"REST"},{"data":"Tactician","floor":28.0,"key":"SMITH"},{"data":"Defend_G","floor":32.0,"key":"PURGE"},{"data":"Distraction+1","floor":40,"key":"PURGE"},{"data":"Glass Knife+1","floor":45,"key":"PURGE"},{"data":"Quick Slash","floor":49,"key":"PURGE"}],"circlet_count":0,"master_deck":["AscendersBane","Survivor","Neutralize","Grand Finale","Acrobatics+1","Tactician+1","Heel Hook","Footwork","Backflip","After Image","Malaise+1","Acrobatics+1","Blur","Adrenaline","Finesse"],"relics":["Ring of the Snake","Mercury Hourglass","Astrolabe","Mummified Hand","Peace Pipe","Runic Pyramid","Meat on the Bone","Sundial","Oddly Smooth Stone","Du-Vu Doll"],"acts_visited":["Exordium","TheCity","TheBeyond"],"potions_floor_usage":[50,50],"damage_taken":[{"damage":1.0,"enemies":"Small Slimes","floor":1.0,"turns":5.0},{"damage":2.0,"enemies":"Cultist","floor":3.0,"turns":5.0},{"damage":2.0,"enemies":"Jaw Worm","floor":4.0,"turns":6.0},{"damage":7.0,"enemies":"3 Louse","floor":6.0,"turns":7.0},{"damage":0.0,"enemies":"Gremlin Gang","floor":10.0,"turns":4.0},{"damage":8.0,"enemies":"Blue Slaver","floor":12.0,"turns":4.0},{"damage":8.0,"enemies":"Large Slime","floor":13.0,"turns":2.0},{"damage":9.0,"enemies":"Exordium Wildlife","floor":14.0,"turns":2.0},{"damage":17.0,"enemies":"The Guardian","floor":16.0,"turns":17.0},{"damage":1.0,"enemies":"Shell Parasite","floor":18.0,"turns":5.0},{"damage":0.0,"enemies":"Spheric Guardian","floor":21.0,"turns":3.0},{"damage":15.0,"enemies":"Snecko","floor":22.0,"turns":5.0},{"damage":0.0,"enemies":"Centurion and Healer","floor":25.0,"turns":3.0},{"damage":0.0,"enemies":"Sentry and Sphere","floor":30.0,"turns":3.0},{"damage":0.0,"enemies":"3 Cultists","floor":31.0,"turns":1.0},{"damage":0.0,"enemies":"Automaton","floor":33.0,"turns":5.0},{"damage":0.0,"enemies":"3 Darklings","floor":35.0,"turns":3.0},{"damage":0.0,"enemies":"Mind Bloom Boss Battle","floor":36.0,"turns":3.0},{"damage":0.0,"enemies":"Orb Walker","floor":37.0,"turns":1.0},{"damage":0,"enemies":"Transient","floor":41,"turns":5},{"damage":0,"enemies":"Giant Head","floor":42,"turns":3},{"damage":0,"enemies":"3 Darklings","floor":44,"turns":1},{"damage":0,"enemies":"Nemesis","floor":46,"turns":1},{"damage":0,"enemies":"Giant Head","floor":48,"turns":2},{"damage":0,"enemies":"Donu and Deca","floor":50,"turns":1}],"seed_played":"-8461054514011423359","potions_obtained":[{"floor":1.0,"key":"Explosive Potion"},{"floor":5.0,"key":"EntropicBrew"},{"floor":5.0,"key":"GhostInAJar"},{"floor":10.0,"key":"Swift Potion"},{"floor":16.0,"key":"Poison Potion"},{"floor":33.0,"key":"Dexterity Potion"},{"floor":35.0,"key":"EssenceOfSteel"}],"is_trial":false,"path_per_floor":["M","?","M","M","?","M","R","?","T","M","?","M","M","M","R","B",null,"M","?","?","M","M","R","?","M","T","$","R","?","M","M","R","B",null,"M","?","M","$","?","R","M","E","T","M","R","E","$","E","R","B",null],"character_chosen":"THE_SILENT","items_purchased":["Peace Pipe"],"campfire_rested":2,"item_purchase_floors":[27],"current_hp_per_floor":[58,51,49,47,47,40,40,29,29,29,29,21,13,4,22,5,46,45,45,35,35,20,39,39,39,39,39,39,39,39,39,39,39,59,59,59,59,59,54,54,54,54,54,54,54,54,54,54,54,54],"gold":105,"neow_bonus":"THREE_RARE_CARDS","is_daily":false,"chose_seed":false,"campfire_upgraded":2,"win_rate":0.0,"timestamp":1610389246,"path_taken":["M","?","M","M","?","?","R","?","T","M","?","?","M","M","R","BOSS","M","?","?","M","M","R","?","M","T","$","R","?","M","?","R","BOSS","M","?","M","$","?","R","M","E","T","M","R","E","$","E","R","BOSS"],"items_purchased_type":["Relic"],"build_version":"2020-12-22","purchased_purges":3,"victory":true,"max_hp_per_floor":[60,60,60,60,60,60,60,60,60,60,60,60,60,60,60,60,60,60,60,65,65,65,65,65,65,65,65,65,65,65,65,65,65,65,65,65,65,65,65,65,65,65,65,65,65,65,65,65,65,65],"card_choices":[{"not_picked":["After Image","Malaise"],"picked":"Grand Finale","floor":0.0},{"not_picked":["Masterful Stab","Prepared"],"picked":"Acrobatics","floor":1.0},{"not_picked":["Expertise","Endless Agony"],"picked":"Tactician","floor":3.0},{"not_picked":["Choke","Predator","PiercingWail"],"picked":"SKIP","floor":4.0},{"not_picked":["Dagger Spray","Sucker Punch"],"picked":"Heel Hook","floor":6.0},{"not_picked":["PiercingWail","Backstab"],"picked":"Quick Slash","floor":10.0},{"not_picked":["Choke","Deflect"],"picked":"Footwork","floor":12.0},{"not_picked":["Deadly Poison","Predator"],"picked":"Backflip","floor":13.0},{"not_picked":["Expertise","Endless Agony","Backstab"],"picked":"SKIP","floor":14.0},{"not_picked":["Storm of Steel","Wraith Form v2"],"picked":"After Image","floor":16.0},{"not_picked":["Dagger Throw","Poisoned Stab"],"picked":"Acrobatics+1","floor":18.0},{"not_picked":["Terror","Dodge and Roll","Eviscerate"],"picked":"SKIP","floor":21.0},{"not_picked":["Acrobatics","Deadly Poison","Grand Finale"],"picked":"SKIP","floor":22.0},{"not_picked":["Flying Knee","Endless Agony","Blur"],"picked":"SKIP","floor":25.0},{"not_picked":["Quick Slash","Dagger Throw","Bane"],"picked":"SKIP","floor":30.0},{"not_picked":["Dagger Spray","Dagger Throw","Predator+1"],"picked":"SKIP","floor":31.0},{"not_picked":["Storm of Steel","Venomology"],"picked":"Adrenaline","floor":33.0},{"not_picked":["Eviscerate","Infinite Blades","Flechettes"],"picked":"SKIP","floor":35.0},{"not_picked":["Terror","Catalyst","Blade Dance"],"picked":"SKIP","floor":37.0},{"not_picked":["Enlightenment","Forethought"],"picked":"Finesse","floor":39},{"not_picked":["Poisoned Stab","Acrobatics+1","Infinite Blades"],"picked":"SKIP","floor":41},{"not_picked":["Acrobatics+1","Setup+1","Underhanded Strike+1"],"picked":"SKIP","floor":42},{"not_picked":["Expertise","Flechettes","Eviscerate"],"picked":"SKIP","floor":44},{"not_picked":["Poisoned Stab","Outmaneuver","Flying Knee"],"picked":"SKIP","floor":46},{"not_picked":["Predator","Tactician","Choke"],"picked":"SKIP","floor":48}],"player_experience":102396,"relics_obtained":[{"floor":9.0,"key":"Mercury Hourglass"},{"floor":26.0,"key":"Mummified Hand"},{"floor":42,"key":"Meat on the Bone"},{"floor":43,"key":"Sundial"},{"floor":46,"key":"Oddly Smooth Stone"},{"floor":48,"key":"Du-Vu Doll"}],"event_choices":[{"cards_removed":["Strike_G"],"damage_healed":0.0,"max_hp_gain":0.0,"max_hp_loss":0.0,"gold_gain":0.0,"event_name":"Golden Wing","player_choice":"Card Removal","floor":2.0,"gold_loss":0.0,"damage_taken":7.0},{"damage_healed":0.0,"max_hp_gain":0.0,"max_hp_loss":0.0,"gold_gain":0.0,"event_name":"Lab","player_choice":"Got Potions","floor":5.0,"gold_loss":0.0,"damage_taken":0.0},{"damage_healed":0.0,"max_hp_gain":0.0,"max_hp_loss":0.0,"gold_gain":75.0,"event_name":"World of Goop","player_choice":"Gather Gold","floor":8.0,"gold_loss":0.0,"damage_taken":11.0},{"cards_removed":["Defend_G"],"damage_healed":0.0,"max_hp_gain":0.0,"max_hp_loss":0.0,"gold_gain":0.0,"event_name":"Wheel of Change","player_choice":"Card Removal","floor":11.0,"gold_loss":0.0,"damage_taken":0.0},{"cards_removed":["Defend_G"],"damage_healed":0.0,"max_hp_gain":0.0,"max_hp_loss":0.0,"gold_gain":0.0,"event_name":"Back to Basics","player_choice":"Elegance","floor":19.0,"gold_loss":0.0,"damage_taken":0.0},{"damage_healed":0.0,"max_hp_gain":5.0,"max_hp_loss":0.0,"gold_gain":0.0,"event_name":"Forgotten Altar","player_choice":"Shed Blood","floor":20.0,"gold_loss":0.0,"damage_taken":15.0},{"damage_healed":0.0,"max_hp_gain":0.0,"max_hp_loss":0.0,"gold_gain":0.0,"event_name":"Cursed Tome","player_choice":"Ignored","floor":24.0,"gold_loss":0.0,"damage_taken":0.0},{"damage_healed":0.0,"max_hp_gain":0.0,"max_hp_loss":0.0,"gold_gain":0.0,"event_name":"The Library","player_choice":"Read","floor":29.0,"gold_loss":0.0,"damage_taken":0.0,"cards_obtained":["Blur"]},{"damage_healed":0.0,"max_hp_gain":0.0,"max_hp_loss":0.0,"gold_gain":0.0,"event_name":"MindBloom","player_choice":"Fight","floor":36.0,"gold_loss":0.0,"damage_taken":0.0},{"damage_healed":0,"gold_gain":0,"player_choice":"Memory 2","damage_taken":5,"max_hp_gain":0,"max_hp_loss":0,"event_name":"SensoryStone","floor":39,"gold_loss":0}],"is_beta":false,"boss_relics":[{"not_picked":["Philosopher\u0027s Stone","Coffee Dripper"],"picked":"Astrolabe"},{"not_picked":["Pandora\u0027s Box","Empty Cage"],"picked":"Runic Pyramid"}],"items_purged_floors":[27,38,47],"is_endless":false,"potions_floor_spawned":[1,6,10,13,16,18,22,30,33,35,36,46,48],"ascension_level":14}}