{"host":"z4nt7tdd4gjrinn7","time":1610386011,"event":{"mods":["BaseMod","Minty Spire (QoL Compilation)","StSLib"],"gold_per_floor":[112,129,129,129,139,139,154,154,206,50,50,62,75,122,122,227,227,246,212,57,57,67,67,67,67,67,67,15,27,27,38,38,142,142,157,157,9,26,26,26,44,44,44,5,17,17,34,47,47,47],"floor_reached":51,"playtime":2490,"items_purged":[],"score":687,"play_id":"ba8a9eb5-c7b4-4536-9177-07543dd70ca9","local_time":"20210111122651","is_ascension_mode":false,"campfire_choices":[{"data":"Thunderclap","floor":6,"key":"SMITH"},{"floor":8,"key":"REST"},{"data":"Fire Breathing","floor":15,"key":"SMITH"},{"data":"Demon Form","floor":23,"key":"SMITH"},{"floor":25,"key":"REST"},{"data":"Shockwave","floor":30,"key":"SMITH"},{"floor":32,"key":"REST"},{"data":"Immolate","floor":40,"key":"SMITH"},{"floor":42,"key":"REST"},{"floor":46,"key":"REST"},{"floor":49,"key":"REST"}],"circlet_count":0,"master_deck":["Strike_R","Strike_R","Strike_R","Strike_R","Strike_R","Defend_R","Defend_R","Defend_R","Defend_R","Bash","Thunderclap+1","Wild Strike","Heavy Blade","Twin Strike","Shockwave+1","Barricade+1","Cleave","Metallicize","Perfected Strike","Fire Breathing+1","Demon Form+1","Armaments+1","Blood for Blood","Shrug It Off","Anger","Thunderclap","Flex","Immolate+1","Thunderclap","Flex","Clothesline+1","Pain","Blood for Blood","Perfected Strike+1","Double Tap","Headbutt+1"],"relics":["Burning Blood","Omamori","Orrery","MealTicket","Cursed Key","HandDrill","MutagenicStrength","Pocketwatch","Mark of Pain","Bag of Marbles","Blood Vial","Lizard Tail"],"acts_visited":["Exordium","TheCity","TheBeyond"],"potions_floor_usage":[5,16,16,33,33,50,50,50],"damage_taken":[{"damage":0,"enemies":"2 Louse","floor":1,"turns":3},{"damage":16,"enemies":"Jaw Worm","floor":2,"turns":4},{"damage":1,"enemies":"Cultist","floor":5,"turns":3},{"damage":20,"enemies":"Exordium Thugs","floor":7,"turns":4},{"damage":13,"enemies":"Lots of Slimes","floor":12,"turns":4},{"damage":0,"enemies":"Large Slime","floor":13,"turns":4},{"damage":67,"enemies":"Hexaghost","floor":16,"turns":10},{"damage":27,"enemies":"2 Thieves","floor":18,"turns":3},{"damage":21,"enemies":"Spheric Guardian","floor":22,"turns":4},{"damage":4,"enemies":"Snecko","floor":29,"turns":4},{"damage":33,"enemies":"Sentry and Sphere","floor":31,"turns":7},{"damage":61,"enemies":"Automaton","floor":33,"turns":9},{"damage":32,"enemies":"3 Darklings","floor":35,"turns":4},{"damage":7,"enemies":"Orb Walker","floor":38,"turns":2},{"damage":12,"enemies":"4 Shapes","floor":41,"turns":1},{"damage":16,"enemies":"Writhing Mass","floor":45,"turns":5},{"damage":26,"enemies":"Spire Growth","floor":47,"turns":3},{"damage":34,"enemies":"4 Shapes","floor":48,"turns":4},{"damage":88,"enemies":"Time Eater","floor":50,"turns":8}],"seed_played":"2187595755682004054","potions_obtained":[{"floor":0,"key":"PowerPotion"},{"floor":0,"key":"Fire Potion"},{"floor":0,"key":"BloodPotion"},{"floor":5,"key":"DistilledChaos"},{"floor":12,"key":"BloodPotion"},{"floor":16,"key":"ColorlessPotion"},{"floor":22,"key":"FearPotion"},{"floor":38,"key":"FearPotion"},{"floor":41,"key":"Regen Potion"},{"floor":48,"key":"Ancient Potion"}],"is_trial":false,"path_per_floor":["M","M","?","?","M","R","M","R","T","$","?","M","M","T","R","B",null,"M","$","$","?","M","R","?","R","T","?","$","M","R","M","R","B",null,"M","?","$","M","?","R","M","R","T","$","M","R","M","M","R","B",null],"character_chosen":"IRONCLAD","items_purchased":["Orrery","Blood for Blood","HandDrill","Anger","Bag of Marbles","Blood for Blood"],"campfire_rested":6,"item_purchase_floors":[10,19,20,28,37,44],"current_hp_per_floor":[80,70,75,75,85,85,71,85,85,85,85,78,84,84,84,23,85,64,79,85,85,70,70,70,85,85,85,85,85,85,58,83,28,85,59,59,74,73,73,73,69,85,85,85,75,85,65,39,64,16],"gold":47,"neow_bonus":"THREE_SMALL_POTIONS","is_daily":false,"chose_seed":false,"campfire_upgraded":5,"win_rate":0.0,"timestamp":1610386011,"path_taken":["M","M","?","?","M","R","M","R","T","$","?","M","?","?","R","BOSS","M","?","$","?","M","R","?","R","T","?","?","M","R","?","R","BOSS","M","?","$","M","?","R","M","R","T","$","M","R","M","?","R","BOSS"],"items_purchased_type":["Relic","Card","Relic","Card","Relic","Card"],"build_version":"2020-12-22","purchased_purges":0,"victory":true,"max_hp_per_floor":[80,80,85,85,85,85,85,85,85,85,85,85,85,85,85,85,85,85,85,85,85,85,85,85,85,85,85,85,85,85,85,85,85,85,85,85,85,85,85,85,85,85,85,85,85,85,85,85,85,85],"card_choices":[{"not_picked":["Sword Boomerang","Pommel Strike"],"picked":"Thunderclap","floor":1},{"not_picked":["Clothesline","True Grit"],"picked":"Wild Strike","floor":2},{"not_picked":["Body Slam","Sever Soul"],"picked":"Heavy Blade","floor":5},{"not_picked":["Sword Boomerang","Dark Embrace"],"picked":"Twin Strike","floor":7},{"not_picked":["Sentinel","Clash"],"picked":"Shockwave","floor":10},{"not_picked":["Entrench","Shockwave"],"picked":"Barricade","floor":10},{"not_picked":["True Grit","Pommel Strike"],"picked":"Cleave","floor":10},{"not_picked":["Feel No Pain","Iron Wave"],"picked":"Metallicize","floor":10},{"not_picked":["Dual Wield","Rage"],"picked":"Perfected Strike","floor":10},{"not_picked":["Seeing Red","Pummel"],"picked":"Fire Breathing","floor":12},{"not_picked":["Shockwave","Sentinel"],"picked":"Infernal Blade","floor":13},{"not_picked":["Double Tap","Fiend Fire"],"picked":"Demon Form","floor":16},{"not_picked":["Searing Blow","Sever Soul"],"picked":"Armaments+1","floor":18},{"not_picked":["Body Slam+1","Flex"],"picked":"Shrug It Off","floor":22},{"not_picked":["Searing Blow","Twin Strike"],"picked":"Thunderclap","floor":29},{"not_picked":["Warcry","Clash"],"picked":"Flex","floor":31},{"not_picked":["Demon Form","Bludgeon"],"picked":"Immolate","floor":33},{"not_picked":["Inflame+1","Headbutt"],"picked":"Thunderclap","floor":35},{"not_picked":["Pummel","Warcry+1"],"picked":"Flex","floor":38},{"not_picked":["Warcry","Twin Strike+1"],"picked":"Clothesline+1","floor":41},{"not_picked":["Dual Wield","Rampage+1"],"picked":"Perfected Strike+1","floor":45},{"not_picked":["Rage","Twin Strike"],"picked":"Double Tap","floor":47},{"not_picked":["Havoc","Sever Soul"],"picked":"Headbutt+1","floor":48}],"player_experience":49324,"relics_obtained":[{"floor":9,"key":"Omamori"},{"floor":14,"key":"MealTicket"},{"floor":26,"key":"Pocketwatch"},{"floor":43,"key":"Lizard Tail"}],"event_choices":[{"damage_healed":0,"gold_gain":0,"player_choice":"Donut","damage_taken":0,"max_hp_gain":5,"max_hp_loss":0,"event_name":"Big Fish","floor":3,"gold_loss":0},{"damage_healed":0,"gold_gain":0,"player_choice":"Leave","damage_taken":0,"max_hp_gain":0,"max_hp_loss":0,"event_name":"The Cleric","floor":4,"gold_loss":0},{"damage_healed":0,"gold_gain":0,"player_choice":"Upgraded","damage_taken":0,"max_hp_gain":0,"max_hp_loss":0,"event_name":"Upgrade Shrine","floor":11,"gold_loss":0,"cards_upgraded":["Barricade"]},{"damage_healed":0,"gold_gain":0,"player_choice":"Inject Mutagens","damage_taken":0,"relics_obtained":["MutagenicStrength"],"max_hp_gain":0,"max_hp_loss":0,"event_name":"Drug Dealer","floor":21,"gold_loss":0},{"damage_healed":0,"gold_gain":0,"player_choice":"Smashed Altar","damage_taken":0,"max_hp_gain":0,"max_hp_loss":0,"event_name":"Forgotten Altar","floor":24,"gold_loss":0,"cards_obtained":["Decay"]},{"damage_healed":0,"gold_gain":0,"player_choice":"Ignored","damage_taken":0,"max_hp_gain":0,"max_hp_loss":0,"event_name":"Vampires","floor":27,"gold_loss":0},{"cards_removed":["Infernal Blade"],"damage_healed":0,"gold_gain":0,"player_choice":"Removed Skill","damage_taken":0,"max_hp_gain":0,"max_hp_loss":0,"event_name":"Falling","floor":36,"gold_loss":0},{"damage_healed":0,"gold_gain":0,"player_choice":"Gave Potion","damage_taken":0,"relics_obtained":["Blood Vial"],"max_hp_gain":0,"max_hp_loss":0,"event_name":"WeMeetAgain","floor":39,"gold_loss":0}],"is_beta":false,"boss_relics":[{"not_picked":["Sozu","Runic Cube"],"picked":"Cursed Key"},{"not_picked":["Runic Dome","SacredBark"],"picked":"Mark of Pain"}],"items_purged_floors":[],"is_endless":false,"potions_floor_spawned":[5,12,16,22,31,38,41,48],"ascension_level":0}}