{"host":"9l4mw5jqza9qz9hr","time":1610366436,"event":{"mods":["AchievementEnabler","Always Whale","BaseMod","Colored Map","Minty Spire (QoL Compilation)","StSLib","SuperFastMode"],"gold_per_floor":[116,135,10,10,10,45,59,59,59,59,59,59,84,16,16,113,113,132,142,142,158,108,108,120,120,120,155,155,155,155],"floor_reached":29,"playtime":5925,"items_purged":["Strike_B","Strike_B+1"],"score":438,"play_id":"b0124d02-4850-4b13-b803-aa794ee8a685","local_time":"20210111210036","is_ascension_mode":true,"campfire_choices":[{"data":"Dualcast","floor":8,"key":"SMITH"},{"data":"Ball Lightning","floor":10,"key":"SMITH"},{"data":"Coolheaded","floor":12,"key":"SMITH"},{"data":"Glacier","floor":15,"key":"SMITH"},{"floor":23,"key":"REST"},{"floor":25,"key":"REST"},{"data":"1","floor":28,"key":"LIFT"}],"circlet_count":0,"master_deck":["AscendersBane","Defend_B","Defend_B","Defend_B","Defend_B","Zap+1","Dualcast+1","Leap","Cold Snap","Coolheaded+1","Ball Lightning+1","Go for the Eyes","Chill","Steam Power","Glacier+1","Buffer","Defragment","Conserve Battery","FTL","Coolheaded","Turbo"],"relics":["Cracked Core","NeowsBlessing","Calipers","Shuriken","Smiling Mask","Fusion Hammer","Girya","Gremlin Horn"],"acts_visited":["Exordium","TheCity"],"potions_floor_usage":[19,29,29],"damage_taken":[{"damage":0,"enemies":"Cultist","floor":1,"turns":1},{"damage":0,"enemies":"2 Louse","floor":2,"turns":1},{"damage":0,"enemies":"3 Sentries","floor":6,"turns":1},{"damage":0,"enemies":"Small Slimes","floor":7,"turns":3},{"damage":31,"enemies":"Gremlin Nob","floor":13,"turns":5},{"damage":18,"enemies":"Hexaghost","floor":16,"turns":11},{"damage":0,"enemies":"Shell Parasite","floor":18,"turns":7},{"damage":21,"enemies":"2 Thieves","floor":19,"turns":5},{"damage":31,"enemies":"3 Cultists","floor":21,"turns":7},{"damage":4,"enemies":"Sentry and Sphere","floor":24,"turns":8},{"damage":4,"enemies":"Book of Stabbing","floor":27,"turns":8},{"damage":44,"enemies":"Masked Bandits","floor":29,"turns":8}],"seed_played":"-4687934281054367802","potions_obtained":[{"floor":2,"key":"Dexterity Potion"},{"floor":13,"key":"Block Potion"},{"floor":16,"key":"LiquidMemories"},{"floor":21,"key":"Block Potion"}],"is_trial":false,"path_per_floor":["M","M","$","?","?","E","M","R","T","R","?","R","E","$","R","B",null,"M","M","?","M","$","R","M","R","T","E","R","?"],"character_chosen":"DEFECT","items_purchased":["Coolheaded","Glacier"],"campfire_rested":2,"item_purchase_floors":[3,14],"current_hp_per_floor":[68,68,68,53,58,58,58,58,58,58,58,58,27,27,27,9,62,62,41,41,10,10,34,30,54,54,50,50,6,6],"gold":155,"neow_bonus":"THREE_ENEMY_KILL","is_daily":false,"chose_seed":false,"campfire_upgraded":4,"win_rate":0.0,"timestamp":1610366436,"path_taken":["M","?","$","?","?","E","M","R","T","R","?","R","E","?","R","BOSS","M","M","?","M","$","R","M","R","T","E","R","?"],"items_purchased_type":["Card","Card"],"build_version":"2020-12-22","purchased_purges":2,"victory":false,"max_hp_per_floor":[75,75,75,75,80,80,80,80,80,80,80,80,80,80,80,80,80,80,80,80,80,80,80,80,80,80,80,80,80,80],"card_choices":[{"not_picked":["Stack","Rebound"],"picked":"Leap","floor":1},{"not_picked":["Streamline","Gash"],"picked":"Cold Snap","floor":2},{"not_picked":["Heatsinks","Turbo"],"picked":"Ball Lightning","floor":6},{"not_picked":["Reprogram","Reinforced Body"],"picked":"Go for the Eyes","floor":7},{"not_picked":["Aggregate","Steam"],"picked":"Steam Power","floor":13},{"not_picked":["Core Surge","Meteor Strike"],"picked":"Buffer","floor":16},{"not_picked":["Compile Driver","Sunder+1"],"picked":"Defragment","floor":18},{"not_picked":["Leap+1","Double Energy"],"picked":"Conserve Battery","floor":19},{"not_picked":["Ball Lightning","Sunder"],"picked":"FTL","floor":21},{"not_picked":["Redo","Turbo"],"picked":"Coolheaded","floor":24},{"not_picked":["Streamline","Sweeping Beam"],"picked":"Turbo","floor":27}],"player_experience":213671,"relics_obtained":[{"floor":6,"key":"Calipers"},{"floor":9,"key":"Shuriken"},{"floor":13,"key":"Smiling Mask"},{"floor":26,"key":"Girya"},{"floor":27,"key":"Gremlin Horn"}],"event_choices":[{"damage_healed":0,"gold_gain":0,"player_choice":"Entered Light","damage_taken":15,"max_hp_gain":0,"max_hp_loss":0,"event_name":"Shining Light","floor":4,"gold_loss":0,"cards_upgraded":["Zap","Strike_B"]},{"damage_healed":0,"gold_gain":0,"player_choice":"Donut","damage_taken":0,"max_hp_gain":5,"max_hp_loss":0,"event_name":"Big Fish","floor":5,"gold_loss":0},{"damage_healed":0,"gold_gain":0,"cards_transformed":["Strike_B"],"player_choice":"Change","damage_taken":0,"max_hp_gain":0,"max_hp_loss":0,"event_name":"Living Wall","floor":11,"gold_loss":0,"cards_obtained":["Chill"]},{"cards_removed":["Strike_B"],"damage_healed":0,"gold_gain":0,"player_choice":"Elegance","damage_taken":0,"max_hp_gain":0,"max_hp_loss":0,"event_name":"Back to Basics","floor":20,"gold_loss":0},{"damage_healed":0,"gold_gain":0,"player_choice":"Fought Bandits","damage_taken":0,"max_hp_gain":0,"max_hp_loss":0,"event_name":"Masked Bandits","floor":29,"gold_loss":0}],"is_beta":false,"boss_relics":[{"not_picked":["Philosopher\u0027s Stone","Busted Crown"],"picked":"Fusion Hammer"}],"items_purged_floors":[3,22],"is_endless":false,"potions_floor_spawned":[2,13,16,21],"killed_by":"Masked Bandits","ascension_level":12}}