{"host":"KYO","time":1610365198,"event":{"mods":["ATMod(°¢èªMod)","BaseMod","BetterRewards","Minty Spire (QoL Compilation)","Remove Card Discount Mod","Shop Mod","StSLib","SuperFastMode","The Marked","[IsaacMod]ÒÔÈö¼âËþ","¡¾ÒÅÎï¿¨ÅÆ¡¿REMEMod"],"gold_per_floor":[165,165,203,244,319,369,471,533,533,585,653,703,764,805,805,933,933,1002,1102,1017,1172,1172,1309,1354,1412,1412,1412,996,1106,1159,1213,1213,1350,1350,1490,1151,1249,1549,1549,1654,1654,1704,1704,2149,2149,2201,2244,2373,2373,2398,2398,2598,3675,3754,3779],"floor_reached":56,"playtime":3267,"items_purged":["theMarked:Strike","DoctorFetus","theMarked:Defend","theMarked:Strike","theMarked:Strike","theMarked:Strike","theMarked:Defend","theMarked:Defend","theMarked:Defend","theMarked:Strike"],"score":2390,"play_id":"bccc0716-f882-4420-a463-9ab3dd218a79","local_time":"20210111193958","is_ascension_mode":true,"campfire_choices":[{"data":"AT_MachinaRedman","floor":15.0,"key":"SMITH"},{"floor":32.0,"key":"RECALL"},{"floor":49.0,"key":"DIG"},{"floor":52.0,"key":"DIG"}],"circlet_count":0,"master_deck":["theMarked:SoldierOfQuellstein+1","Reboot+1","AT_MachinaRedman+1","theMarked:ComboAttacks+1"],"relics":["theMarked:ArtifactOfAir","HushsDoor","AT_ATBox","REME_ComplimentaryCards","MerchantsRug","AT_MibuBalloonWealth","Bronze Scales","SteamSale","theMarked:SecretDocuments","Medical Kit","AT_SeraphEmbrace","AT_ChloranthyRing","AT_BellDemon","AT_ImmortalShieldbow","Orichalcum","REME_LimitBreaker","Kunai","theMarked:Eyepatch","AT_DeathDance","GuppysHead","Centennial Puzzle","DeadEye","HornCleat","BFFS","Anchor","Mummified Hand","AT_RedTearstoneRing","REME_PuzzleBoxRelic","Oddly Smooth Stone","AT_TrinityForce","Nunchaku","PunchingBag","theMarked:Winder","AT_EbonyIvory","MoneyPower","HowToJump","AT_SunfireAegis","BelialBook","Pen Nib","Shuriken","AT_BellowingDragoncrestRing","EdensBlessing","Pantograph","Vajra","BloodBag","Happy Flower","Bottled Lightning"],"acts_visited":["Exordium","TheCity","TheBeyond","TheEnding"],"potions_floor_usage":[55,55,55],"damage_taken":[{"damage":0.0,"enemies":"2 Louse","floor":1.0,"turns":1.0},{"damage":0.0,"enemies":"Jaw Worm","floor":3.0,"turns":1.0},{"damage":0.0,"enemies":"Cultist","floor":4.0,"turns":1.0},{"damage":0.0,"enemies":"Lagavulin","floor":6.0,"turns":2.0},{"damage":0.0,"enemies":"3 Sentries","floor":7.0,"turns":2.0},{"damage":0.0,"enemies":"Exordium Wildlife","floor":8.0,"turns":2.0},{"damage":0.0,"enemies":"Gremlin Nob","floor":10.0,"turns":2.0},{"damage":0.0,"enemies":"2 Fungi Beasts","floor":11.0,"turns":2.0},{"damage":0.0,"enemies":"Lagavulin","floor":12.0,"turns":2.0},{"damage":0.0,"enemies":"Exordium Thugs","floor":13.0,"turns":1.0},{"damage":0.0,"enemies":"Looter","floor":14.0,"turns":1.0},{"damage":30.0,"enemies":"Hexaghost","floor":16.0,"turns":3.0},{"damage":0.0,"enemies":"2 Thieves","floor":18.0,"turns":1.0},{"damage":0.0,"enemies":"Chosen","floor":21.0,"turns":1.0},{"damage":10.0,"enemies":"Gremlin Leader","floor":23.0,"turns":2.0},{"damage":0.0,"enemies":"Snake Plant","floor":24.0,"turns":1.0},{"damage":2.0,"enemies":"REME_1_Revenger","floor":25.0,"turns":2.0},{"damage":0.0,"enemies":"Gremlin Leader","floor":29.0,"turns":1.0},{"damage":0.0,"enemies":"REME_1_Revenger","floor":30.0,"turns":2.0},{"damage":0.0,"enemies":"Book of Stabbing","floor":31.0,"turns":1.0},{"damage":3.0,"enemies":"Champ","floor":33.0,"turns":5.0},{"damage":0.0,"enemies":"3 Darklings","floor":35.0,"turns":1.0},{"damage":2.0,"enemies":"3 Shapes","floor":37.0,"turns":1.0},{"damage":0.0,"enemies":"Reptomancer","floor":40.0,"turns":1.0},{"damage":0.0,"enemies":"Nemesis","floor":42.0,"turns":1.0},{"damage":0.0,"enemies":"3 Darklings","floor":44.0,"turns":1.0},{"damage":0.0,"enemies":"Giant Head","floor":46.0,"turns":1.0},{"damage":0.0,"enemies":"Transient","floor":47.0,"turns":2.0},{"damage":0.0,"enemies":"Reptomancer","floor":48.0,"turns":2.0},{"damage":0.0,"enemies":"Time Eater","floor":50.0,"turns":1.0},{"damage":0.0,"enemies":"Shield and Spear","floor":54.0,"turns":1.0},{"damage":32,"enemies":"The Heart","floor":55,"turns":4}],"seed_played":"-4479185153508499503","potions_obtained":[{"floor":6.0,"key":"EntropicBrew"},{"floor":8.0,"key":"Energy Potion"},{"floor":10.0,"key":"AttackPotion"},{"floor":12.0,"key":"LiquidBronze"},{"floor":14.0,"key":"theMarked:ChargePotion"},{"floor":16.0,"key":"Block Potion"},{"floor":21.0,"key":"REME_GoldPotion"},{"floor":23.0,"key":"DuplicationPotion"},{"floor":24.0,"key":"theMarked:ChargePotion"},{"floor":33.0,"key":"BlessingOfTheForge"},{"floor":40.0,"key":"EssenceOfSteel"},{"floor":42.0,"key":"ColorlessPotion"},{"floor":47.0,"key":"FairyPotion"},{"floor":48.0,"key":"BlessingOfTheForge"}],"is_trial":false,"path_per_floor":["M","?","M","M","?","E","E","M","T","E","M","E","M","M","R","B",null,"M","?","?","M","T","E","M","E","T","?","$","E","E","E","R","B",null,"M","$","M","?","?","E","T","E","T","M","?","E","M","E","R","B",null,"R","$","E","B",null],"character_chosen":"THE_DEFAULT","items_purchased":["MerchantsRug","AT_MibuBalloonWealth","Bronze Scales","Habit","SteamSale","WingedGreaves","theMarked:ComboAttacks","TheBattery","theMarked:SecretDocuments","Medical Kit","AT_ArchangelStaff","AT_ChloranthyRing","DeadEye","HornCleat","BFFS","Shovel","Anchor","Mummified Hand","AT_RedTearstoneRing","Sling","Akabeko","PunchingBag","Frozen Eye","AT_SpeedBoots","theMarked:Winder","Vajra","Bag of Preparation","Strength Potion","Ancient Potion","LiquidBronze"],"campfire_rested":0,"item_purchase_floors":[0,0,0,0,0,0,0,0,0,0,0,0,28,28,28,28,28,28,28,28,36,36,36,36,36,53,53,53,53,53],"current_hp_per_floor":[67,53,53,53,42,42,42,42,42,42,42,42,42,42,42,20,70,70,70,70,60,60,50,50,48,48,70,60,60,60,60,60,57,75,75,75,73,73,73,73,73,75,75,75,75,75,75,75,75,75,75,60,67,67,50],"gold":3779,"neow_bonus":"","is_daily":false,"chose_seed":false,"campfire_upgraded":1,"win_rate":0.0,"timestamp":1610365198,"path_taken":["M","?","M","M","?","E","E","M","T","E","M","E","M","M","R","BOSS","M","?","?","?","?","E","M","E","T","?","$","E","E","E","R","BOSS","M","$","M","?","?","E","?","E","T","?","?","E","M","E","R","BOSS","R","$","E","BOSS"],"items_purchased_type":["Relic","Relic","Relic","Relic","Relic","Relic","Card","Relic","Relic","Relic","Relic","Relic","Relic","Relic","Relic","Relic","Relic","Relic","Relic","Relic","Relic","Relic","Relic","Relic","Relic","Relic","Relic","Potion","Potion","Potion"],"build_version":"2020-12-18","purchased_purges":10,"victory":true,"max_hp_per_floor":[70,70,70,70,70,70,70,70,70,70,70,70,70,70,70,70,70,70,70,70,70,70,70,70,70,70,70,75,75,75,75,75,75,75,75,75,75,75,75,75,75,75,75,75,75,75,75,75,75,75,75,75,82,82,82],"card_choices":[{"not_picked":[],"picked":"DoctorFetus","floor":0.0},{"not_picked":["theMarked:Static","theMarked:Parkour","theMarked:TwofoldDefense"],"picked":"SKIP","floor":1.0},{"not_picked":["theMarked:WastefulDefense","theMarked:ElementalBlade","theMarked:HeightenedSenses"],"picked":"SKIP","floor":3.0},{"not_picked":["theMarked:RepellingDischarge","theMarked:TwofoldDefense","theMarked:Improvise"],"picked":"SKIP","floor":4.0},{"not_picked":["theMarked:ResourceFulStrike","theMarked:ContemptForTheProud","theMarked:Electrocute"],"picked":"SKIP","floor":6.0},{"not_picked":["theMarked:Indomitable","theMarked:Parkour","theMarked:MysticalArsenal"],"picked":"SKIP","floor":7.0},{"not_picked":["theMarked:PowerFlow","theMarked:Reabsorb","theMarked:SuspiciousRaven"],"picked":"SKIP","floor":8.0},{"not_picked":["theMarked:Improvise","theMarked:RepellingDischarge","theMarked:EnhanceMovement"],"picked":"SKIP","floor":10.0},{"not_picked":["theMarked:ElectricStrings","theMarked:Overthink","theMarked:WardOff"],"picked":"SKIP","floor":11.0},{"not_picked":["theMarked:WastefulDefense","theMarked:WardOff","theMarked:Frustration"],"picked":"SKIP","floor":12.0},{"not_picked":["theMarked:WardOff","theMarked:ParalyzingBlade","theMarked:ReduceFriction"],"picked":"SKIP","floor":13.0},{"not_picked":["theMarked:WardOff","theMarked:ParalyzingBlade","theMarked:ReduceFriction"],"picked":"SKIP","floor":13.0},{"not_picked":["theMarked:Improvise","theMarked:SummonStrength","theMarked:Parkour"],"picked":"SKIP","floor":14.0},{"not_picked":["theMarked:ResourceFulStrike","theMarked:StartUp","theMarked:TunnelVision+1"],"picked":"SKIP","floor":18.0},{"not_picked":["theMarked:Static+1","theMarked:Improvise","theMarked:BanishingStrike"],"picked":"SKIP","floor":21.0},{"not_picked":["theMarked:TurnInvisible","theMarked:TakeCover+1","theMarked:ElectricStrings"],"picked":"SKIP","floor":23.0},{"not_picked":["theMarked:HeightenedSenses","theMarked:Reabsorb","theMarked:EmpowerWeapon+1"],"picked":"SKIP","floor":24.0},{"not_picked":["theMarked:WastefulDefense+1","theMarked:KeepCalmAndFightOn","theMarked:RepellingDischarge"],"picked":"SKIP","floor":25.0},{"not_picked":["theMarked:HeritageOfTheMarked","theMarked:Aftermath+1","theMarked:Static"],"picked":"SKIP","floor":29.0},{"not_picked":["theMarked:Snap","theMarked:ElectricStrings","theMarked:Parry"],"picked":"SKIP","floor":30.0},{"not_picked":["theMarked:WardOff+1","theMarked:StartUp","theMarked:Aftermath"],"picked":"SKIP","floor":31.0},{"not_picked":["theMarked:ChainLightning+1","theMarked:Convert","theMarked:ElectricStrings+1"],"picked":"SKIP","floor":35.0},{"not_picked":["theMarked:AttractMetal","theMarked:Improvise","theMarked:Polarize+1"],"picked":"SKIP","floor":37.0},{"not_picked":["theMarked:Frustration","theMarked:ElectricStrings","theMarked:Improvise"],"picked":"SKIP","floor":40.0},{"not_picked":["theMarked:EmpowerWeapon","theMarked:Defy","theMarked:Improvise"],"picked":"SKIP","floor":42.0},{"not_picked":["theMarked:CreepingChasm","theMarked:SwordAndMagic+1","theMarked:ChainLightning+1"],"picked":"SKIP","floor":44.0},{"not_picked":["theMarked:TurnInvisible","theMarked:ChainLightning+1","theMarked:PowerFlow+1"],"picked":"SKIP","floor":46.0},{"not_picked":["theMarked:WardOff+1","theMarked:Frustration","theMarked:BanishingStrike+1"],"picked":"SKIP","floor":47.0},{"not_picked":["theMarked:Frustration","theMarked:Electrify","theMarked:Aftermath"],"picked":"SKIP","floor":48.0},{"not_picked":["theMarked:Static","theMarked:ParalyzingBlade+1","theMarked:Overthink"],"picked":"SKIP","floor":54.0}],"player_experience":599574,"relics_obtained":[{"floor":6.0,"key":"StoneCalendar"},{"floor":7.0,"key":"StrikeDummy"},{"floor":9.0,"key":"AT_BellDemon"},{"floor":10.0,"key":"Potion Belt"},{"floor":10.0,"key":"TheBean"},{"floor":11.0,"key":"AT_ImmortalShieldbow"},{"floor":12.0,"key":"Orichalcum"},{"floor":12.0,"key":"REME_LimitBreaker"},{"floor":13.0,"key":"Pocketwatch"},{"floor":14.0,"key":"D6"},{"floor":16.0,"key":"Kunai"},{"floor":18.0,"key":"Art of War"},{"floor":21.0,"key":"Smiling Mask"},{"floor":22.0,"key":"GuppysHead"},{"floor":23.0,"key":"theMarked:DemonDagger"},{"floor":23.0,"key":"Eternal Feather"},{"floor":24.0,"key":"Tiny Chest"},{"floor":25.0,"key":"DoctorsRemote"},{"floor":25.0,"key":"Centennial Puzzle"},{"floor":26.0,"key":"MealTicket"},{"floor":29.0,"key":"SalivaCoin"},{"floor":29.0,"key":"REME_PuzzleBoxRelic"},{"floor":30.0,"key":"CeramicFish"},{"floor":30.0,"key":"Toy Ornithopter"},{"floor":31.0,"key":"Oddly Smooth Stone"},{"floor":31.0,"key":"War Paint"},{"floor":35.0,"key":"Nunchaku"},{"floor":37.0,"key":"AT_EbonyIvory"},{"floor":40.0,"key":"Bird Faced Urn"},{"floor":41.0,"key":"MoneyPower"},{"floor":42.0,"key":"HowToJump"},{"floor":42.0,"key":"AT_SunfireAegis"},{"floor":44.0,"key":"Old Coin"},{"floor":46.0,"key":"BelialBook"},{"floor":46.0,"key":"Lantern"},{"floor":47.0,"key":"Pen Nib"},{"floor":48.0,"key":"Shuriken"},{"floor":48.0,"key":"AT_BellowingDragoncrestRing"},{"floor":49.0,"key":"EdensBlessing"},{"floor":52.0,"key":"Pantograph"},{"floor":54.0,"key":"Happy Flower"},{"floor":54.0,"key":"Bottled Lightning"}],"event_choices":[{"damage_healed":0.0,"max_hp_gain":0.0,"max_hp_loss":0.0,"gold_gain":0.0,"event_name":"Shining Light","player_choice":"Entered Light","floor":2.0,"gold_loss":0.0,"damage_taken":14.0,"cards_upgraded":["Reboot","theMarked:ComboAttacks"]},{"damage_healed":0.0,"max_hp_gain":0.0,"max_hp_loss":0.0,"gold_gain":75.0,"event_name":"World of Goop","player_choice":"Gather Gold","floor":5.0,"gold_loss":0.0,"damage_taken":11.0},{"damage_healed":0.0,"max_hp_gain":0.0,"max_hp_loss":0.0,"gold_gain":100.0,"event_name":"Golden Shrine","player_choice":"Pray","floor":19.0,"gold_loss":0.0,"damage_taken":0.0},{"damage_healed":0.0,"max_hp_gain":0.0,"max_hp_loss":0.0,"gold_gain":0.0,"event_name":"Addict","player_choice":"Obtained Relic","floor":20.0,"gold_loss":85.0,"damage_taken":0.0,"relics_obtained":["AT_DeathDance"]},{"damage_healed":23.0,"max_hp_gain":0.0,"max_hp_loss":0.0,"gold_gain":0.0,"event_name":"The Library","player_choice":"Heal","floor":27.0,"gold_loss":0.0,"damage_taken":0.0},{"damage_healed":0.0,"max_hp_gain":0.0,"max_hp_loss":0.0,"gold_gain":0.0,"event_name":"Purifier","player_choice":"Ignored","floor":39.0,"gold_loss":0.0,"damage_taken":0.0},{"damage_healed":0.0,"max_hp_gain":0.0,"max_hp_loss":0.0,"gold_gain":0.0,"event_name":"SensoryStone","player_choice":"Memory 1","floor":45.0,"gold_loss":0.0,"damage_taken":0.0}],"is_beta":true,"boss_relics":[{"not_picked":["Calling Bell","Ectoplasm"],"picked":"theMarked:Eyepatch"},{"not_picked":[]},{"not_picked":["Runic Dome","Tiny House"],"picked":"AT_TrinityForce"},{"not_picked":[]}],"items_purged_floors":[0,0,0,0,0,0,0,0,0,0],"is_endless":false,"potions_floor_spawned":[6,8,10,12,14,16,21,23,24,33,40,42,47,48,54],"ascension_level":2}}