{"host":"kdt6w7ix8lwe69i9","time":1610344570,"event":{"mods":["100% Spire Juice","Bartender","BaseMod","ChefMod","Downfall","Fiend Mod","Jorbs\u0027s Wanderer Trilogy","Minty Spire (QoL Compilation)","Reimu（博丽灵梦）","Robot Space Explorer","StSLib","The Caster","The Cursed","The Disciple","The Dragon Tamer","The Druid","The Elementalist","The Forsaken","The Gatherer","The Marked","TheBandit"],"gold_per_floor":[110,110,127,87,101,134,134,154,154,179,179,197,197,222,222,317,317,331,331,331,17,32,67,80,95,149,149,58,58,69,169,169,274,274,285,0,11,11,27,59,59,92,92,127,140,140,190,222,222,222,222,222,38,63,63],"floor_reached":56,"playtime":6319,"items_purged":["Writhe"],"score":1468,"play_id":"59a01470-79c2-4b37-902c-f0f87a59d4d7","local_time":"20210111005610","is_ascension_mode":false,"campfire_choices":[{"data":"RobotSpaceExplorer:Multitool","floor":7,"key":"SMITH"},{"data":"RobotSpaceExplorer:Discharger","floor":11,"key":"SMITH"},{"floor":15,"key":"RECALL"},{"data":"RobotSpaceExplorer:MiniBoosters","floor":27,"key":"SMITH"},{"data":"expansioncontent:DarkVoid","floor":29,"key":"SMITH"},{"data":"RobotSpaceExplorer:DoubleFind","floor":32,"key":"SMITH"},{"data":"RobotSpaceExplorer:DualCore","floor":49,"key":"SMITH"},{"data":"RobotSpaceExplorer:LaserBurst","floor":52,"key":"SMITH"}],"circlet_count":0,"master_deck":["RobotSpaceExplorer:Scan","RobotSpaceExplorer:MiniLasers","RobotSpaceExplorer:SelfCleaning","RobotSpaceExplorer:Multitool+1","RobotSpaceExplorer:MiniDrones","RobotSpaceExplorer:Pulsar+1","RobotSpaceExplorer:MiniDrones+1","RobotSpaceExplorer:Discharger+1","RobotSpaceExplorer:DualCore+1","RobotSpaceExplorer:Accelerator","RobotSpaceExplorer:LaserBurst+1","RobotSpaceExplorer:Blitz","RobotSpaceExplorer:Jetpack","RobotSpaceExplorer:FreezingShield","RobotSpaceExplorer:ExhaustFan","RobotSpaceExplorer:Calculate","RobotSpaceExplorer:DoubleFind+1","RobotSpaceExplorer:Electroshield","RobotSpaceExplorer:PowerCollector","RobotSpaceExplorer:MiniBoosters+1","RobotSpaceExplorer:StarLightning","RobotSpaceExplorer:SlimeMissile+1","RobotSpaceExplorer:FreezeRay","expansioncontent:DarkVoid+1","RobotSpaceExplorer:GlueShot+1","RobotSpaceExplorer:PlasmaMissile+1","RobotSpaceExplorer:DoubleFind+1","RobotSpaceExplorer:Fix+1","expansioncontent:DecasProtection","Swift Strike","RobotSpaceExplorer:Electropulse","RobotSpaceExplorer:MiniDrones+1","RobotSpaceExplorer:GlueShot+1","RobotSpaceExplorer:LuckyStrike+1","RobotSpaceExplorer:MetalStrike+1","Madness","Madness","RobotSpaceExplorer:Probe+1","RobotSpaceExplorer:StarDust","RobotSpaceExplorer:PlasmaMissile","RobotSpaceExplorer:Explosion"],"relics":["Coffee Dripper","PaintedHorse:ReiMu","theForsaken:HumbleEgg","White Beast Statue","Tea:ReiMu","Pandora\u0027s Box","Art of War","Dead Branch","Bird Faced Urn","Protect_Vest","Pantograph","Pocketwatch","Fiend:Scarf","Centennial Puzzle","Red Mask","Regal Pillow","Potion Belt","Meat on the Bone","Mastiff:ReiMu","Ornamental Fan","PureWhite:ReiMu"],"acts_visited":["Exordium","TheCity","TheBeyond","TheEnding"],"potions_floor_usage":[10,16,16,22,23,23,24,25,25,31,31,37,37,39,42,45,45,45,45,48,50,55],"damage_taken":[{"damage":0,"enemies":"Small Slimes","floor":1,"turns":3},{"damage":2,"enemies":"2 Louse","floor":3,"turns":3},{"damage":4,"enemies":"Jaw Worm","floor":5,"turns":3},{"damage":18,"enemies":"3 Sentries","floor":6,"turns":10},{"damage":0,"enemies":"Large Slime","floor":8,"turns":5},{"damage":0,"enemies":"Lagavulin","floor":10,"turns":5},{"damage":0,"enemies":"Exordium Thugs","floor":12,"turns":4},{"damage":0,"enemies":"Slime Boss","floor":16,"turns":5},{"damage":0,"enemies":"Spheric Guardian","floor":18,"turns":4},{"damage":21,"enemies":"2 Thieves","floor":22,"turns":4},{"damage":0,"enemies":"Gremlin Leader","floor":23,"turns":6},{"damage":0,"enemies":"Shelled Parasite and Fungi","floor":24,"turns":4},{"damage":1,"enemies":"Sentry and Sphere","floor":25,"turns":3},{"damage":0,"enemies":"Cultist and Chosen","floor":30,"turns":4},{"damage":13,"enemies":"Colosseum Slavers","floor":31,"turns":3},{"damage":0,"enemies":"Colosseum Nobs","floor":31,"turns":3},{"damage":0,"enemies":"Collector","floor":33,"turns":5},{"damage":6,"enemies":"3 Shapes","floor":35,"turns":3},{"damage":0,"enemies":"3 Darklings","floor":37,"turns":3},{"damage":0,"enemies":"Maw","floor":39,"turns":6},{"damage":0,"enemies":"Reptomancer","floor":40,"turns":6},{"damage":0,"enemies":"Giant Head","floor":42,"turns":6},{"damage":3,"enemies":"Reptomancer","floor":44,"turns":4},{"damage":0,"enemies":"Transient","floor":45,"turns":5},{"damage":0,"enemies":"Giant Head","floor":48,"turns":4},{"damage":14,"enemies":"Donu and Deca","floor":50,"turns":6},{"damage":9,"enemies":"Shield and Spear","floor":54,"turns":4},{"damage":51,"enemies":"The Heart","floor":55,"turns":6}],"seed_played":"-3987796412921098892","potions_obtained":[{"floor":3,"key":"GamblersBrew"},{"floor":6,"key":"SmokeBomb"},{"floor":8,"key":"ColorlessPotion"},{"floor":10,"key":"SpeedPotion"},{"floor":12,"key":"DistilledChaos"},{"floor":16,"key":"LiquidMemories"},{"floor":18,"key":"SpeedPotion"},{"floor":22,"key":"Swift Potion"},{"floor":23,"key":"Guardian:BlockOnCardUsePotion"},{"floor":24,"key":"DistilledChaos"},{"floor":25,"key":"Explosive Potion"},{"floor":30,"key":"RobotSpaceExplorer:PlasmaFlask"},{"floor":31,"key":"ZuzhouPotion:ReiMu"},{"floor":33,"key":"RobotSpaceExplorer:RecyclePotion"},{"floor":35,"key":"AttackPotion"},{"floor":37,"key":"ColorlessPotion"},{"floor":39,"key":"Guardian:BlockOnCardUsePotion"},{"floor":40,"key":"Energy Potion"},{"floor":42,"key":"ZuzhouPotion:ReiMu"},{"floor":44,"key":"FearPotion"},{"floor":45,"key":"AttackPotion"},{"floor":48,"key":"Fruit Juice"},{"floor":54,"key":"GamblersBrew"}],"is_trial":false,"path_per_floor":["M","?","M","?","M","E","R","M","T","E","R","M","?","T","R","B",null,"M","?","?","$","M","E","M","M","T","R","$","R","M","?","R","B",null,"M","?","M","?","M","E","?","E","T","E","M","?","?","E","R","B",null,"R","$","E","B",null],"character_chosen":"RobotSpaceExplorer","items_purchased":["Dead Branch","expansioncontent:DarkVoid","RobotSpaceExplorer:StarDust","RobotSpaceExplorer:PlasmaMissile"],"campfire_rested":0,"item_purchase_floors":[21,28,53,53],"current_hp_per_floor":[75,75,73,73,69,51,51,51,51,51,51,51,51,51,51,51,75,75,75,69,69,48,48,60,73,73,73,73,73,75,75,75,75,75,75,75,75,65,75,75,75,75,75,75,75,66,66,80,80,80,80,80,80,75,48],"gold":63,"neow_bonus":"BOSS_RELIC","is_daily":false,"chose_seed":false,"campfire_upgraded":7,"win_rate":0.0,"timestamp":1610344570,"path_taken":["M","?","M","?","M","E","R","M","T","E","R","M","?","?","R","BOSS","M","?","?","$","M","E","?","M","T","R","$","R","M","?","R","BOSS","M","?","M","?","?","E","?","E","T","E","M","?","?","E","R","BOSS","R","$","E","BOSS"],"items_purchased_type":["Relic","Card","Card","Card"],"build_version":"2020-12-22","purchased_purges":1,"victory":true,"max_hp_per_floor":[75,75,75,75,75,75,75,75,75,75,75,75,75,75,75,75,75,75,75,75,75,75,75,75,75,75,75,75,75,75,75,75,75,75,75,75,75,75,75,75,75,75,75,75,75,75,75,80,80,80,80,80,80,80,80],"card_choices":[{"not_picked":["RobotSpaceExplorer:SwiftStep","RobotSpaceExplorer:ImprovisedAttack"],"picked":"RobotSpaceExplorer:SelfCleaning","floor":1},{"not_picked":["RobotSpaceExplorer:BigMissile","RobotSpaceExplorer:MiniDrones"],"picked":"RobotSpaceExplorer:Multitool","floor":3},{"not_picked":["RobotSpaceExplorer:PlasmaMissile","RobotSpaceExplorer:ToxicBomb"],"picked":"RobotSpaceExplorer:MiniDrones","floor":5},{"not_picked":["RobotSpaceExplorer:ShockKick+1","RobotSpaceExplorer:FrostMissile+1"],"picked":"RobotSpaceExplorer:Pulsar+1","floor":6},{"not_picked":["RobotSpaceExplorer:Smokescreen","RobotSpaceExplorer:StunGrenade+1"],"picked":"RobotSpaceExplorer:MiniDrones+1","floor":8},{"not_picked":["RobotSpaceExplorer:DroneSwarm","RobotSpaceExplorer:GlueShot+1"],"picked":"RobotSpaceExplorer:Discharger","floor":10},{"not_picked":["RobotSpaceExplorer:SwiftStep+1","RobotSpaceExplorer:PlasmaMissile"],"picked":"RobotSpaceExplorer:DualCore","floor":12},{"not_picked":["RobotSpaceExplorer:Comet","RobotSpaceExplorer:Autoloader"],"picked":"RobotSpaceExplorer:Accelerator","floor":16},{"not_picked":["RobotSpaceExplorer:Jetpack","RobotSpaceExplorer:Ammunition+1"],"picked":"RobotSpaceExplorer:PowerCollector","floor":18},{"not_picked":["RobotSpaceExplorer:StunGrenade+1","RobotSpaceExplorer:Blitz"],"picked":"RobotSpaceExplorer:MiniBoosters","floor":22},{"not_picked":["RobotSpaceExplorer:GlueShot+1","RobotSpaceExplorer:ShockKick+1"],"picked":"RobotSpaceExplorer:StarLightning","floor":23},{"not_picked":["RobotSpaceExplorer:MetalStrike+1","RobotSpaceExplorer:ImprovisedAttack+1"],"picked":"RobotSpaceExplorer:SlimeMissile+1","floor":24},{"not_picked":["RobotSpaceExplorer:BigMissile","RobotSpaceExplorer:SlimeMissile+1"],"picked":"RobotSpaceExplorer:FreezeRay","floor":25},{"not_picked":["RobotSpaceExplorer:Fix","RobotSpaceExplorer:SurgingShield+1"],"picked":"RobotSpaceExplorer:GlueShot+1","floor":30},{"not_picked":["RobotSpaceExplorer:FrostMissile+1","RobotSpaceExplorer:Ammunition+1"],"picked":"RobotSpaceExplorer:PlasmaMissile+1","floor":31},{"not_picked":["RobotSpaceExplorer:Scanner","RobotSpaceExplorer:Arsenal"],"picked":"RobotSpaceExplorer:Exploration","floor":33},{"not_picked":["RobotSpaceExplorer:ShovelStrike+1","RobotSpaceExplorer:GearShield"],"picked":"RobotSpaceExplorer:DoubleFind+1","floor":35},{"not_picked":["RobotSpaceExplorer:IronShell+1","RobotSpaceExplorer:FrostMissile+1"],"picked":"RobotSpaceExplorer:Fix+1","floor":37},{"not_picked":["expansioncontent:LastStand","expansioncontent:Hexaburn"],"picked":"expansioncontent:DecasProtection","floor":38},{"not_picked":["Chrysalis","HandOfGreed"],"picked":"Mind Blast","floor":38},{"not_picked":["expansioncontent:ChargeUp","Master of Strategy"],"picked":"Swift Strike","floor":38},{"not_picked":["RobotSpaceExplorer:ShockKick+1","RobotSpaceExplorer:SelfCleaning"],"picked":"RobotSpaceExplorer:Electropulse","floor":39},{"not_picked":["RobotSpaceExplorer:Ammunition+1","RobotSpaceExplorer:LuckyStrike"],"picked":"RobotSpaceExplorer:MiniDrones+1","floor":40},{"not_picked":["RobotSpaceExplorer:SlimeMissile+1","RobotSpaceExplorer:SurgingStrike+1"],"picked":"RobotSpaceExplorer:GlueShot+1","floor":42},{"not_picked":["RobotSpaceExplorer:FrostMissile+1","RobotSpaceExplorer:SwiftStep+1"],"picked":"RobotSpaceExplorer:LuckyStrike+1","floor":44},{"not_picked":["RobotSpaceExplorer:SurgingShield+1","RobotSpaceExplorer:ScrapMissile+1"],"picked":"RobotSpaceExplorer:MetalStrike+1","floor":45},{"not_picked":["RobotSpaceExplorer:FrostMissile+1","RobotSpaceExplorer:Ammunition+1"],"picked":"RobotSpaceExplorer:Probe+1","floor":48},{"not_picked":["RobotSpaceExplorer:SurgingShield+1","RobotSpaceExplorer:DualCore+1"],"picked":"RobotSpaceExplorer:Explosion","floor":54}],"player_experience":1794057,"relics_obtained":[{"floor":6,"key":"theForsaken:HumbleEgg"},{"floor":9,"key":"White Beast Statue"},{"floor":10,"key":"Tea:ReiMu"},{"floor":23,"key":"Bird Faced Urn"},{"floor":26,"key":"Protect_Vest"},{"floor":31,"key":"Pantograph"},{"floor":31,"key":"Pocketwatch"},{"floor":35,"key":"Centennial Puzzle"},{"floor":40,"key":"Regal Pillow"},{"floor":42,"key":"Potion Belt"},{"floor":43,"key":"Meat on the Bone"},{"floor":44,"key":"Mastiff:ReiMu"},{"floor":48,"key":"Ornamental Fan"},{"floor":54,"key":"PureWhite:ReiMu"}],"event_choices":[{"damage_healed":0,"gold_gain":0,"player_choice":"Donate","damage_taken":0,"relics_obtained":["PaintedHorse:ReiMu"],"max_hp_gain":0,"max_hp_loss":0,"event_name":"yidonshenshe","floor":4,"gold_loss":40},{"damage_healed":0,"gold_gain":0,"player_choice":"Opened","damage_taken":0,"relics_obtained":["Art of War"],"max_hp_gain":0,"max_hp_loss":0,"event_name":"The Mausoleum","floor":19,"gold_loss":0,"cards_obtained":["Writhe"]},{"damage_healed":0,"gold_gain":0,"player_choice":"","damage_taken":6,"max_hp_gain":0,"max_hp_loss":0,"event_name":"Knowing Skull","floor":20,"potions_obtained":[],"gold_loss":0,"cards_obtained":[]},{"damage_healed":0,"gold_gain":0,"player_choice":"Fight","damage_taken":0,"max_hp_gain":0,"max_hp_loss":0,"event_name":"Colosseum","floor":31,"gold_loss":0},{"damage_healed":0,"gold_gain":0,"player_choice":"Fought Nobs","damage_taken":0,"max_hp_gain":0,"max_hp_loss":0,"event_name":"Colosseum","floor":31,"gold_loss":0},{"damage_healed":0,"gold_gain":0,"player_choice":"Paid","damage_taken":0,"relics_obtained":["Red Mask"],"max_hp_gain":0,"max_hp_loss":0,"event_name":"Tomb of Lord Red Mask","floor":36,"gold_loss":285},{"damage_healed":0,"gold_gain":0,"player_choice":"Memory 3","damage_taken":10,"max_hp_gain":0,"max_hp_loss":0,"event_name":"SensoryStone","floor":38,"gold_loss":0},{"cards_removed":["Mind Blast"],"damage_healed":0,"gold_gain":0,"player_choice":"Removed Attack","damage_taken":0,"max_hp_gain":0,"max_hp_loss":0,"event_name":"Falling","floor":41,"gold_loss":0},{"damage_healed":0,"gold_gain":0,"player_choice":"Embrace Madness","damage_taken":9,"max_hp_gain":0,"max_hp_loss":0,"event_name":"Winding Halls","floor":46,"gold_loss":0,"cards_obtained":["Madness","Madness"]}],"is_beta":false,"boss_relics":[{"not_picked":["Runic Dome","Cursed Key"],"picked":"Pandora\u0027s Box"},{"not_picked":["Astrolabe","Busted Crown"],"picked":"Fiend:Scarf"}],"items_purged_floors":[53],"is_endless":false,"potions_floor_spawned":[3,6,8,10,12,16,18,22,23,24,25,30,31,31,33,35,37,39,40,42,44,45,48,54],"ascension_level":0}}