{"host":"jlz4is0nf6zo9oab","time":1610389921,"event":{"mods":["AchievementEnabler","BaseMod","Colored Map","Colored Powertips","Highlight Path","Minty Spire (QoL Compilation)","StSLib"],"gold_per_floor":[111,186,203,220,220,220,235,235,287,301,311,325,325,325,325,426,426,438,438,456,138,138,138,154,154,179,179,192,39,39,62,74,183,195,219,231,37,51,71,71,71],"floor_reached":40,"playtime":943,"items_purged":["Strike_R","Strike_R"],"score":663,"play_id":"967d38a0-332f-484f-b93d-0af645e4f227","local_time":"20210111193201","is_ascension_mode":true,"campfire_choices":[{"data":"Bash","floor":6,"key":"SMITH"},{"data":"Cleave","floor":8,"key":"SMITH"},{"data":"Twin Strike","floor":13,"key":"SMITH"},{"data":"Defend_R","floor":15,"key":"SMITH"},{"floor":23,"key":"REST"},{"floor":27,"key":"REST"},{"floor":30,"key":"REST"},{"data":"J.A.X.","floor":32,"key":"SMITH"}],"circlet_count":0,"master_deck":["AscendersBane","Strike_R","Strike_R","Strike_R","Defend_R+1","Defend_R+1","Defend_R","Defend_R","Bash+1","Cleave+1","Inflame+1","Twin Strike+1","J.A.X.+1","Metallicize+1","Rampage","Pommel Strike+1"],"relics":["Burning Blood","Regal Pillow","Anchor","SacredBark","Frozen Egg 2","Orichalcum","Red Skull","MawBank","SlaversCollar","Membership Card"],"acts_visited":["Exordium","TheCity","TheBeyond"],"potions_floor_usage":[7,12,16,16,20,33],"damage_taken":[{"damage":2,"enemies":"2 Louse","floor":1,"turns":3},{"damage":2,"enemies":"Jaw Worm","floor":3,"turns":3},{"damage":6,"enemies":"Cultist","floor":4,"turns":4},{"damage":7,"enemies":"3 Louse","floor":7,"turns":2},{"damage":11,"enemies":"Looter","floor":10,"turns":3},{"damage":9,"enemies":"Large Slime","floor":11,"turns":5},{"damage":0,"enemies":"3 Louse","floor":12,"turns":2},{"damage":0,"enemies":"Slime Boss","floor":16,"turns":8},{"damage":5,"enemies":"3 Byrds","floor":18,"turns":5},{"damage":47,"enemies":"2 Thieves","floor":20,"turns":4},{"damage":34,"enemies":"Centurion and Healer","floor":24,"turns":6},{"damage":38,"enemies":"Snake Plant","floor":28,"turns":5},{"damage":35,"enemies":"Champ","floor":33,"turns":7},{"damage":21,"enemies":"Orb Walker","floor":35,"turns":4},{"damage":18,"enemies":"3 Shapes","floor":38,"turns":6},{"damage":89,"enemies":"Transient","floor":39,"turns":5},{"damage":28,"enemies":"Reptomancer","floor":40,"turns":2}],"seed_played":"-8818371242083844892","potions_obtained":[{"floor":3,"key":"SteroidPotion"},{"floor":7,"key":"Dexterity Potion"},{"floor":11,"key":"Explosive Potion"},{"floor":12,"key":"ColorlessPotion"},{"floor":18,"key":"AttackPotion"},{"floor":28,"key":"PowerPotion"},{"floor":35,"key":"FairyPotion"}],"is_trial":false,"path_per_floor":["M","?","M","M","?","R","M","R","T","M","M","M","R","?","R","B",null,"M","?","M","$","?","R","M","?","T","R","M","$","R","T","R","B",null,"M","?","$","M","M","E"],"character_chosen":"IRONCLAD","items_purchased":["Frozen Egg 2","Red Skull","Membership Card"],"campfire_rested":3,"item_purchase_floors":[21,29,37],"current_hp_per_floor":[76,65,69,69,69,69,68,68,68,63,60,66,66,71,71,77,83,84,68,27,27,27,69,41,41,41,83,51,51,90,90,90,61,83,68,68,68,56,27,0,0],"gold":71,"neow_bonus":"RANDOM_COMMON_RELIC","is_daily":false,"chose_seed":false,"campfire_upgraded":5,"win_rate":0.0,"timestamp":1610389921,"path_taken":["M","?","M","M","?","R","M","R","T","M","?","M","R","?","R","BOSS","M","?","M","$","?","R","M","?","T","R","M","$","R","?","R","BOSS","M","?","?","M","M","E"],"items_purchased_type":["Relic","Relic","Relic"],"build_version":"2020-12-22","purchased_purges":2,"victory":false,"max_hp_per_floor":[80,80,80,80,80,80,80,80,80,80,80,80,80,85,85,85,85,85,90,90,90,90,90,90,90,90,90,90,90,90,90,90,90,90,90,90,90,90,90,90,90],"card_choices":[{"not_picked":["Iron Wave","Pommel Strike"],"picked":"Cleave","floor":1},{"not_picked":["Sever Soul","Whirlwind"],"picked":"Inflame","floor":3},{"not_picked":["Dark Embrace","True Grit","Headbutt"],"picked":"SKIP","floor":4},{"not_picked":["Dark Embrace","Warcry","Combust"],"picked":"SKIP","floor":7},{"not_picked":["Seeing Red","Iron Wave","Combust"],"picked":"SKIP","floor":10},{"not_picked":["Wild Strike","Headbutt","Brutality"],"picked":"SKIP","floor":11},{"not_picked":["Ghostly Armor","Perfected Strike"],"picked":"Twin Strike","floor":12},{"not_picked":["Fire Breathing","Intimidate","Flex"],"picked":"SKIP","floor":18},{"not_picked":["Twin Strike","Warcry","Pommel Strike"],"picked":"SKIP","floor":20},{"not_picked":["Disarm","Thunderclap"],"picked":"Metallicize+1","floor":24},{"not_picked":["Clothesline","Burning Pact+1","Anger+1"],"picked":"SKIP","floor":28},{"not_picked":["Spot Weakness+1","Rage+1","Body Slam"],"picked":"SKIP","floor":35},{"not_picked":["Twin Strike+1","Shrug It Off+1"],"picked":"Rampage","floor":38},{"not_picked":["Armaments+1","Anger+1"],"picked":"Pommel Strike+1","floor":39}],"player_experience":939523,"relics_obtained":[{"floor":9,"key":"Anchor"},{"floor":26,"key":"Orichalcum"},{"floor":31,"key":"MawBank"}],"event_choices":[{"damage_healed":0,"gold_gain":75,"player_choice":"Gather Gold","damage_taken":11,"max_hp_gain":0,"max_hp_loss":0,"event_name":"World of Goop","floor":2,"gold_loss":0},{"damage_healed":0,"gold_gain":0,"player_choice":"Upgraded","damage_taken":0,"max_hp_gain":0,"max_hp_loss":0,"event_name":"Upgrade Shrine","floor":5,"gold_loss":0,"cards_upgraded":["Inflame"]},{"damage_healed":0,"gold_gain":0,"player_choice":"Donut","damage_taken":0,"max_hp_gain":5,"max_hp_loss":0,"event_name":"Big Fish","floor":14,"gold_loss":0},{"damage_healed":0,"gold_gain":0,"player_choice":"Shed Blood","damage_taken":21,"max_hp_gain":5,"max_hp_loss":0,"event_name":"Forgotten Altar","floor":19,"gold_loss":0},{"damage_healed":0,"gold_gain":0,"player_choice":"Obtain J.A.X.","damage_taken":0,"max_hp_gain":0,"max_hp_loss":0,"event_name":"Drug Dealer","floor":22,"gold_loss":0,"cards_obtained":["J.A.X."]},{"damage_healed":0,"gold_gain":0,"player_choice":"Ignored","damage_taken":0,"max_hp_gain":0,"max_hp_loss":0,"event_name":"Cursed Tome","floor":25,"gold_loss":0},{"damage_healed":0,"gold_gain":0,"player_choice":"Forge","damage_taken":0,"max_hp_gain":0,"max_hp_loss":0,"event_name":"Accursed Blacksmith","floor":36,"gold_loss":0,"cards_upgraded":["Defend_R"]}],"is_beta":false,"boss_relics":[{"not_picked":["Fusion Hammer","Runic Pyramid"],"picked":"SacredBark"},{"not_picked":["Sozu","Cursed Key"],"picked":"SlaversCollar"}],"items_purged_floors":[21,37],"is_endless":false,"potions_floor_spawned":[3,7,11,12,18,28,35,38],"killed_by":"Reptomancer","ascension_level":11}}