{"host":"jfbo3eu2ui08ej1u","time":1610381810,"event":{"mods":["2.2 Compatiblity","AchievementEnabler","Act Like it!","Aspiration","BaseMod","Better Altar","Better Match","Better Note","Better Sensory Stone","Better Skull","Better Third Choice","Block Reminder","Colored Map","Colored Powertips","Conspire","DeckTracker","Displayed Cursed Tome","Downfall","Energized Spire","Fox Events","GifTheSpireLib","Hermit","Hubris","Infinite Spire","Marked Mod","Minty Spire (QoL Compilation)","Pale of the Ancients","Quick Restart","RRrroohrrRGHHhhh!!","Relic Filter","Reorder Act Four","Replay The Spire","Shop Mod","Spicy Shops","StSLib","Stuff the Spire","The Blue Laboratory","The Disciple","The Forsaken","The Hierophant","The Marked","Uncapped","Unceasing Turn Reminder","Wandering Minibosses"],"gold_per_floor":[110,160,171,181,2,2,12,12,12,30,40,40,66,83,83,157,157,157,157,157,157,157,157,157,157,157,157,157,157,157,157,157,157,157,157,157,157,4,4,4,4,4,4,4,4,4,4,4,4,4,4,4,4,4,4,4,4,4,4,4],"floor_reached":61,"playtime":3385,"items_purged":["hubris:Disease","Strike_B"],"score":2421,"play_id":"449770ef-256b-4dcb-8b7d-2155e2d8d4ab","local_time":"20210111111650","is_ascension_mode":true,"campfire_choices":[{"data":"Zap","floor":6.0,"key":"SMITH"},{"floor":8.0,"key":"REST"},{"data":"Hologram","floor":12.0,"key":"SMITH"},{"floor":15.0,"key":"REST"},{"data":"Redo","floor":23.0,"key":"SMITH"},{"data":"Dualcast","floor":25.0,"key":"SMITH"},{"floor":29.0,"key":"REST"},{"floor":32.0,"key":"REST"},{"data":"infinitespire:Collect","floor":40.0,"key":"SMITH"},{"data":"infinitespire:Collect","floor":42.0,"key":"SMITH"},{"data":"StuffTheSpire:Harmony","floor":46.0,"key":"SMITH"},{"data":"StuffTheSpire:Harmony","floor":49.0,"key":"SMITH"},{"data":"FTL","floor":55.0,"key":"SMITH"},{"data":"StuffTheSpire:Synthwave","floor":57.0,"key":"SMITH"}],"circlet_count":0,"master_deck":["AscendersBane","All For One","Defend_B","Defend_B","Defend_B","Defend_B","Zap+1","Dualcast+1","rorgmod:Claw","Turbo","Redo+1","Replay:SS_fish_2","Conserve Battery","Hologram+1","rorgmod:Leap","ReplayTheSpireMod:Calculation Training","StuffTheSpire:CleanHardDrive","Skim","Panic Button","Electrodynamics","rorgmod:Thunder Strike","FTL","rorgmod:Claw+1","Rebound","rorgmod:Claw","StuffTheSpire:Harmony+1","infinitespire:Collect+1","rorgmod:Claw+1","Genetic Algorithm+1","Hologram+1","AscendersBane","All For One","Defend_B","Defend_B","Defend_B","Defend_B","Zap+1","Dualcast+1","rorgmod:Claw","Turbo","Redo+1","Replay:SS_fish_2","Conserve Battery","Hologram+1","rorgmod:Leap","ReplayTheSpireMod:Calculation Training","StuffTheSpire:CleanHardDrive","Skim","Panic Button","Electrodynamics","rorgmod:Thunder Strike","FTL+1","rorgmod:Claw+1","Rebound","rorgmod:Claw","StuffTheSpire:Harmony+1","infinitespire:Collect+1","rorgmod:Claw+1","Genetic Algorithm+1","Hologram+1","ReplayGash","rorgmod:Claw","ReplayTheSpireMod:Repulse+1","Stack","Panic Button+1","Panic Button+1","ReplaySolidLightProjector+1","Redo+1","rorgmod:Claw","Hologram+1","rorgmod:Claw+1","rorgmod:Fusion+1","Panic Button+1","StuffTheSpire:Synthwave+1","Stack"],"relics":["Cracked Core","ReplayTheSpireMod:CursedCoin","Prayer Wheel","Prayer Wheel","infinitespire:Joker Card","Ectoplasm","infinitespire:Midas Blood","Ornamental Fan","hubris:PeanutButter","hubris:SlimyHat","rorgmod:Empty Cage","Lantern","wanderingMiniBosses:CarrionFlame","energizedSpire:DeadBattery","rorgmod:Decaying Core","Pen Nib","Blood Vial","paleoftheancients:Timepiece","Gremlin Horn","Spirit Poop","paleoftheancients:SoulOfTheWatcher","DataDisk","hubris:ToyBattleship"],"acts_visited":["Exordium","TheCity","TheBeyond","paleoftheancients:PaleOfTheAncients"],"potions_floor_usage":[60,60],"damage_taken":[{"damage":2.0,"enemies":"Jaw Worm","floor":1.0,"turns":4.0},{"damage":1.0,"enemies":"Cultist","floor":3.0,"turns":4.0},{"damage":0.0,"enemies":"2 Louse","floor":4.0,"turns":3.0},{"damage":66.0,"enemies":"Gremlin Gang","floor":7.0,"turns":5.0},{"damage":0.0,"enemies":"Looter","floor":10.0,"turns":4.0},{"damage":9.0,"enemies":"Exordium Wildlife","floor":11.0,"turns":4.0},{"damage":23.0,"enemies":"Gremlin Nob","floor":13.0,"turns":6.0},{"damage":22.0,"enemies":"2 Fungi Beasts","floor":14.0,"turns":4.0},{"damage":28.0,"enemies":"Fading Forest","floor":16.0,"turns":11.0},{"damage":19.0,"enemies":"3 Byrds","floor":18.0,"turns":4.0},{"damage":0.0,"enemies":"Spheric Guardian","floor":20.0,"turns":3.0},{"damage":32.0,"enemies":"Cultist and Chosen","floor":21.0,"turns":5.0},{"damage":41.0,"enemies":"Slavers","floor":27.0,"turns":4.0},{"damage":25.0,"enemies":"conspire:SneckoGhost","floor":30.0,"turns":5.0},{"damage":16.0,"enemies":"Snecko","floor":31.0,"turns":6.0},{"damage":15.0,"enemies":"hubris:MusketHawk","floor":33.0,"turns":5.0},{"damage":3.0,"enemies":"3 Shapes","floor":35.0,"turns":2.0},{"damage":15.0,"enemies":"Orb Walker","floor":37.0,"turns":4.0},{"damage":42.0,"enemies":"Spire Growth","floor":39.0,"turns":5.0},{"damage":30.0,"enemies":"Nemesis","floor":41.0,"turns":6.0},{"damage":47.0,"enemies":"Reptomancer","floor":44.0,"turns":5.0},{"damage":0.0,"enemies":"Writhing Mass","floor":45.0,"turns":4.0},{"damage":39.0,"enemies":"Transient","floor":47.0,"turns":6.0},{"damage":27.0,"enemies":"4 Shapes","floor":48.0,"turns":5.0},{"damage":6.0,"enemies":"hubris:GrandSnecko","floor":50.0,"turns":3.0},{"damage":31.0,"enemies":"hubris:GrandSnecko","floor":51.0,"turns":6.0},{"damage":54.0,"enemies":"hubris:GrandSnecko","floor":52.0,"turns":6.0},{"damage":0.0,"enemies":"hubris:GrandSnecko","floor":56.0,"turns":2.0},{"damage":155,"enemies":"paleoftheancients:N","floor":60,"turns":8}],"seed_played":"-7669888541838650110","potions_obtained":[{"floor":1.0,"key":"Languid Potion"},{"floor":10.0,"key":"champ:CounterPotion"},{"floor":11.0,"key":"Weak Potion"},{"floor":14.0,"key":"SteroidPotion"},{"floor":18.0,"key":"blueLaboratory:RelayPotion"},{"floor":27.0,"key":"Ancient Potion"},{"floor":47.0,"key":"blueLaboratory:EnragingPotion"},{"floor":52.0,"key":"blueLaboratory:CoolantVial"},{"floor":56.0,"key":"Fire Potion"}],"is_trial":false,"path_per_floor":["M","?","M","M","$","R","M","R","T","M","M","R","E","M","R","B",null,"M","?","M","M","?","R","T","R","T","E","AVR","R","E","M","R","B",null,"M","?","M","$","M","R","E","R","T","E","M","R","M","M","R","B","M","M","?","T","R","M","R","T","?","B",null],"character_chosen":"DEFECT","items_purchased":["ReplayTheSpireMod:CursedCoin","ReplayTheSpireMod:Fabricate Wheel","Replay:SS_fish_2","ReplayGash","rorgmod:Claw"],"campfire_rested":4,"item_purchase_floors":[5,5,5,38,38],"current_hp_per_floor":[69,69,68,68,68,68,10,33,33,41,40,40,25,11,34,38,68,57,57,57,33,33,33,33,33,33,9,9,32,31,39,62,65,75,75,75,63,63,58,58,78,78,78,73,78,78,78,78,78,78,78,78,75,75,75,75,75,75,75,61],"gold":4,"neow_bonus":"TEN_PERCENT_HP_BONUS","is_daily":false,"chose_seed":false,"campfire_upgraded":10,"win_rate":0.0,"timestamp":1610381810,"path_taken":["M","?","M","M","$","R","M","R","T","M","?","R","E","M","R","BOSS","M","?","?","M","?","R","?","R","T","E","AVR","R","E","M","R","BOSS","M","?","M","$","M","R","E","R","T","E","M","R","M","?","R","BOSS","M","M","?","T","R","M","R","T","?","BOSS"],"items_purchased_type":["Relic","Card","Card","Card","Card"],"build_version":"2020-12-22","purchased_purges":2,"victory":true,"max_hp_per_floor":[78,78,78,78,78,78,78,78,78,78,78,78,78,78,78,78,78,78,78,78,78,78,78,78,78,78,78,78,78,78,78,78,78,78,78,78,78,78,78,78,78,78,78,78,78,78,78,78,78,78,78,78,75,75,75,75,75,75,75,75],"card_choices":[{"not_picked":["Skim","rorgmod:Antivirus"],"picked":"rorgmod:Claw","floor":1.0},{"not_picked":["rorgmod:Refrigerate","rorgmod:Hot Sockets"],"picked":"Turbo","floor":3.0},{"not_picked":["Genetic Algorithm","Hologram"],"picked":"Redo","floor":4.0},{"not_picked":["Compile Driver","rorgmod:LRU Cache"],"picked":"Conserve Battery","floor":7.0},{"not_picked":["Ball Lightning","Conserve Battery"],"picked":"Hologram","floor":7.0},{"not_picked":["Loop","rorgmod:Refrigerate"],"picked":"rorgmod:Leap","floor":7.0},{"not_picked":["rorgmod:Steady Aim","rorgmod:Leap"],"picked":"ReplayTheSpireMod:Calculation Training","floor":10.0},{"not_picked":["rorgmod:Refrigerate","StuffTheSpire:LoadUp","conspire:SharedLibrary"],"picked":"SKIP","floor":10.0},{"not_picked":["Sweeping Beam","rorgmod:SQL Injection","Ball Lightning"],"picked":"SKIP","floor":10.0},{"not_picked":["StuffTheSpire:LaunchingStrike","BasicCrystalCard"],"picked":"StuffTheSpire:CleanHardDrive","floor":11.0},{"not_picked":["Compile Driver","rorgmod:Centralize","Sweeping Beam"],"picked":"SKIP","floor":11.0},{"not_picked":["Cold Snap","rorgmod:Leap","Lockon"],"picked":"SKIP","floor":11.0},{"not_picked":["StuffTheSpire:Plugnplay","Darkness"],"picked":"Skim","floor":13.0},{"not_picked":["rorgmod:Leap","rorgmod:Fragmentation"],"picked":"Panic Button","floor":14.0},{"not_picked":["rorgmod:Antivirus","Streamline"],"picked":"Electrodynamics","floor":14.0},{"not_picked":["rorgmod:Fragmentation","Conserve Battery","Loop"],"picked":"SKIP","floor":14.0},{"not_picked":["rorgmod:Fragmentation","Conserve Battery","Loop"],"picked":"SKIP","floor":14.0},{"not_picked":["rorgmod:Biogeneration","StuffTheSpire:ForEach"],"picked":"rorgmod:Thunder Strike","floor":16.0},{"not_picked":["Cold Snap","Sweeping Beam"],"picked":"FTL","floor":18.0},{"not_picked":["StuffTheSpire:NuclearReactor","rorgmod:Antivirus","Compile Driver"],"picked":"SKIP","floor":18.0},{"not_picked":["rorgmod:Leap","rorgmod:SQL Injection","Turbo"],"picked":"SKIP","floor":18.0},{"not_picked":["rorgmod:Metal Coating","Hello World"],"picked":"rorgmod:Claw+1","floor":20.0},{"not_picked":["Barrage","rorgmod:Black Ice","BasicCrystalCard"],"picked":"SKIP","floor":20.0},{"not_picked":["StuffTheSpire:NuclearReactor+1","ReplayTheSpireMod:GoodbyeWorld","ReplayTheSpireMod:Repulse"],"picked":"SKIP","floor":20.0},{"not_picked":["Stack","ReplayTheSpireMod:Repulse"],"picked":"Rebound","floor":21.0},{"not_picked":["Conserve Battery","rorgmod:Overcurrent"],"picked":"rorgmod:Claw","floor":21.0},{"not_picked":["Streamline","Turbo","StuffTheSpire:Coldhearted+1"],"picked":"SKIP","floor":21.0},{"not_picked":["StuffTheSpire:Brawn","StuffTheSpire:CelestialWarden"],"picked":"StuffTheSpire:Harmony","floor":22.0},{"not_picked":["StuffTheSpire:ForEach","Compile Driver","StuffTheSpire:LoadUp"],"picked":"SKIP","floor":27.0},{"not_picked":["BasicCrystalCard+1","FIFO Queue","Coolheaded+1"],"picked":"SKIP","floor":30.0},{"not_picked":["ReplayTheSpireMod:Calculation Training","Hologram"],"picked":"rorgmod:Claw+1","floor":31.0},{"not_picked":["Stack","Sweeping Beam"],"picked":"Genetic Algorithm+1","floor":31.0},{"not_picked":["Rebound","rorgmod:SQL Injection","Hologram"],"picked":"SKIP","floor":31.0},{"not_picked":["hubris:PowerSurge+1","StuffTheSpire:LoadUp"],"picked":"Hologram+1","floor":35.0},{"not_picked":["Heatsinks","rorgmod:Overcurrent","rorgmod:Hot Sockets"],"picked":"SKIP","floor":35.0},{"not_picked":["StuffTheSpire:Purify","Cold Snap+1","Redo"],"picked":"SKIP","floor":35.0},{"not_picked":["conspire:Rain+1","Self Repair","rorgmod:Fragmentation"],"picked":"SKIP","floor":37.0},{"not_picked":["rorgmod:Refrigerate+1","Coolheaded","Rebound"],"picked":"SKIP","floor":37.0},{"not_picked":["Core Surge","BasicCrystalCard","rorgmod:Overcurrent"],"picked":"SKIP","floor":37.0},{"not_picked":["Ball Lightning+1","Undo+1"],"picked":"ReplayTheSpireMod:Repulse+1","floor":39.0},{"not_picked":["rorgmod:SQL Injection","Barrage","Melter"],"picked":"SKIP","floor":39.0},{"not_picked":["StuffTheSpire:SnapShoot","rorgmod:Overcurrent+1","Ball Lightning"],"picked":"SKIP","floor":39.0},{"not_picked":["Compile Driver","Hologram","StuffTheSpire:LoadUp"],"picked":"SKIP","floor":41.0},{"not_picked":["Mirror Shield","StuffTheSpire:CleanHardDrive+1"],"picked":"Stack","floor":44.0},{"not_picked":["Ball Lightning+1","rorgmod:Pusher Props"],"picked":"Panic Button+1","floor":45.0},{"not_picked":["rorgmod:Antivirus","Recycle+1"],"picked":"Panic Button+1","floor":45.0},{"not_picked":["ReplayTheSpireMod:Reroute Power","Loop","StuffTheSpire:CleanHardDrive"],"picked":"SKIP","floor":45.0},{"not_picked":["StuffTheSpire:LoadUp","BootSequence"],"picked":"ReplaySolidLightProjector+1","floor":47.0},{"not_picked":["Darkness","StuffTheSpire:Coldhearted+1","rorgmod:SQL Injection+1"],"picked":"SKIP","floor":47.0},{"not_picked":["rorgmod:LRU Cache+1","Streamline","rorgmod:Overheat"],"picked":"SKIP","floor":47.0},{"not_picked":["Coolheaded+1","Hologram"],"picked":"Redo+1","floor":48.0},{"not_picked":["rorgmod:Overcurrent","rorgmod:Ventilation Error"],"picked":"rorgmod:Claw","floor":48.0},{"not_picked":["Cold Snap","Melter","Static Discharge"],"picked":"SKIP","floor":48.0},{"not_picked":["StuffTheSpire:Plugnplay+1","rorgmod:Leap"],"picked":"Hologram+1","floor":51.0},{"not_picked":["rorgmod:Refrigerate+1","rorgmod:Leap","rorgmod:Radar Scan+1"],"picked":"SKIP","floor":51.0},{"not_picked":["rorgmod:Fragmentation+1","Barrage","rorgmod:Claw"],"picked":"SKIP","floor":51.0},{"not_picked":["Ball Lightning","rorgmod:Overheat"],"picked":"rorgmod:Claw+1","floor":52.0},{"not_picked":["Heatsinks","rorgmod:Thunder Strike"],"picked":"rorgmod:Fusion+1","floor":52.0},{"not_picked":["rorgmod:Hot Sockets+1","Sweeping Beam","StuffTheSpire:SnapShoot"],"picked":"SKIP","floor":52.0},{"not_picked":["Compile Driver","StuffTheSpire:SnapShoot+1"],"picked":"Panic Button+1","floor":56.0},{"not_picked":["Double Energy","Compile Driver"],"picked":"StuffTheSpire:Synthwave","floor":56.0},{"not_picked":["Doom and Gloom+1","rorgmod:Hardcode"],"picked":"Stack","floor":56.0}],"player_experience":1196297,"relics_obtained":[{"floor":9.0,"key":"infinitespire:Freezer"},{"floor":13.0,"key":"infinitespire:Joker Card"},{"floor":24.0,"key":"infinitespire:Midas Blood"},{"floor":26.0,"key":"Ornamental Fan"},{"floor":27.0,"key":"hubris:PeanutButter"},{"floor":30.0,"key":"Lantern"},{"floor":31.0,"key":"wanderingMiniBosses:CarrionFlame"},{"floor":41.0,"key":"rorgmod:Decaying Core"},{"floor":43.0,"key":"Pen Nib"},{"floor":44.0,"key":"Blood Vial"},{"floor":52.0,"key":"paleoftheancients:SoulOfTheWatcher"},{"floor":54.0,"key":"DataDisk"},{"floor":58.0,"key":"hubris:ToyBattleship"}],"event_choices":[{"damage_healed":0.0,"max_hp_gain":0.0,"max_hp_loss":0.0,"gold_gain":50.0,"event_name":"Golden Shrine","player_choice":"Pray","floor":2.0,"gold_loss":0.0,"damage_taken":0.0},{"damage_healed":0.0,"max_hp_gain":0.0,"max_hp_loss":0.0,"gold_gain":0.0,"event_name":"N\u0027loth","player_choice":"Ignored","floor":19.0,"gold_loss":0.0,"damage_taken":0.0},{"cards_removed":["Parasite"],"damage_healed":0.0,"max_hp_gain":0.0,"max_hp_loss":0.0,"gold_gain":0.0,"event_name":"Purifier","player_choice":"Purged","floor":53.0,"gold_loss":0.0,"damage_taken":0.0}],"is_beta":false,"boss_relics":[{"not_picked":["hubris:CrackedHourglass","aspiration:RunicSpoon"],"picked":"Ectoplasm"},{"not_picked":["Velvet Choker","StuffTheSpire:RunicHypercube"],"picked":"energizedSpire:DeadBattery"}],"items_purged_floors":[5,28],"is_endless":false,"potions_floor_spawned":[1,10,11,14,18,27,31,33,39,44,47,48,52,56],"ascension_level":17}}