{"host":"4mxntv5hh20ijfso","time":1610408589,"event":{"mods":["2.2 Compatiblity","AchievementEnabler","Act Like it!","Astrologer","BaseMod","Bestiary","Better Altar","Better Match","Better Note","Better Sensory Stone","Better Skull","Better Third Choice","Better Vampires","Elementarium","Energized Spire","Fireblade Mod","Friendly Minions","Halation","Infinite Spire","Ironclad Rager","Koishi","Lobotomy","LobotomyExtend","Mari Mod (Legacy)","Mari\u0027s V1 Patch","Minty Spire (QoL Compilation)","Quick Restart","Random Character Button","Rare Cards Sparkle","Robot Space Explorer","Shade Mod","Shop Mod","Spicy Shops","StSLib","The Alterego","The Blackbeard","The Bladedancer","The Bug Knight","The Druid","The Elementalist","The Hayseed","The Kombatant","The Marked","The Mystic","The Runesmith","Uncapped","Waifu the Spire","Wandering Minibosses","Yohane!","Yuri Mod","thorton","vexMod"],"gold_per_floor":[118,134,151,151,201,233,233,250,250,279,279,306,306,306,306,414,1080,1098,906,850,790,274,274,305,324,324,324,2,117,145,178,178,290,290,273,273],"floor_reached":35,"playtime":3864,"items_purged":[],"score":590,"play_id":"3cc793ed-e032-40fc-832a-6df617709835","local_time":"20210111184309","is_ascension_mode":false,"campfire_choices":[{"data":"Setup","floor":7.0,"key":"SMITH"},{"data":"Concentrate","floor":11.0,"key":"SMITH"},{"floor":13.0,"key":"RECALL"},{"data":"Infinite Blades","floor":15.0,"key":"SMITH"},{"data":"Night Terror","floor":23.0,"key":"SMITH"},{"data":"Backflip","floor":27.0,"key":"SMITH"},{"data":"Panache","floor":32.0,"key":"SMITH"}],"circlet_count":0,"master_deck":["Strike_G","Strike_G","Strike_G","Strike_G","Strike_G","Defend_G","Defend_G","Defend_G","Defend_G","Defend_G","Survivor","Neutralize","Slice","HappyTeddy","UniverseFragment","Leg Sweep","MeatLantern","Backflip+1","BlackSwan","Setup+1","Freischutz","Quick Slash","Concentrate+1","Woodsman","Infinite Blades+1","Apotheosis+1","Mercenary","Night Terror+1","SnowQueen","Backflip","Murderer","Heel Hook","Burst","MHz","Sucker Punch","Heel Hook","MeltingLove","Adrenaline","NothingThere","Deadly Poison","Footwork","Bouncing Flask","Panache+1","DespairKnight","After Image","Predator+1","LittlePrince","Die Die Die"],"relics":["Ring of the Snake","CogitoBucket","RedMistMask","LetterFromLob","HornCleat","vexMod:MemoryStick","infinitespire:Midas Blood","vexMod:RockOfEvil","BackwardClock","MerchantsRug","halation:LettersToHer","Frozen Eye","vexMod:BerryBomb","TreeSap","infinitespire:Satchel","MealTicket","HollowMod:PaleOreRelic","Elementarium:ElementariumTrophy","halation:HeavySnake"],"acts_visited":["Exordium","Elementarium:Elementarium","TheBeyond"],"potions_floor_usage":[33],"damage_taken":[{"damage":0.0,"enemies":"Small Slimes","floor":1.0,"turns":5.0},{"damage":0.0,"enemies":"Jaw Worm","floor":2.0,"turns":3.0},{"damage":0.0,"enemies":"2 Louse","floor":3.0,"turns":3.0},{"damage":0.0,"enemies":"3 Sentries","floor":6.0,"turns":3.0},{"damage":0.0,"enemies":"Looter","floor":8.0,"turns":3.0},{"damage":0.0,"enemies":"Gremlin Nob","floor":10.0,"turns":3.0},{"damage":0.0,"enemies":"Lagavulin","floor":12.0,"turns":3.0},{"damage":58.0,"enemies":"Slime Boss","floor":16.0,"turns":8.0},{"damage":4.0,"enemies":"Elementarium:MUD_AND_TAR_GOLEMS","floor":18.0,"turns":3.0},{"damage":0.0,"enemies":"Elementarium:2_ELEMENTALS","floor":19.0,"turns":3.0},{"damage":17.0,"enemies":"Elementarium:VoidBeast","floor":20.0,"turns":5.0},{"damage":11.0,"enemies":"Elementarium:VOID_CORRUPTION_AND_ORB_OF_FIRE","floor":21.0,"turns":6.0},{"damage":2.0,"enemies":"Elementarium:WarGolem","floor":24.0,"turns":4.0},{"damage":0.0,"enemies":"Elementarium:VOID_CORRUPTION_AND_TAR_GOLEM","floor":25.0,"turns":2.0},{"damage":14.0,"enemies":"Elementarium:STONE_GOLEMS","floor":30.0,"turns":3.0},{"damage":7.0,"enemies":"Elementarium:ElementalPortal","floor":31.0,"turns":6.0},{"damage":29,"enemies":"Elementarium:GoldenDragon","floor":33,"turns":7},{"damage":50,"enemies":"3 Shapes","floor":35,"turns":4}],"seed_played":"-7462492035618680330","potions_obtained":[{"floor":2.0,"key":"SkillPotion"},{"floor":6.0,"key":"GamblersBrew"},{"floor":12.0,"key":"AttackPotion"},{"floor":16.0,"key":"SpeedPotion"},{"floor":18.0,"key":"CultistPotion"},{"floor":21.0,"key":"Regen Potion"},{"floor":30.0,"key":"GamblersBrew"},{"floor":33,"key":"SteroidPotion"}],"is_trial":false,"path_per_floor":["M","M","M","?","?","E","R","M","T","E","R","E","R","?","R","B",null,"M","M","M","M","$","R","E","M","T","R","$","?","M","E","R","B",null,"M"],"character_chosen":"THE_SILENT","items_purchased":["MerchantsRug","halation:LettersToHer","Frozen Eye","Heel Hook","Footwork","Bouncing Flask","Panache"],"campfire_rested":0,"item_purchase_floors":[22,22,22,22,28,28,28],"current_hp_per_floor":[70,70,70,70,70,70,70,70,70,70,70,70,70,70,70,54,35,35,35,24,33,33,33,41,41,41,41,41,27,41,41,41,41,41,0,0],"gold":273,"neow_bonus":"","is_daily":false,"chose_seed":false,"campfire_upgraded":6,"win_rate":0.0,"timestamp":1610408589,"path_taken":["M","M","M","?","?","E","R","?","T","E","R","E","R","?","R","BOSS","M","M","M","M","$","R","E","M","T","R","$","?","M","E","R","BOSS","M"],"items_purchased_type":["Relic","Relic","Relic","Card","Card","Card","Card"],"build_version":"2020-12-22","purchased_purges":0,"victory":false,"max_hp_per_floor":[70,70,70,70,70,70,70,70,70,70,70,70,70,70,70,70,35,35,35,35,35,35,35,41,41,41,41,41,41,41,41,41,41,41,41,41],"card_choices":[{"not_picked":["Escape Plan","Flying Knee"],"picked":"Slice","floor":1.0},{"not_picked":["BeautyBeast","OSAHOGD"],"picked":"HappyTeddy","floor":1.0},{"not_picked":["PunishingBird","OldLady"],"picked":"UniverseFragment","floor":2.0},{"not_picked":["Wraith Form v2","Quick Slash"],"picked":"Leg Sweep","floor":2.0},{"not_picked":["PunishingBird","Wellcheers"],"picked":"MeatLantern","floor":3.0},{"not_picked":["Riddle With Holes","Tactician"],"picked":"Backflip","floor":3.0},{"not_picked":["PunishingBird","WallGazer"],"picked":"BlackSwan","floor":6.0},{"not_picked":["Prepared","Cloak And Dagger"],"picked":"Setup","floor":6.0},{"not_picked":["Rudolta","DreamingCurrent"],"picked":"Freischutz","floor":8.0},{"not_picked":["Crippling Poison","Deflect"],"picked":"Quick Slash","floor":8.0},{"not_picked":["SnowQueen","VoidDream"],"picked":"LongBird","floor":10.0},{"not_picked":["Malaise","Bane"],"picked":"Concentrate","floor":10.0},{"not_picked":["ShyLook","VoidDream"],"picked":"Woodsman","floor":12.0},{"not_picked":["Acrobatics","Slice"],"picked":"Infinite Blades","floor":12.0},{"not_picked":["OSAHOGD","VoidDream"],"picked":"Mercenary","floor":16.0},{"not_picked":["Bullet Time","A Thousand Cuts"],"picked":"Night Terror","floor":16.0},{"not_picked":["Scorched","HeroicMonk"],"picked":"SnowQueen","floor":18.0},{"not_picked":["Dodge and Roll","Dagger Throw"],"picked":"Backflip","floor":18.0},{"not_picked":["FairyFestival","BodiesMountain"],"picked":"Murderer","floor":19.0},{"not_picked":["Acrobatics","PiercingWail"],"picked":"Heel Hook","floor":19.0},{"not_picked":["FieryBird","BigBird"],"picked":"PunishingBird","floor":20.0},{"not_picked":["Flying Knee","Prepared"],"picked":"Burst","floor":20.0},{"not_picked":["Bloodbath","FieryBird"],"picked":"MHz","floor":21.0},{"not_picked":["Quick Slash","Outmaneuver"],"picked":"Sucker Punch","floor":21.0},{"not_picked":["FairyFestival","DreamingCurrent"],"picked":"MeltingLove","floor":24.0},{"not_picked":["Leg Sweep","Poisoned Stab"],"picked":"Adrenaline","floor":24.0},{"not_picked":["QueenBee","LittleHelper"],"picked":"NothingThere","floor":25.0},{"not_picked":["Blade Dance","Setup"],"picked":"Deadly Poison","floor":25.0},{"not_picked":["DreamingCurrent","LittleHelper"],"picked":"DespairKnight","floor":30.0},{"not_picked":["Underhanded Strike","Predator"],"picked":"After Image","floor":30.0},{"not_picked":["Laetitia","CrumblingArmor"],"picked":"BigBird","floor":31.0},{"not_picked":["Endless Agony+1","Backflip"],"picked":"Predator+1","floor":31.0},{"not_picked":["LittleHelper","CherryBlossoms"],"picked":"LittlePrince","floor":33},{"not_picked":["Unload","Storm of Steel"],"picked":"Die Die Die","floor":33}],"player_experience":11929,"relics_obtained":[{"floor":1.0,"key":"RedMistMask"},{"floor":1.0,"key":"LetterFromLob"},{"floor":6.0,"key":"HornCleat"},{"floor":10.0,"key":"vexMod:MemoryStick"},{"floor":12.0,"key":"infinitespire:Midas Blood"},{"floor":24.0,"key":"vexMod:BerryBomb"},{"floor":26.0,"key":"halation:LettersToHer"},{"floor":26.0,"key":"infinitespire:Satchel"},{"floor":31.0,"key":"HollowMod:PaleOreRelic"}],"event_choices":[{"damage_healed":0.0,"max_hp_gain":0.0,"max_hp_loss":0.0,"gold_gain":0.0,"event_name":"The Cleric","player_choice":"Leave","floor":4.0,"gold_loss":0.0,"damage_taken":0.0},{"damage_healed":70.0,"max_hp_gain":0.0,"max_hp_loss":70.0,"gold_gain":0.0,"event_name":"betterThird:BetterShining","player_choice":"Embrace","floor":14.0,"gold_loss":0.0,"damage_taken":0.0},{"damage_healed":0.0,"max_hp_gain":0.0,"max_hp_loss":0.0,"gold_gain":109.0,"event_name":"betterSkull:BetterSkull","player_choice":"RE GO ","floor":29.0,"gold_loss":0.0,"damage_taken":17.0,"cards_upgraded":[],"relics_obtained":["MealTicket"]}],"is_beta":false,"boss_relics":[{"not_picked":["halation:MonkeysPaw","Sozu"],"picked":"vexMod:RockOfEvil"},{"not_picked":["halation:Risk","energizedSpire:PogoStick"],"picked":"halation:HeavySnake"}],"items_purged_floors":[],"is_endless":false,"potions_floor_spawned":[2,6,12,16,18,21,24,30,33],"killed_by":"3 Shapes","ascension_level":0}}