{"host":"wgo6ezn0zcq3jgqa","time":1610361215,"event":{"mods":["Act Like it!","BaseMod","Downfall","GifTheSpireLib","Hallownest","Hermit","KinomotoSakuraMod(木之本樱)","Marisa（F雨　魔理沙）","Minty Spire (QoL Compilation)","RumiaBox-露米娅的神秘盒子","SOS（斯巴达之子）","StSLib","The Bug Knight","The Cursed","【功能Mod】混沌之环修复补丁"],"gold_per_floor":[114,134,54,66,31,59,59,59,59,59,93,106,134,134,134,134,134],"floor_reached":16,"playtime":1110,"items_purged":[],"score":120,"play_id":"b872578b-54f1-4f66-bab4-66c1bd155248","local_time":"20210111183335","is_ascension_mode":true,"campfire_choices":[{"data":"HollowMod:theNailsmith","floor":7,"key":"SMITH"},{"floor":10,"key":"REST"},{"data":"HollowMod:DesolateDive","floor":15,"key":"SMITH"}],"circlet_count":0,"master_deck":["HollowMod:NailStrikeStart","HollowMod:NailStrikeStart","HollowMod:NailStrikeStart","HollowMod:NailStrikeStart","HollowMod:QuickDashStart","HollowMod:QuickDashStart","HollowMod:QuickDashStart","HollowMod:QuickDashStart","HollowMod:FocusHealStart","HollowMod:PogoStrike","HollowMod:theNailsmith+1","HollowMod:ChannelNail+1","HollowMod:DesolateDive+1","HollowMod:DoubleDash","HollowMod:HowlingWraiths","HollowMod:DashSlash","HollowMod:SoulStrike"],"relics":["HollowMod:VesselMask","CaptainsWheel","Hallownest:DreamNailRelic","Lantern","InkBottle","LastBattle"],"acts_visited":["Hallownest:Greenpath"],"potions_floor_usage":[6,11],"damage_taken":[{"damage":9,"enemies":"Hallownest:monsterHuskWarrior","floor":1,"turns":4},{"damage":10,"enemies":"Hallownest:monsterHuskGuard","floor":4,"turns":4},{"damage":25,"enemies":"Hallownest:eliteCrystalGuardian","floor":6,"turns":8},{"damage":10,"enemies":"Hallownest:eliteMossKnight","floor":11,"turns":9},{"damage":3,"enemies":"2_ Uuma","floor":12,"turns":4},{"damage":4,"enemies":"Hallownest:eliteVengeflyKing","floor":13,"turns":5},{"damage":66,"enemies":"Hallownest:BossHornet","floor":16,"turns":11}],"seed_played":"-7419249066099566820","potions_obtained":[{"floor":4,"key":"SkillPotion"},{"floor":6,"key":"champ:CounterPotion"},{"floor":11,"key":"SpeedPotion"}],"is_trial":false,"path_per_floor":["M","?","$","M","?","E","R","?","T","R","E","M","E","?","R","B"],"character_chosen":"THE_BUGKNIGHT","items_purchased":["HollowMod:DesolateDive"],"campfire_rested":1,"item_purchase_floors":[3],"current_hp_per_floor":[72,72,72,62,67,52,52,52,52,76,72,69,65,65,65,0,0],"gold":134,"neow_bonus":"ONE_RANDOM_RARE_CARD","is_daily":false,"chose_seed":false,"campfire_upgraded":2,"win_rate":0.0,"timestamp":1610361215,"path_taken":["M","?","$","M","?","E","R","?","T","R","E","?","E","?","R","BOSS"],"items_purchased_type":["Card"],"build_version":"2020-12-22","purchased_purges":0,"victory":false,"max_hp_per_floor":[75,75,75,75,80,80,80,80,80,80,80,80,80,80,80,80,80],"card_choices":[{"not_picked":["HollowMod:TaintedHusks","HollowMod:BrokenVessel"],"picked":"HollowMod:ChannelNail","floor":1},{"not_picked":["HollowMod:TaintedHusks","HollowMod:DescendingDark"],"picked":"HollowMod:DoubleDash","floor":4},{"not_picked":["HollowMod:DreamGate","HollowMod:DescendingDark"],"picked":"HollowMod:HowlingWraiths","floor":6},{"not_picked":["HollowMod:NewInfectedGuardian","HollowMod:LifebloodCocoon"],"picked":"HollowMod:DashSlash","floor":11},{"not_picked":["HollowMod:InfectionAssault","HollowMod:FallenFury","HollowMod:SharpenedNail"],"picked":"SKIP","floor":12},{"not_picked":["HollowMod:MonarchWings","HollowMod:LifebloodCore"],"picked":"HollowMod:SoulStrike","floor":13}],"player_experience":133131,"relics_obtained":[{"floor":6,"key":"CaptainsWheel"},{"floor":9,"key":"Lantern"},{"floor":11,"key":"InkBottle"},{"floor":13,"key":"LastBattle"}],"event_choices":[],"is_beta":false,"boss_relics":[],"items_purged_floors":[],"is_endless":false,"potions_floor_spawned":[4,6,11],"killed_by":"Hallownest:BossHornet","ascension_level":1}}