{"host":"aj7el8l5kufbk20z","time":1610331087,"event":{"mods":["AchievementEnabler","BaseMod","Colored Map","Colored Powertips","Curses Come First","Downfall","Highlight Path","Minty Spire (QoL Compilation)","Permanent Neow","Poor People Problems","Quick Restart","Rare Cards Sparkle","Relic Stats","StSLib","SuperFastMode","Waifu the Spire"],"gold_per_floor":[117,94,105,33,33,33,33,33],"floor_reached":7,"playtime":247,"items_purged":[],"score":68,"play_id":"704da56e-28ef-4dd2-b482-4ff495127ddd","local_time":"20210111101126","is_ascension_mode":true,"campfire_choices":[{"data":"Entrench","floor":6,"key":"SMITH"}],"circlet_count":0,"master_deck":["AscendersBane","Strike_R","Strike_R","Strike_R","Strike_R","Defend_R","Defend_R","Defend_R","Defend_R","Bash","Heavy Blade","Shrug It Off","Entrench+1"],"relics":["Burning Blood","MealTicket"],"acts_visited":["Exordium"],"potions_floor_usage":[],"damage_taken":[{"damage":4,"enemies":"2 Louse","floor":1,"turns":4},{"damage":0,"enemies":"Small Slimes","floor":3,"turns":3},{"damage":34,"enemies":"3 Sentries","floor":7,"turns":6}],"seed_played":"8385458142846331536","potions_obtained":[{"floor":1,"key":"Swift Potion"}],"is_trial":false,"path_per_floor":["M","$","M","$","?","R","E"],"character_chosen":"IRONCLAD","items_purchased":["Shrug It Off","Entrench"],"campfire_rested":0,"item_purchase_floors":[2,4],"current_hp_per_floor":[70,75,75,75,75,75,41,41],"gold":33,"neow_bonus":"RANDOM_COMMON_RELIC","is_daily":false,"chose_seed":false,"campfire_upgraded":1,"win_rate":0.0,"timestamp":1610331086,"path_taken":["M","$","M","$","?","R","E"],"items_purchased_type":["Card","Card"],"build_version":"2020-12-22","purchased_purges":0,"victory":false,"max_hp_per_floor":[75,75,75,75,75,75,75,75],"relic_stats":{"counters":[3,13],"MealTicket":5,"obtain_stats":[{"MealTicket":0,"Burning Blood":0},{"MealTicket":0,"Burning Blood":0},{"MealTicket":0,"Burning Blood":0}],"Burning Blood":6},"card_choices":[{"not_picked":["Power Through","Fire Breathing"],"picked":"Heavy Blade","floor":1},{"not_picked":["Iron Wave","Sever Soul","Searing Blow"],"picked":"SKIP","floor":3}],"player_experience":352203,"relics_obtained":[],"event_choices":[{"cards_removed":["Strike_R"],"damage_healed":0,"gold_gain":0,"player_choice":"Forget","damage_taken":0,"max_hp_gain":0,"max_hp_loss":0,"event_name":"Living Wall","floor":5,"gold_loss":0}],"is_beta":false,"boss_relics":[],"items_purged_floors":[],"is_endless":false,"potions_floor_spawned":[1],"killed_by":"3 Sentries","ascension_level":15}}