{"host":"ttzdpsscxkem3xrs","time":1610353760,"event":{"mods":["BaseMod","Colored Map","Downfall","Minty Spire (QoL Compilation)","Replay The Spire","StSLib","The Cursed","The Hierophant"],"gold_per_floor":[111,111,2,2,2,2,2,27,27,56,54,67,17,21,21,117,117,117,117,134,134,134],"floor_reached":21,"playtime":900,"items_purged":["hierophant:Defend_Hierophant"],"score":202,"play_id":"fb92b69c-6fbe-46d9-9b07-aa76eb01f892","local_time":"20210111002920","is_ascension_mode":false,"campfire_choices":[{"data":"hierophant:Chorus","floor":6,"key":"SMITH"},{"floor":15,"key":"REST"}],"circlet_count":0,"master_deck":["hierophant:Strike_Hierophant","hierophant:Strike_Hierophant","hierophant:Strike_Hierophant","hierophant:Punish","hierophant:Defend_Hierophant","hierophant:Defend_Hierophant","hierophant:ChurchCoffers","hierophant:Chorus+1","hierophant:RepressedViolence+1","hierophant:Martyrdom","hierophant:Glossolalia","hierophant:HammerAndAnvil","hierophant:Kindle","hierophant:Kindle","hierophant:Chorus"],"relics":["hierophant:PropheticMaskRelic","NeowsBlessing","Odd Mushroom","Letter Opener","StoneCalendar","Velvet Choker","GremlinMask"],"acts_visited":["Exordium","TheCity"],"potions_floor_usage":[16,21,21,21],"damage_taken":[{"damage":0,"enemies":"Cultist","floor":1,"turns":1},{"damage":4,"enemies":"The Mushroom Lair","floor":8,"turns":2},{"damage":0,"enemies":"3 Sentries","floor":10,"turns":2},{"damage":8,"enemies":"Small Slimes","floor":11,"turns":3},{"damage":5,"enemies":"2 Louse","floor":12,"turns":3},{"damage":12,"enemies":"2 Fungi Beasts","floor":14,"turns":3},{"damage":52,"enemies":"The Guardian","floor":16,"turns":7},{"damage":30,"enemies":"Shell Parasite","floor":18,"turns":3},{"damage":27,"enemies":"3 Byrds","floor":20,"turns":4},{"damage":26,"enemies":"Centurion and Healer","floor":21,"turns":3}],"seed_played":"-787923283816407288","potions_obtained":[{"floor":1,"key":"FearPotion"},{"floor":10,"key":"Ancient Potion"},{"floor":14,"key":"Milkshake"},{"floor":16,"key":"SneckoOil"},{"floor":18,"key":"Strength Potion"}],"is_trial":false,"path_per_floor":["M","?","$","?","?","R","$","?","T","E","M","M","?","M","R","B",null,"M","?","M","M"],"character_chosen":"HIEROPHANT","items_purchased":["hierophant:RepressedViolence+1"],"campfire_rested":1,"item_purchase_floors":[3],"current_hp_per_floor":[75,75,75,75,80,80,80,76,76,76,68,63,63,51,75,23,80,50,50,23,0,0],"gold":134,"neow_bonus":"THREE_ENEMY_KILL","is_daily":false,"chose_seed":false,"campfire_upgraded":1,"win_rate":0.0,"timestamp":1610353760,"path_taken":["M","?","$","?","?","R","?","?","T","E","M","M","?","M","R","BOSS","M","?","M","?"],"items_purchased_type":["Card"],"build_version":"2020-12-22","purchased_purges":1,"victory":false,"max_hp_per_floor":[75,75,75,75,80,80,80,80,80,80,80,80,80,80,80,80,80,80,80,80,80,80],"card_choices":[{"not_picked":["hierophant:ThreeLashes","hierophant:Encroach"],"picked":"hierophant:Chorus","floor":1},{"not_picked":["hierophant:ThreeLashes","hierophant:Encroach"],"picked":"hierophant:Martyrdom","floor":8},{"not_picked":["hierophant:AuricForm","hierophant:AuricBeam","hierophant:Smite"],"picked":"SKIP","floor":10},{"not_picked":["hierophant:Smite","hierophant:Doubloon"],"picked":"hierophant:Glossolalia","floor":11},{"not_picked":["hierophant:AuricShield","hierophant:Embezzle"],"picked":"hierophant:HammerAndAnvil","floor":12},{"not_picked":["hierophant:Zeal","hierophant:Prophecy"],"picked":"hierophant:Kindle","floor":14},{"not_picked":["hierophant:Batter","hierophant:Determination"],"picked":"hierophant:Kindle","floor":16},{"not_picked":["hierophant:RepressedViolence+1","hierophant:MorningPrayer+1","hierophant:Zeal"],"picked":"SKIP","floor":18},{"not_picked":["hierophant:ThreeLashes","hierophant:Doubloon"],"picked":"hierophant:Chorus","floor":20}],"player_experience":1337673,"relics_obtained":[{"floor":8,"key":"Odd Mushroom"},{"floor":9,"key":"Letter Opener"},{"floor":10,"key":"StoneCalendar"}],"event_choices":[{"cards_removed":["hierophant:Strike_Hierophant"],"damage_healed":0,"gold_gain":0,"player_choice":"Forget","damage_taken":0,"max_hp_gain":0,"max_hp_loss":0,"event_name":"Living Wall","floor":2,"gold_loss":0},{"damage_healed":0,"gold_gain":0,"player_choice":"Ignored","damage_taken":0,"max_hp_gain":0,"max_hp_loss":0,"event_name":"Liars Game","floor":4,"gold_loss":0},{"damage_healed":0,"gold_gain":0,"player_choice":"Donut","damage_taken":0,"max_hp_gain":5,"max_hp_loss":0,"event_name":"Big Fish","floor":5,"gold_loss":0},{"damage_healed":0,"gold_gain":0,"player_choice":"Fought Mushrooms","damage_taken":0,"max_hp_gain":0,"max_hp_loss":0,"event_name":"Mushrooms","floor":8,"gold_loss":0},{"cards_removed":["hierophant:Defend_Hierophant"],"damage_healed":0,"gold_gain":0,"player_choice":"Card Removal","damage_taken":0,"max_hp_gain":0,"max_hp_loss":0,"event_name":"The Cleric","floor":13,"gold_loss":50},{"damage_healed":0,"gold_gain":0,"player_choice":"Trade","damage_taken":0,"relics_obtained":["GremlinMask"],"max_hp_gain":0,"max_hp_loss":0,"event_name":"FaceTrader","floor":19,"gold_loss":0}],"is_beta":false,"boss_relics":[{"not_picked":["Painkiller Herb","Snecko Eye"],"picked":"Velvet Choker"}],"items_purged_floors":[3],"is_endless":false,"potions_floor_spawned":[1,10,14,16,18],"killed_by":"Centurion and Healer","ascension_level":0}}