{"host":"jx3f6ezc0g3s9edc","time":1610327809,"event":{"mods":["AchievementEnabler","BaseMod","Bestiary","Colored Map","Highlight Path","Minty Spire (QoL Compilation)","StSLib"],"gold_per_floor":[110,110,110,128,138,138,13,13,39,69,69,69,86,100,100,196,196,213,229,154,171,171,171],"floor_reached":22,"playtime":1244,"items_purged":["Strike_B"],"score":242,"play_id":"52f49350-28a3-4fd6-854f-f6328d88fe52","local_time":"20210110201649","is_ascension_mode":true,"campfire_choices":[{"data":"Redo","floor":6.0,"key":"SMITH"},{"data":"Beam Cell","floor":8.0,"key":"SMITH"},{"data":"Dualcast","floor":12.0,"key":"SMITH"},{"data":"Beam Cell","floor":15,"key":"SMITH"}],"circlet_count":0,"master_deck":["Strike_B","Strike_B","Defend_B","Defend_B","Defend_B","Defend_B","Zap","Dualcast+1","Beam Cell+1","Redo+1","Gash","Coolheaded","Beam Cell+1","Loop","Core Surge","CurseOfTheBell","Rebound+1","Darkness+1"],"relics":["Cracked Core","Dead Branch","Akabeko","DataDisk","NlothsMask","Calling Bell","Gambling Chip","Frozen Egg 2","Happy Flower"],"acts_visited":["Exordium","TheCity"],"potions_floor_usage":[14,16],"damage_taken":[{"damage":0.0,"enemies":"Cultist","floor":1.0,"turns":4.0},{"damage":5.0,"enemies":"2 Louse","floor":4.0,"turns":2.0},{"damage":0.0,"enemies":"Small Slimes","floor":5.0,"turns":2.0},{"damage":16.0,"enemies":"Lagavulin","floor":10.0,"turns":6.0},{"damage":4.0,"enemies":"3 Louse","floor":13.0,"turns":3.0},{"damage":0,"enemies":"Large Slime","floor":14,"turns":3},{"damage":27,"enemies":"Hexaghost","floor":16,"turns":11},{"damage":10,"enemies":"Shell Parasite","floor":18,"turns":4},{"damage":20,"enemies":"2 Thieves","floor":19,"turns":3},{"damage":15,"enemies":"Cultist and Chosen","floor":21,"turns":6},{"damage":25,"enemies":"Sentry and Sphere","floor":22,"turns":3}],"seed_played":"1713597992764815822","potions_obtained":[{"floor":1.0,"key":"FearPotion"},{"floor":13.0,"key":"Dexterity Potion"},{"floor":14,"key":"Dexterity Potion"},{"floor":18,"key":"PowerPotion"}],"is_trial":false,"path_per_floor":["M","?","?","M","M","R","$","R","T","E","?","R","M","M","R","B",null,"M","M","?","M","M"],"character_chosen":"DEFECT","items_purchased":["Coolheaded"],"campfire_rested":0,"item_purchase_floors":[7],"current_hp_per_floor":[68,68,73,68,68,68,68,68,68,52,52,52,48,48,48,21,60,50,30,30,15,0,0],"gold":171,"neow_bonus":"ONE_RARE_RELIC","is_daily":false,"chose_seed":false,"campfire_upgraded":4,"win_rate":0.0,"timestamp":1610327809,"path_taken":["M","?","?","M","M","R","$","R","T","E","?","R","M","M","R","BOSS","M","?","?","M","M"],"items_purchased_type":["Card"],"build_version":"2020-12-22","purchased_purges":1,"victory":false,"max_hp_per_floor":[68,68,73,73,73,73,73,73,73,73,73,73,73,73,73,73,73,73,73,73,73,73,73],"card_choices":[{"not_picked":["Capacitor","Barrage"],"picked":"Beam Cell","floor":1.0},{"not_picked":["Sweeping Beam","Rip and Tear"],"picked":"Redo","floor":4.0},{"not_picked":["Auto Shields","Static Discharge"],"picked":"Gash","floor":5.0},{"not_picked":["Stack","Creative AI","Chaos"],"picked":"SKIP","floor":10.0},{"not_picked":["Double Energy","BootSequence"],"picked":"Beam Cell","floor":13.0},{"not_picked":["Turbo","Barrage"],"picked":"Loop","floor":14},{"not_picked":["Meteor Strike","Biased Cognition"],"picked":"Core Surge","floor":16},{"not_picked":["Turbo","Beam Cell"],"picked":"Rebound+1","floor":18},{"not_picked":["Compile Driver","Fusion","Turbo"],"picked":"SKIP","floor":19},{"not_picked":["Rip and Tear","Skim"],"picked":"Darkness+1","floor":21}],"player_experience":746612,"relics_obtained":[{"floor":9.0,"key":"Akabeko"},{"floor":10.0,"key":"DataDisk"},{"floor":17,"key":"Gambling Chip"},{"floor":17,"key":"Frozen Egg 2"},{"floor":17,"key":"Happy Flower"}],"event_choices":[{"damage_healed":0.0,"max_hp_gain":0.0,"max_hp_loss":0.0,"gold_gain":0.0,"event_name":"Liars Game","player_choice":"Ignored","floor":2.0,"gold_loss":0.0,"damage_taken":0.0},{"damage_healed":0.0,"max_hp_gain":5.0,"max_hp_loss":0.0,"gold_gain":0.0,"event_name":"Big Fish","player_choice":"Donut","floor":3.0,"gold_loss":0.0,"damage_taken":0.0},{"damage_healed":0.0,"max_hp_gain":0.0,"max_hp_loss":0.0,"gold_gain":0.0,"event_name":"FaceTrader","player_choice":"Trade","floor":11.0,"gold_loss":0.0,"damage_taken":0.0,"relics_obtained":["NlothsMask"]},{"cards_removed":["Strike_B"],"damage_healed":0,"gold_gain":0,"player_choice":"Gave Gold","damage_taken":0,"max_hp_gain":0,"max_hp_loss":0,"event_name":"Beggar","floor":20,"gold_loss":75}],"is_beta":false,"boss_relics":[{"not_picked":["Tiny House","SlaversCollar"],"picked":"Calling Bell"}],"items_purged_floors":[7],"is_endless":false,"potions_floor_spawned":[1,13,14,18],"killed_by":"Sentry and Sphere","ascension_level":6}}