{"host":"5s7sm4h73jkd9266","time":1610338316,"event":{"mods":["AchievementEnabler","Bartender","BaseMod","Better Match","Better Vampires","BetterRewards","Colored Map","Colored Powertips","Conspire","Downfall","Energized Spire","GifTheSpireLib","Hermit","Hubris","Magitek Elite","Marisa????????","Melee Mod","Minty Spire (QoL Compilation)","Potion Indicator Mod","Rare Cards Sparkle","Relic Stats","Replay The Spire","Robot Space Explorer","Shop Mod","StSLib","Stuff the Spire","The Bladedancer","The Blue Laboratory","The Cursed","The Disciple","The Dragon Tamer","The Forsaken","The Necromancer","The Wild Card","The Witch","Virulent Crown","everything is the same but u backflip on backflip","slay the spire mod where everything is the same but ironclad has a cowboy hat","vexMod"],"gold_per_floor":[362,37,50,60,141,172,172,172,172],"floor_reached":8,"playtime":660,"items_purged":[],"score":112,"play_id":"5a388f3f-32e7-4c5b-8f0c-d5f23abf95a5","local_time":"20210110231156","is_ascension_mode":true,"campfire_choices":[{"data":"Fire Breathing","floor":7.0,"key":"SMITH"}],"circlet_count":0,"master_deck":["AscendersBane","Strike_R","Strike_R","Strike_R","Strike_R","Strike_R","Defend_R","Defend_R","Defend_R","Defend_R","Bash","champ:Strike","TheCursedMod:CleanUpWorkshop","Feel No Pain","Fire Breathing+1","Run Through","Iron Wave"],"relics":["Burning Blood","StuffTheSpire:MayFlowers","Matryoshka","vexMod:InvisibilityCloak"],"acts_visited":["Exordium"],"potions_floor_usage":[],"damage_taken":[{"damage":3.0,"enemies":"Cultist","floor":1.0,"turns":3.0},{"damage":3.0,"enemies":"2 Louse","floor":3.0,"turns":4.0},{"damage":5.0,"enemies":"Small Slimes","floor":4.0,"turns":3.0},{"damage":21.0,"enemies":"3 Sentries","floor":6.0,"turns":6.0},{"damage":75,"enemies":"Lagavulin","floor":8,"turns":10}],"seed_played":"-553446812254367966","potions_obtained":[],"is_trial":false,"path_per_floor":["M","$","M","M","T","E","R","E"],"character_chosen":"IRONCLAD","items_purchased":["StuffTheSpire:MayFlowers"],"campfire_rested":0,"item_purchase_floors":[2],"current_hp_per_floor":[71,71,74,75,75,63,63,0,0],"gold":172,"neow_bonus":"TWO_FIFTY_GOLD","is_daily":false,"chose_seed":false,"campfire_upgraded":1,"win_rate":0.0,"timestamp":1610338316,"path_taken":["M","$","M","M","?","E","R","E"],"items_purchased_type":["Relic"],"build_version":"2020-12-22","purchased_purges":0,"victory":false,"max_hp_per_floor":[75,75,75,75,75,75,75,75,75],"relic_stats":{"counters":[5,26],"obtain_stats":[{"vexMod:InvisibilityCloak":6,"Matryoshka":5,"StuffTheSpire:MayFlowers":2,"Burning Blood":0},{"vexMod:InvisibilityCloak":4,"Matryoshka":3,"StuffTheSpire:MayFlowers":1,"Burning Blood":0},{"vexMod:InvisibilityCloak":16,"Matryoshka":10,"StuffTheSpire:MayFlowers":3,"Burning Blood":0}],"Burning Blood":24},"card_choices":[{"not_picked":["Replay:Undeath\u0027s Touch","Battle Trance"],"picked":"Feel No Pain","floor":1.0},{"not_picked":["Heavy Blade","Headbutt"],"picked":"Fire Breathing","floor":3.0},{"not_picked":["StuffTheSpire:Pyroclast","Sentinel"],"picked":"Run Through","floor":4.0},{"not_picked":["Wild Strike","Clash"],"picked":"Iron Wave","floor":6.0}],"player_experience":5473683,"relics_obtained":[{"floor":5.0,"key":"Matryoshka"},{"floor":6.0,"key":"vexMod:InvisibilityCloak"}],"event_choices":[],"is_beta":false,"boss_relics":[],"items_purged_floors":[],"is_endless":false,"potions_floor_spawned":[],"killed_by":"Lagavulin","ascension_level":20}}