{"host":"m77rrhbqzv44va4v","time":1610397133,"event":{"mods":["AchievementEnabler","BaseMod","Colored Map","DeckTracker","Keyboard Shortcuts","Minty Spire (QoL Compilation)","StSLib","SuperFastMode","everything is the same but u backflip on backflip"],"gold_per_floor":[117,62,62,129,143,177,177,177,177,197,230,245,259,274,274,345,345,358,328,347,347,63,63,81,81,81],"floor_reached":25,"playtime":387,"items_purged":["Writhe"],"score":476,"play_id":"97576b3c-1f5f-468e-a357-f53e2858f320","local_time":"20210112053213","is_ascension_mode":true,"campfire_choices":[{"data":"Blood for Blood","floor":7,"key":"SMITH"},{"floor":15,"key":"REST"},{"floor":23,"key":"REST"}],"circlet_count":0,"master_deck":["AscendersBane","Strike_R","Strike_R","Strike_R","Strike_R","Defend_R","Defend_R","Defend_R","Defend_R","Bash","Blood for Blood+1","Shrug It Off","Ghostly Armor","Cleave","Second Wind","Evolve","Combust","Wild Strike","Double Tap","Feed","Uppercut","Bloodletting","Battle Trance","Metallicize"],"relics":["Black Blood","NeowsBlessing","Bag of Marbles","StrikeDummy","Dream Catcher","HornCleat","ClockworkSouvenir"],"acts_visited":["Exordium","TheCity"],"potions_floor_usage":[16,16,24,25],"damage_taken":[{"damage":0,"enemies":"2 Louse","floor":1,"turns":1},{"damage":0,"enemies":"Small Slimes","floor":5,"turns":1},{"damage":0,"enemies":"Gremlin Nob","floor":6,"turns":1},{"damage":0,"enemies":"Cultist","floor":10,"turns":2},{"damage":20,"enemies":"Lagavulin","floor":11,"turns":5},{"damage":2,"enemies":"Lots of Slimes","floor":12,"turns":3},{"damage":9,"enemies":"2 Fungi Beasts","floor":13,"turns":3},{"damage":1,"enemies":"Exordium Wildlife","floor":14,"turns":3},{"damage":29,"enemies":"Slime Boss","floor":16,"turns":5},{"damage":39,"enemies":"Shell Parasite","floor":18,"turns":7},{"damage":29,"enemies":"Spheric Guardian","floor":20,"turns":5},{"damage":38,"enemies":"Snecko","floor":24,"turns":5},{"damage":31,"enemies":"Shelled Parasite and Fungi","floor":25,"turns":4}],"seed_played":"-2253845616157747057","potions_obtained":[{"floor":1,"key":"ElixirPotion"},{"floor":10,"key":"Block Potion"},{"floor":12,"key":"AttackPotion"},{"floor":13,"key":"PowerPotion"},{"floor":19,"key":"EntropicBrew"},{"floor":19,"key":"Ancient Potion"},{"floor":20,"key":"AttackPotion"},{"floor":24,"key":"PowerPotion"}],"is_trial":false,"path_per_floor":["M","$","?","?","M","E","R","?","T","M","E","M","M","M","R","B",null,"M","?","M","?","$","R","M","M"],"character_chosen":"IRONCLAD","items_purchased":["Shrug It Off","Battle Trance","ClockworkSouvenir"],"campfire_rested":2,"item_purchase_floors":[2,22,22],"current_hp_per_floor":[74,74,79,79,80,80,80,80,80,80,66,70,67,72,80,57,74,47,47,33,33,33,57,31,0,0],"gold":81,"neow_bonus":"THREE_ENEMY_KILL","is_daily":false,"chose_seed":false,"campfire_upgraded":1,"win_rate":0.0,"timestamp":1610397133,"path_taken":["M","$","?","?","M","E","R","?","T","M","E","M","M","M","R","BOSS","M","?","?","?","$","R","M","M"],"items_purchased_type":["Card","Card","Relic"],"build_version":"2020-12-22","purchased_purges":1,"victory":false,"max_hp_per_floor":[75,75,80,80,80,80,80,80,80,80,80,80,80,80,80,80,80,80,80,83,83,83,83,83,83,83],"card_choices":[{"not_picked":["Perfected Strike","Iron Wave"],"picked":"Blood for Blood","floor":1},{"not_picked":["Metallicize","Battle Trance"],"picked":"Ghostly Armor","floor":5},{"not_picked":["Headbutt","Dual Wield"],"picked":"Cleave","floor":6},{"not_picked":["True Grit","Warcry"],"picked":"Second Wind","floor":10},{"not_picked":["Pummel","Clash","Armaments"],"picked":"SKIP","floor":11},{"not_picked":["Spot Weakness","Headbutt"],"picked":"Evolve","floor":12},{"not_picked":["Dual Wield","Body Slam"],"picked":"Combust","floor":13},{"not_picked":["True Grit","Clothesline"],"picked":"Wild Strike","floor":14},{"not_picked":["Spot Weakness","Clothesline"],"picked":"Double Tap","floor":15},{"not_picked":["Barricade","Berserk"],"picked":"Feed","floor":16},{"not_picked":["Sentinel","Rage"],"picked":"Uppercut","floor":18},{"not_picked":["Perfected Strike","Dropkick"],"picked":"Bloodletting","floor":20},{"not_picked":["Uppercut","Shrug It Off"],"picked":"Metallicize","floor":23},{"not_picked":["Body Slam+1","Thunderclap","Whirlwind"],"picked":"SKIP","floor":24}],"player_experience":928104,"relics_obtained":[{"floor":6,"key":"Bag of Marbles"},{"floor":9,"key":"StrikeDummy"},{"floor":11,"key":"Dream Catcher"}],"event_choices":[{"damage_healed":0,"gold_gain":0,"player_choice":"Donut","damage_taken":0,"max_hp_gain":5,"max_hp_loss":0,"event_name":"Big Fish","floor":3,"gold_loss":0},{"damage_healed":0,"gold_gain":67,"player_choice":"Gained Gold","damage_taken":0,"max_hp_gain":0,"max_hp_loss":0,"event_name":"Golden Wing","floor":4,"gold_loss":0},{"cards_removed":["Strike_R"],"damage_healed":0,"gold_gain":0,"player_choice":"Purged","damage_taken":0,"max_hp_gain":0,"max_hp_loss":0,"event_name":"Purifier","floor":8,"gold_loss":0},{"damage_healed":0,"gold_gain":0,"player_choice":"Bought 2 Potions","damage_taken":0,"max_hp_gain":0,"max_hp_loss":0,"event_name":"The Woman in Blue","floor":19,"gold_loss":0},{"damage_healed":0,"gold_gain":0,"player_choice":"Opened","damage_taken":0,"relics_obtained":["HornCleat"],"max_hp_gain":0,"max_hp_loss":0,"event_name":"The Mausoleum","floor":21,"gold_loss":0,"cards_obtained":["Writhe"]}],"is_beta":false,"boss_relics":[{"not_picked":["Ectoplasm","Fusion Hammer"],"picked":"Black Blood"}],"items_purged_floors":[22],"is_endless":false,"potions_floor_spawned":[1,10,12,13,14,20,24],"killed_by":"Shelled Parasite and Fungi","ascension_level":20}}