{"host":"ojme7g6xlqwffsso","time":1610377804,"event":{"mods":["Act Like it!","BaseMod","Downfall","Hermit","MarisaÅiñ∂âJÅ@ñÇóùçπÅj","Minty Spire (QoL Compilation)","Replay The Spire","Shade Mod","Shop Mod","StSLib","The Alterego","The Cursed","Yuri Mod"],"gold_per_floor":[110,159,177,177,192,220,220,232,257,292,302,302,315,343,343,343,343],"floor_reached":16,"playtime":461,"items_purged":[],"score":191,"play_id":"c5ae8605-5c95-406d-a2ac-25eabc939752","local_time":"20210112001004","is_ascension_mode":true,"campfire_choices":[{"data":"TheCursedMod:CursedSpellbook","floor":7,"key":"SMITH"},{"floor":12,"key":"REST"},{"data":"TheCursedMod:CleanUpWorkshop","floor":15,"key":"SMITH"}],"circlet_count":0,"master_deck":["TheCursedMod:Strike_TheCursed","TheCursedMod:CleanUpWorkshop+1","TheCursedMod:SpitefulStrike+1","TheCursedMod:TacticalStrike","TheCursedMod:VitalStrike+1","TheCursedMod:FuryStrike","TheCursedMod:FuryStrike","TheCursedMod:CircleOfWindfury","TheCursedMod:CursedSpellbook+1","TheCursedMod:StunningStrike","Guardian:Aged","Chrysalis","TheCursedMod:SmokeScreen","TheCursedMod:VitalStrike","TheCursedMod:CircleOfFlame","TheCursedMod:CursedAmulet","TheCursedMod:SurpriseAttack","TheCursedMod:TacticalStrike"],"relics":["TheCursedMod:FourLeafCloverCharm","Lantern","Toy Ornithopter","Oddly Smooth Stone","Blue Doll","Snack Pack"],"acts_visited":["Exordium"],"potions_floor_usage":[16],"damage_taken":[{"damage":0,"enemies":"Cultist","floor":1,"turns":2},{"damage":8,"enemies":"2 Louse","floor":3,"turns":2},{"damage":0,"enemies":"Small Slimes","floor":5,"turns":1},{"damage":14,"enemies":"3 Sentries","floor":6,"turns":4},{"damage":0,"enemies":"Blue Slaver","floor":8,"turns":1},{"damage":11,"enemies":"Replay:BlueRogue","floor":10,"turns":2},{"damage":6,"enemies":"Exordium Thugs","floor":11,"turns":3},{"damage":5,"enemies":"Looter","floor":13,"turns":2},{"damage":0,"enemies":"3 Sentries","floor":14,"turns":2},{"damage":48,"enemies":"The Guardian","floor":16,"turns":8}],"seed_played":"-1033940503176486021","potions_obtained":[{"floor":5,"key":"PowerPotion"},{"floor":6,"key":"Regen Potion"},{"floor":8,"key":"FearPotion"}],"is_trial":false,"path_per_floor":["M","T","M","?","M","E","R","M","T","E","M","R","M","E","R","B"],"character_chosen":"THE_CURSED","items_purchased":[],"campfire_rested":1,"item_purchase_floors":[],"current_hp_per_floor":[68,68,60,45,45,31,31,31,31,20,14,36,31,31,31,0,0],"gold":343,"neow_bonus":"RANDOM_COLORLESS_2","is_daily":false,"chose_seed":false,"campfire_upgraded":2,"win_rate":0.0,"timestamp":1610377804,"path_taken":["M","?","M","?","M","E","R","M","T","E","M","R","M","E","R","BOSS"],"items_purchased_type":[],"build_version":"2020-12-22","purchased_purges":0,"victory":false,"max_hp_per_floor":[75,75,75,75,75,75,75,75,75,75,75,75,75,75,75,75,75],"card_choices":[{"not_picked":["expansioncontent:Corrupt","The Bomb"],"picked":"Chrysalis","floor":0},{"not_picked":["TheCursedMod:SaltUponWound","TheCursedMod:BloodBarrier"],"picked":"TheCursedMod:SmokeScreen","floor":1},{"not_picked":["TheCursedMod:CircleOfAmplification","TheCursedMod:Mangle"],"picked":"TheCursedMod:VitalStrike","floor":3},{"not_picked":["TheCursedMod:Grudge","TheCursedMod:AbyssShockwave"],"picked":"TheCursedMod:CircleOfFlame","floor":5},{"not_picked":["TheCursedMod:CursedBlade","TheCursedMod:StingEye"],"picked":"TheCursedMod:CursedAmulet","floor":6},{"not_picked":["TheCursedMod:Obscuration","TheCursedMod:RapidMovement"],"picked":"TheCursedMod:SurpriseAttack","floor":8},{"not_picked":["TheCursedMod:SurpriseAttack","TheCursedMod:VoidForm","TheCursedMod:CursedMace"],"picked":"SKIP","floor":10},{"not_picked":["TheCursedMod:SurpriseAttack","TheCursedMod:HellfireBreathing","TheCursedMod:SmokeScreen"],"picked":"SKIP","floor":11},{"not_picked":["TheCursedMod:SurpriseAttack","TheCursedMod:CircleOfCorruption"],"picked":"TheCursedMod:TacticalStrike","floor":13},{"not_picked":["TheCursedMod:Obscuration","TheCursedMod:CursedMace","TheCursedMod:CircleOfFocus"],"picked":"SKIP","floor":14}],"player_experience":923079,"relics_obtained":[{"floor":2,"key":"Lantern"},{"floor":6,"key":"Toy Ornithopter"},{"floor":9,"key":"Oddly Smooth Stone"},{"floor":10,"key":"Blue Doll"},{"floor":14,"key":"Snack Pack"}],"event_choices":[{"damage_healed":0,"gold_gain":0,"player_choice":"Entered Light","damage_taken":15,"max_hp_gain":0,"max_hp_loss":0,"event_name":"Shining Light","floor":4,"gold_loss":0,"cards_upgraded":["TheCursedMod:SpitefulStrike","TheCursedMod:VitalStrike"]}],"is_beta":false,"boss_relics":[],"items_purged_floors":[],"is_endless":false,"potions_floor_spawned":[5,6,8,10],"killed_by":"The Guardian","ascension_level":6}}