{"host":"oiw60b5ins9fyx34","time":1610375221,"event":{"mods":["BaseMod","Colored Map","Colored Powertips","Minty Spire (QoL Compilation)","Permanent Neow","Quick Restart","Relic Stats","StSLib"],"gold_per_floor":[117,46,64,74,74,74,92,124,124,124,124],"floor_reached":10,"playtime":358,"items_purged":[],"score":71,"play_id":"c82bb4d0-7ab0-45e7-9bce-768feaf2eb2a","local_time":"20210111232701","is_ascension_mode":true,"campfire_choices":[{"data":"Pummel","floor":6,"key":"SMITH"}],"circlet_count":0,"master_deck":["Strike_R","Strike_R","Strike_R","Strike_R","Defend_R","Defend_R","Defend_R","Bash+1","Thunderclap","Pummel+1","Burning Pact","Reckless Charge","Sentinel","Exhume"],"relics":["Empty Cage","Turnip","FossilizedHelix"],"acts_visited":["Exordium"],"potions_floor_usage":[],"damage_taken":[{"damage":1,"enemies":"Cultist","floor":1,"turns":4},{"damage":0,"enemies":"Small Slimes","floor":3,"turns":3},{"damage":11,"enemies":"Jaw Worm","floor":4,"turns":5},{"damage":15,"enemies":"Exordium Wildlife","floor":7,"turns":5},{"damage":42,"enemies":"3 Sentries","floor":8,"turns":9},{"damage":0,"enemies":"Lagavulin","floor":10,"turns":4}],"seed_played":"-5638402882072494169","potions_obtained":[{"floor":8,"key":"Energy Potion"}],"is_trial":false,"path_per_floor":["M","$","M","M","?","R","M","E","T","E"],"character_chosen":"IRONCLAD","items_purchased":["Pummel"],"campfire_rested":0,"item_purchase_floors":[2],"current_hp_per_floor":[79,79,79,68,68,68,53,11,11,11,11],"gold":124,"neow_bonus":"BOSS_RELIC","is_daily":false,"chose_seed":false,"campfire_upgraded":1,"win_rate":0.0,"timestamp":1610375221,"path_taken":["M","$","M","M","?","R","M","E","T","E"],"items_purchased_type":["Card"],"build_version":"2020-12-22","purchased_purges":0,"victory":false,"max_hp_per_floor":[80,80,80,80,80,80,80,80,80,80,80],"relic_stats":{"counters":[6,30],"Turnip":[0],"obtain_stats":[{"Turnip":8,"Empty Cage":0,"Burning Blood":0,"FossilizedHelix":9},{"Turnip":5,"Empty Cage":0,"Burning Blood":0,"FossilizedHelix":5},{"Turnip":26,"Empty Cage":0,"Burning Blood":0,"FossilizedHelix":26}]},"card_choices":[{"not_picked":["Sword Boomerang","Iron Wave"],"picked":"Thunderclap","floor":1},{"not_picked":["Headbutt","Iron Wave"],"picked":"Burning Pact","floor":3},{"not_picked":["Perfected Strike","Clash"],"picked":"Reckless Charge","floor":4},{"not_picked":["True Grit","Twin Strike"],"picked":"Sentinel","floor":7},{"not_picked":["Clash","True Grit"],"picked":"Exhume","floor":8}],"player_experience":630527,"relics_obtained":[{"floor":8,"key":"Turnip"},{"floor":9,"key":"FossilizedHelix"}],"event_choices":[{"damage_healed":0,"gold_gain":0,"player_choice":"Forge","damage_taken":0,"max_hp_gain":0,"max_hp_loss":0,"event_name":"Accursed Blacksmith","floor":5,"gold_loss":0,"cards_upgraded":["Bash"]}],"is_beta":false,"boss_relics":[],"items_purged_floors":[],"is_endless":false,"potions_floor_spawned":[8],"killed_by":"Lagavulin","ascension_level":1}}