{"host":"684z1xpuwaoqmmh1","time":1610403072,"event":{"mods":["Bard","BaseMod","Downfall","Hermit","Jorbs\u0027s Wanderer Trilogy","Marisa????????","Minty Spire (QoL Compilation)","Robot Space Explorer","Shade Mod","StSLib","The Hierophant","The Marked","The Mystic"],"gold_per_floor":[115,125,125,136,149,178,178,178,223,241,266,279,303,332,332,436,436,447,457,457,474,59,89,105,140,163,163,196,208,133,152,152,251,251,264,141,141,155,168,193,193,218,218,218,243,256,286,286,286,286,286],"floor_reached":50,"playtime":2787,"items_purged":["Shame","theMarked:Strike"],"score":727,"play_id":"f721e29e-d28b-416a-8012-9b5ef7410878","local_time":"20210112001112","is_ascension_mode":true,"campfire_choices":[{"data":"theMarked:KeepCalmAndFightOn","floor":8.0,"key":"SMITH"},{"floor":15.0,"key":"REST"},{"floor":27.0,"key":"REST"},{"floor":32.0,"key":"REST"},{"floor":41,"key":"RECALL"},{"floor":44,"key":"REST"},{"floor":49,"key":"REST"}],"circlet_count":0,"master_deck":["theMarked:Strike","theMarked:Strike","theMarked:Strike+1","theMarked:Defend","theMarked:Defend","theMarked:Defend","theMarked:SoldierOfQuellstein","theMarked:BanishingStrike+1","theMarked:SummonStrength+1","theMarked:HeritageOfTheMarked","theMarked:Frustration","theMarked:KeepCalmAndFightOn+1","theMarked:Panic","theMarked:DeterminationOfTheMarked","theMarked:TunnelVision","theMarked:MuscleMemory","theMarked:TwofoldDefense+1","theMarked:SuspiciousRaven","theMarked:HeritageOfTheMarked","theMarked:StartUp+1","theMarked:HeightenedSenses+1","theMarked:Snap","theMarked:WastefulDefense","theMarked:DispelDoubt","theMarked:FavorableWinds","theMarked:Improvise+1","theMarked:Frustration","theMarked:TwofoldDefense","theMarked:Snap","theMarked:MysticalArsenal","theMarked:WastefulDefense+1"],"relics":["theMarked:ArtifactOfAir","Shuriken","Guardian:PocketSentry","Turnip","Odd Mushroom","Potion Belt","SlaversCollar","Anchor","theMarked:DemonDagger","Ancient Tea Set","Peace Pipe","StrikeDummy","Pen Nib","Happy Flower","theMarked:Eyepatch","Gremlin Horn","Du-Vu Doll","Omamori","Toxic Egg 2"],"acts_visited":["Exordium","TheCity","TheBeyond"],"potions_floor_usage":[39,46,50],"damage_taken":[{"damage":0.0,"enemies":"2 Louse","floor":1.0,"turns":2.0},{"damage":0.0,"enemies":"Cultist","floor":2.0,"turns":4.0},{"damage":0.0,"enemies":"Small Slimes","floor":4.0,"turns":2.0},{"damage":7.0,"enemies":"Looter","floor":5.0,"turns":4.0},{"damage":16.0,"enemies":"3 Sentries","floor":6.0,"turns":7.0},{"damage":0.0,"enemies":"3 Louse","floor":10.0,"turns":3.0},{"damage":4.0,"enemies":"Gremlin Nob","floor":11.0,"turns":3.0},{"damage":4.0,"enemies":"Gremlin Gang","floor":12.0,"turns":2.0},{"damage":6.0,"enemies":"The Mushroom Lair","floor":13.0,"turns":2.0},{"damage":9.0,"enemies":"3 Sentries","floor":14.0,"turns":4.0},{"damage":11.0,"enemies":"Slime Boss","floor":16.0,"turns":6.0},{"damage":10.0,"enemies":"3 Byrds","floor":18.0,"turns":4.0},{"damage":14.0,"enemies":"2 Thieves","floor":19.0,"turns":4.0},{"damage":0.0,"enemies":"Chosen and Byrds","floor":21.0,"turns":4.0},{"damage":11.0,"enemies":"Gremlin Leader","floor":23.0,"turns":4.0},{"damage":19.0,"enemies":"Centurion and Healer","floor":24.0,"turns":5.0},{"damage":16.0,"enemies":"Slavers","floor":25.0,"turns":4.0},{"damage":0.0,"enemies":"Gremlin Leader","floor":28.0,"turns":3.0},{"damage":5.0,"enemies":"Snecko","floor":29.0,"turns":3.0},{"damage":0.0,"enemies":"Cultist and Chosen","floor":31.0,"turns":4.0},{"damage":9.0,"enemies":"Collector","floor":33.0,"turns":5.0},{"damage":9,"enemies":"3 Darklings","floor":35,"turns":6},{"damage":1,"enemies":"3 Shapes","floor":38,"turns":4},{"damage":24,"enemies":"Spire Growth","floor":39,"turns":4},{"damage":6,"enemies":"Nemesis","floor":40,"turns":5},{"damage":9,"enemies":"Giant Head","floor":42,"turns":6},{"damage":0,"enemies":"Reptomancer","floor":45,"turns":3},{"damage":0,"enemies":"Jaw Worm Horde","floor":46,"turns":2},{"damage":45,"enemies":"Nemesis","floor":47,"turns":5},{"damage":48,"enemies":"Time Eater","floor":50,"turns":5}],"seed_played":"-42547768028486288","potions_obtained":[{"floor":2.0,"key":"SkillPotion"},{"floor":5.0,"key":"theMarked:ChargePotion"},{"floor":6.0,"key":"Dexterity Potion"},{"floor":13.0,"key":"LiquidMemories"},{"floor":14.0,"key":"sneckomod:MuddlingPotion"},{"floor":21.0,"key":"SkillPotion"},{"floor":23.0,"key":"Fire Potion"},{"floor":25.0,"key":"ColorlessPotion"},{"floor":33.0,"key":"Block Potion"},{"floor":35,"key":"Weak Potion"},{"floor":40,"key":"Dexterity Potion"},{"floor":42,"key":"BlessingOfTheForge"},{"floor":47,"key":"Weak Potion"}],"is_trial":false,"path_per_floor":["M","M","?","M","M","E","?","R","T","M","E","M","?","E","R","B",null,"M","M","?","M","$","E","M","E","T","R","E","M","?","M","R","B",null,"M","$","?","M","M","E","R","E","T","R","E","M","E","?","R","B"],"character_chosen":"THE_DEFAULT","items_purchased":["theMarked:DemonDagger","theMarked:HeritageOfTheMarked","Ancient Tea Set","theMarked:Frustration"],"campfire_rested":5,"item_purchase_floors":[22,22,22,36],"current_hp_per_floor":[77,77,62,62,55,39,39,39,39,39,35,31,25,16,39,28,77,67,53,53,53,53,42,23,7,7,30,30,25,25,25,48,39,77,68,68,68,67,43,37,37,28,28,51,51,51,6,6,29,0,0],"gold":286,"neow_bonus":"TEN_PERCENT_HP_BONUS","is_daily":false,"chose_seed":false,"campfire_upgraded":1,"win_rate":0.0,"timestamp":1610403072,"path_taken":["M","M","?","M","M","E","?","R","T","?","E","M","?","E","R","BOSS","M","M","?","M","$","E","M","E","T","R","E","M","?","M","R","BOSS","M","$","?","?","M","E","R","E","T","R","E","M","E","?","R","BOSS"],"items_purchased_type":["Relic","Card","Relic","Card"],"build_version":"2020-12-22","purchased_purges":2,"victory":false,"max_hp_per_floor":[77,77,77,77,77,77,77,77,77,77,77,77,77,77,77,77,77,77,77,77,77,77,77,77,77,77,77,77,77,77,77,77,77,77,77,77,77,77,77,77,77,77,77,77,77,77,77,77,77,77,77],"card_choices":[{"not_picked":["theMarked:ChainLightning","theMarked:Aftermath"],"picked":"theMarked:BanishingStrike","floor":1.0},{"not_picked":["theMarked:BanishingStrike","theMarked:Parkour"],"picked":"theMarked:SummonStrength","floor":2.0},{"not_picked":["theMarked:Parkour","theMarked:Opportunist"],"picked":"theMarked:HeritageOfTheMarked","floor":4.0},{"not_picked":["theMarked:Static","theMarked:Improvise"],"picked":"theMarked:Frustration","floor":5.0},{"not_picked":["theMarked:LightningStrikesTwice","theMarked:Improvise"],"picked":"theMarked:KeepCalmAndFightOn","floor":6.0},{"not_picked":["theMarked:ResourceFulStrike","theMarked:ElectricStrings"],"picked":"theMarked:Panic","floor":10.0},{"not_picked":["theMarked:PowerFlow","theMarked:Improvise","theMarked:Generate"],"picked":"SKIP","floor":11.0},{"not_picked":["theMarked:ElectricStrings","theMarked:KeepCalmAndFightOn","theMarked:Convert"],"picked":"SKIP","floor":12.0},{"not_picked":["theMarked:ElectricStrings","theMarked:BanishingStrike"],"picked":"theMarked:DeterminationOfTheMarked","floor":13.0},{"not_picked":["theMarked:BanishingStrike","theMarked:PowerFlow"],"picked":"theMarked:TunnelVision","floor":14.0},{"not_picked":["theMarked:TurnInvisible","theMarked:BindingBlade"],"picked":"theMarked:MuscleMemory","floor":16.0},{"not_picked":["theMarked:WastefulAttack","theMarked:ResourceFulStrike"],"picked":"theMarked:TwofoldDefense+1","floor":18.0},{"not_picked":["theMarked:Parry+1","theMarked:HeightenedSenses","theMarked:EnhanceMovement"],"picked":"SKIP","floor":19.0},{"not_picked":["theMarked:Polarize+1","theMarked:ElectricStrings+1"],"picked":"theMarked:SuspiciousRaven","floor":21.0},{"not_picked":["theMarked:Electrify+1","theMarked:Frustration"],"picked":"theMarked:StartUp+1","floor":23.0},{"not_picked":["theMarked:Parkour","theMarked:BanishingStrike+1"],"picked":"theMarked:HeightenedSenses+1","floor":24.0},{"not_picked":["theMarked:Panic","theMarked:SuspiciousRaven"],"picked":"theMarked:Snap","floor":25.0},{"not_picked":["theMarked:ElectricStrings","theMarked:ChainLightning+1","theMarked:Static"],"picked":"SKIP","floor":28.0},{"not_picked":["theMarked:WastefulAttack","theMarked:ParalyzingBlade+1"],"picked":"theMarked:WastefulDefense","floor":29.0},{"not_picked":["theMarked:SwordAndMagic","theMarked:ElementalBlade+1"],"picked":"theMarked:DispelDoubt","floor":31.0},{"not_picked":["theMarked:ThrowWeapon","theMarked:SuspiciousRaven"],"picked":"theMarked:FavorableWinds","floor":33.0},{"not_picked":["theMarked:TwofoldDefense+1","theMarked:ResourceFulStrike"],"picked":"theMarked:Improvise+1","floor":35},{"not_picked":["theMarked:RepellingDischarge","theMarked:Parkour","theMarked:Convert+1"],"picked":"SKIP","floor":38},{"not_picked":["theMarked:Electrocute+1","theMarked:ResourceFulStrike+1","theMarked:EmpowerWeapon"],"picked":"SKIP","floor":39},{"not_picked":["theMarked:Static+1","theMarked:ChainLightning"],"picked":"theMarked:TwofoldDefense","floor":40},{"not_picked":["theMarked:TwofoldDefense+1","theMarked:RepellingDischarge"],"picked":"theMarked:Snap","floor":42},{"not_picked":["theMarked:WastefulDefense","theMarked:AttractMetal+1"],"picked":"theMarked:MysticalArsenal","floor":45},{"not_picked":["theMarked:ChainLightning+1","theMarked:HeightenedSenses+1"],"picked":"theMarked:WastefulDefense+1","floor":46},{"not_picked":["theMarked:HeightenedSenses+1","theMarked:RepellingDischarge+1","theMarked:Frustration+1"],"picked":"SKIP","floor":47}],"player_experience":2484984,"relics_obtained":[{"floor":6.0,"key":"Shuriken"},{"floor":9.0,"key":"Guardian:PocketSentry"},{"floor":11.0,"key":"Turnip"},{"floor":13.0,"key":"Odd Mushroom"},{"floor":14.0,"key":"Potion Belt"},{"floor":23.0,"key":"Peace Pipe"},{"floor":25.0,"key":"StrikeDummy"},{"floor":26.0,"key":"Pen Nib"},{"floor":28.0,"key":"Happy Flower"},{"floor":40,"key":"Gremlin Horn"},{"floor":42,"key":"Du-Vu Doll"},{"floor":45,"key":"Omamori"},{"floor":47,"key":"Toxic Egg 2"}],"event_choices":[{"damage_healed":0.0,"max_hp_gain":0.0,"max_hp_loss":0.0,"gold_gain":0.0,"event_name":"Shining Light","player_choice":"Entered Light","floor":3.0,"gold_loss":0.0,"damage_taken":15.0,"cards_upgraded":["theMarked:BanishingStrike","theMarked:Strike"]},{"damage_healed":0.0,"max_hp_gain":0.0,"max_hp_loss":0.0,"gold_gain":0.0,"event_name":"Upgrade Shrine","player_choice":"Upgraded","floor":7.0,"gold_loss":0.0,"damage_taken":0.0,"cards_upgraded":["theMarked:SummonStrength"]},{"damage_healed":0.0,"max_hp_gain":0.0,"max_hp_loss":0.0,"gold_gain":0.0,"event_name":"Mushrooms","player_choice":"Fought Mushrooms","floor":13.0,"gold_loss":0.0,"damage_taken":0.0},{"damage_healed":0.0,"max_hp_gain":0.0,"max_hp_loss":0.0,"gold_gain":0.0,"event_name":"Addict","player_choice":"Stole Relic","floor":20.0,"gold_loss":0.0,"damage_taken":0.0,"relics_obtained":["Anchor"],"cards_obtained":["Shame"]},{"cards_removed":["theMarked:Strike"],"damage_healed":0.0,"max_hp_gain":0.0,"max_hp_loss":0.0,"gold_gain":0.0,"event_name":"Beggar","player_choice":"Gave Gold","floor":30.0,"gold_loss":75.0,"damage_taken":0.0},{"cards_removed":["theMarked:Defend"],"damage_healed":0,"gold_gain":0,"player_choice":"Offered Basic","damage_taken":0,"max_hp_gain":0,"max_hp_loss":0,"event_name":"Bonfire Elementals","floor":37,"gold_loss":0},{"damage_healed":0,"gold_gain":0,"player_choice":"Ignored","damage_taken":0,"max_hp_gain":0,"max_hp_loss":0,"event_name":"OrinTheCat","floor":48,"gold_loss":0}],"is_beta":false,"boss_relics":[{"not_picked":["Empty Cage","Snecko Eye"],"picked":"SlaversCollar"},{"not_picked":["theMarked:BronzeBlade","Runic Dome"],"picked":"theMarked:Eyepatch"}],"items_purged_floors":[22,36],"is_endless":false,"potions_floor_spawned":[2,5,6,13,14,21,23,25,33,35,40,42,47],"killed_by":"Time Eater","ascension_level":1}}