{"host":"wwo1kwxjf4eyz37q","time":1610355712,"event":{"mods":["AchievementEnabler","BaseMod","Colored Map","Minty Spire (QoL Compilation)","Quick Restart","SuperFastMode"],"gold_per_floor":[116,116,133,150,169,169,198,198,248,248,258,275,46,62,62,161,211,227,227,227,246,258,258,289,289,289,317,18,35,46,46,46,150,150,169,221,238,238,253,253,153,181,181,181,111,111,124,124,124,124],"floor_reached":51,"playtime":2921,"items_purged":["Strike_G","Strike_G"],"score":1152,"play_id":"474d172c-d100-4782-aa6c-a41177613412","local_time":"20210111180152","is_ascension_mode":true,"campfire_choices":[{"data":"Neutralize","floor":6.0,"key":"SMITH"},{"floor":8.0,"key":"REST"},{"data":"Bouncing Flask","floor":10.0,"key":"SMITH"},{"floor":15.0,"key":"REST"},{"data":"Catalyst","floor":23.0,"key":"SMITH"},{"data":"Noxious Fumes","floor":25.0,"key":"SMITH"},{"data":"Bullet Time","floor":32.0,"key":"SMITH"},{"data":"Burst","floor":40.0,"key":"SMITH"},{"data":"Tactician","floor":44.0,"key":"SMITH"},{"data":"Thinking Ahead","floor":46.0,"key":"SMITH"},{"floor":49.0,"key":"RECALL"}],"circlet_count":0,"master_deck":["Strike_G+1","Strike_G+1","Defend_G+1","Defend_G+1","Defend_G+1","Defend_G+1","Survivor+1","Neutralize+1","Thinking Ahead+1","Dagger Spray+1","Flying Knee+1","Crippling Poison+1","Bouncing Flask+1","Backflip+1","Dodge and Roll+1","Backflip+1","Noxious Fumes+1","Catalyst+1","PiercingWail+1","Bullet Time+1","Calculated Gamble+1","Ghostly+1","Ghostly+1","Ghostly+1","Ghostly+1","Ghostly+1","Tactician+1","Prepared+1","Setup+1","Bouncing Flask+1","Malaise+1","Burst+1","Corpse Explosion+1","Acrobatics+1","Footwork+1","Acrobatics+1","Escape Plan+1"],"relics":["Ring of the Snake","White Beast Statue","Omamori","Tiny House","MealTicket","StrikeDummy","Calipers","FossilizedHelix","Coffee Dripper","Pocketwatch","Centennial Puzzle","Ninja Scroll","Mark of the Bloom"],"acts_visited":["Exordium","TheCity","TheBeyond"],"potions_floor_usage":[50,50,50],"damage_taken":[{"damage":1.0,"enemies":"2 Louse","floor":1.0,"turns":4.0},{"damage":4.0,"enemies":"Jaw Worm","floor":3.0,"turns":3.0},{"damage":0.0,"enemies":"Small Slimes","floor":4.0,"turns":2.0},{"damage":10.0,"enemies":"Exordium Thugs","floor":5.0,"turns":6.0},{"damage":32.0,"enemies":"3 Sentries","floor":7.0,"turns":8.0},{"damage":8.0,"enemies":"2 Fungi Beasts","floor":11.0,"turns":3.0},{"damage":3.0,"enemies":"Looter","floor":12.0,"turns":3.0},{"damage":1.0,"enemies":"Lots of Slimes","floor":14.0,"turns":2.0},{"damage":37.0,"enemies":"Slime Boss","floor":16.0,"turns":9.0},{"damage":7.0,"enemies":"Chosen","floor":18.0,"turns":6.0},{"damage":0.0,"enemies":"2 Thieves","floor":19.0,"turns":1.0},{"damage":10.0,"enemies":"Shelled Parasite and Fungi","floor":21.0,"turns":7.0},{"damage":0.0,"enemies":"Snake Plant","floor":22.0,"turns":3.0},{"damage":7.0,"enemies":"Book of Stabbing","floor":24.0,"turns":7.0},{"damage":0.0,"enemies":"Gremlin Leader","floor":27.0,"turns":7.0},{"damage":0.0,"enemies":"Centurion and Healer","floor":29.0,"turns":9.0},{"damage":0.0,"enemies":"Sentry and Sphere","floor":30.0,"turns":5.0},{"damage":0.0,"enemies":"Automaton","floor":33.0,"turns":8.0},{"damage":0.0,"enemies":"3 Shapes","floor":35.0,"turns":4.0},{"damage":5.0,"enemies":"2 Orb Walkers","floor":36.0,"turns":6.0},{"damage":4.0,"enemies":"Orb Walker","floor":37.0,"turns":6.0},{"damage":0.0,"enemies":"3 Darklings","floor":39.0,"turns":5.0},{"damage":8.0,"enemies":"Giant Head","floor":42.0,"turns":8.0},{"damage":0.0,"enemies":"Maw","floor":47.0,"turns":4.0},{"damage":20,"enemies":"Awakened One","floor":50,"turns":14}],"seed_played":"-3875652415030655391","potions_obtained":[{"floor":3.0,"key":"Swift Potion"},{"floor":7.0,"key":"SmokeBomb"},{"floor":11.0,"key":"DistilledChaos"},{"floor":12.0,"key":"Strength Potion"},{"floor":14.0,"key":"Explosive Potion"},{"floor":16.0,"key":"CunningPotion"},{"floor":17.0,"key":"FearPotion"},{"floor":18.0,"key":"GamblersBrew"},{"floor":21.0,"key":"LiquidMemories"},{"floor":22.0,"key":"Explosive Potion"},{"floor":27.0,"key":"SteroidPotion"},{"floor":29.0,"key":"PowerPotion"},{"floor":30.0,"key":"Weak Potion"},{"floor":33.0,"key":"AttackPotion"},{"floor":35.0,"key":"Ancient Potion"},{"floor":36.0,"key":"Fruit Juice"},{"floor":37.0,"key":"CunningPotion"},{"floor":42.0,"key":"Poison Potion"},{"floor":47.0,"key":"Dexterity Potion"}],"is_trial":false,"path_per_floor":["M","?","M","M","M","R","E","R","T","R","M","M","$","M","R","B",null,"M","M","?","M","M","R","E","R","T","E","$","M","M","?","R","B",null,"M","?","M","?","M","R","$","E","T","R","$","R","M","?","R","B",null],"character_chosen":"THE_SILENT","items_purchased":["Noxious Fumes","Catalyst","FossilizedHelix","Escape Plan"],"campfire_rested":2,"item_purchase_floors":[13,13,28,45],"current_hp_per_floor":[62,62,58,58,48,48,16,34,34,34,26,23,23,22,40,3,53,46,46,34,24,24,24,17,17,17,17,32,32,32,32,32,32,34,34,34,30,30,30,30,39,31,31,31,39,39,39,39,39,19],"gold":124,"neow_bonus":"RANDOM_COLORLESS_2","is_daily":false,"chose_seed":false,"campfire_upgraded":8,"win_rate":0.0,"timestamp":1610355712,"path_taken":["M","?","M","M","M","R","E","R","T","R","M","M","$","M","R","BOSS","M","M","?","M","M","R","E","R","T","E","$","M","M","?","R","BOSS","M","?","M","?","M","R","$","E","T","R","$","R","?","?","R","BOSS"],"items_purchased_type":["Card","Card","Relic","Card"],"build_version":"2020-12-22","purchased_purges":2,"victory":true,"max_hp_per_floor":[63,63,63,63,63,63,63,63,63,63,63,63,63,63,63,63,68,68,68,34,34,34,34,34,34,34,34,34,34,34,34,34,34,34,34,39,39,39,39,39,39,39,39,39,39,39,39,39,39,39],"card_choices":[{"not_picked":["Mayhem","Violence"],"picked":"Thinking Ahead","floor":0.0},{"not_picked":["Well Laid Plans","Acrobatics"],"picked":"Dagger Spray","floor":1.0},{"not_picked":["Caltrops","Finisher"],"picked":"Flying Knee","floor":3.0},{"not_picked":["Deadly Poison","Dagger Throw"],"picked":"Crippling Poison","floor":4.0},{"not_picked":["Underhanded Strike","Dash"],"picked":"Bouncing Flask","floor":5.0},{"not_picked":["Slice","Caltrops"],"picked":"Backflip","floor":7.0},{"not_picked":["Sucker Punch","Dagger Spray"],"picked":"Dodge and Roll","floor":11.0},{"not_picked":["Poisoned Stab","Dodge and Roll"],"picked":"Backflip","floor":12.0},{"not_picked":["Outmaneuver","Bane"],"picked":"PiercingWail","floor":14.0},{"not_picked":["Unload","Malaise"],"picked":"Bullet Time","floor":16.0},{"not_picked":["Poisoned Stab","Blade Dance"],"picked":"Calculated Gamble","floor":17.0},{"not_picked":["Quick Slash+1","Prepared","Concentrate"],"picked":"SKIP","floor":18.0},{"not_picked":["Backflip","Sucker Punch"],"picked":"Tactician","floor":21.0},{"not_picked":["Malaise","Dagger Spray+1"],"picked":"Prepared","floor":22.0},{"not_picked":["Slice","Deflect","Accuracy"],"picked":"SKIP","floor":24.0},{"not_picked":["Quick Slash+1","Dagger Spray+1","Deadly Poison"],"picked":"SKIP","floor":27.0},{"not_picked":["Endless Agony","Dagger Spray+1"],"picked":"Setup+1","floor":29.0},{"not_picked":["Backstab","Deadly Poison+1"],"picked":"Bouncing Flask+1","floor":30.0},{"not_picked":["Malaise","Doppelganger"],"picked":"Corpse Explosion","floor":33.0},{"not_picked":["Dodge and Roll","Outmaneuver+1"],"picked":"Acrobatics+1","floor":35.0},{"not_picked":["Dagger Throw+1","Backflip+1"],"picked":"Footwork+1","floor":36.0},{"not_picked":["Infinite Blades","Deadly Poison+1","Dagger Throw"],"picked":"SKIP","floor":37.0},{"not_picked":["Predator+1","Infinite Blades","Dagger Throw+1"],"picked":"SKIP","floor":39.0},{"not_picked":["Reflex+1","Deflect+1"],"picked":"Acrobatics","floor":42.0},{"not_picked":["Dash","Infinite Blades","Riddle With Holes+1"],"picked":"SKIP","floor":47.0}],"player_experience":217413,"relics_obtained":[{"floor":7.0,"key":"White Beast Statue"},{"floor":9.0,"key":"Omamori"},{"floor":24.0,"key":"MealTicket"},{"floor":26.0,"key":"StrikeDummy"},{"floor":27.0,"key":"Calipers"},{"floor":36.0,"key":"Pocketwatch"},{"floor":42.0,"key":"Centennial Puzzle"},{"floor":43.0,"key":"Ninja Scroll"}],"event_choices":[{"damage_healed":0.0,"max_hp_gain":0.0,"max_hp_loss":0.0,"gold_gain":0.0,"event_name":"Shining Light","player_choice":"Ignored","floor":2.0,"gold_loss":0.0,"damage_taken":0.0},{"damage_healed":0.0,"max_hp_gain":0.0,"max_hp_loss":34.0,"gold_gain":0.0,"event_name":"Ghosts","player_choice":"Became a Ghost","floor":20.0,"gold_loss":0.0,"damage_taken":0.0,"cards_obtained":["Ghostly","Ghostly","Ghostly","Ghostly","Ghostly"]},{"damage_healed":0.0,"max_hp_gain":0.0,"max_hp_loss":0.0,"gold_gain":0.0,"cards_transformed":["Strike_G","Defend_G"],"event_name":"Drug Dealer","player_choice":"Became Test Subject","floor":31.0,"gold_loss":0.0,"damage_taken":0.0,"cards_obtained":["Malaise","Burst"]},{"damage_healed":0.0,"max_hp_gain":0.0,"max_hp_loss":0.0,"gold_gain":0.0,"event_name":"Mysterious Sphere","player_choice":"Fight","floor":36.0,"gold_loss":0.0,"damage_taken":0.0},{"damage_healed":0.0,"max_hp_gain":0.0,"max_hp_loss":0.0,"gold_gain":0.0,"event_name":"SecretPortal","player_choice":"Ignored","floor":38.0,"gold_loss":0.0,"damage_taken":0.0},{"damage_healed":0.0,"max_hp_gain":0.0,"max_hp_loss":0.0,"gold_gain":0.0,"event_name":"MindBloom","player_choice":"Upgrade","floor":48.0,"gold_loss":0.0,"damage_taken":0.0,"cards_upgraded":["Strike_G","Strike_G","Defend_G","Defend_G","Defend_G","Defend_G","Dagger Spray","Flying Knee","Crippling Poison","Backflip","Dodge and Roll","Backflip","PiercingWail","Calculated Gamble","Ghostly","Ghostly","Ghostly","Ghostly","Ghostly","Prepared","Malaise","Corpse Explosion","Acrobatics","Escape Plan"],"relics_obtained":["Mark of the Bloom"]}],"is_beta":false,"boss_relics":[{"not_picked":["Snecko Eye","WristBlade"],"picked":"Tiny House"},{"not_picked":["SlaversCollar","Ring of the Serpent"],"picked":"Coffee Dripper"}],"items_purged_floors":[13,41],"is_endless":false,"potions_floor_spawned":[3,7,11,12,14,16,18,19,21,22,24,27,29,30,33,35,36,37,39,42,47],"ascension_level":8}}