{"host":"vzkpoqyw8ea6g4k2","time":1610350445,"event":{"mods":["AchievementEnabler","BaseMod","Colored Map","Colored Powertips","Lobotomy","Minty Spire (QoL Compilation)","Permanent Neow","Quick Restart","StSLib"],"gold_per_floor":[109,119,135,135,90,119,119,132,132,132,144,144,161,9,9,9,9],"floor_reached":16,"playtime":492,"items_purged":[],"score":102,"play_id":"232e74d1-7fed-4aee-b019-3a5ac0abef49","local_time":"20210111163405","is_ascension_mode":false,"campfire_choices":[{"data":"Bash","floor":7,"key":"SMITH"},{"data":"Uppercut","floor":10,"key":"SMITH"},{"floor":12,"key":"REST"},{"data":"Shrug It Off","floor":15,"key":"SMITH"}],"circlet_count":0,"master_deck":["Strike_R","Strike_R","Strike_R","Strike_R","Strike_R","Defend_R","Defend_R","Defend_R","Defend_R","Bash+1","Clash","OldLady","Shrug It Off+1","Scorched","Twin Strike","Wellcheers","BigBadWolf","CrumblingArmor","Headbutt","DreamingCurrent","CrumblingArmor"],"relics":["Burning Blood","CogitoBucket","Tiny Chest","Blood Vial","HellTrain","DollysMirror"],"acts_visited":["Exordium"],"potions_floor_usage":[6,11,11,16],"damage_taken":[{"damage":1,"enemies":"Cultist","floor":1,"turns":3},{"damage":1,"enemies":"2 Louse","floor":2,"turns":3},{"damage":5,"enemies":"Small Slimes","floor":3,"turns":2},{"damage":13,"enemies":"Lagavulin","floor":6,"turns":6},{"damage":0,"enemies":"Exordium Wildlife","floor":8,"turns":1},{"damage":51,"enemies":"Looter","floor":11,"turns":11},{"damage":14,"enemies":"Blue Slaver","floor":13,"turns":4},{"damage":119,"enemies":"The Guardian","floor":16,"turns":5}],"seed_played":"-6474814713838385859","potions_obtained":[{"floor":1,"key":"Explosive Potion"},{"floor":2,"key":"Weak Potion"},{"floor":8,"key":"SteroidPotion"},{"floor":11,"key":"DuplicationPotion"}],"is_trial":false,"path_per_floor":["M","M","M","?","$","E","R","M","T","R","M","R","M","$","R","B"],"character_chosen":"IRONCLAD","items_purchased":["Twin Strike","DollysMirror"],"campfire_rested":1,"item_purchase_floors":[5,14],"current_hp_per_floor":[80,80,80,80,80,73,73,79,79,79,35,59,53,53,53,0,0],"gold":9,"neow_bonus":"","is_daily":false,"chose_seed":false,"campfire_upgraded":3,"win_rate":0.0,"timestamp":1610350445,"path_taken":["M","?","M","?","$","E","R","?","T","R","M","R","M","$","R","BOSS"],"items_purchased_type":["Card","Relic"],"build_version":"2020-12-22","purchased_purges":0,"victory":false,"max_hp_per_floor":[80,80,80,80,80,80,80,80,80,80,80,80,80,80,80,80,80],"card_choices":[{"not_picked":["FieryBird","MHz"],"picked":"FairyFestival","floor":1},{"not_picked":["Warcry","Rampage"],"picked":"Clash","floor":1},{"not_picked":["Bloodbath","HeroicMonk"],"picked":"OldLady","floor":2},{"not_picked":["Rage","Clothesline"],"picked":"Shrug It Off","floor":2},{"not_picked":["Bloodbath","Wellcheers"],"picked":"Scorched","floor":3},{"not_picked":["Clothesline","Flex","Searing Blow"],"picked":"SKIP","floor":3},{"not_picked":["SpiderBud","FairyFestival"],"picked":"Wellcheers","floor":6},{"not_picked":["Armaments","Seeing Red","Rampage"],"picked":"SKIP","floor":6},{"not_picked":["DreamingCurrent","LittlePrince"],"picked":"BigBadWolf","floor":8},{"not_picked":["Body Slam","Anger"],"picked":"Uppercut","floor":8},{"not_picked":["BeautyBeast","MeatLantern"],"picked":"CrumblingArmor","floor":11},{"not_picked":["Armaments","Feel No Pain"],"picked":"Headbutt","floor":11},{"not_picked":["RedShoes","PunishingBird"],"picked":"DreamingCurrent","floor":13},{"not_picked":["Infernal Blade","Headbutt","Armaments"],"picked":"SKIP","floor":13},{"not_picked":["Infernal Blade","Headbutt","Armaments"],"picked":"SKIP","floor":13}],"player_experience":20492,"relics_obtained":[{"floor":6,"key":"Tiny Chest"},{"floor":9,"key":"Blood Vial"}],"event_choices":[{"cards_removed":["FairyFestival"],"damage_healed":0,"gold_gain":0,"player_choice":"Purged","damage_taken":0,"max_hp_gain":0,"max_hp_loss":0,"event_name":"Purifier","floor":4,"gold_loss":0}],"is_beta":false,"boss_relics":[],"items_purged_floors":[],"is_endless":false,"potions_floor_spawned":[1,2,8,11],"killed_by":"The Guardian","ascension_level":0}}