{"host":"ty2cix8xj6r3ad26","time":1610393157,"event":{"mods":["AchievementEnabler","BaseMod","BetterRewards","Minty Spire (QoL Compilation)","StSLib","SuperFastMode","The Servant 0.9.4"],"gold_per_floor":[113,113,129,139,139,139,166,166,166,37,48,113,128,128,128,233,233,250,259,259,13,25,67,87,118,118,118,142,160,85,110,110,215,215,235,285,300,310,17,61,61,104,104,143,23,52,52,78,78,78,78,78,78,117,117],"floor_reached":56,"playtime":4275,"items_purged":["Strike_R","Writhe"],"score":1875,"play_id":"7cbf6de7-26cc-41be-8946-015f621df0dd","local_time":"20210111212557","is_ascension_mode":true,"campfire_choices":[{"data":"Mayhem","floor":6,"key":"SMITH"},{"data":"Corruption","floor":8,"key":"SMITH"},{"data":"Bash","floor":15,"key":"SMITH"},{"data":"Pommel Strike","floor":27,"key":"SMITH"},{"data":"Metallicize","floor":32,"key":"SMITH"},{"data":"Demon Form","floor":41,"key":"SMITH"},{"floor":47,"key":"RECALL"},{"data":"Feel No Pain","floor":49,"key":"SMITH"},{"data":"Battle Trance","floor":52,"key":"SMITH"}],"circlet_count":0,"master_deck":["AscendersBane","Defend_R","Defend_R","Defend_R","Bash+1","Metallicize+1","Mayhem+1","Pommel Strike+1","Corruption+1","Sentinel","Battle Trance+1","Seeing Red","Impervious","Armaments+1","Metallicize+1","Warcry+1","Clothesline+1","Spot Weakness+1","Shrug It Off+1","Demon Form+1","Sentinel+1","Disarm+1","True Grit+1","Clash+1","Feel No Pain+1","Rampage+1","Heavy Blade+1","Burning Pact+1"],"relics":["Burning Blood","TheAbacus","Charon\u0027s Ashes","Toy Ornithopter","Matryoshka","Juzu Bracelet","Question Card","TungstenRod","Black Star","CeramicFish","Letter Opener","Toxic Egg 2","Cauldron","HornCleat","Thread and Needle","Paper Frog","Dream Catcher","Molten Egg 2","Sozu","Gambling Chip","Sling","The Courier","Bottled Flame","Shuriken","Vajra","Boot","Lizard Tail","HandDrill","Art of War","Centennial Puzzle"],"acts_visited":["Exordium","TheCity","TheBeyond","TheEnding"],"potions_floor_usage":[7,7,12,16,18,23,24,25,33,33,33],"damage_taken":[{"damage":6,"enemies":"2 Louse","floor":1,"turns":3},{"damage":1,"enemies":"Cultist","floor":3,"turns":4},{"damage":6,"enemies":"Jaw Worm","floor":4,"turns":4},{"damage":6,"enemies":"3 Sentries","floor":7,"turns":7},{"damage":2,"enemies":"2 Fungi Beasts","floor":11,"turns":3},{"damage":2,"enemies":"3 Sentries","floor":12,"turns":5},{"damage":0,"enemies":"Exordium Wildlife","floor":13,"turns":4},{"damage":9,"enemies":"Hexaghost","floor":16,"turns":8},{"damage":0,"enemies":"3 Byrds","floor":18,"turns":3},{"damage":5,"enemies":"Chosen","floor":22,"turns":6},{"damage":27,"enemies":"Gremlin Leader","floor":23,"turns":7},{"damage":0,"enemies":"Snake Plant","floor":24,"turns":4},{"damage":20,"enemies":"Book of Stabbing","floor":25,"turns":8},{"damage":0,"enemies":"3 Cultists","floor":28,"turns":4},{"damage":0,"enemies":"Snecko","floor":31,"turns":4},{"damage":12,"enemies":"Champ","floor":33,"turns":12},{"damage":0,"enemies":"3 Darklings","floor":35,"turns":5},{"damage":0,"enemies":"Mind Bloom Boss Battle","floor":36,"turns":8},{"damage":0,"enemies":"Orb Walker","floor":37,"turns":4},{"damage":0,"enemies":"Sphere and 2 Shapes","floor":38,"turns":3},{"damage":42,"enemies":"Nemesis","floor":40,"turns":11},{"damage":25,"enemies":"Reptomancer","floor":42,"turns":5},{"damage":0,"enemies":"Nemesis","floor":44,"turns":7},{"damage":1,"enemies":"Transient","floor":46,"turns":5},{"damage":4,"enemies":"Jaw Worm Horde","floor":48,"turns":5},{"damage":0,"enemies":"Donu and Deca","floor":50,"turns":7},{"damage":16,"enemies":"Shield and Spear","floor":54,"turns":6},{"damage":53,"enemies":"The Heart","floor":55,"turns":9}],"seed_played":"-9018059698084169863","potions_obtained":[{"floor":1,"key":"HeartOfIron"},{"floor":4,"key":"ColorlessPotion"},{"floor":13,"key":"SneckoOil"},{"floor":16,"key":"SmokeBomb"},{"floor":21,"key":"Regen Potion"},{"floor":21,"key":"Weak Potion"},{"floor":21,"key":"Swift Potion"},{"floor":21,"key":"Fire Potion"},{"floor":23,"key":"SpeedPotion"},{"floor":24,"key":"Explosive Potion"},{"floor":28,"key":"LiquidBronze"}],"is_trial":false,"path_per_floor":["M","?","M","M","?","R","E","R","T","$","M","?","M","?","R","B",null,"M","?","T","$","M","E","M","E","T","R","M","?","?","M","R","B",null,"M","?","M","M","$","E","R","E","T","E","$","M","R","M","R","B",null,"R","$","E","B",null],"character_chosen":"IRONCLAD","items_purchased":["TheAbacus","Charon\u0027s Ashes","Metallicize","Mayhem","Toy Ornithopter","Block Potion","Sentinel","FearPotion","Cauldron","Sentinel+1","Disarm+1","Sling","HandDrill"],"campfire_rested":0,"item_purchase_floors":[0,0,0,0,0,0,10,10,21,39,39,39,45],"current_hp_per_floor":[36,36,41,41,34,34,44,44,44,44,48,57,63,63,63,65,76,80,80,80,80,80,64,75,66,66,66,72,72,72,78,78,74,79,80,80,80,80,80,44,44,25,25,31,31,36,36,38,38,44,71,71,71,61,14],"gold":117,"neow_bonus":"","is_daily":false,"chose_seed":false,"campfire_upgraded":8,"win_rate":0.0,"timestamp":1610393157,"path_taken":["M","?","M","?","?","R","E","R","T","?","M","?","M","?","R","BOSS","M","?","?","$","M","E","M","E","T","R","M","?","?","M","R","BOSS","M","?","M","M","$","E","R","E","T","E","$","M","R","M","R","BOSS","R","$","E","BOSS"],"items_purchased_type":["Relic","Relic","Card","Card","Relic","Potion","Card","Potion","Relic","Card","Card","Relic","Relic"],"build_version":"2020-12-22","purchased_purges":2,"victory":true,"max_hp_per_floor":[80,80,80,80,80,80,80,80,80,80,80,80,80,80,80,80,80,80,80,80,80,80,80,80,80,80,80,80,80,80,80,80,80,80,80,80,80,80,80,80,80,80,80,80,80,80,80,80,80,80,80,80,80,80,80],"card_choices":[{"not_picked":["Flex","Cleave","Wild Strike"],"picked":"SKIP","floor":1},{"not_picked":["Dual Wield","Perfected Strike"],"picked":"Pommel Strike","floor":3},{"not_picked":["Sever Soul","Inflame","Wild Strike"],"picked":"SKIP","floor":4},{"not_picked":["Headbutt","Fire Breathing"],"picked":"Corruption","floor":7},{"not_picked":["Sword Boomerang","Evolve","Second Wind"],"picked":"Battle Trance","floor":11},{"not_picked":["Hemokinesis","Pommel Strike","Fire Breathing"],"picked":"Seeing Red","floor":12},{"not_picked":["True Grit","Warcry","Burning Pact","Wild Strike"],"picked":"SKIP","floor":13},{"not_picked":["Bludgeon","Limit Break","Exhume"],"picked":"Impervious","floor":16},{"not_picked":["Fire Breathing","Iron Wave","Havoc+1","True Grit+1"],"picked":"SKIP","floor":18},{"not_picked":["Heavy Blade","Rage+1","Iron Wave","Twin Strike"],"picked":"SKIP","floor":22},{"not_picked":["Clothesline","Headbutt","Anger"],"picked":"Armaments+1","floor":23},{"not_picked":["Second Wind+1","Blood for Blood+1","Heavy Blade+1"],"picked":"Metallicize+1","floor":24},{"not_picked":["Immolate","Wild Strike+1","Inflame","Sever Soul"],"picked":"SKIP","floor":25},{"not_picked":["Battle Trance+1","Carnage+1","Havoc+1"],"picked":"Warcry+1","floor":28},{"not_picked":["Power Through+1","Sword Boomerang+1","Iron Wave+1"],"picked":"Shrug It Off+1","floor":31},{"not_picked":["Reaper+1","Brutality","Exhume+1"],"picked":"Demon Form","floor":33},{"not_picked":["Infernal Blade+1","Rupture","Clothesline+1","Twin Strike+1"],"picked":"SKIP","floor":35},{"not_picked":["Inflame+1","Clothesline+1","True Grit+1","Uppercut+1"],"picked":"SKIP","floor":37},{"not_picked":["Warcry+1","Wild Strike+1","True Grit+1","Iron Wave+1"],"picked":"SKIP","floor":38},{"not_picked":["Warcry+1","Fiend Fire+1","Wild Strike+1"],"picked":"True Grit+1","floor":40},{"not_picked":["Dual Wield+1","Fire Breathing+1","Uppercut+1"],"picked":"Clash+1","floor":42},{"not_picked":["Second Wind+1","Disarm+1","Intimidate+1"],"picked":"Feel No Pain","floor":44},{"not_picked":["Intimidate+1","Inflame+1","Sword Boomerang+1"],"picked":"Rampage+1","floor":46},{"not_picked":["Body Slam+1","Clash+1","Hemokinesis+1"],"picked":"Heavy Blade+1","floor":48},{"not_picked":["Perfected Strike+1","Clash+1","Carnage+1"],"picked":"Burning Pact+1","floor":54}],"player_experience":479788,"relics_obtained":[{"floor":7,"key":"Matryoshka"},{"floor":9,"key":"Juzu Bracelet"},{"floor":9,"key":"Question Card"},{"floor":20,"key":"Letter Opener"},{"floor":20,"key":"Toxic Egg 2"},{"floor":23,"key":"HornCleat"},{"floor":23,"key":"Thread and Needle"},{"floor":25,"key":"Paper Frog"},{"floor":25,"key":"Dream Catcher"},{"floor":26,"key":"Molten Egg 2"},{"floor":36,"key":"Gambling Chip"},{"floor":40,"key":"The Courier"},{"floor":40,"key":"Bottled Flame"},{"floor":42,"key":"Shuriken"},{"floor":42,"key":"Vajra"},{"floor":44,"key":"Boot"},{"floor":44,"key":"Lizard Tail"},{"floor":54,"key":"Art of War"},{"floor":54,"key":"Centennial Puzzle"}],"event_choices":[{"damage_healed":0,"gold_gain":0,"player_choice":"0 cards matched","damage_taken":0,"max_hp_gain":0,"max_hp_loss":0,"event_name":"Match and Keep!","floor":2,"gold_loss":0,"cards_obtained":[]},{"cards_removed":["Strike_R"],"damage_healed":0,"gold_gain":0,"player_choice":"Card Removal","damage_taken":7,"max_hp_gain":0,"max_hp_loss":0,"event_name":"Golden Wing","floor":5,"gold_loss":0},{"damage_healed":0,"gold_gain":0,"player_choice":"Searched \u00272\u0027 times","damage_taken":0,"relics_obtained":["TungstenRod"],"max_hp_gain":0,"max_hp_loss":0,"event_name":"Dead Adventurer","floor":12,"gold_loss":0},{"cards_removed":["Strike_R"],"damage_healed":0,"gold_gain":0,"player_choice":"Forget","damage_taken":0,"max_hp_gain":0,"max_hp_loss":0,"event_name":"Living Wall","floor":14,"gold_loss":0},{"damage_healed":0,"gold_gain":0,"player_choice":"Opened","damage_taken":0,"relics_obtained":["CeramicFish"],"max_hp_gain":0,"max_hp_loss":0,"event_name":"The Mausoleum","floor":19,"gold_loss":0,"cards_obtained":["Writhe"]},{"damage_healed":0,"gold_gain":0,"cards_transformed":["Defend_R","Strike_R"],"player_choice":"Became Test Subject","damage_taken":0,"max_hp_gain":0,"max_hp_loss":0,"event_name":"Drug Dealer","floor":29,"gold_loss":0,"cards_obtained":["Clothesline","Spot Weakness"]},{"cards_removed":["Strike_R"],"damage_healed":0,"gold_gain":0,"player_choice":"Gave Gold","damage_taken":0,"max_hp_gain":0,"max_hp_loss":0,"event_name":"Beggar","floor":30,"gold_loss":75},{"damage_healed":0,"gold_gain":0,"player_choice":"Fight","damage_taken":0,"max_hp_gain":0,"max_hp_loss":0,"event_name":"MindBloom","floor":36,"gold_loss":0}],"is_beta":false,"boss_relics":[{"not_picked":["Black Blood","Calling Bell"],"picked":"Black Star"},{"not_picked":["Velvet Choker","Empty Cage"],"picked":"Sozu"}],"items_purged_floors":[0,21],"is_endless":false,"potions_floor_spawned":[1,4,13,16,23,24,28,35,44,48],"ascension_level":10}}