{"host":"dl7h25vjpuplx29g","time":1610376231,"event":{"mods":["BaseMod","Colored Map","Minty Spire (QoL Compilation)"],"gold_per_floor":[114,39,54,66,66,94,94,128,128,158,158,233,247,265,265,340,340,353,368,368,368,122,148,164,164,164,144,70,70,103,114,114,186,186,196,47,66,66,83,83,111,111,111,111,142,159,178,195,195,195,195,195,28,59,59],"floor_reached":56,"playtime":5316,"items_purged":["Strike_R","Strike_R","Sword Boomerang"],"score":2158,"play_id":"6394193b-031e-4ce3-8014-424caea5a345","local_time":"20210111234351","is_ascension_mode":true,"campfire_choices":[{"data":"Shockwave","floor":7.0,"key":"SMITH"},{"data":"Barricade","floor":11.0,"key":"SMITH"},{"data":"Bash","floor":15.0,"key":"SMITH"},{"data":"Flame Barrier","floor":25.0,"key":"SMITH"},{"data":"Disarm","floor":29.0,"key":"SMITH"},{"data":"Shrug It Off","floor":32.0,"key":"SMITH"},{"data":"Power Through","floor":40.0,"key":"SMITH"},{"floor":42.0,"key":"DIG"},{"floor":49.0,"key":"RECALL"},{"floor":52.0,"key":"DIG"}],"circlet_count":0,"master_deck":["AscendersBane","Defend_R","Defend_R","Defend_R","Bash+1","Shrug It Off+1","Wild Strike","Shockwave+1","Barricade+1","Shrug It Off","Headbutt+1","Disarm+1","Immolate+1","Flame Barrier+1","RitualDagger+1","Necronomicurse","Body Slam+1","Entrench","Whirlwind+1","Juggernaut","Power Through+1","Battle Trance+1","Parasite","Warcry","Feel No Pain"],"relics":["Burning Blood","CaptainsWheel","Molten Egg 2","Gambling Chip","Shovel","Self Forming Clay","Snecko Eye","Necronomicon","Anchor","Turnip","Blue Candle","Dream Catcher","Empty Cage","ClockworkSouvenir","Smiling Mask","The Courier","Mummified Hand","Letter Opener","Medical Kit","Bottled Tornado"],"acts_visited":["Exordium","TheCity","TheBeyond","TheEnding"],"potions_floor_usage":[55,55],"damage_taken":[{"damage":1.0,"enemies":"Cultist","floor":1.0,"turns":4.0},{"damage":7.0,"enemies":"Jaw Worm","floor":3.0,"turns":5.0},{"damage":0.0,"enemies":"Small Slimes","floor":4.0,"turns":4.0},{"damage":37.0,"enemies":"3 Sentries","floor":6.0,"turns":11.0},{"damage":12.0,"enemies":"Gremlin Nob","floor":8.0,"turns":5.0},{"damage":0.0,"enemies":"Lagavulin","floor":10.0,"turns":7.0},{"damage":4.0,"enemies":"2 Fungi Beasts","floor":13.0,"turns":4.0},{"damage":2.0,"enemies":"Gremlin Gang","floor":14.0,"turns":5.0},{"damage":25.0,"enemies":"Slime Boss","floor":16.0,"turns":11.0},{"damage":0.0,"enemies":"Spheric Guardian","floor":18.0,"turns":3.0},{"damage":6.0,"enemies":"3 Byrds","floor":19.0,"turns":3.0},{"damage":0.0,"enemies":"Gremlin Leader","floor":23.0,"turns":4.0},{"damage":0.0,"enemies":"Sentry and Sphere","floor":24.0,"turns":3.0},{"damage":0.0,"enemies":"Slavers","floor":30.0,"turns":1.0},{"damage":0.0,"enemies":"Snecko","floor":31.0,"turns":3.0},{"damage":28.0,"enemies":"Automaton","floor":33.0,"turns":10.0},{"damage":0.0,"enemies":"3 Shapes","floor":35.0,"turns":1.0},{"damage":0.0,"enemies":"Orb Walker","floor":37.0,"turns":4.0},{"damage":0.0,"enemies":"4 Shapes","floor":39.0,"turns":4.0},{"damage":9.0,"enemies":"Nemesis","floor":41.0,"turns":9.0},{"damage":14.0,"enemies":"Reptomancer","floor":45.0,"turns":7.0},{"damage":0.0,"enemies":"Writhing Mass","floor":46.0,"turns":6.0},{"damage":1.0,"enemies":"Maw","floor":47.0,"turns":8.0},{"damage":2.0,"enemies":"Jaw Worm Horde","floor":48.0,"turns":2.0},{"damage":11.0,"enemies":"Time Eater","floor":50.0,"turns":13.0},{"damage":19.0,"enemies":"Shield and Spear","floor":54.0,"turns":7.0},{"damage":1,"enemies":"The Heart","floor":55,"turns":8}],"seed_played":"4947550038351243450","potions_obtained":[{"floor":1.0,"key":"DuplicationPotion"},{"floor":10.0,"key":"Ancient Potion"},{"floor":14.0,"key":"Fire Potion"},{"floor":16.0,"key":"SpeedPotion"},{"floor":18.0,"key":"DistilledChaos"},{"floor":27.0,"key":"LiquidMemories"},{"floor":31.0,"key":"SteroidPotion"},{"floor":45.0,"key":"HeartOfIron"},{"floor":46.0,"key":"HeartOfIron"}],"is_trial":false,"path_per_floor":["M","$","M","M","T","E","R","E","T","E","R","?","M","M","R","B",null,"M","M","?","?","$","E","M","R","T","?","$","R","E","M","R","B",null,"M","$","M","$","M","R","E","R","T","?","E","M","M","M","R","B",null,"R","$","E","B",null],"character_chosen":"IRONCLAD","items_purchased":["Anchor","Entrench","ClockworkSouvenir","Medical Kit"],"campfire_rested":0,"item_purchase_floors":[22,28,36,53],"current_hp_per_floor":[73,73,72,75,75,44,44,38,38,44,44,33,35,39,39,20,61,67,67,61,40,40,46,52,52,52,52,52,52,58,64,64,42,67,73,73,75,75,75,75,72,72,72,72,64,70,75,75,75,70,74,74,74,61,66],"gold":59,"neow_bonus":"REMOVE_CARD","is_daily":false,"chose_seed":false,"campfire_upgraded":7,"win_rate":0.0,"timestamp":1610376231,"path_taken":["M","$","M","M","?","E","R","E","T","E","R","?","M","M","R","BOSS","M","M","?","?","$","E","M","R","T","?","$","R","E","M","R","BOSS","M","$","M","$","?","R","E","R","T","?","E","M","M","M","R","BOSS","R","$","E","BOSS"],"items_purchased_type":["Relic","Card","Relic","Relic"],"build_version":"2020-12-22","purchased_purges":3,"victory":true,"max_hp_per_floor":[75,75,75,75,75,75,75,75,75,75,75,75,75,75,75,75,75,75,75,75,75,75,75,75,75,75,75,75,75,75,75,75,75,75,75,75,75,75,75,75,75,75,75,75,75,75,75,75,75,75,75,75,75,75,75],"card_choices":[{"not_picked":["Iron Wave","Pummel"],"picked":"Shrug It Off","floor":1.0},{"not_picked":["Clash","Shrug It Off"],"picked":"Wild Strike","floor":3.0},{"not_picked":["Wild Strike","Reckless Charge"],"picked":"Sword Boomerang","floor":4.0},{"not_picked":["Perfected Strike+1","Flex"],"picked":"Shockwave","floor":6.0},{"not_picked":["Havoc","Blood for Blood+1"],"picked":"Barricade","floor":8.0},{"not_picked":["Sword Boomerang+1","Havoc"],"picked":"Shrug It Off","floor":10.0},{"not_picked":["Pommel Strike+1","Sword Boomerang+1"],"picked":"Headbutt+1","floor":13.0},{"not_picked":["Warcry","Shockwave"],"picked":"Disarm","floor":14.0},{"not_picked":["Corruption","Limit Break"],"picked":"Immolate+1","floor":16.0},{"not_picked":["Sword Boomerang+1","Clash+1","Infernal Blade"],"picked":"SKIP","floor":18.0},{"not_picked":["Pommel Strike+1","Feel No Pain"],"picked":"Flame Barrier","floor":19.0},{"not_picked":["Thunderclap+1","Anger+1","Seeing Red"],"picked":"SKIP","floor":23.0},{"not_picked":["Heavy Blade+1","Clash+1"],"picked":"Body Slam+1","floor":24.0},{"not_picked":["Sever Soul+1","Reckless Charge+1"],"picked":"Whirlwind+1","floor":30.0},{"not_picked":["Entrench","Wild Strike+1","Thunderclap+1"],"picked":"SKIP","floor":31.0},{"not_picked":["Bludgeon+1","Exhume"],"picked":"Juggernaut","floor":33.0},{"not_picked":["Clothesline+1","Twin Strike+1"],"picked":"Power Through","floor":35.0},{"not_picked":["Twin Strike+1","Anger+1","Pommel Strike+1"],"picked":"SKIP","floor":37.0},{"not_picked":["Shockwave","Disarm","Inflame+1"],"picked":"SKIP","floor":39.0},{"not_picked":["Havoc","Reckless Charge+1","Cleave+1"],"picked":"SKIP","floor":41.0},{"not_picked":["Dual Wield+1","Sever Soul+1"],"picked":"Battle Trance+1","floor":45.0},{"not_picked":["Thunderclap+1","Whirlwind+1"],"picked":"Warcry","floor":46.0},{"not_picked":["Bludgeon+1","Twin Strike+1"],"picked":"Feel No Pain","floor":47.0},{"not_picked":["Hemokinesis+1","Intimidate","Sword Boomerang+1"],"picked":"SKIP","floor":48.0},{"not_picked":["Shrug It Off","Perfected Strike+1","Sword Boomerang+1"],"picked":"SKIP","floor":54.0}],"player_experience":1609076,"relics_obtained":[{"floor":5.0,"key":"CaptainsWheel"},{"floor":6.0,"key":"Molten Egg 2"},{"floor":8.0,"key":"Gambling Chip"},{"floor":9.0,"key":"Shovel"},{"floor":10.0,"key":"Self Forming Clay"},{"floor":21.0,"key":"Necronomicon"},{"floor":23.0,"key":"Turnip"},{"floor":26.0,"key":"Blue Candle"},{"floor":30.0,"key":"Dream Catcher"},{"floor":41.0,"key":"Smiling Mask"},{"floor":42.0,"key":"The Courier"},{"floor":45.0,"key":"Mummified Hand"},{"floor":52.0,"key":"Letter Opener"},{"floor":54.0,"key":"Bottled Tornado"}],"event_choices":[{"damage_healed":0.0,"max_hp_gain":0.0,"max_hp_loss":0.0,"gold_gain":75.0,"event_name":"World of Goop","player_choice":"Gather Gold","floor":12.0,"gold_loss":0.0,"damage_taken":11.0},{"damage_healed":0.0,"max_hp_gain":0.0,"max_hp_loss":0.0,"gold_gain":0.0,"event_name":"Nest","player_choice":"Joined the Cult","floor":20.0,"gold_loss":0.0,"damage_taken":6.0,"cards_obtained":["RitualDagger"]},{"damage_healed":0.0,"max_hp_gain":0.0,"max_hp_loss":0.0,"gold_gain":0.0,"event_name":"Cursed Tome","player_choice":"Obtained Book","floor":21.0,"gold_loss":0.0,"damage_taken":21.0},{"damage_healed":0.0,"max_hp_gain":0.0,"max_hp_loss":0.0,"gold_gain":0.0,"event_name":"The Woman in Blue","player_choice":"Bought 1 Potion","floor":27.0,"gold_loss":0.0,"damage_taken":0.0},{"cards_removed":["Strike_R"],"damage_healed":0.0,"max_hp_gain":0.0,"max_hp_loss":0.0,"gold_gain":0.0,"event_name":"Purifier","player_choice":"Purged","floor":44.0,"gold_loss":0.0,"damage_taken":0.0}],"is_beta":false,"boss_relics":[{"not_picked":["Calling Bell","Cursed Key"],"picked":"Snecko Eye"},{"not_picked":["Mark of Pain","Velvet Choker"],"picked":"Empty Cage"}],"items_purged_floors":[2,22,53],"is_endless":false,"potions_floor_spawned":[1,10,14,16,18,19,31,39,45,46,47,54],"ascension_level":15}}