{"host":"ttzdpsscxkem3xrs","time":1610352838,"event":{"mods":["BaseMod","Colored Map","Downfall","Minty Spire (QoL Compilation)","Replay The Spire","StSLib","The Cursed","The Hierophant"],"gold_per_floor":[99,111,111,96,96,21,69,81,99,9,27,27,56,73,90,188,188,188,206,206,206,221,241,241,241,241,241],"floor_reached":25,"playtime":1562,"items_purged":["Pain"],"score":233,"play_id":"3b27324b-16b9-42ec-943d-28caa2cb3827","local_time":"20210111001358","is_ascension_mode":true,"campfire_choices":[{"floor":1,"key":"RECALL"},{"data":"champ:StrikeOfGenius","floor":6,"key":"SMITH"},{"floor":12,"key":"REST"},{"data":"champ:Improvising","floor":18,"key":"SMITH"}],"circlet_count":0,"master_deck":["champ:Strike","champ:Strike","champ:Defend","champ:Defend","champ:Defend","champ:Execute","champ:Taunt","champ:FanOfKnives","champ:StrikeOfGenius+1","champ:Haymaker","champ:Balance","champ:MurderStrike","champ:IronFortress","champ:Control","champ:Backstep","champ:EndlessRage","champ:ShieldSigil","champ:AdrenalArmor","champ:Improvising+1","champ:FanOfKnives+1","champ:StanceDance","champ:LastStand","champ:BerserkersShout+1","champ:GladiatorsShout"],"relics":["champ:ChampionCrown","WarpedTongs","downfall:HeartBlessingRed","Toy Ornithopter","Prayer Wheel","Philosopher\u0027s Stone","StrikeDummy"],"acts_visited":["Exordium","TheCity"],"potions_floor_usage":[13,16,16,20],"damage_taken":[{"damage":10,"enemies":"Small Slimes","floor":2,"turns":4},{"damage":16,"enemies":"downfall:FleeingMerchant","floor":4,"turns":4},{"damage":0,"enemies":"2 Louse","floor":8,"turns":2},{"damage":12,"enemies":"Cultist","floor":9,"turns":4},{"damage":9,"enemies":"downfall:FleeingMerchant","floor":10,"turns":4},{"damage":16,"enemies":"Exordium Wildlife","floor":11,"turns":3},{"damage":5,"enemies":"Lagavulin","floor":13,"turns":5},{"damage":28,"enemies":"Blue Slaver","floor":14,"turns":2},{"damage":8,"enemies":"Red Slaver","floor":15,"turns":3},{"damage":45,"enemies":"downfall:Defect","floor":16,"turns":7},{"damage":22,"enemies":"Spheric Guardian","floor":19,"turns":3},{"damage":52,"enemies":"Spheric Guardian","floor":20,"turns":6},{"damage":33,"enemies":"Centurion and Healer","floor":22,"turns":5},{"damage":7,"enemies":"Cultist and Chosen","floor":23,"turns":4},{"damage":54,"enemies":"Shelled Parasite and Fungi","floor":25,"turns":2}],"seed_played":"2576297926980644746","potions_obtained":[{"floor":8,"key":"ColorlessPotion"},{"floor":9,"key":"Strength Potion"},{"floor":11,"key":"AttackPotion"},{"floor":13,"key":"Elixir"},{"floor":16,"key":"AttackPotion"},{"floor":19,"key":"GamblersBrew"},{"floor":22,"key":"SpeedPotion"}],"is_trial":false,"path_per_floor":["R","M","?","$","?","R","T","M","M","$","M","R","E","M","M","B",null,"R","M","?","?","M","M","T","M"],"character_chosen":"THE_CHAMP","items_purchased":[],"campfire_rested":1,"item_purchase_floors":[],"current_hp_per_floor":[99,94,94,94,94,94,94,94,87,83,79,99,94,81,78,59,99,99,89,63,63,54,50,50,0,0,0],"gold":241,"neow_bonus":"TEN_PERCENT_HP_BONUS","is_daily":false,"chose_seed":false,"campfire_upgraded":2,"win_rate":0.0,"timestamp":1610352838,"path_taken":["R","M","?","$","?","R","T","M","M","$","M","R","E","?","M","BOSS","R","M","?","?","M","M","T","M"],"items_purchased_type":[],"build_version":"2020-12-22","purchased_purges":1,"victory":false,"max_hp_per_floor":[99,99,99,99,99,99,99,99,99,99,99,99,99,99,99,99,99,99,99,99,99,99,99,99,99,99,99],"card_choices":[{"not_picked":["champ:Circumvent","champ:FlashCut"],"picked":"champ:FanOfKnives","floor":2},{"not_picked":["champ:PerfectedStrike","champ:RageSigil"],"picked":"champ:StrikeOfGenius","floor":4},{"not_picked":["champ:FightOn","champ:StanceDance"],"picked":"champ:Haymaker","floor":8},{"not_picked":["champ:EndlessRage","champ:TornadoPunch"],"picked":"champ:Balance","floor":9},{"not_picked":["champ:GladiatorsShout","champ:FanOfKnives"],"picked":"champ:MurderStrike","floor":10},{"not_picked":["champ:StanceDance","champ:DefensiveStyle"],"picked":"champ:IronFortress","floor":11},{"not_picked":["champ:BerserkerStyle","champ:GladiatorsShout"],"picked":"champ:Control","floor":13},{"not_picked":["champ:Aggression","champ:Circumvent"],"picked":"champ:Backstep","floor":14},{"not_picked":["champ:Encircle","champ:FlashCut"],"picked":"champ:EndlessRage","floor":14},{"not_picked":["champ:BerserkerStyle","champ:FanOfKnives"],"picked":"champ:ShieldSigil","floor":15},{"not_picked":["champ:FlashCut","champ:CrookedStrike"],"picked":"champ:AdrenalArmor","floor":15},{"not_picked":["champ:PerfectForm","champ:HoldFirm"],"picked":"champ:Improvising","floor":16},{"not_picked":["champ:FocusedDefense","champ:DefensiveShout"],"picked":"champ:FanOfKnives+1","floor":19},{"not_picked":["champ:Haymaker","champ:ViciousMockery","champ:FlashCut"],"picked":"SKIP","floor":19},{"not_picked":["champ:Circumvent","champ:AdrenalArmor"],"picked":"champ:StanceDance","floor":22},{"not_picked":["champ:PerfectedStrike","champ:BringItOn"],"picked":"champ:LastStand","floor":22},{"not_picked":["champ:FanOfKnives","champ:GutPunch"],"picked":"champ:BerserkersShout+1","floor":23},{"not_picked":["champ:FlashCut","champ:StanceDance"],"picked":"champ:GladiatorsShout","floor":23}],"player_experience":1336111,"relics_obtained":[{"floor":7,"key":"Toy Ornithopter"},{"floor":13,"key":"Prayer Wheel"},{"floor":24,"key":"StrikeDummy"}],"event_choices":[{"cards_removed":["champ:Strike"],"damage_healed":0,"gold_gain":0,"player_choice":"Card Removal","damage_taken":0,"max_hp_gain":0,"max_hp_loss":0,"event_name":"The Cleric","floor":3,"gold_loss":0},{"damage_healed":0,"gold_gain":0,"player_choice":"Rummage","damage_taken":0,"relics_obtained":["WarpedTongs"],"max_hp_gain":0,"max_hp_loss":0,"event_name":"Accursed Blacksmith","floor":5,"gold_loss":0,"cards_obtained":["Pain"]}],"is_beta":false,"boss_relics":[{"not_picked":["Replay:Grab Bag","champ:PowerArmor"],"picked":"Philosopher\u0027s Stone"}],"items_purged_floors":[10],"is_endless":false,"potions_floor_spawned":[8,9,11,13,16,19,20,22],"killed_by":"Shelled Parasite and Fungi","ascension_level":3}}