{"host":"nsu382cuivk29rjh","time":1610354769,"event":{"mods":["BaseMod","Downfall","Minty Spire (QoL Compilation)","StSLib"],"gold_per_floor":[99,99,99,117,102,102,149,149,149,174,474,487,412,153,166,266,266,266,279,299,299,40,40,40,40,73,73,106,126,156,166,177,276,276,201,212,207,257,276,276,355,373,402,55,55,69,103,103,117,117],"floor_reached":51,"playtime":2858,"items_purged":["Slimebound:Icky","Slimebound:Icky","Guardian:Strike_Guardian","Guardian:Strike_Guardian"],"score":1102,"play_id":"cacee6a0-e1ad-42bd-a64f-b3bc4869a7a6","local_time":"20210111164609","is_ascension_mode":true,"campfire_choices":[{"data":"Guardian:TwinSlam","floor":1.0,"key":"SMITH"},{"data":"Guardian:CompilePackage","floor":6.0,"key":"SMITH"},{"floor":8.0,"key":"RECALL"},{"data":"Guardian:CurlUp","floor":13.0,"key":"SMITH"},{"floor":18.0,"key":"REST"},{"floor":27.0,"key":"REST"}],"circlet_count":0,"master_deck":["Guardian:Strike_Guardian","Guardian:Defend_Guardian","Guardian:Defend_Guardian","Guardian:Defend_Guardian","Guardian:CurlUp+1","Guardian:TwinSlam+1","Guardian:CompilePackage+1","Guardian:RollAttack","Guardian:VentSteam","Apotheosis+1","Guardian:SpikerProtocol","Guardian:CompilePackage","Guardian:Clone+1","Guardian:Clone+1","Guardian:StasisEngine","Guardian:PiercingHide+1","Guardian:PiercingHide+1","Guardian:MultiBeam","Guardian:EvasiveProtocol+1","Guardian:EvasiveProtocol+1","Guardian:Gem_Cyan","Guardian:Gem_White","Guardian:Gem_Red","Guardian:ConstructionForm+1","Master of Strategy+1","Guardian:Gem_Fragmented","Guardian:Gem_Blue","Guardian:BronzeArmor+1","Guardian:Gem_Green"],"relics":["Guardian:StasisSlotReductionRelic","Orichalcum","Pear","Matryoshka","downfall:HeartBlessingRed","Fusion Hammer","Enchiridion","Guardian:PickAxe","Toxic Egg 2","Pantograph","Boot","Bottled Lightning","Unceasing Top","Mummified Hand","Runic Pyramid","downfall:HeartBlessingBlue","Chemical X","Pocketwatch","Frozen Egg 2","Bag of Marbles","Torii"],"acts_visited":["Exordium","TheCity","TheBeyond"],"potions_floor_usage":[],"damage_taken":[{"damage":0.0,"enemies":"Cultist","floor":4.0,"turns":3.0},{"damage":0.0,"enemies":"downfall:FleeingMerchant","floor":5.0,"turns":4.0},{"damage":10.0,"enemies":"Gremlin Nob","floor":10.0,"turns":3.0},{"damage":0.0,"enemies":"2 Louse","floor":12.0,"turns":2.0},{"damage":9.0,"enemies":"downfall:FleeingMerchant","floor":14.0,"turns":4.0},{"damage":0.0,"enemies":"Jaw Worm","floor":15.0,"turns":2.0},{"damage":16.0,"enemies":"downfall:Silent","floor":16.0,"turns":5.0},{"damage":0.0,"enemies":"3 Byrds","floor":19.0,"turns":3.0},{"damage":6.0,"enemies":"Shelled Parasite and Fungi","floor":20.0,"turns":5.0},{"damage":0.0,"enemies":"downfall:FleeingMerchant","floor":22.0,"turns":4.0},{"damage":5.0,"enemies":"Slavers","floor":26.0,"turns":2.0},{"damage":7.0,"enemies":"Book of Stabbing","floor":28.0,"turns":3.0},{"damage":0.0,"enemies":"Snake Plant","floor":29.0,"turns":4.0},{"damage":26.0,"enemies":"Slavers","floor":30.0,"turns":2.0},{"damage":0.0,"enemies":"Cultist and Chosen","floor":31.0,"turns":3.0},{"damage":3.0,"enemies":"Centurion and Healer","floor":32.0,"turns":4.0},{"damage":0.0,"enemies":"downfall:Watcher","floor":33.0,"turns":5.0},{"damage":0.0,"enemies":"3 Shapes","floor":36.0,"turns":3.0},{"damage":0.0,"enemies":"downfall:FleeingMerchant","floor":37.0,"turns":2.0},{"damage":0.0,"enemies":"Mind Bloom Boss Battle","floor":38.0,"turns":3.0},{"damage":0.0,"enemies":"Orb Walker","floor":39.0,"turns":2.0},{"damage":0.0,"enemies":"3 Darklings","floor":42.0,"turns":2.0},{"damage":0.0,"enemies":"Giant Head","floor":43.0,"turns":5.0},{"damage":0.0,"enemies":"Transient","floor":46.0,"turns":5.0},{"damage":0.0,"enemies":"Reptomancer","floor":47.0,"turns":4.0},{"damage":0,"enemies":"Maw","floor":49,"turns":3},{"damage":0,"enemies":"downfall:Ironclad","floor":50,"turns":4}],"seed_played":"6205014304592402696","potions_obtained":[{"floor":4.0,"key":"Regen Potion"},{"floor":12.0,"key":"Fire Potion"},{"floor":15.0,"key":"DistilledChaos"},{"floor":26.0,"key":"SteroidPotion"},{"floor":28.0,"key":"Fruit Juice"},{"floor":31.0,"key":"FearPotion"},{"floor":33.0,"key":"champ:CounterPotion"},{"floor":47.0,"key":"GamblersBrew"}],"is_trial":false,"path_per_floor":["R","?","?","M","$","R","T","R","T","E","?","M","R","$","M","B",null,"R","M","M","?","$","?","T","T","E","R","E","M","E","M","M","B",null,"R","M","$","?","M","R","T","M","E","$","R","M","E","?","M","B",null],"character_chosen":"GUARDIAN","items_purchased":["Apotheosis","Guardian:PickAxe","Chemical X","Guardian:MultiBeam","Master of Strategy+1"],"campfire_rested":2,"item_purchase_floors":[14,22,37,37,44],"current_hp_per_floor":[80,80,80,80,80,80,80,80,90,80,80,80,80,71,71,69,90,90,90,84,68,68,50,50,50,45,73,66,66,45,45,42,67,100,110,110,110,110,110,110,110,110,110,110,110,110,110,110,110,110],"gold":117,"neow_bonus":"BOSS_RELIC","is_daily":false,"chose_seed":false,"campfire_upgraded":3,"win_rate":0.0,"timestamp":1610354769,"path_taken":["R","?","?","?","$","R","T","R","?","E","?","M","R","$","M","BOSS","R","M","M","?","$","?","T","?","E","R","E","M","E","M","M","BOSS","R","M","$","?","M","R","T","M","E","$","R","M","E","?","M","BOSS"],"items_purchased_type":["Card","Relic","Relic","Card","Card"],"build_version":"2020-12-22","purchased_purges":4,"victory":true,"max_hp_per_floor":[80,80,80,80,80,80,80,80,90,90,90,90,90,90,90,90,90,90,90,90,90,90,95,95,95,95,95,95,95,100,100,100,100,100,110,110,110,110,110,110,110,110,110,110,110,110,110,110,110,110],"card_choices":[{"not_picked":["Guardian:Recover","Guardian:DonusPower"],"picked":"Guardian:Gem_Green","floor":4.0},{"not_picked":["Guardian:ChargeCore","Guardian:RollAttack"],"picked":"Guardian:Gem_Red","floor":5.0},{"not_picked":["Guardian:Orbwalk","Guardian:Suspension"],"picked":"Guardian:RollAttack","floor":10.0},{"not_picked":["Guardian:PiercingHide","Guardian:TimeCapacitor"],"picked":"Guardian:Gem_Crimson","floor":12.0},{"not_picked":["Guardian:FastForward","Guardian:Gem_Lightblue"],"picked":"Guardian:VentSteam","floor":14.0},{"not_picked":["Guardian:TemporalShield","Guardian:BronzeOrb"],"picked":"Guardian:SpikerProtocol","floor":15.0},{"not_picked":["Guardian:FierceBash","Guardian:GemFire"],"picked":"Guardian:CompilePackage","floor":16.0},{"not_picked":["Guardian:PrimingBeam+1","Guardian:TemporalStrike+1"],"picked":"Guardian:Clone+1","floor":19.0},{"not_picked":["Guardian:FloatingOrbs","Guardian:Clone","Guardian:CrystalBeam"],"picked":"SKIP","floor":20.0},{"not_picked":["Guardian:VentSteam","Guardian:Recover","Guardian:TimeCapacitor"],"picked":"SKIP","floor":22.0},{"not_picked":["Guardian:ShieldCharger+1","Guardian:Clone+1","Guardian:Orbwalk"],"picked":"SKIP","floor":26.0},{"not_picked":["Guardian:CrystalBeam","Guardian:TimeCapacitor","Guardian:Repulse"],"picked":"SKIP","floor":28.0},{"not_picked":["Guardian:Recover+1","Guardian:Gem_Blue"],"picked":"Guardian:Gem_Orange","floor":29.0},{"not_picked":["Guardian:Recover+1","Guardian:Suspension+1","Guardian:TimeCapacitor+1"],"picked":"SKIP","floor":30.0},{"not_picked":["Guardian:Gem_Green","Guardian:GuardianWhirl"],"picked":"Guardian:Clone+1","floor":31.0},{"not_picked":["Guardian:Reroute","Guardian:Preprogram+1","Guardian:Clone+1"],"picked":"SKIP","floor":32.0},{"not_picked":["Guardian:GemFinder","Guardian:FastForward+1"],"picked":"Guardian:StasisEngine","floor":33.0},{"not_picked":["Guardian:Preprogram+1","Guardian:TemporalStrike"],"picked":"Guardian:PiercingHide+1","floor":36.0},{"not_picked":["Guardian:WalkerClaw+1","Guardian:ChargeCore+1"],"picked":"Guardian:PiercingHide+1","floor":37.0},{"not_picked":["Guardian:FuturePlans","Guardian:GuardianWhirl+1"],"picked":"Guardian:EvasiveProtocol+1","floor":38.0},{"not_picked":["Guardian:DecasProtection+1","Guardian:Gem_Red"],"picked":"Guardian:EvasiveProtocol+1","floor":39.0},{"not_picked":["Guardian:ChargeCore","Guardian:PrimingBeam+1"],"picked":"Guardian:Gem_Red","floor":42.0},{"not_picked":["Guardian:WalkerClaw","Guardian:TemporalShield+1"],"picked":"Guardian:ConstructionForm+1","floor":43.0},{"not_picked":["Guardian:ShieldCharger+1","Guardian:PrimingBeam+1"],"picked":"Guardian:BronzeArmor+1","floor":46.0},{"not_picked":["Guardian:GuardianWhirl","Guardian:BaubleBeam"],"picked":"Guardian:Gem_Green","floor":47.0},{"not_picked":["Guardian:CrystalBeam+1","Guardian:Gem_Lightblue","Guardian:PrimingBeam"],"picked":"SKIP","floor":49}],"player_experience":1128134,"relics_obtained":[{"floor":7.0,"key":"Orichalcum"},{"floor":9.0,"key":"Pear"},{"floor":10.0,"key":"Matryoshka"},{"floor":21.0,"key":"Enchiridion"},{"floor":24.0,"key":"Toxic Egg 2"},{"floor":24.0,"key":"Pantograph"},{"floor":25.0,"key":"Boot"},{"floor":26.0,"key":"Bottled Lightning"},{"floor":28.0,"key":"Unceasing Top"},{"floor":30.0,"key":"Mummified Hand"},{"floor":38.0,"key":"Pocketwatch"},{"floor":41.0,"key":"Frozen Egg 2"},{"floor":43.0,"key":"Bag of Marbles"},{"floor":47.0,"key":"Torii"}],"event_choices":[{"damage_healed":0.0,"max_hp_gain":0.0,"max_hp_loss":0.0,"gold_gain":0.0,"cards_transformed":["Guardian:Defend_Guardian"],"event_name":"Transmorgrifier","player_choice":"Transformed","floor":3.0,"gold_loss":0.0,"damage_taken":0.0,"cards_obtained":["Guardian:CompilePackage"]}],"is_beta":false,"boss_relics":[{"not_picked":["Empty Cage","Runic Dome"],"picked":"Fusion Hammer"},{"not_picked":["SlaversCollar","Coffee Dripper"],"picked":"Runic Pyramid"}],"items_purged_floors":[14,22,37,44],"is_endless":false,"potions_floor_spawned":[4,12,15,26,28,31,33,36,47],"ascension_level":2}}