{"host":"8lgo2trwv2o0qyml","time":1610377220,"event":{"mods":["BaseMod","Colored Map","Colored Powertips","DeckTracker","Highlight Path","Hubris","Infinite Spire","Minty Spire (QoL Compilation)","Quick Restart","Random Character Button","Relic Sorter","Replay The Spire","StSLib","SuperFastMode","Synergy Search"],"gold_per_floor":[210,210,210,40,110,110,135,135,161,161,265,315,331,348,348,444,444,454,504,554,564,583,583,573,573,573],"floor_reached":25,"playtime":1362,"items_purged":[],"score":199,"play_id":"d622e72b-ea4c-43a0-bb5b-d8d7831c2b43","local_time":"20210111100020","is_ascension_mode":false,"campfire_choices":[{"data":"Midas Touch","floor":6,"key":"SMITH"},{"data":"Defragment","floor":8,"key":"SMITH"},{"data":"Buffer","floor":10,"key":"SMITH"},{"floor":15,"key":"REST"},{"data":"Echo Form","floor":23,"key":"SMITH"}],"circlet_count":0,"master_deck":["Strike_B","Strike_B","Strike_B","Strike_B","Defend_B","Defend_B","Defend_B","Defend_B+1","Zap","Scrape","Buffer+1","Redo+1","Midas Touch+1","Discovery","Deep Breath","Gash","Defragment+1","White Noise","Loop","Melter","Cold Snap","Go for the Eyes","Hyperbeam","Echo Form+1","Melter","Gash+1","FTL","Turbo","Defragment+1","Coolheaded+1","Gash"],"relics":["Cracked Core","SsserpentHead","ReplayTheSpireMod:ShopPack","infinitespire:Lucky Rock","Dream Catcher","infinitespire:SolderingIron","War Paint","Prayer Wheel","hubris:Backtick","infinitespire:Bottled Soul","Ring of Misfortune","ReplayTheSpireMod:Ring of Exchange"],"acts_visited":["Exordium","TheCity"],"potions_floor_usage":[16,16,18],"damage_taken":[{"damage":7,"enemies":"2 Louse","floor":1,"turns":3},{"damage":0,"enemies":"Cultist","floor":5,"turns":3},{"damage":10,"enemies":"Gremlin Nob","floor":7,"turns":4},{"damage":0,"enemies":"Jaw Worm","floor":13,"turns":3},{"damage":5,"enemies":"Looter","floor":14,"turns":3},{"damage":11,"enemies":"Slime Boss","floor":16,"turns":7},{"damage":6,"enemies":"Spheric Guardian","floor":18,"turns":5},{"damage":13,"enemies":"Chosen","floor":21,"turns":7},{"damage":0,"enemies":"Centurion and Healer","floor":22,"turns":7},{"damage":71,"enemies":"Slavers","floor":25,"turns":4}],"seed_played":"7756154476410838938","potions_obtained":[{"floor":1,"key":"Energy Potion"},{"floor":7,"key":"Energy Potion"},{"floor":16,"key":"PowerPotion"}],"is_trial":false,"path_per_floor":["M","?","?","$","M","R","E","R","T","R","?","?","M","M","R","B",null,"M","?","?","M","M","R","?","E"],"character_chosen":"DEFECT","items_purchased":["ReplayTheSpireMod:ShopPack","Redo"],"campfire_rested":1,"item_purchase_floors":[4,4],"current_hp_per_floor":[68,68,68,68,68,68,58,58,58,58,40,40,40,35,57,46,75,69,69,69,56,56,56,56,0,0],"gold":573,"neow_bonus":"HUNDRED_GOLD","is_daily":false,"chose_seed":false,"campfire_upgraded":4,"win_rate":0.0,"timestamp":1610377220,"path_taken":["M","?","?","$","?","R","E","R","T","R","?","?","M","M","R","BOSS","M","?","?","M","M","R","?","E"],"items_purchased_type":["Relic","Card"],"build_version":"2020-12-22","purchased_purges":0,"victory":false,"max_hp_per_floor":[75,75,75,75,75,75,75,75,75,75,75,75,75,75,75,75,75,75,75,75,75,75,75,75,75,75],"card_choices":[{"not_picked":["Rebound","Storm"],"picked":"Scrape","floor":1},{"not_picked":["Sadistic Nature","Master of Strategy"],"picked":"Midas Touch","floor":4},{"not_picked":["Forethought","Specialist"],"picked":"Discovery","floor":4},{"not_picked":["Master of Strategy","Survey Options"],"picked":"Deep Breath","floor":4},{"not_picked":["Blizzard","Coolheaded"],"picked":"Gash","floor":5},{"not_picked":["Rebound","Hologram"],"picked":"Defragment","floor":7},{"not_picked":["ReplaySort","Panic Button"],"picked":"White Noise","floor":11},{"not_picked":["BasicCrystalCard","Go for the Eyes"],"picked":"Loop","floor":11},{"not_picked":["Ball Lightning","Reinforced Body"],"picked":"Melter","floor":13},{"not_picked":["All For One","BasicCrystalCard"],"picked":"Cold Snap","floor":14},{"not_picked":["Coolheaded","Barrage"],"picked":"Go for the Eyes","floor":15},{"not_picked":["Meteor Strike","Multi-Cast"],"picked":"Echo Form","floor":16},{"not_picked":["Sunder","Streamline"],"picked":"Melter","floor":18},{"not_picked":["Ball Lightning+1","Compile Driver"],"picked":"Gash+1","floor":18},{"not_picked":["Streamline","Coolheaded"],"picked":"Turbo","floor":21},{"not_picked":["Sweeping Beam","Reprogram"],"picked":"Defragment+1","floor":21},{"not_picked":["Stack","Reinforced Body"],"picked":"Coolheaded+1","floor":22},{"not_picked":["Sweeping Beam","Hologram"],"picked":"Gash","floor":22}],"player_experience":49065,"relics_obtained":[{"floor":7,"key":"infinitespire:Lucky Rock"},{"floor":9,"key":"Dream Catcher"},{"floor":11,"key":"infinitespire:SolderingIron"},{"floor":12,"key":"War Paint"},{"floor":20,"key":"Ring of Misfortune"},{"floor":20,"key":"ReplayTheSpireMod:Ring of Exchange"}],"event_choices":[{"damage_healed":0,"gold_gain":0,"cards_transformed":["Dualcast"],"player_choice":"Change","damage_taken":0,"max_hp_gain":0,"max_hp_loss":0,"event_name":"Living Wall","floor":2,"gold_loss":0,"cards_obtained":["Buffer"]},{"damage_healed":0,"gold_gain":0,"player_choice":"Trade","damage_taken":0,"relics_obtained":["SsserpentHead"],"max_hp_gain":0,"max_hp_loss":0,"event_name":"FaceTrader","floor":3,"gold_loss":0},{"damage_healed":0,"gold_gain":0,"player_choice":"Read","damage_taken":0,"max_hp_gain":0,"max_hp_loss":0,"event_name":"The Library","floor":19,"gold_loss":0,"cards_obtained":["FTL"]}],"is_beta":false,"boss_relics":[{"not_picked":["Inserter","Tiny House"],"picked":"hubris:Backtick"}],"items_purged_floors":[],"is_endless":false,"potions_floor_spawned":[1,7,16],"killed_by":"Slavers","ascension_level":0}}