{"host":"obplhmlw33xb91v8","time":1610359133,"event":{"mods":["BaseMod","Block Reminder","Curses Come First","Evolution","Minty Spire (QoL Compilation)","Quick Restart","Relic Stats","Spicy Shops","StSLib","Uncapped","Waifu the Spire","slay the spire mod where everything is the same but ironclad has a cowboy hat"],"gold_per_floor":[114,114,114,114,134,134,134],"floor_reached":6,"playtime":266,"items_purged":[],"score":37,"play_id":"5613a668-9f2e-4c83-919d-f2591da8af2b","local_time":"20210111045853","is_ascension_mode":true,"campfire_choices":[],"circlet_count":0,"master_deck":["Cold Snap+1","Strike_B","Defend_B","Defend_B","Defend_B+1","Zap","Dualcast","Redo+1","Skim+1","Scrape+1","Barrage","Regret","Leap"],"relics":["EVO:Axolotl","Astrolabe","Bag of Marbles"],"acts_visited":["Exordium"],"potions_floor_usage":[6],"damage_taken":[{"damage":7,"enemies":"Jaw Worm","floor":1,"turns":4},{"damage":3,"enemies":"2 Louse","floor":5,"turns":3},{"damage":48,"enemies":"Lagavulin","floor":6,"turns":9}],"seed_played":"8424777367184384976","potions_obtained":[{"floor":5,"key":"SneckoOil"}],"is_trial":false,"path_per_floor":["M","?","?","?","M","E"],"character_chosen":"DEFECT","items_purchased":[],"campfire_rested":0,"item_purchase_floors":[],"current_hp_per_floor":[68,68,53,53,50,2,2],"gold":134,"neow_bonus":"BOSS_RELIC","is_daily":false,"chose_seed":false,"campfire_upgraded":0,"win_rate":0.0,"timestamp":1610359133,"path_taken":["M","?","?","?","M","E"],"items_purchased_type":[],"build_version":"2020-12-22","purchased_purges":0,"victory":false,"max_hp_per_floor":[75,75,75,75,75,75,75],"relic_stats":{"counters":[3,16],"Astrolabe":["Redo","Skim","Scrape"],"obtain_stats":[{"Astrolabe":0,"Bag of Marbles":2,"EVO:Axolotl":0,"Cracked Core":0},{"Astrolabe":0,"Bag of Marbles":1,"EVO:Axolotl":0,"Cracked Core":0},{"Astrolabe":0,"Bag of Marbles":4,"EVO:Axolotl":0,"Cracked Core":0}]},"card_choices":[{"not_picked":["Streamline","Redo"],"picked":"Barrage","floor":1},{"not_picked":["Auto Shields","Hologram"],"picked":"Leap","floor":5}],"player_experience":159743,"relics_obtained":[],"event_choices":[{"damage_healed":0,"gold_gain":0,"player_choice":"Box","damage_taken":0,"relics_obtained":["Bag of Marbles"],"max_hp_gain":0,"max_hp_loss":0,"event_name":"Big Fish","floor":2,"gold_loss":0,"cards_obtained":["Regret"]},{"damage_healed":0,"gold_gain":0,"player_choice":"Entered Light","damage_taken":15,"max_hp_gain":0,"max_hp_loss":0,"event_name":"Shining Light","floor":3,"gold_loss":0,"cards_upgraded":["Cold Snap","Defend_B"]},{"damage_healed":0,"gold_gain":0,"player_choice":"Ignored","damage_taken":0,"max_hp_gain":0,"max_hp_loss":0,"event_name":"Liars Game","floor":4,"gold_loss":0}],"is_beta":false,"boss_relics":[],"items_purged_floors":[],"is_endless":false,"potions_floor_spawned":[5],"killed_by":"Lagavulin","ascension_level":2}}