{"host":"j4g6ia6asvpyu2b0","time":1610405508,"event":{"mods":["BaseMod","Colored Map","Minty Spire (QoL Compilation)","Permanent Neow","Quick Restart","Relic Stats","StSLib","Unceasing Turn Reminder"],"gold_per_floor":[119,119,5,22,97,124,124,150,150,150,150,150,182,58,58,157,157,172,191,191,204,204,232,232,245,269,279,312,338,166,201,213,326,338,366,397,427,439,451,489,501,547,616,628,258,358,413,454,454,454,454,454,14,55,55],"floor_reached":56,"playtime":2248,"items_purged":["Strike_G","Pain","Doubt","Strike_G"],"score":2045,"play_id":"32476ded-173a-4790-b989-aa322fe70e62","local_time":"20210111155148","is_ascension_mode":true,"campfire_choices":[{"floor":7,"key":"REST"},{"data":"Noxious Fumes","floor":10,"key":"SMITH"},{"data":"Neutralize","floor":12,"key":"SMITH"},{"data":"Deadly Poison","floor":15,"key":"SMITH"},{"data":"A Thousand Cuts","floor":24,"key":"SMITH"},{"floor":32,"key":"REST"},{"floor":41,"key":"RECALL"},{"data":"Adrenaline","floor":44,"key":"SMITH"},{"data":"Apotheosis","floor":49,"key":"SMITH"},{"data":"Footwork","floor":52,"key":"SMITH"}],"circlet_count":0,"master_deck":["AscendersBane","Strike_G","Defend_G","Defend_G","Defend_G","Defend_G","Defend_G","Survivor","Neutralize+1","Flying Knee","Noxious Fumes+1","Backstab","Deadly Poison+1","Distraction","PiercingWail","Backflip","Adrenaline+1","Deadly Poison+1","A Thousand Cuts+1","Catalyst+1","Tools of the Trade","Crippling Poison+1","Deadly Poison+1","Dash","Calculated Gamble","Outmaneuver+1","Malaise","Blade Dance","Blur+1","Phantasmal Killer","Blade Dance+1","Apotheosis+1","Footwork+1","Blade Dance","Acrobatics+1","Storm of Steel","PiercingWail","Predator+1"],"relics":["Ring of the Snake","Dead Branch","Regal Pillow","Singing Bowl","Ornamental Fan","HornCleat","Pear","Philosopher\u0027s Stone","Anchor","WarpedTongs","Question Card","Ninja Scroll","Red Mask","MawBank","Cursed Key","Bronze Scales","CeramicFish","Juzu Bracelet","CaptainsWheel","InkBottle","Kunai","Shuriken"],"acts_visited":["Exordium","TheCity","TheBeyond","TheEnding"],"potions_floor_usage":[13,55,55],"damage_taken":[{"damage":0,"enemies":"Small Slimes","floor":1,"turns":3},{"damage":0,"enemies":"Cultist","floor":4,"turns":1},{"damage":25,"enemies":"Lagavulin","floor":6,"turns":6},{"damage":6,"enemies":"3 Sentries","floor":8,"turns":7},{"damage":10,"enemies":"Gremlin Nob","floor":13,"turns":4},{"damage":33,"enemies":"Slime Boss","floor":16,"turns":11},{"damage":0,"enemies":"Spheric Guardian","floor":18,"turns":3},{"damage":0,"enemies":"Chosen","floor":19,"turns":3},{"damage":0,"enemies":"Snake Plant","floor":21,"turns":3},{"damage":30,"enemies":"Slavers","floor":23,"turns":6},{"damage":4,"enemies":"Cultist and Chosen","floor":25,"turns":3},{"damage":2,"enemies":"Shelled Parasite and Fungi","floor":27,"turns":3},{"damage":17,"enemies":"Book of Stabbing","floor":28,"turns":4},{"damage":0,"enemies":"Masked Bandits","floor":29,"turns":1},{"damage":0,"enemies":"Gremlin Leader","floor":31,"turns":4},{"damage":4,"enemies":"Automaton","floor":33,"turns":6},{"damage":0,"enemies":"3 Darklings","floor":35,"turns":3},{"damage":0,"enemies":"3 Shapes","floor":36,"turns":3},{"damage":12,"enemies":"Spire Growth","floor":37,"turns":4},{"damage":0,"enemies":"Reptomancer","floor":40,"turns":5},{"damage":0,"enemies":"Nemesis","floor":42,"turns":5},{"damage":0,"enemies":"2 Orb Walkers","floor":47,"turns":4},{"damage":0,"enemies":"Reptomancer","floor":48,"turns":3},{"damage":6,"enemies":"Donu and Deca","floor":50,"turns":5},{"damage":0,"enemies":"Shield and Spear","floor":54,"turns":5},{"damage":10,"enemies":"The Heart","floor":55,"turns":5}],"seed_played":"-9112367389130318940","potions_obtained":[{"floor":1,"key":"Energy Potion"},{"floor":6,"key":"AttackPotion"},{"floor":19,"key":"Strength Potion"},{"floor":23,"key":"SpeedPotion"},{"floor":25,"key":"PowerPotion"},{"floor":29,"key":"Swift Potion"}],"is_trial":false,"path_per_floor":["M","?","$","M","?","E","R","E","T","R","?","R","E","$","R","B",null,"M","M","?","M","?","E","R","M","T","M","E","?","$","E","R","B",null,"M","M","M","$","?","E","R","E","T","R","$","?","?","E","R","B",null,"R","$","E","B",null],"character_chosen":"THE_SILENT","items_purchased":["Noxious Fumes","Backstab","Backflip","Calculated Gamble","Apotheosis","Footwork","Blade Dance","Kunai","PiercingWail"],"campfire_rested":2,"item_purchase_floors":[3,3,14,30,45,45,45,53,53],"current_hp_per_floor":[63,63,63,63,52,29,63,57,57,57,50,50,50,50,50,17,61,61,61,61,61,61,33,33,29,29,27,10,10,10,10,48,44,69,69,69,59,59,59,59,59,61,61,61,61,61,61,61,61,55,75,75,75,75,65],"gold":55,"neow_bonus":"ONE_RARE_RELIC","is_daily":false,"chose_seed":false,"campfire_upgraded":7,"win_rate":0.0,"timestamp":1610405508,"path_taken":["M","?","$","?","?","E","R","E","T","R","?","R","E","?","R","BOSS","M","M","?","M","?","E","R","?","T","M","E","?","$","E","R","BOSS","M","M","M","$","?","E","R","E","T","R","$","?","?","E","R","BOSS","R","$","E","BOSS"],"items_purchased_type":["Card","Card","Card","Card","Card","Card","Card","Relic","Card"],"build_version":"2020-12-22","purchased_purges":4,"victory":true,"max_hp_per_floor":[63,63,63,63,63,65,65,65,65,65,65,65,75,75,75,75,75,75,75,75,75,75,77,77,77,77,77,77,77,77,77,77,77,77,77,77,79,79,79,79,79,81,81,81,81,81,81,81,81,81,81,81,81,81,81],"relic_stats":{"Regal Pillow":30,"Singing Bowl":8,"counters":[26,110],"Dead Branch":[338],"CeramicFish":72,"Juzu Bracelet":1,"Question Card":14,"MawBank":168,"Cursed Key":1,"WarpedTongs":[65],"Ornamental Fan":[308],"Shuriken":[10],"Bronze Scales":[103],"Kunai":[17],"obtain_stats":[{"Regal Pillow":2,"Pear":13,"Singing Bowl":6,"Dead Branch":0,"CeramicFish":42,"Juzu Bracelet":43,"Question Card":23,"MawBank":31,"Cursed Key":34,"WarpedTongs":22,"Anchor":20,"CaptainsWheel":47,"HornCleat":9,"Ornamental Fan":8,"Ninja Scroll":28,"Shuriken":54,"Bronze Scales":40,"Philosopher\u0027s Stone":17,"Red Mask":29,"Kunai":53,"InkBottle":48,"Ring of the Snake":0},{"Regal Pillow":1,"Pear":5,"Singing Bowl":3,"Dead Branch":0,"CeramicFish":21,"Juzu Bracelet":21,"Question Card":10,"MawBank":15,"Cursed Key":16,"WarpedTongs":9,"Anchor":8,"CaptainsWheel":22,"HornCleat":4,"Ornamental Fan":4,"Ninja Scroll":13,"Shuriken":25,"Bronze Scales":20,"Philosopher\u0027s Stone":6,"Red Mask":14,"Kunai":24,"InkBottle":23,"Ring of the Snake":0},{"Regal Pillow":3,"Pear":21,"Singing Bowl":10,"Dead Branch":0,"CeramicFish":88,"Juzu Bracelet":88,"Question Card":47,"MawBank":62,"Cursed Key":68,"WarpedTongs":41,"Anchor":38,"CaptainsWheel":92,"HornCleat":17,"Ornamental Fan":17,"Ninja Scroll":57,"Shuriken":105,"Bronze Scales":83,"Philosopher\u0027s Stone":32,"Red Mask":58,"Kunai":100,"InkBottle":95,"Ring of the Snake":0}],"InkBottle":[18],"Ring of the Snake":[52]},"card_choices":[{"not_picked":["Prepared","Poisoned Stab"],"picked":"Flying Knee","floor":1},{"not_picked":["Prepared","Deflect"],"picked":"Deadly Poison","floor":4},{"not_picked":["Underhanded Strike","Prepared","Flechettes"],"picked":"Singing Bowl","floor":6},{"not_picked":["Expertise","Unload"],"picked":"Distraction","floor":8},{"not_picked":["Backflip","Quick Slash"],"picked":"PiercingWail","floor":13},{"not_picked":["Night Terror","Corpse Explosion"],"picked":"Adrenaline","floor":16},{"not_picked":["Slice+1","Bane"],"picked":"Deadly Poison+1","floor":18},{"not_picked":["Backflip+1","Dodge and Roll"],"picked":"A Thousand Cuts","floor":19},{"not_picked":["Noxious Fumes","Flying Knee+1"],"picked":"Catalyst+1","floor":21},{"not_picked":["Flying Knee","Deflect","Concentrate"],"picked":"Singing Bowl","floor":23},{"not_picked":["Slice+1","Quick Slash+1","Bane+1"],"picked":"Tools of the Trade","floor":25},{"not_picked":["Cloak And Dagger+1","Backflip","Catalyst"],"picked":"Crippling Poison+1","floor":27},{"not_picked":["Crippling Poison","Reflex","Caltrops"],"picked":"Deadly Poison+1","floor":28},{"not_picked":["Outmaneuver","Accuracy","Underhanded Strike+1"],"picked":"Dash","floor":29},{"not_picked":["Underhanded Strike+1","Dagger Throw","Tools of the Trade"],"picked":"Outmaneuver+1","floor":31},{"not_picked":["Bullet Time","Burst","Unload"],"picked":"Malaise","floor":33},{"not_picked":["Leg Sweep","Prepared","Backflip"],"picked":"Blade Dance","floor":35},{"not_picked":["Expertise","Underhanded Strike","Leg Sweep"],"picked":"Blur+1","floor":36},{"not_picked":["Deadly Poison","Poisoned Stab+1","Prepared+1","Eviscerate+1"],"picked":"Singing Bowl","floor":37},{"not_picked":["Burst","All Out Attack","PiercingWail"],"picked":"Blade Dance+1","floor":40},{"not_picked":["Heel Hook+1","Eviscerate","Underhanded Strike","Sucker Punch"],"picked":"Singing Bowl","floor":42},{"not_picked":["PiercingWail","All Out Attack+1","Outmaneuver+1"],"picked":"Acrobatics+1","floor":47},{"not_picked":["Eviscerate+1","Quick Slash","Flechettes+1"],"picked":"Storm of Steel","floor":48},{"not_picked":["Underhanded Strike","Deadly Poison+1","Cloak And Dagger"],"picked":"Predator+1","floor":54}],"player_experience":806727,"relics_obtained":[{"floor":6,"key":"Singing Bowl"},{"floor":8,"key":"Ornamental Fan"},{"floor":9,"key":"HornCleat"},{"floor":13,"key":"Pear"},{"floor":23,"key":"Question Card"},{"floor":28,"key":"Ninja Scroll"},{"floor":29,"key":"Red Mask"},{"floor":31,"key":"MawBank"},{"floor":40,"key":"Bronze Scales"},{"floor":42,"key":"CeramicFish"},{"floor":43,"key":"Juzu Bracelet"},{"floor":47,"key":"CaptainsWheel"},{"floor":48,"key":"InkBottle"},{"floor":54,"key":"Shuriken"}],"event_choices":[{"damage_healed":0,"gold_gain":0,"player_choice":"Gave Potion","damage_taken":0,"relics_obtained":["Regal Pillow"],"max_hp_gain":0,"max_hp_loss":0,"event_name":"WeMeetAgain","floor":2,"gold_loss":0},{"damage_healed":0,"gold_gain":75,"player_choice":"Gather Gold","damage_taken":11,"max_hp_gain":0,"max_hp_loss":0,"event_name":"World of Goop","floor":5,"gold_loss":0},{"cards_removed":["Strike_G"],"damage_healed":0,"gold_gain":0,"player_choice":"Card Removal","damage_taken":7,"max_hp_gain":0,"max_hp_loss":0,"event_name":"Golden Wing","floor":11,"gold_loss":0},{"damage_healed":0,"gold_gain":0,"player_choice":"Opened","damage_taken":0,"relics_obtained":["Anchor"],"max_hp_gain":0,"max_hp_loss":0,"event_name":"The Mausoleum","floor":20,"gold_loss":0},{"damage_healed":0,"gold_gain":0,"player_choice":"Rummage","damage_taken":0,"relics_obtained":["WarpedTongs"],"max_hp_gain":0,"max_hp_loss":0,"event_name":"Accursed Blacksmith","floor":22,"gold_loss":0,"cards_obtained":["Pain"]},{"damage_healed":0,"gold_gain":0,"player_choice":"Fought Bandits","damage_taken":0,"max_hp_gain":0,"max_hp_loss":0,"event_name":"Masked Bandits","floor":29,"gold_loss":0},{"damage_healed":0,"gold_gain":0,"cards_transformed":["Strike_G"],"player_choice":"Transformed","damage_taken":0,"max_hp_gain":0,"max_hp_loss":0,"event_name":"Transmorgrifier","floor":39,"gold_loss":0,"cards_obtained":["Phantasmal Killer"]},{"damage_healed":0,"gold_gain":100,"player_choice":"Pray","damage_taken":0,"max_hp_gain":0,"max_hp_loss":0,"event_name":"Golden Shrine","floor":46,"gold_loss":0},{"damage_healed":0,"gold_gain":0,"player_choice":"Fight","damage_taken":0,"max_hp_gain":0,"max_hp_loss":0,"event_name":"Mysterious Sphere","floor":47,"gold_loss":0}],"is_beta":false,"boss_relics":[{"not_picked":["Runic Pyramid","Ring of the Serpent"],"picked":"Philosopher\u0027s Stone"},{"not_picked":["Velvet Choker","Snecko Eye"],"picked":"Cursed Key"}],"items_purged_floors":[14,30,45,53],"is_endless":false,"potions_floor_spawned":[1,6,19,23,25,29,40,48],"ascension_level":10}}