{"host":"gzsdmyo07u314vug","time":1610406018,"event":{"mods":["2.2 Compatiblity","BaseMod","Downfall","GifTheSpireLib","Minty Spire (QoL Compilation)","Quick Restart","Rare Cards Sparkle","Relic Stats","Replay The Spire","Robot Space Explorer","Shop Mod","StSLib","The Bug Knight","The Construct","The Elementalist","The IronCluck","The Marked","The Servant 0.9.4","Unceasing Turn Reminder","everything is the same but u backflip on backflip","slay the spire mod where everything is the same but ironclad has a cowboy hat","vexMod"],"gold_per_floor":[119,132,132,144,219,219,23,35,60,235,91,142,162,180,180,284,284,297,36,56,56,56],"floor_reached":21,"playtime":1125,"items_purged":["Doubt","theMarked:Strike"],"score":180,"play_id":"ec810f89-9f11-430e-b029-eff1a9dbb37d","local_time":"20210111200018","is_ascension_mode":true,"campfire_choices":[{"data":"theMarked:GodGivenPower","floor":6,"key":"SMITH"},{"floor":15,"key":"REST"}],"circlet_count":0,"master_deck":["theMarked:Strike","theMarked:Strike","theMarked:Strike","theMarked:Strike","theMarked:Defend","theMarked:Defend","theMarked:Defend","theMarked:Defend","theMarked:SoldierOfQuellstein","theMarked:UnarmedFury+1","theMarked:Static+1","theMarked:Panic+1","theMarked:GodGivenPower+1","theMarked:Static","theMarked:ChainLightning","theMarked:PowerFlow","theMarked:Electrocute","theMarked:MagicAdept","theMarked:Challenge"],"relics":["theMarked:ArtifactOfAir","vexMod:PaidLearning","Vajra","Matryoshka","SlaversCollar"],"acts_visited":["Exordium","TheCity"],"potions_floor_usage":[14,14,16,18],"damage_taken":[{"damage":7,"enemies":"Small Slimes","floor":1,"turns":3},{"damage":6,"enemies":"Jaw Worm","floor":2,"turns":2},{"damage":0,"enemies":"2 Louse","floor":4,"turns":2},{"damage":2,"enemies":"Blue Slaver","floor":8,"turns":3},{"damage":0,"enemies":"Large Slime","floor":13,"turns":2},{"damage":0,"enemies":"Gremlin Gang","floor":14,"turns":2},{"damage":27,"enemies":"Hexaghost","floor":16,"turns":7},{"damage":5,"enemies":"3 Byrds","floor":18,"turns":4},{"damage":10,"enemies":"Shell Parasite","floor":20,"turns":3},{"damage":55,"enemies":"Shelled Parasite and Fungi","floor":21,"turns":4}],"seed_played":"-6606765796411742809","potions_obtained":[{"floor":8,"key":"Strength Potion"},{"floor":12,"key":"LiquidMemories"},{"floor":13,"key":"LiquidMemories"},{"floor":16,"key":"ColorlessPotion"},{"floor":18,"key":"Elixir"}],"is_trial":false,"path_per_floor":["M","M","?","M","?","R","$","M","T","?","$","?","M","M","R","B",null,"M","$","M","M"],"character_chosen":"THE_DEFAULT","items_purchased":["vexMod:PaidLearning","theMarked:Static","theMarked:PowerFlow","theMarked:Challenge"],"campfire_rested":1,"item_purchase_floors":[7,7,11,19],"current_hp_per_floor":[63,57,57,57,46,46,46,44,44,44,44,27,27,27,48,21,70,65,65,55,0,0],"gold":56,"neow_bonus":"ONE_RANDOM_RARE_CARD","is_daily":false,"chose_seed":false,"campfire_upgraded":1,"win_rate":0.0,"timestamp":1610406018,"path_taken":["M","M","?","M","?","R","$","M","T","?","$","?","M","M","R","BOSS","M","$","M","M"],"items_purchased_type":["Relic","Card","Card","Card"],"build_version":"2020-12-22","purchased_purges":2,"victory":false,"max_hp_per_floor":[70,70,70,70,70,70,70,70,70,70,70,70,70,70,70,70,70,70,70,70,70,70],"relic_stats":{"counters":[10,32],"obtain_stats":[{"theMarked:ArtifactOfAir":0,"SlaversCollar":17,"Matryoshka":12,"Vajra":9,"vexMod:PaidLearning":7},{"theMarked:ArtifactOfAir":0,"SlaversCollar":7,"Matryoshka":4,"Vajra":4,"vexMod:PaidLearning":3},{"theMarked:ArtifactOfAir":0,"SlaversCollar":21,"Matryoshka":10,"Vajra":10,"vexMod:PaidLearning":7}]},"card_choices":[{"not_picked":["theMarked:Frustration","theMarked:EmpowerWeapon"],"picked":"theMarked:Static","floor":1},{"not_picked":["theMarked:EmpowerWeapon","theMarked:Overcharge"],"picked":"theMarked:Panic","floor":2},{"not_picked":["theMarked:BanishingStrike","theMarked:ShockingTouch"],"picked":"theMarked:GodGivenPower","floor":4},{"not_picked":["theMarked:WastefulDefense","theMarked:SelfDefenseTraining"],"picked":"theMarked:ChainLightning","floor":8},{"not_picked":["theMarked:Reabsorb","theMarked:Snap"],"picked":"theMarked:Electrocute","floor":12},{"not_picked":["theMarked:Parry","theMarked:Parkour","theMarked:BanishingStrike"],"picked":"SKIP","floor":13},{"not_picked":["theMarked:ResourceFulStrike","theMarked:WardOff","theMarked:SwordAndMagic"],"picked":"SKIP","floor":14},{"not_picked":["theMarked:ChannelForce","theMarked:SummonStrength"],"picked":"theMarked:MagicAdept","floor":16},{"not_picked":["theMarked:Aftermath","theMarked:ShockingTouch","theMarked:Parkour+1"],"picked":"SKIP","floor":18},{"not_picked":["theMarked:Frustration","theMarked:Indomitable","theMarked:ChainLightning"],"picked":"SKIP","floor":20}],"player_experience":707839,"relics_obtained":[{"floor":9,"key":"Vajra"},{"floor":12,"key":"Matryoshka"}],"event_choices":[{"damage_healed":0,"gold_gain":75,"player_choice":"Gather Gold","damage_taken":11,"max_hp_gain":0,"max_hp_loss":0,"event_name":"World of Goop","floor":5,"gold_loss":0},{"damage_healed":0,"gold_gain":175,"player_choice":"AGREE","damage_taken":0,"max_hp_gain":0,"max_hp_loss":0,"event_name":"Liars Game","floor":10,"gold_loss":0,"cards_obtained":["Doubt"]}],"is_beta":false,"boss_relics":[{"not_picked":["vexMod:BigBerry","Cursed Key"],"picked":"SlaversCollar"}],"items_purged_floors":[11,19],"is_endless":false,"potions_floor_spawned":[8,13,16,18],"killed_by":"Shelled Parasite and Fungi","ascension_level":1}}