{"host":"y3iy5gb13b300rns","time":1610363286,"event":{"mods":["BaseMod","Bestiary","Curses Come First","Minty Spire (QoL Compilation)","Replay The Spire","StSLib","The Runesmith"],"gold_per_floor":[134,134,134,174,24,24,24,24,74,149,424,349,372,372,372,505,505,534,592,592,442,8,8,64,64,114,114,0,0,0,0,0,135,135,176,176,26,0,0,0,0,0,0,100,60,60,110,27,27,53],"floor_reached":51,"playtime":1899,"items_purged":["Regret","Languid"],"score":896,"play_id":"fc100f8c-c321-4c17-9893-82bc8ab1ad53","local_time":"20210111050806","daily_mods":["Allstar","Flight","Lethality"],"is_ascension_mode":false,"campfire_choices":[{"data":"Panacea","floor":6,"key":"SMITH"},{"data":"Runesmith:CraftFirestone","floor":7,"key":"SMITH"},{"data":"Good Instincts","floor":8,"key":"SMITH"},{"floor":15,"key":"REST"},{"floor":23,"key":"REST"},{"data":"1","floor":25,"key":"LIFT"},{"data":"2","floor":27,"key":"LIFT"},{"data":"3","floor":29,"key":"LIFT"},{"floor":30,"key":"REST"},{"data":"Runesmith:GrandSlam","floor":32,"key":"SMITH"},{"data":"Dramatic Entrance","floor":40,"key":"SMITH"},{"data":"Runesmith:UnlimitedPower","floor":41,"key":"SMITH"},{"data":"Enlightenment","floor":42,"key":"SMITH"},{"floor":46,"key":"DIG"},{"data":"Runesmith:LithiumIon","floor":49,"key":"SMITH"}],"circlet_count":0,"master_deck":["Runesmith:Strike_RS","Runesmith:Strike_RS","Runesmith:Strike_RS","Runesmith:Strike_RS","Runesmith:Defend_RS","Runesmith:Defend_RS","Runesmith:Defend_RS","Runesmith:Defend_RS","Runesmith:CraftFirestone+1","Runesmith:Fortify","Sadistic Nature+1","Panacea+1","Thinking Ahead+1","Good Instincts+1","HandOfGreed+1","Runesmith:EnergizedChisel","Runesmith:HeatedChisel","Runesmith:OneForEveryone","Injury","Runesmith:GrandSlam+1","Runesmith:HeatedChisel","Runesmith:ChargedHammer+1","Runesmith:RunicBlueprint+1","Runesmith:HammerThrow+1","Runesmith:CraftProtectio","Runesmith:CraftReservo","Runesmith:FissionHammer","Runesmith:EarthShield+1","Runesmith:ChiselStab+1","Runesmith:UnlimitedPower+1","Runesmith:HammerTime+1","Enlightenment+1","Dramatic Entrance+1","Runesmith:RunicBlueprint","Runesmith:ChiselStab","Runesmith:LithiumIon+1"],"relics":["Runesmith:BrokenRuby","Ring of Panic","Ring of Misfortune","Guide Book","Replay:Bandana","Golden Idol","Runesmith:UraniumAnvil","MutagenicStrength","Orrery","Girya","Bronze Scales","Honey Jar","Juzu Bracelet","Red Mask","Snack Pack","Shovel","Bird Faced Urn"],"acts_visited":["Exordium","TheCity","TheBeyond"],"potions_floor_usage":[19,19,35,50,50,50],"damage_taken":[{"damage":0,"enemies":"Jaw Worm","floor":1,"turns":2},{"damage":4,"enemies":"2 Louse","floor":4,"turns":2},{"damage":6,"enemies":"Small Slimes","floor":13,"turns":2},{"damage":30,"enemies":"Hexaghost","floor":16,"turns":8},{"damage":0,"enemies":"Chosen","floor":18,"turns":4},{"damage":57,"enemies":"3 Byrds","floor":19,"turns":4},{"damage":12,"enemies":"Snake Plant","floor":24,"turns":4},{"damage":57,"enemies":"Pondfish","floor":33,"turns":11},{"damage":0,"enemies":"3 Darklings","floor":35,"turns":3},{"damage":0,"enemies":"Mind Bloom Boss Battle","floor":44,"turns":2},{"damage":0,"enemies":"Orb Walker","floor":47,"turns":1},{"damage":117,"enemies":"Awakened One","floor":50,"turns":9}],"seed_played":"2608465768335268498","potions_obtained":[{"floor":4,"key":"Regen Potion"},{"floor":16,"key":"Regen Potion"},{"floor":33,"key":"LiquidMemories"},{"floor":44,"key":"Energy Potion"},{"floor":45,"key":"DistilledChaos"},{"floor":45,"key":"FairyPotion"},{"floor":45,"key":"Elixir"}],"is_trial":false,"path_per_floor":["M","?","?","M","$","R","R","R","T","?","?","$","M","?","R","B",null,"M","M","?","$","$","R","M","R","T","R","?","R","R","$","R","B",null,"M","?","$","?","?","R","R","R","T","?","?","R","M","$","R","B",null],"character_chosen":"RUNESMITH_CLASS","items_purchased":["Guide Book","Orrery","Girya","Runesmith:EarthShield+1","Juzu Bracelet","Dexterity Potion","Runesmith:LithiumIon"],"campfire_rested":3,"item_purchase_floors":[5,21,22,22,37,48,48],"current_hp_per_floor":[70,70,70,66,66,66,66,66,66,55,55,55,49,49,70,40,70,70,32,32,32,32,53,41,41,41,41,41,41,62,62,62,5,70,70,60,60,60,80,80,80,80,80,80,80,80,80,80,80,8],"gold":53,"neow_bonus":"","is_daily":true,"chose_seed":false,"campfire_upgraded":8,"win_rate":0.0,"timestamp":1610363286,"path_taken":["M","?","?","M","$","R","R","R","T","?","?","$","?","?","R","BOSS","M","M","?","$","$","R","M","R","T","R","?","R","R","?","R","BOSS","M","?","$","?","?","R","R","R","T","?","?","R","M","?","R","BOSS"],"items_purchased_type":["Relic","Relic","Relic","Card","Relic","Potion","Card"],"build_version":"2020-12-22","purchased_purges":2,"victory":true,"max_hp_per_floor":[70,70,70,70,70,70,70,70,70,70,70,70,70,70,70,70,70,70,70,70,70,70,70,70,70,70,70,70,70,70,70,70,70,70,70,70,70,70,80,80,80,80,80,80,80,80,80,80,80,80],"card_choices":[{"not_picked":["Runesmith:EarthShield","Runesmith:UnstableHammer"],"picked":"Runesmith:EnergizedChisel","floor":1},{"not_picked":["Runesmith:CraftIndustria","Runesmith:CraftProtectio"],"picked":"Runesmith:HeatedChisel","floor":4},{"not_picked":["Runesmith:CraftProtectio","Runesmith:Retool"],"picked":"Runesmith:OneForEveryone","floor":13},{"not_picked":["Runesmith:CreatorForm","Runesmith:CraftIndustria"],"picked":"Runesmith:GrandSlam","floor":16},{"not_picked":["Runesmith:Grindstone","Runesmith:ElementalConversion"],"picked":"Runesmith:HeatedChisel","floor":18},{"not_picked":["Runesmith:HeatExchange","Runesmith:ShiftingStrike"],"picked":"Runesmith:ChargedHammer+1","floor":19},{"not_picked":["Runesmith:CraftSpiculum","Runesmith:CraftIncendium"],"picked":"Runesmith:RunicBlueprint+1","floor":21},{"not_picked":["Runesmith:EarthShield","Runesmith:Superposition"],"picked":"Runesmith:HammerThrow+1","floor":21},{"not_picked":["Runesmith:UnstableHammer+1","Runesmith:Overpower"],"picked":"Runesmith:CraftProtectio","floor":21},{"not_picked":["Runesmith:EnergizedChisel","Runesmith:Firestorm"],"picked":"Runesmith:CraftReservo","floor":21},{"not_picked":["Runesmith:Malloc","Runesmith:Reinforce"],"picked":"Runesmith:FissionHammer","floor":21},{"not_picked":["Runesmith:HammerThrow","Runesmith:HammerAndChisel"],"picked":"Runesmith:ChiselStab+1","floor":24},{"not_picked":["Runesmith:Duplicate","Runesmith:GenerateForcefield"],"picked":"Runesmith:UnlimitedPower","floor":33},{"not_picked":["Runesmith:UnstableHammer+1","Runesmith:DoubleUp","Runesmith:ShiftingStrike+1"],"picked":"Runesmith:HammerTime+1","floor":35},{"not_picked":["Bandage Up","The Bomb","Finesse"],"picked":"HandOfGreed","floor":36},{"not_picked":["Trip","Blind","Midas Touch"],"picked":"Enlightenment","floor":36},{"not_picked":["Dark Shackles","Mayhem","Forethought"],"picked":"Dramatic Entrance","floor":36},{"not_picked":["Runesmith:Firewall","Runesmith:ChiselStab+1","Runesmith:StaticCage+1"],"picked":"Runesmith:RunicBlueprint","floor":44},{"not_picked":["Runesmith:Discharge+1","Runesmith:StaticCage","Runesmith:CraftMagma+1"],"picked":"Runesmith:ChiselStab","floor":47}],"player_experience":400292,"relics_obtained":[{"floor":3,"key":"Ring of Panic"},{"floor":3,"key":"Ring of Misfortune"},{"floor":9,"key":"Replay:Bandana"},{"floor":26,"key":"Bronze Scales"},{"floor":43,"key":"Snack Pack"},{"floor":44,"key":"Shovel"},{"floor":46,"key":"Bird Faced Urn"}],"event_choices":[{"damage_healed":0,"gold_gain":0,"player_choice":"Grow","damage_taken":0,"max_hp_gain":0,"max_hp_loss":0,"event_name":"Living Wall","floor":2,"gold_loss":0,"cards_upgraded":["HandOfGreed"]},{"damage_healed":0,"gold_gain":75,"player_choice":"Gather Gold","damage_taken":11,"max_hp_gain":0,"max_hp_loss":0,"event_name":"World of Goop","floor":10,"gold_loss":0},{"damage_healed":0,"gold_gain":275,"player_choice":"Desecrate","damage_taken":0,"max_hp_gain":0,"max_hp_loss":0,"event_name":"Golden Shrine","floor":11,"gold_loss":0,"cards_obtained":["Regret"]},{"damage_healed":0,"gold_gain":0,"player_choice":"Take Wound","damage_taken":0,"relics_obtained":["Golden Idol"],"max_hp_gain":0,"max_hp_loss":0,"event_name":"Golden Idol","floor":14,"gold_loss":0,"cards_obtained":["Injury"]},{"damage_healed":0,"gold_gain":0,"player_choice":"Inject Mutagens","damage_taken":0,"relics_obtained":["MutagenicStrength"],"max_hp_gain":0,"max_hp_loss":0,"event_name":"Drug Dealer","floor":20,"gold_loss":0},{"damage_healed":0,"gold_gain":0,"player_choice":"Paid Fearfully","damage_taken":0,"max_hp_gain":0,"max_hp_loss":0,"event_name":"Masked Bandits","floor":28,"gold_loss":114},{"damage_healed":0,"gold_gain":0,"player_choice":"Memory 3","damage_taken":10,"max_hp_gain":0,"max_hp_loss":0,"event_name":"SensoryStone","floor":36,"gold_loss":0},{"damage_healed":0,"gold_gain":0,"player_choice":"Paid","damage_taken":0,"relics_obtained":["Red Mask"],"max_hp_gain":0,"max_hp_loss":0,"event_name":"Tomb of Lord Red Mask","floor":38,"gold_loss":26},{"cards_removed":["HandOfGreed"],"damage_healed":10,"gold_gain":0,"player_choice":"Offered Rare","damage_taken":0,"max_hp_gain":10,"max_hp_loss":0,"event_name":"Bonfire Elementals","floor":39,"gold_loss":0},{"damage_healed":0,"gold_gain":0,"player_choice":"Fight","damage_taken":0,"max_hp_gain":0,"max_hp_loss":0,"event_name":"MindBloom","floor":44,"gold_loss":0},{"damage_healed":0,"gold_gain":0,"player_choice":"Bought 3 Potions","damage_taken":0,"max_hp_gain":0,"max_hp_loss":0,"event_name":"The Woman in Blue","floor":45,"gold_loss":0}],"is_beta":false,"boss_relics":[{"not_picked":["Painkiller Herb","Busted Crown"],"picked":"Runesmith:UraniumAnvil"},{"not_picked":["Runic Pyramid","Snecko Heart"],"picked":"Honey Jar"}],"items_purged_floors":[12,22],"is_endless":false,"potions_floor_spawned":[4,16,33,44],"ascension_level":0}}