{"host":"80ojs5zx0tu8i1zz","time":1610357132,"event":{"mods":["AchievementEnabler","Arknights The Spire","Aspiration","BaseMod","ChefMod","Colored Map","Colored Powertips","Hermit","Hubris","Infinite Spire","Jorbs\u0027s Wanderer Trilogy","Minty Spire (QoL Compilation)","Replay The Spire","Shop Mod","StSLib","The Dragon Tamer","The Hayseed","The Hierophant","The Marked"],"gold_per_floor":[119,25,45,45,61,61,71,106,106,106,136,136,12,24,24,24,24],"floor_reached":16,"playtime":808,"items_purged":[],"score":135,"play_id":"03378d2c-0b44-4fb0-8dc2-e75be3137ad3","local_time":"20210111112532","is_ascension_mode":false,"campfire_choices":[{"data":"ats:Emotion Absorption","floor":6,"key":"SMITH"},{"data":"ats:Assault Order","floor":10,"key":"SMITH"},{"data":"ats:Flexible Camouflage","floor":10,"key":"SMITH"},{"floor":15,"key":"REST"}],"circlet_count":0,"master_deck":["ats:Strike C","ats:Strike G","ats:Strike S","ats:Strike V","ats:Armor Crushing Shot","ats:Defend","ats:Defend","ats:Defend","ats:Defend","ats:Emotion Absorption+1","ats:Hammer On","ats:Hammer On+1","ats:Flexible Camouflage+1","ats:Consecutive Shot Auto","Injury","ats:Assault Order+1","ats:Song Of Battle","ats:True Silver Slash+1","ats:Explosion Area Strengthen+1","ats:Charging Defense","ats:Powerful Strike+1","ats:Shell Defense"],"relics":["ats:Sanity","Molten Egg 2","ats:Originium","Bronze Scales","Replay:Arrowhead","hubris:CrystalStatue"],"acts_visited":["Exordium"],"potions_floor_usage":[1,8,16],"damage_taken":[{"damage":1,"enemies":"2 Louse","floor":1,"turns":3},{"damage":6,"enemies":"Jaw Worm","floor":3,"turns":2},{"damage":0,"enemies":"Cultist","floor":5,"turns":3},{"damage":1,"enemies":"Gremlin Gang","floor":7,"turns":3},{"damage":49,"enemies":"Lagavulin","floor":8,"turns":6},{"damage":21,"enemies":"3 Sentries","floor":11,"turns":6},{"damage":4,"enemies":"Large Slime","floor":14,"turns":2},{"damage":40,"enemies":"The Guardian","floor":16,"turns":7}],"seed_played":"-1443640345144234298","potions_obtained":[{"floor":1,"key":"Fruit Juice"},{"floor":5,"key":"Dexterity Potion"},{"floor":7,"key":"AttackPotion"}],"is_trial":false,"path_per_floor":["M","$","M","?","M","R","M","E","T","R","E","?","$","M","R_BF","B"],"character_chosen":"DOCTOR_CLASS","items_purchased":["ats:Hammer On+1","ats:Flexible Camouflage","ats:Charging Defense","ats:Powerful Strike+1"],"campfire_rested":1,"item_purchase_floors":[2,2,13,13],"current_hp_per_floor":[83,83,77,77,77,77,76,27,27,27,6,11,11,7,33,0,0],"gold":24,"neow_bonus":"TEN_PERCENT_HP_BONUS","is_daily":false,"chose_seed":false,"campfire_upgraded":3,"win_rate":0.0,"timestamp":1610357132,"path_taken":["M","$","M","?","M","R","M","E","T","R","E","?","$","M","R_BF","BOSS"],"items_purchased_type":["Card","Card","Card","Card"],"build_version":"2020-12-22","purchased_purges":0,"victory":false,"max_hp_per_floor":[84,84,84,84,84,84,84,84,84,84,84,89,89,89,89,89,89],"card_choices":[{"not_picked":["ats:Shell Defense","ats:Charging Defense"],"picked":"ats:Hammer On","floor":1},{"not_picked":["ats:Counter Healing Mode","ats:Sword Rain"],"picked":"ats:Consecutive Shot Auto","floor":3},{"not_picked":["ats:Sword Rain+1","ats:Healing Strengthening"],"picked":"ats:Assault Order","floor":5},{"not_picked":["ats:Flexible Camouflage","ats:Childhood Dance"],"picked":"ats:Song Of Battle","floor":7},{"not_picked":["ats:Childhood Dance","ats:Ignite+1"],"picked":"ats:True Silver Slash+1","floor":8},{"not_picked":["ats:Ignite+1","ats:Rapid Magazine"],"picked":"ats:Explosion Area Strengthen+1","floor":11},{"not_picked":["ats:Flame Of Heaven","ats:Poison Spread+1"],"picked":"ats:Shell Defense","floor":14}],"player_experience":211088,"relics_obtained":[{"floor":8,"key":"ats:Originium"},{"floor":8,"key":"Bronze Scales"},{"floor":9,"key":"Replay:Arrowhead"},{"floor":11,"key":"ats:Originium"},{"floor":11,"key":"hubris:CrystalStatue"}],"event_choices":[{"damage_healed":0,"gold_gain":0,"player_choice":"Donut","damage_taken":0,"max_hp_gain":5,"max_hp_loss":0,"event_name":"Big Fish","floor":12,"gold_loss":0}],"is_beta":false,"boss_relics":[],"items_purged_floors":[],"is_endless":false,"potions_floor_spawned":[1,5,7],"killed_by":"The Guardian","ascension_level":0}}