{"host":"rolltorest","time":1610337982,"event":{"mods":["BaseMod","Minty Spire (QoL Compilation)","Relic Stats","Slay the Relics Exporter","StSLib","The Bladedancer"],"gold_per_floor":[162,179,179,159,173,173,173],"floor_reached":6,"playtime":190,"items_purged":[],"score":56,"play_id":"94808853-803f-4573-a287-c9e476fdc6cc","local_time":"20210110200622","is_ascension_mode":true,"campfire_choices":[],"circlet_count":0,"master_deck":["AscendersBane","blademaster:Strike","blademaster:Strike","blademaster:Strike","blademaster:Strike","blademaster:Defend","blademaster:Defend","blademaster:Defend","blademaster:Defend","blademaster:RagingBlow","blademaster:HighVoltage+1","blademaster:ParryingStrike","blademaster:Meditate","blademaster:RagingBlow"],"relics":["Tiny House"],"acts_visited":["Exordium"],"potions_floor_usage":[],"damage_taken":[{"damage":5,"enemies":"Jaw Worm","floor":1,"turns":4},{"damage":8,"enemies":"Small Slimes","floor":2,"turns":6},{"damage":0,"enemies":"Cultist","floor":5,"turns":4},{"damage":0,"enemies":"Lagavulin","floor":6,"turns":3}],"seed_played":"2914093462089755137","potions_obtained":[{"floor":0,"key":"Block Potion"},{"floor":1,"key":"Block Potion"},{"floor":4,"key":"Swift Potion"}],"is_trial":false,"path_per_floor":["M","M","?","?","M","E"],"character_chosen":"THE_BLADEMASTER","items_purchased":[],"campfire_rested":0,"item_purchase_floors":[],"current_hp_per_floor":[68,63,68,68,68,68,68],"gold":173,"neow_bonus":"BOSS_RELIC","is_daily":false,"chose_seed":false,"campfire_upgraded":0,"win_rate":0.0,"timestamp":1610337982,"path_taken":["M","M","?","?","?","E"],"items_purchased_type":[],"build_version":"2020-12-18","purchased_purges":0,"victory":false,"max_hp_per_floor":[80,80,85,85,85,85,85],"relic_stats":{"counters":[4,17],"obtain_stats":[{"Tiny House":0,"blademaster:DancersAmulet":0},{"Tiny House":0,"blademaster:DancersAmulet":0},{"Tiny House":0,"blademaster:DancersAmulet":0}]},"card_choices":[{"not_picked":["blademaster:KiBarrier","blademaster:BloodyBlow"],"picked":"blademaster:ParryingStrike","floor":0},{"not_picked":["blademaster:FuriousStrike","blademaster:Flurry"],"picked":"blademaster:Meditate","floor":1},{"not_picked":["blademaster:ParryingStrike","blademaster:ThunderSlash"],"picked":"blademaster:RagingBlow","floor":2},{"not_picked":["blademaster:CombatPrep","blademaster:OneTrickPony","blademaster:Stormstrike"],"picked":"SKIP","floor":5}],"player_experience":1746614,"relics_obtained":[],"event_choices":[{"damage_healed":0,"gold_gain":0,"player_choice":"Donut","damage_taken":0,"max_hp_gain":5,"max_hp_loss":0,"event_name":"Big Fish","floor":3,"gold_loss":0},{"damage_healed":0,"gold_gain":0,"player_choice":"Bought 1 Potion","damage_taken":0,"max_hp_gain":0,"max_hp_loss":0,"event_name":"The Woman in Blue","floor":4,"gold_loss":0}],"is_beta":true,"boss_relics":[],"items_purged_floors":[],"is_endless":false,"potions_floor_spawned":[1,2],"killed_by":"Lagavulin","ascension_level":11}}