{"host":"jggt5i9rbuoqvque","time":1610325445,"event":{"mods":["BaseMod","Minty Spire (QoL Compilation)","StSLib"],"gold_per_floor":[117,137,151,151,169,169,199,218,218,230,257,257,268,283,283,380,380,398,414,33,47,63,63,63,63,63,97,97,109,178,178,178,178,178],"floor_reached":33,"playtime":1098,"items_purged":["Regret"],"score":429,"play_id":"9651a1ed-34a5-491c-936b-4101ce87d1c2","local_time":"20210111093725","is_ascension_mode":true,"campfire_choices":[{"data":"Feed","floor":6.0,"key":"SMITH"},{"floor":12,"key":"REST"},{"data":"Heavy Blade","floor":15,"key":"SMITH"},{"floor":23,"key":"REST"},{"data":"Armaments","floor":25,"key":"SMITH"},{"floor":32,"key":"REST"}],"circlet_count":0,"master_deck":["Strike_R","Strike_R","Strike_R","Strike_R","Strike_R","Defend_R","Defend_R","Defend_R","Defend_R","Bash","Feed+1","Spot Weakness","Heavy Blade+1","Double Tap","Disarm","Battle Trance","Armaments+1","Heavy Blade+1","Limit Break","Armaments+1","Cleave"],"relics":["Burning Blood","Pear","Dream Catcher","Paper Frog","Torii","SlaversCollar","Juzu Bracelet","Orichalcum","Darkstone Periapt","Boot","Pantograph"],"acts_visited":["Exordium","TheCity"],"potions_floor_usage":[8,16,19,21,27],"damage_taken":[{"damage":9.0,"enemies":"Jaw Worm","floor":1.0,"turns":3.0},{"damage":12.0,"enemies":"Small Slimes","floor":2.0,"turns":4.0},{"damage":0.0,"enemies":"2 Louse","floor":3.0,"turns":2.0},{"damage":25.0,"enemies":"Large Slime","floor":5.0,"turns":6.0},{"damage":18.0,"enemies":"Gremlin Nob","floor":7.0,"turns":3.0},{"damage":0,"enemies":"Exordium Wildlife","floor":8,"turns":1},{"damage":3,"enemies":"2 Fungi Beasts","floor":10,"turns":2},{"damage":57,"enemies":"3 Sentries","floor":11,"turns":10},{"damage":39,"enemies":"Large Slime","floor":13,"turns":5},{"damage":11,"enemies":"Blue Slaver","floor":14,"turns":5},{"damage":23,"enemies":"The Guardian","floor":16,"turns":7},{"damage":39,"enemies":"Chosen","floor":18,"turns":6},{"damage":1,"enemies":"Shell Parasite","floor":19,"turns":2},{"damage":25,"enemies":"Snake Plant","floor":21,"turns":4},{"damage":57,"enemies":"Centurion and Healer","floor":22,"turns":6},{"damage":32,"enemies":"Book of Stabbing","floor":27,"turns":5},{"damage":35,"enemies":"Shelled Parasite and Fungi","floor":29,"turns":5},{"damage":38,"enemies":"Colosseum Slavers","floor":31,"turns":5},{"damage":104,"enemies":"Collector","floor":33,"turns":7}],"seed_played":"-6303873183488515014","potions_obtained":[{"floor":1.0,"key":"ColorlessPotion"},{"floor":3.0,"key":"PowerPotion"},{"floor":7.0,"key":"Energy Potion"},{"floor":11,"key":"CultistPotion"},{"floor":14,"key":"FairyPotion"},{"floor":18,"key":"SkillPotion"},{"floor":19,"key":"Regen Potion"},{"floor":22,"key":"BlessingOfTheForge"}],"is_trial":false,"path_per_floor":["M","M","M","?","M","R","E","M","T","M","E","R","M","M","R","B",null,"M","M","$","M","M","R","?","R","T","E","?","M","T","?","R","B"],"character_chosen":"IRONCLAD","items_purchased":["Juzu Bracelet","Orichalcum"],"campfire_rested":3,"item_purchase_floors":[20,20],"current_hp_per_floor":[72,69,78,88,72,72,60,70,70,77,30,64,35,34,34,17,96,67,72,72,65,18,57,100,100,100,74,46,17,17,34,75,0,0],"gold":178,"neow_bonus":"ONE_RANDOM_RARE_CARD","is_daily":false,"chose_seed":false,"campfire_upgraded":3,"win_rate":0.0,"timestamp":1610325445,"path_taken":["M","M","M","?","M","R","E","M","T","M","E","R","M","M","R","BOSS","M","M","$","M","M","R","?","R","T","E","?","M","?","?","R","BOSS"],"items_purchased_type":["Relic","Relic"],"build_version":"2020-12-22","purchased_purges":1,"victory":false,"max_hp_per_floor":[83,86,89,99,102,102,102,106,106,110,114,114,118,122,122,122,122,126,126,126,126,130,130,130,130,130,130,135,135,135,139,139,139,139],"card_choices":[{"not_picked":["Blood for Blood","Sword Boomerang"],"picked":"Spot Weakness","floor":1.0},{"not_picked":["Intimidate","Burning Pact"],"picked":"Heavy Blade","floor":2.0},{"not_picked":["Shrug It Off","Anger","Twin Strike"],"picked":"SKIP","floor":3.0},{"not_picked":["Body Slam","Heavy Blade","Entrench"],"picked":"SKIP","floor":5.0},{"not_picked":["Twin Strike","Inflame"],"picked":"Double Tap","floor":7.0},{"not_picked":["Seeing Red","Warcry","Sever Soul"],"picked":"SKIP","floor":8},{"not_picked":["Pommel Strike","Wild Strike"],"picked":"Disarm","floor":10},{"not_picked":["Fire Breathing","Rupture","Burning Pact"],"picked":"SKIP","floor":11},{"not_picked":["Sword Boomerang","Anger"],"picked":"Battle Trance","floor":12},{"not_picked":["Sword Boomerang","Uppercut","Warcry"],"picked":"SKIP","floor":13},{"not_picked":["Twin Strike","Heavy Blade","Infernal Blade"],"picked":"SKIP","floor":14},{"not_picked":["Combust","Sword Boomerang","Thunderclap"],"picked":"SKIP","floor":18},{"not_picked":["Dark Embrace","Uppercut","Iron Wave+1"],"picked":"SKIP","floor":19},{"not_picked":["True Grit","Clash","Heavy Blade"],"picked":"SKIP","floor":21},{"not_picked":["Flex+1","Warcry"],"picked":"Armaments","floor":22},{"not_picked":["Infernal Blade","Havoc"],"picked":"Heavy Blade+1","floor":23},{"not_picked":["Whirlwind","Battle Trance"],"picked":"Limit Break","floor":27},{"not_picked":["Warcry","Havoc"],"picked":"Armaments+1","floor":29},{"not_picked":["Anger+1","Pommel Strike"],"picked":"Cleave","floor":32}],"player_experience":317192,"relics_obtained":[{"floor":7.0,"key":"Dream Catcher"},{"floor":9,"key":"Paper Frog"},{"floor":11,"key":"Torii"},{"floor":26,"key":"Darkstone Periapt"},{"floor":27,"key":"Boot"},{"floor":30,"key":"Pantograph"}],"event_choices":[{"damage_healed":0.0,"max_hp_gain":0.0,"max_hp_loss":0.0,"gold_gain":0.0,"event_name":"Big Fish","player_choice":"Box","floor":4.0,"gold_loss":0.0,"damage_taken":0.0,"relics_obtained":["Pear"],"cards_obtained":["Regret"]},{"damage_healed":43,"gold_gain":0,"player_choice":"Heal","damage_taken":0,"max_hp_gain":0,"max_hp_loss":0,"event_name":"The Library","floor":24,"gold_loss":0},{"damage_healed":0,"gold_gain":0,"player_choice":"Shed Blood","damage_taken":33,"max_hp_gain":5,"max_hp_loss":0,"event_name":"Forgotten Altar","floor":28,"gold_loss":0},{"damage_healed":0,"gold_gain":0,"player_choice":"Fight","damage_taken":0,"max_hp_gain":0,"max_hp_loss":0,"event_name":"Colosseum","floor":31,"gold_loss":0},{"damage_healed":0,"gold_gain":0,"player_choice":"Fled From Nobs","damage_taken":0,"max_hp_gain":0,"max_hp_loss":0,"event_name":"Colosseum","floor":31,"gold_loss":0}],"is_beta":false,"boss_relics":[{"not_picked":["Ectoplasm","Fusion Hammer"],"picked":"SlaversCollar"}],"items_purged_floors":[20],"is_endless":false,"potions_floor_spawned":[1,3,7,11,14,18,19,22],"killed_by":"Collector","ascension_level":7}}