{"host":"0vlubjftylzdr3ny","time":1610373340,"event":{"mods":["Always Whale","BaseMod","GifTheSpireLib","Minty Spire (QoL Compilation)","Relic Filter","StSLib","Stuff the Spire"],"gold_per_floor":[117,137,154,154,3,35,35,61,61,77,77,88,115,115,115,244,244,264,289,289,305,323,354,354,393,469,469,217,217,217],"floor_reached":29,"playtime":1324,"items_purged":["Strike_G","Strike_G"],"score":311,"play_id":"1362810e-bf63-4982-bec6-ab11c74a1070","local_time":"20210111145540","is_ascension_mode":true,"campfire_choices":[{"data":"Neutralize","floor":7,"key":"SMITH"},{"data":"Noxious Fumes","floor":11,"key":"SMITH"},{"data":"Defend_G","floor":15,"key":"SMITH"},{"data":"A Thousand Cuts","floor":24,"key":"SMITH"},{"data":"Dagger Spray","floor":27,"key":"SMITH"}],"circlet_count":0,"master_deck":["Strike_G","Strike_G","Defend_G+1","Defend_G","Defend_G","Defend_G+1","Defend_G+1","Survivor","Neutralize+1","Dagger Spray+1","Slice","Noxious Fumes+1","Dagger Spray","Bane","A Thousand Cuts+1","Well Laid Plans","Blade Dance+1","Escape Plan+1","A Thousand Cuts","Bouncing Flask"],"relics":["Ring of the Snake","Turnip","Snake Skull","Meat on the Bone","Pocketwatch","Mummified Hand","Golden Idol","SlaversCollar","Mercury Hourglass","Gremlin Horn","War Paint"],"acts_visited":["Exordium","TheCity"],"potions_floor_usage":[8,13,18,23,23,23,29],"damage_taken":[{"damage":1,"enemies":"2 Louse","floor":1,"turns":4},{"damage":1,"enemies":"Cultist","floor":2,"turns":3},{"damage":1,"enemies":"Small Slimes","floor":3,"turns":3},{"damage":13,"enemies":"3 Sentries","floor":6,"turns":7},{"damage":11,"enemies":"Lagavulin","floor":8,"turns":5},{"damage":0,"enemies":"2 Fungi Beasts","floor":10,"turns":2},{"damage":0,"enemies":"3 Louse","floor":12,"turns":3},{"damage":5,"enemies":"3 Sentries","floor":13,"turns":7},{"damage":11,"enemies":"The Guardian","floor":16,"turns":9},{"damage":16,"enemies":"3 Byrds","floor":18,"turns":4},{"damage":28,"enemies":"2 Thieves","floor":19,"turns":4},{"damage":18,"enemies":"3 Cultists","floor":21,"turns":4},{"damage":20,"enemies":"Sentry and Sphere","floor":22,"turns":5},{"damage":16,"enemies":"Slavers","floor":23,"turns":2},{"damage":17,"enemies":"Book of Stabbing","floor":25,"turns":4},{"damage":22,"enemies":"Snake Plant","floor":29,"turns":2}],"seed_played":"-1913382382088985366","potions_obtained":[{"floor":6,"key":"Poison Potion"},{"floor":8,"key":"Dexterity Potion"},{"floor":10,"key":"LiquidBronze"},{"floor":16,"key":"SpeedPotion"},{"floor":18,"key":"DuplicationPotion"},{"floor":20,"key":"LiquidBronze"},{"floor":25,"key":"CunningPotion"}],"is_trial":false,"path_per_floor":["M","M","M","?","$","E","R","E","T","M","R","M","E","?","R","B",null,"M","M","?","M","M","E","R","E","T","R","$","M"],"character_chosen":"THE_SILENT","items_purchased":["Noxious Fumes","War Paint"],"campfire_rested":0,"item_purchase_floors":[5,28],"current_hp_per_floor":[69,68,67,55,55,42,42,31,31,43,43,43,38,21,21,22,70,54,38,38,32,24,20,20,15,15,15,15,0,0],"gold":217,"neow_bonus":"REMOVE_CARD","is_daily":false,"chose_seed":false,"campfire_upgraded":5,"win_rate":0.0,"timestamp":1610373340,"path_taken":["M","M","M","?","$","E","R","E","T","M","R","M","E","?","R","BOSS","M","M","?","M","M","E","R","E","T","R","$","M"],"items_purchased_type":["Card","Relic"],"build_version":"2020-12-22","purchased_purges":2,"victory":false,"max_hp_per_floor":[70,70,70,70,70,70,70,70,70,70,70,70,70,70,70,70,70,70,70,70,70,70,70,70,70,70,70,70,70,70],"card_choices":[{"not_picked":["PiercingWail","Dodge and Roll"],"picked":"Dagger Spray","floor":1},{"not_picked":["StuffTheSpire:Python","Prepared"],"picked":"Slice","floor":2},{"not_picked":["Crippling Poison","StuffTheSpire:ClusterCrunch","Distraction"],"picked":"SKIP","floor":3},{"not_picked":["Dodge and Roll","Distraction"],"picked":"Dagger Spray","floor":6},{"not_picked":["Dagger Throw","Acrobatics","StuffTheSpire:Python"],"picked":"SKIP","floor":8},{"not_picked":["Skewer","Blade Dance","Flying Knee"],"picked":"SKIP","floor":10},{"not_picked":["Dagger Throw","StuffTheSpire:Python"],"picked":"Bane","floor":12},{"not_picked":["Dagger Spray","Riddle With Holes","Sucker Punch"],"picked":"SKIP","floor":13},{"not_picked":["Die Die Die","Malaise"],"picked":"A Thousand Cuts","floor":16},{"not_picked":["PiercingWail","Dagger Throw"],"picked":"Well Laid Plans","floor":18},{"not_picked":["All Out Attack","StuffTheSpire:Injection"],"picked":"Blade Dance+1","floor":19},{"not_picked":["StuffTheSpire:DoubleShiv","Flying Knee+1"],"picked":"Escape Plan+1","floor":21},{"not_picked":["Outmaneuver","Choke+1"],"picked":"A Thousand Cuts","floor":22},{"not_picked":["Deadly Poison","Wraith Form v2","StuffTheSpire:Injection+1"],"picked":"SKIP","floor":23},{"not_picked":["Eviscerate","Poisoned Stab"],"picked":"Bouncing Flask","floor":25}],"player_experience":817229,"relics_obtained":[{"floor":6,"key":"Snake Skull"},{"floor":8,"key":"Meat on the Bone"},{"floor":9,"key":"Pocketwatch"},{"floor":13,"key":"Mummified Hand"},{"floor":23,"key":"Mercury Hourglass"},{"floor":25,"key":"Gremlin Horn"}],"event_choices":[{"damage_healed":0,"gold_gain":0,"player_choice":"Success","damage_taken":12,"relics_obtained":["Turnip"],"max_hp_gain":0,"max_hp_loss":0,"event_name":"Scrap Ooze","floor":4,"gold_loss":0},{"damage_healed":0,"gold_gain":0,"player_choice":"Take Damage","damage_taken":17,"relics_obtained":["Golden Idol"],"max_hp_gain":0,"max_hp_loss":0,"event_name":"Golden Idol","floor":14,"gold_loss":0},{"damage_healed":0,"gold_gain":0,"player_choice":"Got Potions","damage_taken":0,"max_hp_gain":0,"max_hp_loss":0,"event_name":"Lab","floor":20,"gold_loss":0}],"is_beta":false,"boss_relics":[{"not_picked":["HoveringKite","Black Star"],"picked":"SlaversCollar"}],"items_purged_floors":[5,28],"is_endless":false,"potions_floor_spawned":[6,8,10,16,18,21,22,25],"killed_by":"Snake Plant","ascension_level":2}}