{"host":"2i0myh7fqij2ti1z","time":1610381788,"event":{"mods":["Aspiration","BaseMod","Better Third Choice","Colored Powertips","FoggyMod","GifTheSpireLib","Highlight Path","Minty Spire (QoL Compilation)","Permanent Neow","Quick Restart","Random Character Button","Random Character Mod","Relic Sorter","Replay The Spire","Shop Mod","Spicy Shops","StSLib","Stuff the Spire","Transform Curses","Wandering Minibosses","vexMod","óô»ðÖ¸ÄÏ"],"gold_per_floor":[115,115,9975,9753,9773,9804,9593,9199,9199,9232,9267,8460,8488,8249,7756,7856,7856,7874,7974,7648,7099,6727,6564,6592,6623,6675,6704,6738,6457,6490,6490,6302,6405,6405,6424,6424,5779,5554,5451,5485,5427,5452,5452,5479,5382,5265,5297,5322,5226,5226],"floor_reached":51,"playtime":2372,"items_purged":["Injury","Cleave","Warcry","Shrug It Off","Ghostly Armor","ReplayTheSpireMod:Private Reserves","Cleave","Wild Strike","Impatience","ReplayTheSpireMod:Uncanny Aura+1","Rupture","Barricade","Immolate+1","HandOfGreed+1","Replay:Parry+1","ReplayTheSpireMod:Muscle Training+1"],"score":1306,"play_id":"de16f926-c44c-498e-9859-34652d7b80cc","local_time":"20210112001628","daily_mods":["SealedDeck","Colorless Cards","Heirloom","Flight","DeadlyEvents","Elite Swarm"],"is_ascension_mode":true,"campfire_choices":[],"circlet_count":0,"master_deck":["ReplayTheSpireMod:Uncanny Aura+1","Fire Breathing+1","StuffTheSpire:Incineration+1","ReplayUltimateDefense+1","ReplayTheSpireMod:Uncanny Aura+1","Brutality+1","ReplayTheSpireMod:Uncanny Aura+1","Burning Pact+1"],"relics":["Burning Blood","Ring of Chaos","Turnip","The Courier","StuffTheSpire:DarkSteelAnvil","WarpedTongs","Molten Egg 2","vexMod:Spyglass","Ancient Tea Set","Toxic Egg 2","Ornamental Fan","Question Card","Replay:PocketPolymizer","Frozen Egg 2","Ice Cream","Quantum Egg","Blue Candle","aspiration:Nostalgia","Replay:M_SmolderingBlood","Bag of Preparation","Chemical X","Replay:Bottled Eggs","Snecko Heart","Medical Kit","Golden Egg","ClockworkSouvenir","Membership Card","Mummified Hand","Potion Belt","vexMod:RetaliationKit","King of Hearts","Akabeko","StuffTheSpire:Barrel","DollysMirror","Pear","vexMod:MysteryBossChallenge","Astrolabe","StuffTheSpire:Saxophone","ReplayTheSpireMod:EnergyBall","aspiration:HummingbirdHeart","Replay:Accelerometer","StuffTheSpire:NeowsTribute","Lantern","Toy Ornithopter","Pantograph","Omamori","Divine Protection","Magic Flower","Pen Nib","Snack Pack","Self Forming Clay"],"acts_visited":["Exordium","TheCity","TheBeyond"],"potions_floor_usage":[6,47,50,50],"damage_taken":[{"damage":8,"enemies":"Small Slimes","floor":1,"turns":3},{"damage":0,"enemies":"2 Louse","floor":5,"turns":2},{"damage":18,"enemies":"3 Sentries","floor":6,"turns":5},{"damage":12,"enemies":"Lagavulin","floor":10,"turns":4},{"damage":9,"enemies":"3 Sentries","floor":11,"turns":2},{"damage":12,"enemies":"Gremlin Nob","floor":13,"turns":3},{"damage":18,"enemies":"Hexaghost","floor":16,"turns":4},{"damage":6,"enemies":"Shell Parasite","floor":18,"turns":4},{"damage":0,"enemies":"Book of Stabbing","floor":24,"turns":3},{"damage":0,"enemies":"Slavers","floor":25,"turns":3},{"damage":2,"enemies":"Gremlin Leader","floor":27,"turns":3},{"damage":14,"enemies":"Book of Stabbing","floor":28,"turns":3},{"damage":26,"enemies":"Slavers","floor":30,"turns":2},{"damage":13,"enemies":"Collector","floor":33,"turns":4},{"damage":2,"enemies":"Orb Walker","floor":35,"turns":2},{"damage":2,"enemies":"R_Hoarder","floor":40,"turns":3},{"damage":2,"enemies":"Nemesis","floor":42,"turns":3},{"damage":10,"enemies":"Reptomancer","floor":44,"turns":3},{"damage":0,"enemies":"R_Hoarder","floor":47,"turns":3},{"damage":0,"enemies":"Reptomancer","floor":48,"turns":2},{"damage":8,"enemies":"Donu and Deca","floor":50,"turns":5}],"seed_played":"1696425910975287740","potions_obtained":[{"floor":1,"key":"Swift Potion"},{"floor":6,"key":"SpeedPotion"},{"floor":24,"key":"Swift Potion"},{"floor":27,"key":"Fire Potion"},{"floor":35,"key":"ColorlessPotion"},{"floor":44,"key":"SkillPotion"}],"is_trial":true,"path_per_floor":["M","?","$","$","M","E","R","R","T","E","E","R","E","$","R","B",null,"M","?","$","$","$","R","E","E","T","E","E","$","E","?","R","B",null,"M","?","$","$","$","E","$","E","T","E","$","$","E","E","R","B",null],"character_chosen":"IRONCLAD","items_purchased":["vexMod:Spyglass","Fire Breathing+1","Toxic Egg 2","StuffTheSpire:Incineration+1","Frozen Egg 2","Ice Cream","Quantum Egg","aspiration:Nostalgia","Bag of Preparation","Chemical X","Replay:Bottled Eggs","Medical Kit","Golden Egg","ClockworkSouvenir","Membership Card","Mummified Hand","Rupture+1","DollysMirror","StuffTheSpire:Saxophone","ReplayTheSpireMod:EnergyBall","aspiration:HummingbirdHeart","Replay:Accelerometer","Lantern","Divine Protection","Magic Flower","Self Forming Clay"],"campfire_rested":0,"item_purchase_floors":[4,7,8,8,12,12,12,14,14,15,15,20,21,21,22,22,29,29,37,37,37,39,41,45,46,49],"current_hp_per_floor":[78,78,78,78,80,68,68,68,68,62,59,59,53,53,53,41,80,80,80,80,80,80,80,80,80,80,80,72,72,62,44,44,37,95,95,95,95,95,95,95,95,95,95,91,91,91,95,95,95,95],"gold":5226,"neow_bonus":"","is_daily":false,"chose_seed":false,"campfire_upgraded":0,"win_rate":0.0,"timestamp":1610381788,"path_taken":["M","?","$","$","?","E","R","R","T","E","E","R","E","$","R","BOSS","M","?","?","?","$","R","E","E","T","E","E","$","E","?","R","BOSS","M","?","$","?","?","E","?","E","T","E","$","$","E","E","R","BOSS"],"items_purchased_type":["Relic","Card","Relic","Card","Relic","Relic","Relic","Relic","Relic","Relic","Relic","Relic","Relic","Relic","Relic","Relic","Card","Relic","Relic","Relic","Relic","Relic","Relic","Relic","Relic","Relic"],"build_version":"2020-12-22","purchased_purges":16,"victory":true,"max_hp_per_floor":[80,80,80,80,80,80,80,80,80,80,80,80,80,80,80,80,80,80,80,80,80,80,80,80,80,80,80,80,80,90,95,95,95,95,95,95,95,95,95,95,95,95,95,95,95,95,95,95,95,95],"card_choices":[{"not_picked":["Replay:Undeath\u0027s Touch","StuffTheSpire:Slingshot"],"picked":"Cleave","floor":1},{"not_picked":["Survey Options","Clothesline+1"],"picked":"Disarm","floor":5},{"not_picked":["Poisoned Strike+1","Fiend Fire+1","Secret Technique"],"picked":"SKIP","floor":6},{"not_picked":["Thinking Ahead+1","Secret Weapon+1"],"picked":"Immolate+1","floor":10},{"not_picked":["Eclipse+1","Demon Form","Thinking Ahead+1"],"picked":"Barricade","floor":11},{"not_picked":["Midas Touch+1","The Bomb+1","Chrysalis+1","Metamorphosis+1"],"picked":"SKIP","floor":13},{"not_picked":["Midas Touch+1","ReplayTheSpireMod:Brewmster+1","Feed+1"],"picked":"ReplayUltimateDefense+1","floor":16},{"not_picked":["Twin Strike+1","Armaments+1","Mind Blast+1","Headbutt+1"],"picked":"SKIP","floor":18},{"not_picked":["Metamorphosis+1","Exhume+1","The Bomb+1","Magnetism+1"],"picked":"SKIP","floor":24},{"not_picked":["Barricade+1","Reaper+1","Fiend Fire+1"],"picked":"Brutality+1","floor":25},{"not_picked":["Transmutation+1","Sadistic Nature+1","Magnetism+1","Panache+1"],"picked":"SKIP","floor":27},{"not_picked":["Immolate+1","Poisoned Strike+1","Mayhem+1","Thinking Ahead+1"],"picked":"SKIP","floor":28},{"not_picked":["Panache+1","vexMod:StairwayStrike+1","Mayhem+1","Demon Form+1"],"picked":"SKIP","floor":30},{"not_picked":["Iron Wave+1","Thunderclap+1","Flex+1"],"picked":"Burning Pact+1","floor":35},{"not_picked":["Immolate+1","Replay:Many Hands+1","Exhume+1","ReplayTheSpireMod:Brewmster+1"],"picked":"SKIP","floor":40},{"not_picked":["Corruption+1","Poisoned Strike+1","Midas Touch+1","Barricade+1"],"picked":"SKIP","floor":42},{"not_picked":["Transmutation+1","Metamorphosis+1","ReplayTheSpireMod:Necrogeddon+1","Offering+1"],"picked":"SKIP","floor":44},{"not_picked":["ReplayTheSpireMod:Necrogeddon+1","Bludgeon+1","Demonic Infusion+1","Sadistic Nature+1"],"picked":"SKIP","floor":47},{"not_picked":["Immolate+1","HandOfGreed+1","The Bomb+1","Impervious+1"],"picked":"SKIP","floor":48}],"player_experience":245769,"relics_obtained":[{"floor":6,"key":"Ancient Tea Set"},{"floor":9,"key":"Ornamental Fan"},{"floor":10,"key":"Question Card"},{"floor":11,"key":"Replay:PocketPolymizer"},{"floor":13,"key":"Blue Candle"},{"floor":24,"key":"Potion Belt"},{"floor":25,"key":"vexMod:RetaliationKit"},{"floor":26,"key":"King of Hearts"},{"floor":27,"key":"Akabeko"},{"floor":28,"key":"StuffTheSpire:Barrel"},{"floor":30,"key":"Pear"},{"floor":40,"key":"StuffTheSpire:NeowsTribute"},{"floor":42,"key":"Toy Ornithopter"},{"floor":43,"key":"Pantograph"},{"floor":44,"key":"Omamori"},{"floor":47,"key":"Pen Nib"},{"floor":48,"key":"Snack Pack"}],"event_choices":[{"damage_healed":0,"gold_gain":100,"player_choice":"Pray","damage_taken":0,"max_hp_gain":0,"max_hp_loss":0,"event_name":"Golden Shrine","floor":19,"gold_loss":0},{"damage_healed":0,"gold_gain":0,"player_choice":"Shed Blood","damage_taken":23,"max_hp_gain":5,"max_hp_loss":0,"event_name":"Forgotten Altar","floor":31,"gold_loss":0},{"damage_healed":0,"gold_gain":0,"player_choice":"Ignored","damage_taken":0,"max_hp_gain":0,"max_hp_loss":0,"event_name":"Tomb of Lord Red Mask","floor":36,"gold_loss":0}],"is_beta":false,"boss_relics":[{"not_picked":["Runic Cube","vexMod:FluxCapacitor"],"picked":"Snecko Heart"},{"not_picked":["StuffTheSpire:RunicConfusion","StuffTheSpire:ModemDavis"],"picked":"vexMod:MysteryBossChallenge"}],"items_purged_floors":[3,3,4,7,8,12,15,20,21,22,23,29,32,37,37,38],"is_endless":false,"potions_floor_spawned":[1,6,24,27,35,44],"ascension_level":1}}