{"host":"zgdag062zrknap1a","time":1610331647,"event":{"mods":["AchievementEnabler","Act Like it!","Aspiration","Bard","BaseMod","BetterRewards","Colored Map","Colored Powertips","Conspire","Downfall","Gensokyo","Hallownest","Hermit","Highlight Path","Hubris","Infinite Spire","Jorbs\u0027s Wanderer Trilogy","Marisa????????","Minty Spire (QoL Compilation)","Quick Restart","Rare Cards Sparkle","Replay The Spire","Shop Mod","StSLib","The Bug Knight","The Cursed","The Hierophant","The Necromancer","The Runesmith","The Servant 0.9.4"],"gold_per_floor":[110,110,110,126,138,138,149,149,149,149,149,165,195,209,209,209,209],"floor_reached":16,"playtime":916,"items_purged":["Strike_B","Strike_B"],"score":102,"play_id":"1041df4f-1df9-4eaf-925f-954b86936c75","local_time":"20210110182047","is_ascension_mode":false,"campfire_choices":[{"floor":6,"key":"RECALL"},{"data":"ReplayGash","floor":8,"key":"SMITH"}],"circlet_count":0,"master_deck":["Strike_B","Strike_B","Defend_B","Defend_B","Defend_B","Defend_B","Zap","Dualcast","ReplayGash+1","FTL","Chill","Capacitor","Beam Cell","Beam Cell","Gash","Go for the Eyes","aspiration:Polymerization"],"relics":["Cracked Core","Replay:Baseball","Question Card","Bronze Scales"],"acts_visited":["Exordium"],"potions_floor_usage":[13,13,14,16],"damage_taken":[{"damage":4,"enemies":"Jaw Worm","floor":1,"turns":2},{"damage":0,"enemies":"Small Slimes","floor":4,"turns":3},{"damage":0,"enemies":"2 Louse","floor":5,"turns":3},{"damage":7,"enemies":"Blue Slaver","floor":7,"turns":3},{"damage":7,"enemies":"Looter","floor":12,"turns":3},{"damage":11,"enemies":"Lagavulin","floor":13,"turns":6},{"damage":7,"enemies":"3 Louse","floor":14,"turns":3},{"damage":3,"enemies":"Gremlin Nob","floor":16,"turns":3}],"seed_played":"-9154097403783755202","potions_obtained":[{"floor":1,"key":"SpeedPotion"},{"floor":13,"key":"Guardian:BlockOnCardUsePotion"},{"floor":14,"key":"Fire Potion"}],"is_trial":false,"path_per_floor":["M","?","?","M","M","R","M","R","T","PTL","PTL","M","E","M","?","E"],"character_chosen":"DEFECT","items_purchased":["ReplayGash","Replay:Baseball","FTL","Chill","Capacitor","Beam Cell","Weak Potion","Elixir"],"campfire_rested":0,"item_purchase_floors":[0,0,0,0,0,0,0,0],"current_hp_per_floor":[36,36,36,36,36,36,29,29,29,29,29,22,11,4,4,1,1],"gold":209,"neow_bonus":"","is_daily":false,"chose_seed":false,"campfire_upgraded":1,"win_rate":0.0,"timestamp":1610331647,"path_taken":["M","?","?","M","M","R","M","R","T","PTL","PTL","M","E","M","?","E"],"items_purchased_type":["Card","Relic","Card","Card","Card","Card","Potion","Potion"],"build_version":"2020-12-22","purchased_purges":2,"victory":false,"max_hp_per_floor":[75,75,75,75,75,75,75,75,75,75,75,75,75,75,75,75,75],"card_choices":[{"not_picked":["Barrage","Undo"],"picked":"Beam Cell","floor":1},{"not_picked":["Genetic Algorithm","Reinforced Body","Rebound","Static Discharge"],"picked":"SKIP","floor":4},{"not_picked":["Double Energy","Genetic Algorithm","Leap"],"picked":"Gash","floor":5},{"not_picked":["Defragment","Conserve Battery","Panic Button"],"picked":"Go for the Eyes","floor":7},{"not_picked":["Capacitor","Compile Driver","Leap","Ball Lightning"],"picked":"SKIP","floor":12},{"not_picked":["ReplaySolidLightProjector","Turbo","Beam Cell"],"picked":"aspiration:Polymerization","floor":13},{"not_picked":["Sunder","Turbo","Panic Button","BasicCrystalCard"],"picked":"SKIP","floor":14}],"player_experience":370045,"relics_obtained":[{"floor":3,"key":"Question Card"},{"floor":13,"key":"Bronze Scales"}],"event_choices":[{"damage_healed":0,"gold_gain":0,"player_choice":"Fled","damage_taken":0,"max_hp_gain":0,"max_hp_loss":0,"event_name":"Scrap Ooze","floor":15,"gold_loss":0}],"is_beta":false,"boss_relics":[],"items_purged_floors":[0,0],"is_endless":false,"potions_floor_spawned":[1,12,13,14],"killed_by":"Gremlin Nob","ascension_level":0}}