{"host":"pg2biz4zy3df4ctj","time":1610339819,"event":{"mods":["BaseMod","Minty Spire (QoL Compilation)","Quick Restart","Random Character Button"],"gold_per_floor":[118,132,147,422,441,441,470,470,470,470,482,39,49,59,59,131,131,151,151,151,162,181,181,207,9,33,48,48,48],"floor_reached":28,"playtime":995,"items_purged":["Regret","Defend_G"],"score":436,"play_id":"6488d1a0-8b74-4104-8403-08aefcafbdff","local_time":"20210110203659","is_ascension_mode":true,"campfire_choices":[{"data":"Neutralize","floor":6.0,"key":"SMITH"},{"floor":10.0,"key":"REST"},{"data":"Crippling Poison","floor":15.0,"key":"SMITH"},{"floor":23,"key":"REST"}],"circlet_count":0,"master_deck":["AscendersBane","Defend_G","Defend_G","Defend_G","Defend_G","Survivor","Neutralize+1","Flying Knee","Cloak And Dagger","Cloak And Dagger","Deadly Poison","Crippling Poison+1","Dagger Spray","Poisoned Stab","Noxious Fumes+1","Bite","Bite","Bite","Bite","Bite","Expertise+1","Cloak And Dagger+1","Backstab","Blade Dance"],"relics":["Ring of the Snake","NeowsBlessing","Du-Vu Doll","Singing Bowl","Dead Branch","Bottled Lightning","WristBlade","Shuriken","Bronze Scales"],"acts_visited":["Exordium","TheCity"],"potions_floor_usage":[22,24,27],"damage_taken":[{"damage":0.0,"enemies":"Small Slimes","floor":1.0,"turns":1.0},{"damage":0.0,"enemies":"Cultist","floor":2.0,"turns":1.0},{"damage":0.0,"enemies":"Jaw Worm","floor":3.0,"turns":1.0},{"damage":4.0,"enemies":"2 Fungi Beasts","floor":5.0,"turns":5.0},{"damage":22.0,"enemies":"Gremlin Nob","floor":7.0,"turns":4.0},{"damage":11.0,"enemies":"Gremlin Gang","floor":11.0,"turns":4.0},{"damage":0.0,"enemies":"Red Slaver","floor":13.0,"turns":3.0},{"damage":4.0,"enemies":"Blue Slaver","floor":14.0,"turns":4.0},{"damage":21.0,"enemies":"The Guardian","floor":16.0,"turns":10.0},{"damage":6,"enemies":"Chosen","floor":18,"turns":5},{"damage":16,"enemies":"Shell Parasite","floor":21,"turns":6},{"damage":29,"enemies":"Snake Plant","floor":22,"turns":5},{"damage":38,"enemies":"Slavers","floor":24,"turns":4},{"damage":9,"enemies":"Shelled Parasite and Fungi","floor":27,"turns":4},{"damage":0,"enemies":"Colosseum Slavers","floor":28,"turns":1}],"seed_played":"5302130582595825135","potions_obtained":[{"floor":1.0,"key":"EssenceOfSteel"},{"floor":2.0,"key":"Poison Potion"},{"floor":13.0,"key":"Energy Potion"},{"floor":18,"key":"BlessingOfTheForge"},{"floor":22,"key":"DuplicationPotion"},{"floor":24,"key":"SkillPotion"}],"is_trial":false,"path_per_floor":["M","M","M","?","M","R","E","T","T","R","M","$","M","M","R","B",null,"M","?","?","M","M","R","E","$","T","M","?"],"character_chosen":"THE_SILENT","items_purchased":["Dagger Spray","Bottled Lightning","Fruit Juice","Backstab","Blade Dance"],"campfire_rested":2,"item_purchase_floors":[12,12,12,25,25],"current_hp_per_floor":[59,59,59,59,55,55,33,33,33,52,43,48,50,46,46,27,65,59,53,53,43,23,39,7,7,7,6,6,6],"gold":48,"neow_bonus":"THREE_ENEMY_KILL","is_daily":false,"chose_seed":false,"campfire_upgraded":2,"win_rate":0.0,"timestamp":1610339819,"path_taken":["M","M","M","?","?","R","E","?","T","R","M","$","M","M","R","BOSS","M","?","?","M","?","R","E","?","T","M","?"],"items_purchased_type":["Card","Relic","Potion","Card","Card"],"build_version":"2020-12-22","purchased_purges":2,"victory":false,"max_hp_per_floor":[66,66,66,66,66,66,66,66,66,66,68,73,75,75,75,77,77,77,53,53,53,55,55,55,55,55,57,57,57],"card_choices":[{"not_picked":["Expertise","Slice"],"picked":"Flying Knee","floor":1.0},{"not_picked":["Crippling Poison","Slice"],"picked":"Cloak And Dagger","floor":2.0},{"not_picked":["Deadly Poison","Quick Slash"],"picked":"Cloak And Dagger","floor":3.0},{"not_picked":["Tactician","Flying Knee"],"picked":"Deadly Poison","floor":5.0},{"not_picked":["Escape Plan","Distraction"],"picked":"Crippling Poison","floor":7.0},{"not_picked":["Setup","Catalyst","Slice"],"picked":"Singing Bowl","floor":11.0},{"not_picked":["Outmaneuver","Dodge and Roll","Deflect"],"picked":"Singing Bowl","floor":13.0},{"not_picked":["Outmaneuver","Deadly Poison"],"picked":"Poisoned Stab","floor":14.0},{"not_picked":["Grand Finale","Glass Knife","Tools of the Trade"],"picked":"Singing Bowl","floor":16.0},{"not_picked":["Underhanded Strike+1","Dagger Throw"],"picked":"Noxious Fumes","floor":18},{"not_picked":["Deadly Poison","Masterful Stab"],"picked":"Expertise+1","floor":21},{"not_picked":["Underhanded Strike","Sucker Punch","PiercingWail+1"],"picked":"Singing Bowl","floor":22},{"not_picked":["Expertise","Sucker Punch"],"picked":"Cloak And Dagger+1","floor":24},{"not_picked":["Prepared","Masterful Stab","Bane+1"],"picked":"Singing Bowl","floor":27}],"player_experience":588061,"relics_obtained":[{"floor":7.0,"key":"Du-Vu Doll"},{"floor":8.0,"key":"Singing Bowl"},{"floor":9.0,"key":"Dead Branch"},{"floor":24,"key":"Shuriken"},{"floor":26,"key":"Bronze Scales"}],"event_choices":[{"damage_healed":0.0,"max_hp_gain":0.0,"max_hp_loss":0.0,"gold_gain":275.0,"event_name":"Golden Shrine","player_choice":"Desecrate","floor":4.0,"gold_loss":0.0,"damage_taken":0.0,"cards_obtained":["Regret"]},{"damage_healed":0,"gold_gain":0,"player_choice":"Became a vampire","damage_taken":0,"max_hp_gain":0,"max_hp_loss":24,"event_name":"Vampires","floor":19,"gold_loss":0,"cards_obtained":["Bite","Bite","Bite","Bite","Bite"]},{"damage_healed":0,"gold_gain":0,"player_choice":"Upgraded","damage_taken":0,"max_hp_gain":0,"max_hp_loss":0,"event_name":"Upgrade Shrine","floor":20,"gold_loss":0,"cards_upgraded":["Noxious Fumes"]},{"damage_healed":0,"gold_gain":0,"player_choice":"Fight","damage_taken":0,"max_hp_gain":0,"max_hp_loss":0,"event_name":"Colosseum","floor":28,"gold_loss":0}],"is_beta":false,"boss_relics":[{"not_picked":["Tiny House","Runic Pyramid"],"picked":"WristBlade"}],"items_purged_floors":[12,25],"is_endless":false,"potions_floor_spawned":[1,2,3,13,18,22,24],"killed_by":"Colosseum Slavers","ascension_level":14}}