{"host":"873t0y8ybyo38pfq","time":1610400932,"event":{"mods":["BaseMod","Bestiary","Colored Map","Colored Powertips","Highlight Path","Minty Spire (QoL Compilation)","Quick Restart","RNG Fix","Rare Cards Sparkle","Relic Stats","StSLib"],"gold_per_floor":[114,114,114,114,137,137,162,87,87,87,120,144,144,164,164,260,260,281,302,323,344,368,368,404,404,428,444,463,487,54,54,54],"floor_reached":31,"playtime":997,"items_purged":["Pain","Strike_B"],"score":522,"play_id":"f9477425-d239-4731-9492-3416deb36bea","local_time":"20210111163532","is_ascension_mode":true,"campfire_choices":[{"floor":6.0,"key":"REST"},{"data":"Zap","floor":10.0,"key":"SMITH"},{"floor":15,"key":"REST"},{"data":"Thunder Strike","floor":23,"key":"SMITH"},{"floor":25,"key":"REST"}],"circlet_count":0,"master_deck":["AscendersBane","Strike_B","Strike_B","Defend_B","Defend_B+1","Defend_B","Defend_B","Zap+1","Dualcast","Thunder Strike+1","Conserve Battery+1","Ball Lightning","Chaos","Glacier","Redo","Electrodynamics","Storm","Electrodynamics","Tempest","White Noise","Conserve Battery","Turbo","Biased Cognition"],"relics":["Cracked Core","Golden Idol","WarpedTongs","Matryoshka","Toy Ornithopter","Snecko Eye","Bottled Lightning","Gremlin Horn","Orichalcum","Frozen Eye"],"acts_visited":["Exordium","TheCity"],"potions_floor_usage":[20,22,22,29],"damage_taken":[{"damage":9.0,"enemies":"Jaw Worm","floor":1.0,"turns":3.0},{"damage":3.0,"enemies":"Small Slimes","floor":5.0,"turns":3.0},{"damage":0.0,"enemies":"2 Louse","floor":7.0,"turns":2.0},{"damage":9.0,"enemies":"Lagavulin","floor":11.0,"turns":6.0},{"damage":6,"enemies":"Red Slaver","floor":12,"turns":3},{"damage":13,"enemies":"Blue Slaver","floor":14,"turns":4},{"damage":7,"enemies":"The Guardian","floor":16,"turns":8},{"damage":8,"enemies":"Chosen","floor":18,"turns":4},{"damage":0,"enemies":"Spheric Guardian","floor":19,"turns":3},{"damage":6,"enemies":"Centurion and Healer","floor":20,"turns":3},{"damage":2,"enemies":"Snecko","floor":21,"turns":5},{"damage":0,"enemies":"Cultist and Chosen","floor":22,"turns":3},{"damage":41,"enemies":"Gremlin Leader","floor":24,"turns":5},{"damage":14,"enemies":"Snake Plant","floor":27,"turns":3},{"damage":16,"enemies":"Sentry and Sphere","floor":28,"turns":4},{"damage":9,"enemies":"3 Cultists","floor":29,"turns":3},{"damage":8,"enemies":"Book of Stabbing","floor":31,"turns":1}],"seed_played":"2427011004082587652","potions_obtained":[{"floor":1.0,"key":"Regen Potion"},{"floor":7.0,"key":"SpeedPotion"},{"floor":11,"key":"EssenceOfSteel"},{"floor":19,"key":"SteroidPotion"},{"floor":21,"key":"Ancient Potion"},{"floor":28,"key":"ColorlessPotion"}],"is_trial":false,"path_per_floor":["M","?","?","?","M","R","M","$","T","R","E","M","?","M","R","B",null,"M","M","M","M","M","R","E","R","T","M","M","M","$","E"],"character_chosen":"DEFECT","items_purchased":["Biased Cognition","Frozen Eye"],"campfire_rested":3,"item_purchase_floors":[30,30],"current_hp_per_floor":[55,34,34,34,31,50,50,50,50,50,56,50,50,37,56,49,60,52,52,51,49,59,59,18,37,37,23,7,3,3,0,0],"gold":54,"neow_bonus":"ONE_RANDOM_RARE_CARD","is_daily":false,"chose_seed":false,"campfire_upgraded":2,"win_rate":0.0,"timestamp":1610400932,"path_taken":["M","?","?","?","M","R","M","?","T","R","E","?","?","M","R","BOSS","M","M","M","M","M","R","E","R","T","M","M","M","$","E"],"items_purchased_type":["Card","Relic"],"build_version":"2020-12-22","purchased_purges":2,"victory":false,"max_hp_per_floor":[71,71,64,64,64,64,64,64,64,64,64,64,64,64,64,64,64,64,64,64,64,64,64,64,64,64,64,64,64,64,64,64],"relic_stats":{"Gremlin Horn":[3,3],"counters":[17,63],"Golden Idol":92,"Snecko Eye":[63,58,50,56],"Orichalcum":[12],"obtain_stats":[{"Frozen Eye":30,"Matryoshka":9,"Gremlin Horn":26,"Golden Idol":3,"Snecko Eye":17,"Bottled Lightning":24,"Orichalcum":26,"Cracked Core":0,"Toy Ornithopter":11,"WarpedTongs":4},{"Frozen Eye":16,"Matryoshka":3,"Gremlin Horn":13,"Golden Idol":1,"Snecko Eye":7,"Bottled Lightning":13,"Orichalcum":13,"Cracked Core":0,"Toy Ornithopter":4,"WarpedTongs":1},{"Frozen Eye":62,"Matryoshka":8,"Gremlin Horn":52,"Golden Idol":3,"Snecko Eye":29,"Bottled Lightning":52,"Orichalcum":52,"Cracked Core":0,"Toy Ornithopter":14,"WarpedTongs":3}],"Toy Ornithopter":20,"WarpedTongs":[60]},"card_choices":[{"not_picked":["Gash","Hologram"],"picked":"Conserve Battery","floor":1.0},{"not_picked":["Reinforced Body","Loop","Coolheaded"],"picked":"SKIP","floor":5.0},{"not_picked":["Conserve Battery","Reprogram","Gash"],"picked":"SKIP","floor":7.0},{"not_picked":["Conserve Battery","Capacitor"],"picked":"Ball Lightning","floor":11},{"not_picked":["Barrage","Stack"],"picked":"Chaos","floor":12},{"not_picked":["Leap","Conserve Battery"],"picked":"Redo","floor":14},{"not_picked":["Echo Form","Fission"],"picked":"Electrodynamics","floor":16},{"not_picked":["Turbo","Ball Lightning","Cold Snap"],"picked":"SKIP","floor":18},{"not_picked":["Gash","Rebound"],"picked":"Storm","floor":19},{"not_picked":["Sweeping Beam","Gash"],"picked":"Electrodynamics","floor":20},{"not_picked":["Steam","Consume","Fusion"],"picked":"SKIP","floor":21},{"not_picked":["Turbo","Streamline"],"picked":"Tempest","floor":22},{"not_picked":["Coolheaded","BootSequence"],"picked":"White Noise","floor":24},{"not_picked":["Coolheaded","Redo"],"picked":"Conserve Battery","floor":27},{"not_picked":["Meteor Strike","Barrage","Coolheaded"],"picked":"SKIP","floor":28},{"not_picked":["Redo","Streamline"],"picked":"Turbo","floor":29}],"player_experience":1589258,"relics_obtained":[{"floor":9.0,"key":"Matryoshka"},{"floor":11,"key":"Toy Ornithopter"},{"floor":24,"key":"Bottled Lightning"},{"floor":26,"key":"Gremlin Horn"},{"floor":26,"key":"Orichalcum"}],"event_choices":[{"damage_healed":0.0,"max_hp_gain":0.0,"max_hp_loss":0.0,"gold_gain":0.0,"event_name":"Shining Light","player_choice":"Entered Light","floor":2.0,"gold_loss":0.0,"damage_taken":21.0,"cards_upgraded":["Conserve Battery","Defend_B"]},{"damage_healed":0.0,"max_hp_gain":0.0,"max_hp_loss":7.0,"gold_gain":0.0,"event_name":"Golden Idol","player_choice":"Lose Max HP","floor":3.0,"gold_loss":0.0,"damage_taken":0.0,"relics_obtained":["Golden Idol"]},{"damage_healed":0.0,"max_hp_gain":0.0,"max_hp_loss":0.0,"gold_gain":0.0,"event_name":"Accursed Blacksmith","player_choice":"Rummage","floor":4.0,"gold_loss":0.0,"damage_taken":0.0,"relics_obtained":["WarpedTongs"],"cards_obtained":["Pain"]},{"damage_healed":0,"gold_gain":0,"cards_transformed":["Strike_B"],"player_choice":"Change","damage_taken":0,"max_hp_gain":0,"max_hp_loss":0,"event_name":"Living Wall","floor":13,"gold_loss":0,"cards_obtained":["Glacier"]}],"is_beta":false,"boss_relics":[{"not_picked":["Empty Cage","Sozu"],"picked":"Snecko Eye"}],"items_purged_floors":[8,30],"is_endless":false,"potions_floor_spawned":[1,7,11,19,21,28],"killed_by":"Book of Stabbing","ascension_level":20}}