{"host":"50per11302020","time":1610329259,"event":{"mods":["AchievementEnabler","BaseMod","Colored Map","Minty Spire (QoL Compilation)","Relic Stats","StSLib"],"gold_per_floor":[213,213,213,227,5,40,40,60,60,60,60,75,100,116,116,190,190,171,184,184,58,58,71,81,81,81],"floor_reached":25,"playtime":1710,"items_purged":["Shame"],"score":383,"play_id":"faa5e553-5bd5-485c-b242-979d22a7bf70","local_time":"20210110174059","is_ascension_mode":true,"campfire_choices":[{"data":"Deadly Poison","floor":7,"key":"SMITH"},{"floor":10,"key":"REST"},{"data":"Neutralize","floor":15,"key":"SMITH"}],"circlet_count":0,"master_deck":["AscendersBane","Strike_G","Defend_G","Defend_G","Defend_G","Defend_G","Defend_G","Survivor","Neutralize+1","Deadly Poison+1","Poisoned Stab","Backflip","Doppelganger","Envenom","Catalyst","Poisoned Stab","Dagger Spray","Dagger Spray"],"relics":["Ring of the Snake","Snake Skull","Question Card","Ice Cream","Girya","Empty Cage","Du-Vu Doll"],"acts_visited":["Exordium","TheCity"],"potions_floor_usage":[6,6,18,25,25],"damage_taken":[{"damage":0,"enemies":"2 Louse","floor":1,"turns":4},{"damage":1,"enemies":"Small Slimes","floor":4,"turns":5},{"damage":13,"enemies":"Gremlin Nob","floor":6,"turns":3},{"damage":0,"enemies":"Cultist","floor":8,"turns":3},{"damage":0,"enemies":"Large Slime","floor":12,"turns":4},{"damage":12,"enemies":"Lagavulin","floor":13,"turns":6},{"damage":8,"enemies":"Exordium Wildlife","floor":14,"turns":5},{"damage":2,"enemies":"The Guardian","floor":16,"turns":10},{"damage":15,"enemies":"2 Thieves","floor":18,"turns":4},{"damage":1,"enemies":"Spheric Guardian","floor":19,"turns":3},{"damage":3,"enemies":"Snecko","floor":23,"turns":6},{"damage":21,"enemies":"Centurion and Healer","floor":24,"turns":7},{"damage":18,"enemies":"Slavers","floor":25,"turns":2}],"seed_played":"5767430769289003929","potions_obtained":[{"floor":1,"key":"Swift Potion"},{"floor":6,"key":"Fire Potion"},{"floor":14,"key":"EssenceOfSteel"},{"floor":16,"key":"SkillPotion"},{"floor":18,"key":"DuplicationPotion"},{"floor":23,"key":"DuplicationPotion"}],"is_trial":false,"path_per_floor":["M","?","?","M","$","E","R","M","T","R","?","M","E","M","R","B",null,"M","M","?","$","?","M","M","E"],"character_chosen":"THE_SILENT","items_purchased":["Snake Skull","Poison Potion","Poisoned Stab"],"campfire_rested":1,"item_purchase_floors":[5,5,21],"current_hp_per_floor":[59,52,52,51,51,38,38,38,38,57,57,57,45,37,37,35,58,43,42,42,42,42,39,18,0,0],"gold":81,"neow_bonus":"HUNDRED_GOLD","is_daily":false,"chose_seed":false,"campfire_upgraded":2,"win_rate":0.0,"timestamp":1610329259,"path_taken":["M","?","?","M","$","E","R","M","T","R","?","M","E","M","R","BOSS","M","M","?","$","?","M","M","E"],"items_purchased_type":["Relic","Potion","Card"],"build_version":"2020-12-18","purchased_purges":1,"victory":false,"max_hp_per_floor":[66,66,66,66,66,66,66,66,66,66,66,66,66,66,66,66,66,66,66,66,66,66,66,66,66,66],"relic_stats":{"counters":[13,62],"Snake Skull":[60],"Question Card":9,"obtain_stats":[{"Ice Cream":9,"Du-Vu Doll":20,"Girya":13,"Snake Skull":5,"Question Card":6,"Empty Cage":17,"Ring of the Snake":0},{"Ice Cream":4,"Du-Vu Doll":10,"Girya":6,"Snake Skull":2,"Question Card":3,"Empty Cage":8,"Ring of the Snake":0},{"Ice Cream":15,"Du-Vu Doll":47,"Girya":25,"Snake Skull":9,"Question Card":12,"Empty Cage":40,"Ring of the Snake":0}],"Ring of the Snake":[26]},"card_choices":[{"not_picked":["Flechettes","Eviscerate"],"picked":"Deadly Poison","floor":1},{"not_picked":["Dagger Throw","Dagger Spray"],"picked":"Poisoned Stab","floor":4},{"not_picked":["Deadly Poison","Predator","Underhanded Strike"],"picked":"SKIP","floor":6},{"not_picked":["Prepared","Accuracy","Choke"],"picked":"Backflip","floor":8},{"not_picked":["Backflip","Cloak And Dagger","Tactician"],"picked":"Doppelganger","floor":12},{"not_picked":["Setup","Outmaneuver","Skewer","Accuracy"],"picked":"SKIP","floor":13},{"not_picked":["PiercingWail","Underhanded Strike","Dodge and Roll","Outmaneuver"],"picked":"SKIP","floor":14},{"not_picked":["Bullet Time","Die Die Die","Adrenaline"],"picked":"Envenom","floor":16},{"not_picked":["Quick Slash","Infinite Blades","Riddle With Holes"],"picked":"Catalyst","floor":18},{"not_picked":["Riddle With Holes","Predator","Reflex","Backstab"],"picked":"SKIP","floor":19},{"not_picked":["Quick Slash","Prepared","Underhanded Strike"],"picked":"Dagger Spray","floor":23},{"not_picked":["Dodge and Roll","Acrobatics","Deadly Poison"],"picked":"Dagger Spray","floor":24}],"player_experience":159517,"relics_obtained":[{"floor":6,"key":"Question Card"},{"floor":9,"key":"Ice Cream"},{"floor":13,"key":"Girya"}],"event_choices":[{"cards_removed":["Strike_G"],"damage_healed":0,"gold_gain":0,"player_choice":"Card Removal","damage_taken":7,"max_hp_gain":0,"max_hp_loss":0,"event_name":"Golden Wing","floor":2,"gold_loss":0},{"damage_healed":0,"gold_gain":0,"player_choice":"Leave","damage_taken":0,"max_hp_gain":0,"max_hp_loss":0,"event_name":"The Cleric","floor":3,"gold_loss":0},{"cards_removed":["Strike_G"],"damage_healed":0,"gold_gain":0,"player_choice":"Purged","damage_taken":0,"max_hp_gain":0,"max_hp_loss":0,"event_name":"Purifier","floor":11,"gold_loss":0},{"damage_healed":0,"gold_gain":0,"player_choice":"Stole Relic","damage_taken":0,"relics_obtained":["Du-Vu Doll"],"max_hp_gain":0,"max_hp_loss":0,"event_name":"Addict","floor":20,"gold_loss":0,"cards_obtained":["Shame"]},{"damage_healed":0,"gold_gain":0,"player_choice":"Ignored","damage_taken":0,"max_hp_gain":0,"max_hp_loss":0,"event_name":"Ghosts","floor":22,"gold_loss":0}],"is_beta":true,"boss_relics":[{"not_picked":["Runic Dome","Coffee Dripper"],"picked":"Empty Cage"}],"items_purged_floors":[21],"is_endless":false,"potions_floor_spawned":[1,6,14,16,18,23],"killed_by":"Slavers","ascension_level":16}}