{"host":"wshh0nphwn6jv7vj","time":1610393448,"event":{"mods":["BaseMod","Bestiary","Minty Spire (QoL Compilation)","Relic Stats"],"gold_per_floor":[19,19,33,58,58,101,101,132,132,147,211,211,236,85,85,179,179,192,192,192,192,192,192,192,192],"floor_reached":24,"playtime":947,"items_purged":["Strike_B"],"score":466,"play_id":"9569f863-ecf1-4b58-b096-4100b0f98d55","local_time":"20210111143048","is_ascension_mode":true,"campfire_choices":[{"floor":7,"key":"REST"},{"data":"Buffer","floor":12,"key":"SMITH"},{"floor":15,"key":"REST"},{"data":"RitualDagger","floor":23,"key":"SMITH"}],"circlet_count":0,"master_deck":["AscendersBane","Strike_B","Defend_B","Defend_B","Defend_B","Defend_B","Zap","Dualcast","Tempest","Ball Lightning","Defragment","Hologram","Hologram","Doom and Gloom","Buffer+1","Glacier","Self Repair","Conserve Battery","Doom and Gloom","Amplify","Fusion","RitualDagger+1","Writhe"],"relics":["Cracked Core","Golden Idol","Lantern","Kunai","Blood Vial","Strawberry","Toy Ornithopter","Runic Pyramid","MealTicket"],"acts_visited":["Exordium","TheCity"],"potions_floor_usage":[6,16],"damage_taken":[{"damage":1,"enemies":"Cultist","floor":1,"turns":4},{"damage":7,"enemies":"Jaw Worm","floor":3,"turns":2},{"damage":3,"enemies":"2 Louse","floor":4,"turns":4},{"damage":18,"enemies":"Gremlin Nob","floor":6,"turns":3},{"damage":32,"enemies":"3 Sentries","floor":8,"turns":6},{"damage":1,"enemies":"Looter","floor":10,"turns":4},{"damage":15,"enemies":"Lagavulin Event","floor":11,"turns":10},{"damage":1,"enemies":"2 Fungi Beasts","floor":13,"turns":3},{"damage":0,"enemies":"Slime Boss","floor":16,"turns":7},{"damage":9,"enemies":"3 Byrds","floor":18,"turns":4},{"damage":60,"enemies":"Book of Stabbing","floor":24,"turns":7}],"seed_played":"-3230298097529608448","potions_obtained":[{"floor":3,"key":"FearPotion"},{"floor":4,"key":"DuplicationPotion"},{"floor":6,"key":"Fire Potion"}],"is_trial":false,"path_per_floor":["M","?","M","M","?","E","R","E","T","M","?","R","M","$","R","B",null,"M","?","?","?","?","R","E"],"character_chosen":"DEFECT","items_purchased":["Doom and Gloom"],"campfire_rested":2,"item_purchase_floors":[14],"current_hp_per_floor":[63,63,56,53,42,24,43,11,18,19,6,6,7,7,28,42,64,71,65,65,65,55,55,0,0],"gold":192,"neow_bonus":"TRANSFORM_TWO_CARDS","is_daily":false,"chose_seed":false,"campfire_upgraded":2,"win_rate":0.0,"timestamp":1610393448,"path_taken":["M","?","M","M","?","E","R","E","T","M","?","R","M","$","R","BOSS","M","?","?","?","?","R","E"],"items_purchased_type":["Card"],"build_version":"2020-12-22","purchased_purges":1,"victory":false,"max_hp_per_floor":[71,64,64,64,64,64,64,64,71,71,71,71,71,71,71,71,71,71,71,71,71,71,71,71,71],"relic_stats":{"Blood Vial":12,"counters":[11,54],"Golden Idol":60,"MealTicket":0,"Kunai":[0],"obtain_stats":[{"Blood Vial":8,"Lantern":5,"Golden Idol":2,"Strawberry":9,"MealTicket":21,"Kunai":6,"Cracked Core":0,"Toy Ornithopter":11,"Runic Pyramid":17},{"Blood Vial":5,"Lantern":3,"Golden Idol":1,"Strawberry":5,"MealTicket":10,"Kunai":4,"Cracked Core":0,"Toy Ornithopter":7,"Runic Pyramid":9},{"Blood Vial":19,"Lantern":10,"Golden Idol":4,"Strawberry":19,"MealTicket":47,"Kunai":13,"Cracked Core":0,"Toy Ornithopter":33,"Runic Pyramid":43}],"Toy Ornithopter":5},"card_choices":[{"not_picked":["Rebound","Beam Cell"],"picked":"Defragment","floor":1},{"not_picked":["FTL","Blizzard"],"picked":"Hologram","floor":3},{"not_picked":["Rip and Tear","Redo"],"picked":"Hologram","floor":4},{"not_picked":["Reprogram","Go for the Eyes"],"picked":"Doom and Gloom","floor":6},{"not_picked":["Darkness","Machine Learning"],"picked":"Buffer","floor":8},{"not_picked":["Compile Driver","Coolheaded"],"picked":"Glacier","floor":10},{"not_picked":["Conserve Battery","Rebound"],"picked":"Self Repair","floor":11},{"not_picked":["Darkness","Redo"],"picked":"Conserve Battery","floor":13},{"not_picked":["Electrodynamics","Hyperbeam"],"picked":"Amplify","floor":16},{"not_picked":["Cold Snap","Steam"],"picked":"Fusion","floor":18}],"player_experience":1566886,"relics_obtained":[{"floor":6,"key":"Kunai"},{"floor":8,"key":"Blood Vial"},{"floor":9,"key":"Strawberry"},{"floor":11,"key":"Toy Ornithopter"}],"event_choices":[{"damage_healed":0,"gold_gain":0,"player_choice":"Lose Max HP","damage_taken":0,"relics_obtained":["Golden Idol"],"max_hp_gain":0,"max_hp_loss":7,"event_name":"Golden Idol","floor":2,"gold_loss":0},{"damage_healed":0,"gold_gain":0,"player_choice":"Success","damage_taken":11,"relics_obtained":["Lantern"],"max_hp_gain":0,"max_hp_loss":0,"event_name":"Scrap Ooze","floor":5,"gold_loss":0},{"damage_healed":0,"gold_gain":30,"player_choice":"Searched \u00272\u0027 times","damage_taken":0,"max_hp_gain":0,"max_hp_loss":0,"event_name":"Dead Adventurer","floor":11,"gold_loss":0},{"damage_healed":0,"gold_gain":0,"player_choice":"Joined the Cult","damage_taken":6,"max_hp_gain":0,"max_hp_loss":0,"event_name":"Nest","floor":19,"gold_loss":0,"cards_obtained":["RitualDagger"]},{"damage_healed":0,"gold_gain":0,"player_choice":"Ignored","damage_taken":0,"max_hp_gain":0,"max_hp_loss":0,"event_name":"Vampires","floor":20,"gold_loss":0},{"damage_healed":0,"gold_gain":0,"player_choice":"Opened","damage_taken":0,"relics_obtained":["MealTicket"],"max_hp_gain":0,"max_hp_loss":0,"event_name":"The Mausoleum","floor":21,"gold_loss":0,"cards_obtained":["Writhe"]},{"damage_healed":0,"gold_gain":0,"player_choice":"Damaged","damage_taken":10,"max_hp_gain":0,"max_hp_loss":0,"event_name":"Wheel of Change","floor":22,"gold_loss":0}],"is_beta":false,"boss_relics":[{"not_picked":["FrozenCore","Sozu"],"picked":"Runic Pyramid"}],"items_purged_floors":[14],"is_endless":false,"potions_floor_spawned":[3,4,6,8,10],"killed_by":"Book of Stabbing","ascension_level":17}}