{"host":"Ceyx","time":1610364074,"event":{"mods":["BaseMod","Beaked The Cultist","Better Third Choice","BetterRewards","Conspire","Downfall","Hermit","Hubris","Infinite Spire","Jorbs\u0027s Wanderer Trilogy","Lobotomy","Minty Spire (QoL Compilation)","Permanent Neow","Replay The Spire","Shop Mod","StSLib","The Alterego","The Jungle","The Poker Player"],"gold_per_floor":[18,30,30,82,82,113,131,131,131,146,170,170,204,204,204,335,335,364,364,383,413,437,478,255,255,255,296,296,296,325,107,107,244,244,283,283,283,283,331,391,447,521,594,658,658,658],"floor_reached":45,"playtime":4997,"items_purged":["Writhe"],"score":835,"play_id":"f47a8db0-61f3-4d5c-a430-dad2cb9ad133","local_time":"20210111182114","is_ascension_mode":true,"campfire_choices":[{"data":"alterego_mod:BigMeatyClaws","floor":8.0,"key":"SMITH"},{"floor":15.0,"key":"REST"},{"data":"alterego_mod:Venus","floor":25,"key":"SMITH"},{"data":"alterego_mod:Impale","floor":29,"key":"SMITH"},{"data":"alterego_mod:BreastValley","floor":32,"key":"SMITH"}],"circlet_count":0,"master_deck":["alterego_mod:Strike","alterego_mod:Strike","alterego_mod:Defend","alterego_mod:Defend+1","alterego_mod:Defend","alterego_mod:Impale+1","alterego_mod:BigMeatyClaws+1","alterego_mod:BrynhildrsRune+1","alterego_mod:Mirror","alterego_mod:Complex","alterego_mod:Schoolgirl+1","alterego_mod:Skirt","alterego_mod:Schoolgirl","alterego_mod:Clones","alterego_mod:Undulate","ReplayTheSpireMod:Splinters","alterego_mod:SakuraFive","alterego_mod:DiscoLights","alterego_mod:Support","alterego_mod:Venus+1","Sickly","hubris:Greed","alterego_mod:Clap+1","alterego_mod:Belts","alterego_mod:BreastValley+1","alterego_mod:SakuraFive","alterego_mod:Pet","alterego_mod:ChallengeComplete+1","Madness","Madness","alterego_mod:BreastValley","alterego_mod:Birthday+1","alterego_mod:Table+1","alterego_mod:Punishment"],"relics":["alterego_mod:MasochisticConstitution","Shuriken","Golden Idol","conspire:DecoderRing","Akabeko","TungstenRod","Replay:Ancient Bell","Bag of Marbles","Kunai","Peace Pipe","Oddly Smooth Stone","Ancient Tea Set","Replay:Bottled Flurry","War Paint","Pet Ghost","infinitespire:EvilPickle","hubris:GrandSneckoEye","infinitespire:CheckeredPen","ReplayTheSpireMod:TigerMarble"],"acts_visited":["Exordium","TheCity","TheBeyond"],"potions_floor_usage":[23,40,45],"damage_taken":[{"damage":3.0,"enemies":"Cultist","floor":1.0,"turns":3.0},{"damage":0.0,"enemies":"2 Louse","floor":2.0,"turns":3.0},{"damage":44.0,"enemies":"3 Sentries","floor":6.0,"turns":11.0},{"damage":17.0,"enemies":"Small Slimes","floor":7.0,"turns":4.0},{"damage":0.0,"enemies":"3 Louse","floor":10.0,"turns":4.0},{"damage":9.0,"enemies":"Exordium Wildlife","floor":11.0,"turns":6.0},{"damage":8.0,"enemies":"Lagavulin","floor":13.0,"turns":5.0},{"damage":6.0,"enemies":"Fading Forest","floor":16.0,"turns":11.0},{"damage":0.0,"enemies":"conspire:FuzzyDice","floor":18.0,"turns":4.0},{"damage":5.0,"enemies":"3 Byrds","floor":20.0,"turns":4.0},{"damage":32.0,"enemies":"Centurion and Healer","floor":21.0,"turns":6.0},{"damage":7,"enemies":"Snecko","floor":22,"turns":3},{"damage":12,"enemies":"conspire:SneckoGhost","floor":23,"turns":7},{"damage":21,"enemies":"Slavers","floor":27,"turns":7},{"damage":8,"enemies":"Cultist and Chosen","floor":30,"turns":8},{"damage":28,"enemies":"Pondfish","floor":33,"turns":13},{"damage":0,"enemies":"Orb Walker","floor":35,"turns":1},{"damage":2,"enemies":"3 Darklings","floor":39,"turns":6},{"damage":28,"enemies":"Giant Head","floor":40,"turns":9},{"damage":23,"enemies":"Jaw Worm Horde","floor":41,"turns":5},{"damage":9,"enemies":"Reptomancer","floor":42,"turns":2},{"damage":0,"enemies":"Maw","floor":44,"turns":7},{"damage":43,"enemies":"Nemesis","floor":45,"turns":3}],"seed_played":"-3828816811265645323","potions_obtained":[{"floor":4.0,"key":"PowerPotion"},{"floor":7.0,"key":"Strength Potion"},{"floor":10.0,"key":"EssenceOfSteel"},{"floor":13.0,"key":"Adrenaline Potion"},{"floor":18.0,"key":"champ:CounterPotion"},{"floor":22,"key":"LiquidMemories"},{"floor":33,"key":"Swift Potion"},{"floor":35,"key":"Strength Potion"},{"floor":40,"key":"Reflective Coating"}],"is_trial":false,"path_per_floor":["M","M","?","?","?","E","M","R","T","M","M","?","E","$","R","B",null,"M","?","M","M","M","E","$","R","T","E","?","R","M","$","R","B",null,"M","?","$","?","M","E","M","E","T","M","E"],"character_chosen":"The_Alterego","items_purchased":["alterego_mod:SakuraFive","Ancient Tea Set","Pet Ghost"],"campfire_rested":1,"item_purchase_floors":[24,24,31],"current_hp_per_floor":[68,68,68,68,66,44,35,35,35,42,34,20,13,13,34,45,71,71,71,67,46,40,29,29,29,29,26,86,86,79,79,79,52,88,88,78,78,78,77,53,40,32,32,40,0,0],"gold":658,"neow_bonus":"TRANSFORM_TWO_CARDS","is_daily":false,"chose_seed":false,"campfire_upgraded":4,"win_rate":0.0,"timestamp":1610364074,"path_taken":["M","M","?","?","?","E","M","R","T","M","?","?","E","$","R","BOSS","M","?","M","M","?","E","$","R","T","E","?","R","?","$","R","BOSS","M","?","$","?","M","E","M","E","T","M","E"],"items_purchased_type":["Card","Relic","Relic"],"build_version":"2020-12-18","purchased_purges":1,"victory":false,"max_hp_per_floor":[71,71,71,71,66,67,68,68,68,68,69,69,70,70,70,71,71,71,71,72,73,74,75,75,75,75,76,86,86,87,87,87,88,88,88,88,88,88,89,90,91,92,92,92,92,92],"card_choices":[{"not_picked":["alterego_mod:Bloomers","alterego_mod:TrashNCrash","alterego_mod:Valentines"],"picked":"SKIP","floor":1.0},{"not_picked":["alterego_mod:Bloomers","alterego_mod:TrashNCrash","alterego_mod:Valentines"],"picked":"SKIP","floor":1.0},{"not_picked":["alterego_mod:PerceptionDisorder","alterego_mod:Jiggle","alterego_mod:DiscoLights"],"picked":"SKIP","floor":2.0},{"not_picked":["alterego_mod:Cooking","alterego_mod:Valkyrie"],"picked":"alterego_mod:SakuraFive","floor":6.0},{"not_picked":["alterego_mod:Cycle","alterego_mod:SakuraLabyrinth"],"picked":"alterego_mod:DiscoLights","floor":7.0},{"not_picked":["alterego_mod:TrashNCrash","alterego_mod:BoobPocket","alterego_mod:BiFurious"],"picked":"SKIP","floor":10.0},{"not_picked":["alterego_mod:Cooking","alterego_mod:PurpleHair"],"picked":"alterego_mod:Support","floor":11.0},{"not_picked":["alterego_mod:Bunnysuit","alterego_mod:Smother"],"picked":"alterego_mod:Venus","floor":13.0},{"not_picked":["alterego_mod:Weigh","alterego_mod:ClassAdvantage"],"picked":"alterego_mod:TrickOrTreatment","floor":16.0},{"not_picked":["hubris:Disease","ReplayTheSpireMod:Restless Dread"],"picked":"Writhe","floor":17.0},{"not_picked":["stsjorbsmod:Withering","Hallucinations"],"picked":"Sickly","floor":17.0},{"not_picked":["conspire:Blindness","Sickly"],"picked":"hubris:Greed","floor":17.0},{"not_picked":["alterego_mod:Skirt","alterego_mod:Cooking"],"picked":"alterego_mod:Clap+1","floor":18.0},{"not_picked":["alterego_mod:MagicResistance","alterego_mod:Belle"],"picked":"alterego_mod:Belts","floor":20.0},{"not_picked":["alterego_mod:DeftHands","alterego_mod:HighServant","alterego_mod:BusterCard+1"],"picked":"SKIP","floor":21.0},{"not_picked":["alterego_mod:BiFurious","alterego_mod:Maid+1"],"picked":"alterego_mod:BreastValley","floor":22},{"not_picked":["alterego_mod:Swimsuit","alterego_mod:RidiculouslyBig","alterego_mod:Skirt"],"picked":"SKIP","floor":23},{"not_picked":["alterego_mod:InsideBaseball","alterego_mod:DestructionOfProperty","alterego_mod:1TonWallop"],"picked":"SKIP","floor":27},{"not_picked":["alterego_mod:Lingerie","alterego_mod:SuperDuperMasochism+1"],"picked":"alterego_mod:Pet","floor":30},{"not_picked":["alterego_mod:Bounce+1","alterego_mod:IndependentAction+1"],"picked":"alterego_mod:ChallengeComplete+1","floor":35},{"not_picked":["alterego_mod:RidiculouslyBig+1","alterego_mod:TrashNCrash"],"picked":"alterego_mod:BreastValley","floor":39},{"not_picked":["alterego_mod:DeftHands","alterego_mod:Cooking+1"],"picked":"alterego_mod:Belle+1","floor":40},{"not_picked":["alterego_mod:Santa","alterego_mod:Clap+1","alterego_mod:Birthday+1"],"picked":"SKIP","floor":41},{"not_picked":["alterego_mod:Santa","alterego_mod:Clap+1"],"picked":"alterego_mod:Birthday+1","floor":41},{"not_picked":["alterego_mod:DustData","alterego_mod:DestructionOfProperty"],"picked":"alterego_mod:Table+1","floor":42},{"not_picked":["alterego_mod:Collar","alterego_mod:TrashNCrash"],"picked":"alterego_mod:Punishment","floor":44}],"player_experience":593487,"relics_obtained":[{"floor":4.0,"key":"Shuriken"},{"floor":6.0,"key":"conspire:DecoderRing"},{"floor":9.0,"key":"Akabeko"},{"floor":13.0,"key":"TungstenRod"},{"floor":23,"key":"Oddly Smooth Stone"},{"floor":26,"key":"Replay:Bottled Flurry"},{"floor":27,"key":"War Paint"},{"floor":40,"key":"infinitespire:CheckeredPen"},{"floor":42,"key":"ReplayTheSpireMod:TigerMarble"}],"event_choices":[{"damage_healed":0.0,"max_hp_gain":0.0,"max_hp_loss":5.0,"gold_gain":0.0,"event_name":"Golden Idol","player_choice":"Lose Max HP","floor":5.0,"gold_loss":0.0,"damage_taken":0.0,"relics_obtained":["Golden Idol"]},{"damage_healed":34.0,"max_hp_gain":0.0,"max_hp_loss":69.0,"gold_gain":0.0,"event_name":"betterThird:BetterShining","player_choice":"Upgrade","floor":12.0,"gold_loss":0.0,"damage_taken":14.0,"cards_upgraded":["alterego_mod:Defend","alterego_mod:Strike"]},{"damage_healed":0.0,"max_hp_gain":0.0,"max_hp_loss":0.0,"gold_gain":0.0,"event_name":"The Woman in Blue","player_choice":"Bought 0 Potions","floor":19.0,"gold_loss":0.0,"damage_taken":0.0},{"cards_removed":["alterego_mod:TrickOrTreatment"],"damage_healed":50,"gold_gain":0,"player_choice":"Offered Rare","damage_taken":0,"max_hp_gain":10,"max_hp_loss":0,"event_name":"Bonfire Elementals","floor":28,"gold_loss":0},{"damage_healed":0,"gold_gain":0,"player_choice":"Embrace Madness","damage_taken":11,"max_hp_gain":0,"max_hp_loss":0,"event_name":"Winding Halls","floor":36,"gold_loss":0,"cards_obtained":["Madness","Madness"]},{"cards_removed":["alterego_mod:Strike"],"damage_healed":0,"gold_gain":0,"player_choice":"Removed Attack","damage_taken":0,"max_hp_gain":0,"max_hp_loss":0,"event_name":"Falling","floor":38,"gold_loss":0}],"is_beta":true,"boss_relics":[{"not_picked":["beaked:SacredDeck","Runic Pyramid"],"picked":"Replay:Ancient Bell"},{"not_picked":["infinitespire:Beetle Shell","Orichalcum"],"picked":"Bag of Marbles"},{"not_picked":["Mercury Hourglass","infinitespire:EmpoweringShard"],"picked":"Kunai"},{"not_picked":["StoneCalendar","conspire:Boomerang"],"picked":"Peace Pipe"},{"not_picked":["SacredBark","Black Star"],"picked":"hubris:GrandSneckoEye"}],"items_purged_floors":[31],"is_endless":false,"potions_floor_spawned":[7,10,13,18,22,33,35,40,42,44],"killed_by":"Nemesis","ascension_level":1}}