{"host":"2okas1s8lto464g9","time":1610370739,"event":{"mods":["BaseMod","Minty Spire (QoL Compilation)","StSLib","The Cursed","[IsaacMod]ÒÔÈö¼âËþ"],"gold_per_floor":[109,126,51,51,71,71,106,118,153,177,223,72,72,72],"floor_reached":13,"playtime":3216,"items_purged":["Strike_P"],"score":107,"play_id":"c9c936b7-1615-40a9-9d22-7619e528357f","local_time":"20210111211219","is_ascension_mode":true,"campfire_choices":[{"data":"Eruption","floor":6,"key":"SMITH"},{"data":"Wallop","floor":8,"key":"SMITH"}],"circlet_count":0,"master_deck":["Strike_P","Strike_P","Strike_P","Defend_P","Defend_P","Defend_P","Defend_P","Eruption+1","Vigilance","Conclude","JustLucky","Wallop+1","Vault","Apotheosis"],"relics":["PureWater","HushsDoor","DeadEye","NeowsBlessing","Blue Candle","MawBank","SharpPlug","ForgetMeNow"],"acts_visited":["Exordium"],"potions_floor_usage":[],"damage_taken":[{"damage":0,"enemies":"Cultist","floor":1,"turns":1},{"damage":0,"enemies":"2 Louse","floor":2,"turns":1},{"damage":0,"enemies":"Small Slimes","floor":5,"turns":1},{"damage":40,"enemies":"Lagavulin","floor":7,"turns":4},{"damage":0,"enemies":"Gremlin Gang","floor":10,"turns":2},{"damage":28,"enemies":"Gremlin Nob","floor":11,"turns":3},{"damage":18,"enemies":"3 Sentries","floor":13,"turns":1}],"seed_played":"3334570390667243883","potions_obtained":[{"floor":1,"key":"SmokeBomb"},{"floor":11,"key":"Explosive Potion"}],"is_trial":false,"path_per_floor":["M","M","$","T","M","R","E","R","T","M","E","$","E"],"character_chosen":"WATCHER","items_purchased":["Apotheosis"],"campfire_rested":0,"item_purchase_floors":[12],"current_hp_per_floor":[72,72,72,72,72,72,32,32,32,32,4,4,0,0],"gold":72,"neow_bonus":"THREE_ENEMY_KILL","is_daily":false,"chose_seed":false,"campfire_upgraded":2,"win_rate":0.0,"timestamp":1610370739,"path_taken":["M","?","$","?","M","R","E","R","T","M","E","?","E"],"items_purchased_type":["Card"],"build_version":"2020-12-22","purchased_purges":1,"victory":false,"max_hp_per_floor":[72,72,72,72,72,72,72,72,72,72,72,72,72,72],"card_choices":[{"not_picked":["Perseverance","FollowUp"],"picked":"Conclude","floor":1},{"not_picked":["Pray","FollowUp"],"picked":"JustLucky","floor":2},{"not_picked":["Vengeance","ThirdEye"],"picked":"Wallop","floor":5},{"not_picked":["EmptyBody","WheelKick","PathToVictory"],"picked":"SKIP","floor":7},{"not_picked":["Weave","BowlingBash"],"picked":"Vault","floor":10},{"not_picked":["CutThroughFate","WaveOfTheHand","CrushJoints"],"picked":"SKIP","floor":11}],"player_experience":468042,"relics_obtained":[{"floor":4,"key":"Blue Candle"},{"floor":7,"key":"MawBank"},{"floor":9,"key":"SharpPlug"},{"floor":11,"key":"ForgetMeNow"}],"event_choices":[],"is_beta":false,"boss_relics":[],"items_purged_floors":[3],"is_endless":false,"potions_floor_spawned":[1,11],"killed_by":"3 Sentries","ascension_level":3}}