{"host":"jfbo3eu2ui08ej1u","time":1610370074,"event":{"mods":["2.2 Compatiblity","AchievementEnabler","Act Like it!","Aspiration","BaseMod","Better Altar","Better Match","Better Note","Better Sensory Stone","Better Skull","Better Third Choice","Block Reminder","Colored Map","Colored Powertips","Conspire","DeckTracker","Displayed Cursed Tome","Downfall","Energized Spire","Fox Events","GifTheSpireLib","Hermit","Hubris","Infinite Spire","Marked Mod","Minty Spire (QoL Compilation)","Pale of the Ancients","Quick Restart","RRrroohrrRGHHhhh!!","Relic Filter","Reorder Act Four","Replay The Spire","Shop Mod","Spicy Shops","StSLib","Stuff the Spire","The Blue Laboratory","The Disciple","The Forsaken","The Hierophant","The Marked","Uncapped","Unceasing Turn Reminder","Wandering Minibosses"],"gold_per_floor":[119,135,135,135,151,162,162,193,193,193,193],"floor_reached":10,"playtime":249,"items_purged":[],"score":126,"play_id":"19651b59-f447-48b9-b538-94810815f8af","local_time":"20210111080114","is_ascension_mode":true,"campfire_choices":[{"data":"Zap","floor":9,"key":"SMITH"},{"data":"conspire:Rain","floor":9,"key":"SMITH"}],"circlet_count":0,"master_deck":["AscendersBane","Strike_B","Strike_B","Strike_B","Strike_B","Defend_B","Defend_B","Defend_B","Defend_B","Zap+1","Dualcast","Barrage","Compile Driver","rorgmod:LRU Cache","rorgmod:Critical Section","conspire:Rain+1"],"relics":["Cracked Core","Replay:Arrowhead","infinitespire:BottledMercury"],"acts_visited":["Exordium"],"potions_floor_usage":[8,8],"damage_taken":[{"damage":1,"enemies":"Cultist","floor":1,"turns":3},{"damage":9,"enemies":"2 Louse","floor":2,"turns":4},{"damage":4,"enemies":"Small Slimes","floor":5,"turns":3},{"damage":14,"enemies":"Red Slaver","floor":6,"turns":2},{"damage":18,"enemies":"Gremlin Nob","floor":8,"turns":3},{"damage":28,"enemies":"3 Sentries","floor":10,"turns":5}],"seed_played":"-8573193723739986491","potions_obtained":[{"floor":1,"key":"Strength Potion"},{"floor":6,"key":"AttackPotion"}],"is_trial":false,"path_per_floor":["M","M","PTL","PTL","M","M","?","E","R","E"],"character_chosen":"DEFECT","items_purchased":[],"campfire_rested":0,"item_purchase_floors":[],"current_hp_per_floor":[70,61,61,61,57,43,43,25,25,0,0],"gold":193,"neow_bonus":"TEN_PERCENT_HP_BONUS","is_daily":false,"chose_seed":false,"campfire_upgraded":2,"win_rate":0.0,"timestamp":1610370074,"path_taken":["M","?","PTL","PTL","M","M","?","E","R","E"],"items_purchased_type":[],"build_version":"2020-12-22","purchased_purges":0,"victory":false,"max_hp_per_floor":[78,78,78,78,78,78,78,78,78,78,78],"card_choices":[{"not_picked":["Compile Driver","conspire:SharedLibrary"],"picked":"Barrage","floor":1},{"not_picked":["StuffTheSpire:ShieldGenerator","rorgmod:SQL Injection"],"picked":"Compile Driver","floor":2},{"not_picked":["Barrage","Static Discharge"],"picked":"rorgmod:LRU Cache","floor":5},{"not_picked":["rorgmod:Hot Sockets","ReplaySolidLightProjector"],"picked":"rorgmod:Critical Section","floor":6},{"not_picked":["Streamline","ReplaySort"],"picked":"conspire:Rain","floor":8}],"player_experience":1192401,"relics_obtained":[{"floor":8,"key":"infinitespire:BottledMercury"}],"event_choices":[{"damage_healed":0,"gold_gain":0,"player_choice":"Searched \u00271\u0027 times","damage_taken":0,"relics_obtained":["Replay:Arrowhead"],"max_hp_gain":0,"max_hp_loss":0,"event_name":"Dead Adventurer","floor":7,"gold_loss":0}],"is_beta":false,"boss_relics":[],"items_purged_floors":[],"is_endless":false,"potions_floor_spawned":[1,6],"killed_by":"3 Sentries","ascension_level":17}}