{"host":"6h0diz2ap0m56grs","time":1610408531,"event":{"mods":["2.2 Compatiblity","BaseMod","Colored Map","Marisa????????","Minty Spire (QoL Compilation)","Quick Restart","Replay The Spire","Shop Mod","StSLib","The Servant 0.9.4"],"gold_per_floor":[113,129,129,141,141,170,197,526,526,557,557,557,557,572,572,670,670,682,702,702,3,3,33,33,64,64,81,81,6,6,35,35,134,134,147,181,144,144,144,144],"floor_reached":39,"playtime":1304,"items_purged":["DarkMatter"],"score":823,"play_id":"17e52675-752a-4bfc-8290-3178ff631a72","local_time":"20210111174211","daily_mods":["SealedDeck","Heirloom","Time Dilation","Flight"],"is_ascension_mode":true,"campfire_choices":[{"data":"DarkMatter","floor":12,"key":"SMITH"},{"data":"OortCloud","floor":13,"key":"SMITH"},{"data":"MeteoricShower","floor":15,"key":"SMITH"},{"data":"LuminesStrike","floor":24,"key":"SMITH"},{"data":"Pot Of Greed","floor":24,"key":"SMITH"},{"data":"OortCloud","floor":28,"key":"SMITH"},{"data":"AsteroidBelt","floor":28,"key":"SMITH"},{"data":"GasGiant","floor":32,"key":"SMITH"},{"data":"AsteroidBelt","floor":32,"key":"SMITH"}],"circlet_count":0,"master_deck":["ShootingEcho","GrandCross","LuminesStrike+1","GrandCross","AsteroidBelt+1","DarkMatter+1","SuperPerseids","OortCloud+1","MeteoricShower+1","WitchLeyline","WitchLeyline","AsteroidBelt+1","GrandCross","WitchLeyline","GasGiant+1","Pot Of Greed+1","Pot Of Greed","OortCloud+1","BlazingStar","AbeCurse","OortCloud+1","BlazingStar"],"relics":["MiniHakkero","replay:Trail_Library","MagicBroom","FossilizedHelix","Replay:Wax Seal","Singing Bowl","ReplayTheSpireMod:DimensionalGlitch","Replay:Arrowhead","ClockworkSouvenir","MerchantsRug","Happy Flower","Lantern","Bottled Flame","Abe\u0027s Treasure","Centennial Puzzle"],"acts_visited":["Exordium","TheCity","TheBeyond"],"potions_floor_usage":[],"damage_taken":[{"damage":0,"enemies":"Jaw Worm","floor":1,"turns":1},{"damage":0,"enemies":"2 Louse","floor":2,"turns":1},{"damage":0,"enemies":"Cultist","floor":4,"turns":1},{"damage":0,"enemies":"Lagavulin","floor":6,"turns":2},{"damage":0,"enemies":"3 Sentries","floor":7,"turns":3},{"damage":0,"enemies":"Lagavulin","floor":8,"turns":3},{"damage":0,"enemies":"Gremlin Nob","floor":10,"turns":3},{"damage":0,"enemies":"Looter","floor":14,"turns":1},{"damage":0,"enemies":"Fading Forest","floor":16,"turns":11},{"damage":0,"enemies":"3 Byrds","floor":18,"turns":3},{"damage":0,"enemies":"Spheric Guardian","floor":19,"turns":4},{"damage":5,"enemies":"Replay:Snechameleon","floor":23,"turns":3},{"damage":0,"enemies":"Slavers","floor":25,"turns":4},{"damage":0,"enemies":"Snake Plant","floor":27,"turns":1},{"damage":0,"enemies":"Book of Stabbing","floor":31,"turns":4},{"damage":0,"enemies":"Collector","floor":33,"turns":8},{"damage":11,"enemies":"3 Darklings","floor":35,"turns":4},{"damage":13,"enemies":"3 Shapes","floor":39,"turns":2}],"seed_played":"-7050505592242899635","potions_obtained":[{"floor":4,"key":"Swift Potion"},{"floor":7,"key":"Toxic Potion"},{"floor":16,"key":"Weak Potion"},{"floor":27,"key":"DuplicationPotion"}],"is_trial":true,"path_per_floor":["M","M","?","M","?","E","E","E","T","E","?","R","R","M","R","B",null,"M","M","?","$","?","E","R","E","T","M","R","$","?","E","R","B",null,"M","?","$","?","M"],"character_chosen":"MARISA","items_purchased":["Replay:Arrowhead","ClockworkSouvenir","MerchantsRug","Happy Flower","Centennial Puzzle"],"campfire_rested":0,"item_purchase_floors":[21,21,21,21,37],"current_hp_per_floor":[75,75,75,75,75,75,75,75,75,77,77,77,77,79,79,81,81,83,85,69,69,69,66,66,67,67,70,70,70,70,73,73,74,96,85,63,63,63,50,50],"gold":144,"neow_bonus":"","is_daily":false,"chose_seed":false,"campfire_upgraded":9,"win_rate":0.0,"timestamp":1610408531,"path_taken":["M","M","?","M","?","E","E","E","T","E","?","R","R","?","R","BOSS","M","M","?","$","?","E","R","E","T","?","R","?","?","E","R","BOSS","M","?","$","?","M"],"items_purchased_type":["Relic","Relic","Relic","Relic","Relic"],"build_version":"2020-12-22","purchased_purges":1,"victory":false,"max_hp_per_floor":[75,75,75,75,75,75,75,75,75,77,77,77,77,79,79,81,81,83,85,90,90,90,92,92,92,92,94,94,94,94,96,96,96,96,96,98,98,98,98,98],"card_choices":[{"not_picked":["GravityBeat","EnergyFlow"],"picked":"WitchLeyline","floor":1},{"not_picked":["DoubleSpark","GalacticHalo"],"picked":"AsteroidBelt","floor":2},{"not_picked":["MysteriousBeam","MachineGunSpark"],"picked":"GrandCross","floor":4},{"not_picked":["UnstableBomb","LuminesStrike"],"picked":"WitchLeyline","floor":6},{"not_picked":["GravityBeat","IllusionStar"],"picked":"GasGiant","floor":7},{"not_picked":["AbsoluteMagnitude","PulseMagic","WitchOfGreed"],"picked":"SKIP","floor":8},{"not_picked":["PropBag","Orbital","EarthLightRay"],"picked":"Singing Bowl","floor":10},{"not_picked":["DoubleSpark","MachineGunSpark","UnstableBomb"],"picked":"Singing Bowl","floor":14},{"not_picked":["MaximisePower","BinaryStars","BigCrunch"],"picked":"Singing Bowl","floor":16},{"not_picked":["DoubleSpark","EnergyRecoil+1","AsteroidBelt+1"],"picked":"Singing Bowl","floor":18},{"not_picked":["ChargeUpSpray","MachineGunSpark","GalacticHalo+1"],"picked":"Singing Bowl","floor":19},{"not_picked":["GravityBeat","OrrerysSun","DC"],"picked":"Singing Bowl","floor":23},{"not_picked":["LuminesStrike","OpenUniverse"],"picked":"OortCloud","floor":25},{"not_picked":["UnstableBomb","EarthLightRay","LuminesStrike"],"picked":"Singing Bowl","floor":27},{"not_picked":["ChargeUpSpray","SatelliteIllusion","LuminesStrike"],"picked":"Singing Bowl","floor":31},{"not_picked":["CasketOfStar","ManaRampage"],"picked":"BlazingStar","floor":33},{"not_picked":["NonDirectionalLaser","DoubleSpark+1"],"picked":"OortCloud+1","floor":35},{"not_picked":["SporeBomb+1","AsteroidBelt","MysteriousBeam"],"picked":"Singing Bowl","floor":36}],"player_experience":173375,"relics_obtained":[{"floor":6,"key":"FossilizedHelix"},{"floor":7,"key":"Replay:Wax Seal"},{"floor":8,"key":"Old Coin"},{"floor":9,"key":"Singing Bowl"},{"floor":10,"key":"Grinning Jar"},{"floor":23,"key":"Blood Vial"},{"floor":25,"key":"Lantern"},{"floor":26,"key":"Bottled Flame"},{"floor":31,"key":"Lizard Tail"}],"event_choices":[{"damage_healed":0,"gold_gain":0,"player_choice":"Ignored","damage_taken":0,"max_hp_gain":0,"max_hp_loss":0,"event_name":"Liars Game","floor":3,"gold_loss":0},{"damage_healed":0,"gold_gain":0,"player_choice":"Leave","damage_taken":0,"max_hp_gain":0,"max_hp_loss":0,"event_name":"The Cleric","floor":5,"gold_loss":0},{"damage_healed":0,"gold_gain":0,"player_choice":"Shed Blood","damage_taken":21,"max_hp_gain":5,"max_hp_loss":0,"event_name":"Forgotten Altar","floor":20,"gold_loss":0},{"damage_healed":0,"gold_gain":0,"player_choice":"Ignored","damage_taken":0,"max_hp_gain":0,"max_hp_loss":0,"event_name":"The Mausoleum","floor":22,"gold_loss":0}],"is_beta":false,"boss_relics":[{"not_picked":["Replay:Wanted Poster","Fusion Hammer"],"picked":"ReplayTheSpireMod:DimensionalGlitch"},{"not_picked":["ExperimentalFamiliar","Velvet Choker"],"picked":"Abe\u0027s Treasure"}],"items_purged_floors":[29],"is_endless":false,"potions_floor_spawned":[4,7,16,23,27,31],"killed_by":"3 Shapes","ascension_level":1}}