{"host":"3oax8yz66k5njorr","time":1610379423,"event":{"mods":["AchievementEnabler","BaseMod","Colored Map","Colored Powertips","DeckTracker","Minty Spire (QoL Compilation)"],"gold_per_floor":[119,137,152,152,163,198,274,292,319,338,338,363,380,394,394,493,493,503,515,515,531,531,531,531],"floor_reached":23,"playtime":981,"items_purged":[],"score":207,"play_id":"500fefd8-f11a-48bc-a753-e09164676de2","local_time":"20210112003703","is_ascension_mode":false,"campfire_choices":[{"data":"Evolve","floor":15,"key":"SMITH"}],"circlet_count":0,"master_deck":["Strike_R+1","Strike_R+1","Strike_R+1","Strike_R+1","Defend_R+1","Defend_R+1","Defend_R+1","Defend_R+1","Bash","Perfected Strike","Sword Boomerang","Immolate","Shrug It Off","Carnage","Exhume","Evolve+1","Shrug It Off","Corruption","Ghostly Armor","Headbutt","Pommel Strike","Flame Barrier"],"relics":["Burning Blood","Bag of Preparation","War Paint","Boot","Mark of Pain"],"acts_visited":["Exordium","TheCity"],"potions_floor_usage":[6,12,12,12,12,12,16,23],"damage_taken":[{"damage":2,"enemies":"Small Slimes","floor":1,"turns":3},{"damage":15,"enemies":"Jaw Worm","floor":2,"turns":4},{"damage":1,"enemies":"Cultist","floor":3,"turns":3},{"damage":9,"enemies":"Blue Slaver","floor":5,"turns":3},{"damage":27,"enemies":"Gremlin Nob","floor":6,"turns":4},{"damage":9,"enemies":"2 Fungi Beasts","floor":8,"turns":2},{"damage":0,"enemies":"Lots of Slimes","floor":10,"turns":1},{"damage":28,"enemies":"Lagavulin","floor":12,"turns":4},{"damage":5,"enemies":"Red Slaver","floor":13,"turns":4},{"damage":0,"enemies":"3 Louse","floor":14,"turns":1},{"damage":27,"enemies":"Slime Boss","floor":16,"turns":9},{"damage":15,"enemies":"3 Byrds","floor":18,"turns":4},{"damage":21,"enemies":"Shell Parasite","floor":19,"turns":6},{"damage":4,"enemies":"Centurion and Healer","floor":21,"turns":6},{"damage":66,"enemies":"Gremlin Leader","floor":23,"turns":7}],"seed_played":"-4130510556504941311","potions_obtained":[{"floor":0,"key":"EntropicBrew"},{"floor":0,"key":"Strength Potion"},{"floor":0,"key":"CultistPotion"},{"floor":3,"key":"LiquidMemories"},{"floor":6,"key":"SkillPotion"},{"floor":8,"key":"Regen Potion"},{"floor":10,"key":"Ancient Potion"},{"floor":16,"key":"Energy Potion"}],"is_trial":false,"path_per_floor":["M","M","M","?","M","E","?","M","T","M","?","E","M","M","R","B",null,"M","M","?","M","?","E"],"character_chosen":"IRONCLAD","items_purchased":[],"campfire_rested":0,"item_purchase_floors":[],"current_hp_per_floor":[80,71,76,81,78,57,57,54,54,60,60,50,51,57,57,36,85,76,61,61,63,63,0,0],"gold":531,"neow_bonus":"THREE_SMALL_POTIONS","is_daily":false,"chose_seed":false,"campfire_upgraded":1,"win_rate":0.0,"timestamp":1610379423,"path_taken":["M","M","M","?","M","E","?","M","T","M","?","E","?","M","R","BOSS","M","M","?","M","?","E"],"items_purchased_type":[],"build_version":"2020-12-22","purchased_purges":0,"victory":false,"max_hp_per_floor":[80,80,80,85,85,85,85,85,85,85,85,85,85,85,85,85,85,85,85,85,85,85,85,85],"card_choices":[{"not_picked":["Thunderclap","Disarm"],"picked":"Perfected Strike","floor":1},{"not_picked":["Twin Strike","Reckless Charge"],"picked":"Sword Boomerang","floor":2},{"not_picked":["Iron Wave","Pommel Strike"],"picked":"Immolate","floor":3},{"not_picked":["Rampage","Cleave","Body Slam"],"picked":"SKIP","floor":5},{"not_picked":["Power Through","Disarm"],"picked":"Shrug It Off","floor":6},{"not_picked":["Cleave","Anger","True Grit"],"picked":"SKIP","floor":8},{"not_picked":["Anger","Sentinel"],"picked":"Carnage","floor":10},{"not_picked":["Cleave","Pummel"],"picked":"Exhume","floor":12},{"not_picked":["Bloodletting","Heavy Blade"],"picked":"Evolve","floor":13},{"not_picked":["Clash","Rupture"],"picked":"Shrug It Off","floor":14},{"not_picked":["Feed","Immolate"],"picked":"Corruption","floor":16},{"not_picked":["True Grit","Body Slam"],"picked":"Ghostly Armor","floor":18},{"not_picked":["Sentinel","Inflame"],"picked":"Headbutt","floor":19},{"not_picked":["Sword Boomerang","Body Slam"],"picked":"Pommel Strike","floor":21}],"player_experience":33404,"relics_obtained":[{"floor":6,"key":"Bag of Preparation"},{"floor":11,"key":"War Paint"},{"floor":12,"key":"Boot"}],"event_choices":[{"damage_healed":0,"gold_gain":0,"player_choice":"Donut","damage_taken":0,"max_hp_gain":5,"max_hp_loss":0,"event_name":"Big Fish","floor":4,"gold_loss":0},{"damage_healed":0,"gold_gain":76,"player_choice":"Gained Gold","damage_taken":0,"max_hp_gain":0,"max_hp_loss":0,"event_name":"Golden Wing","floor":7,"gold_loss":0},{"damage_healed":0,"gold_gain":0,"player_choice":"Relic","damage_taken":0,"max_hp_gain":0,"max_hp_loss":0,"event_name":"Wheel of Change","floor":11,"gold_loss":0},{"damage_healed":0,"gold_gain":0,"player_choice":"Simplicity","damage_taken":0,"max_hp_gain":0,"max_hp_loss":0,"event_name":"Back to Basics","floor":20,"gold_loss":0,"cards_upgraded":["Strike_R","Strike_R","Strike_R","Strike_R","Strike_R","Defend_R","Defend_R"]},{"damage_healed":0,"gold_gain":0,"cards_transformed":["Strike_R"],"player_choice":"Transformed","damage_taken":0,"max_hp_gain":0,"max_hp_loss":0,"event_name":"Transmorgrifier","floor":22,"gold_loss":0,"cards_obtained":["Flame Barrier"]}],"is_beta":false,"boss_relics":[{"not_picked":["Velvet Choker","Black Star"],"picked":"Mark of Pain"}],"items_purged_floors":[],"is_endless":false,"potions_floor_spawned":[2,3,6,8,10,16],"killed_by":"Gremlin Leader","ascension_level":0}}