{"host":"gtv41eena9h15rk5","time":1610377852,"event":{"mods":["BaseMod","Downfall","Marisa£®ÏF”Í°°ƒß¿Ì…≥£©","Minty Spire (QoL Compilation)","Replay The Spire","Shop Mod","StSLib","The Bug Knight","The Construct","The Cursed","The Runesmith","The Servant 0.9.4","[IsaacMod]“‘»ˆº‚À˛"],"gold_per_floor":[279,291,310,310,50,50,113,113,113,113,138,169,185,216,216,216,216],"floor_reached":16,"playtime":921,"items_purged":["Injury"],"score":176,"play_id":"b6345032-51e2-4793-9140-7d4ce31273e7","local_time":"20210111231052","is_ascension_mode":true,"campfire_choices":[{"data":"DoctorFetus","floor":6,"key":"SMITH"},{"floor":10,"key":"REST"}],"circlet_count":0,"master_deck":["Strike_G","Strike_G","Strike_G","Strike_G","Strike_G","Defend_G","Defend_G","Defend_G","Defend_G","Defend_G","Survivor","Neutralize","DoctorFetus+1","Prepared","Deflect","Mayhem","ReplayTheSpireMod:Speed Training","Acrobatics+1","Backflip","Dodge and Roll"],"relics":["Ring of the Snake","HushsDoor","Replay:Rubber Ducky","Golden Idol","BloodBag","AnarchistCookbook","PreservedInsect","Replay:Bottled Eggs","TheBean","Gremlin Food"],"acts_visited":["Exordium"],"potions_floor_usage":[11,16],"damage_taken":[{"damage":0,"enemies":"Small Slimes","floor":1,"turns":4},{"damage":3,"enemies":"2 Louse","floor":2,"turns":3},{"damage":0,"enemies":"Cultist","floor":3,"turns":4},{"damage":39,"enemies":"Hiden Room Battle","floor":7,"turns":6},{"damage":0,"enemies":"Looter","floor":11,"turns":5},{"damage":0,"enemies":"3 Sentries","floor":12,"turns":1},{"damage":0,"enemies":"Gremlin Gang","floor":13,"turns":3},{"damage":0,"enemies":"HollowMod:MossKnight","floor":14,"turns":3},{"damage":35,"enemies":"Hexaghost","floor":16,"turns":20}],"seed_played":"-256274280528307271","potions_obtained":[{"floor":1,"key":"champ:CounterPotion"},{"floor":7,"key":"CunningPotion"},{"floor":14,"key":"Weak Potion"}],"is_trial":false,"path_per_floor":["M","M","M","?","$","R","?","?","T","R","M","E","M","E","R","B"],"character_chosen":"THE_SILENT","items_purchased":["Mayhem","ReplayTheSpireMod:Speed Training"],"campfire_rested":1,"item_purchase_floors":[5,5],"current_hp_per_floor":[50,47,47,47,45,45,6,6,6,29,29,29,29,29,34,0,0],"gold":216,"neow_bonus":"RANDOM_COMMON_RELIC","is_daily":false,"chose_seed":false,"campfire_upgraded":1,"win_rate":0.0,"timestamp":1610377852,"path_taken":["M","M","M","?","$","R","?","?","T","R","M","E","M","E","R","BOSS"],"items_purchased_type":["Card","Card"],"build_version":"2020-12-22","purchased_purges":1,"victory":false,"max_hp_per_floor":[70,70,70,70,77,77,77,77,77,77,77,77,77,77,82,82,82],"card_choices":[{"not_picked":[],"picked":"DoctorFetus","floor":0},{"not_picked":["Hidden Blade","Quick Slash"],"picked":"Prepared","floor":1},{"not_picked":["Blade Dance","ReplayTheSpireMod:The Works"],"picked":"Deflect","floor":2},{"not_picked":["Dash","ReplayTheSpireMod:Tripwire","Endless Agony"],"picked":"SKIP","floor":3},{"not_picked":["Calculated Gamble","Dodge and Roll"],"picked":"Acrobatics","floor":7},{"not_picked":["All Out Attack","ReplayTheSpireMod:The Works"],"picked":"Bomb","floor":11},{"not_picked":["Underhanded Strike","Prepared"],"picked":"Backflip","floor":12},{"not_picked":["Blur","Sneak Up","Skewer"],"picked":"SKIP","floor":13},{"not_picked":["Flechettes","Slice"],"picked":"Dodge and Roll","floor":14}],"player_experience":198936,"relics_obtained":[{"floor":7,"key":"AnarchistCookbook"},{"floor":7,"key":"PreservedInsect"},{"floor":9,"key":"Replay:Bottled Eggs"},{"floor":12,"key":"TheBean"},{"floor":14,"key":"Gremlin Food"}],"event_choices":[{"damage_healed":0,"gold_gain":0,"player_choice":"Take Wound","damage_taken":0,"relics_obtained":["Golden Idol"],"max_hp_gain":0,"max_hp_loss":0,"event_name":"Golden Idol","floor":4,"gold_loss":0,"cards_obtained":["Injury"]},{"damage_healed":0,"gold_gain":0,"player_choice":"Fight","damage_taken":0,"max_hp_gain":0,"max_hp_loss":0,"event_name":"HidenRoomEvent","floor":7,"gold_loss":0},{"damage_healed":0,"gold_gain":0,"player_choice":"Ignored","damage_taken":0,"max_hp_gain":0,"max_hp_loss":0,"event_name":"Golden Wing","floor":8,"gold_loss":0},{"damage_healed":0,"gold_gain":0,"player_choice":"Donut","damage_taken":0,"max_hp_gain":5,"max_hp_loss":0,"event_name":"Big Fish","floor":15,"gold_loss":0}],"is_beta":false,"boss_relics":[],"items_purged_floors":[5],"is_endless":false,"potions_floor_spawned":[1,7,14],"killed_by":"Hexaghost","ascension_level":2}}