{"host":"crjmoxe2wwb87pm5","time":1610327955,"event":{"mods":["BaseMod","Colored Map","GifTheSpireLib","Infinite Spire","Minty Spire (QoL Compilation)","Replay The Spire","StSLib"],"gold_per_floor":[109,109,109,109,122,122,139,153,153,165,175,175,187,207,207,308,308,326,345,361,240,252,252,252],"floor_reached":23,"playtime":1883,"items_purged":["Strike_R"],"score":189,"play_id":"7a88fbe6-1f47-46fe-ba4b-cf568566df21","local_time":"20210110201915","is_ascension_mode":false,"campfire_choices":[{"floor":15,"key":"DIG"}],"circlet_count":0,"master_deck":["Strike_R+1","Strike_R","Strike_R+1","Defend_R","Defend_R","Defend_R","Defend_R","Bash","Cleave","Good Instincts","Pommel Strike+1","Shrug It Off","Flex","Metallicize","Flex","Heavy Blade","Berserk","infinitespire:OneForAll","Twin Strike","Flex","Juggernaut","Armaments","Iron Wave","Demon Form","Heavy Blade+1","Power Through+1","Body Slam","Body Slam"],"relics":["Burning Blood","Replay:Multitool","Prayer Wheel","Snack Pack"],"acts_visited":["Exordium","TheCity"],"potions_floor_usage":[16,16],"damage_taken":[{"damage":5,"enemies":"Small Slimes","floor":1,"turns":4},{"damage":5,"enemies":"Jaw Worm","floor":5,"turns":2},{"damage":0,"enemies":"Cultist","floor":7,"turns":3},{"damage":1,"enemies":"3 Louse","floor":8,"turns":3},{"damage":2,"enemies":"Red Slaver","floor":10,"turns":3},{"damage":0,"enemies":"2 Fungi Beasts","floor":11,"turns":3},{"damage":15,"enemies":"Large Slime","floor":13,"turns":5},{"damage":11,"enemies":"Exordium Wildlife","floor":14,"turns":5},{"damage":37,"enemies":"Fading Forest","floor":16,"turns":11},{"damage":22,"enemies":"Shell Parasite","floor":18,"turns":6},{"damage":21,"enemies":"3 Byrds","floor":19,"turns":5},{"damage":33,"enemies":"Snake Plant","floor":20,"turns":4},{"damage":33,"enemies":"Centurion and Healer","floor":22,"turns":10},{"damage":6,"enemies":"Replay:Snechameleon","floor":23,"turns":3}],"seed_played":"4229128298616219698","potions_obtained":[{"floor":1,"key":"Milkshake"},{"floor":5,"key":"Death Potion"},{"floor":10,"key":"LiquidMemories"},{"floor":14,"key":"Explosive Potion"},{"floor":22,"key":"Energy Potion"}],"is_trial":false,"path_per_floor":["M","?","?","?","M","R","M","M","T","M","M","?","M","M","R","B",null,"M","M","M","$","M","E"],"character_chosen":"IRONCLAD","items_purchased":["Body Slam"],"campfire_rested":0,"item_purchase_floors":[21],"current_hp_per_floor":[88,70,58,58,59,85,88,88,88,88,88,88,79,74,74,59,88,74,61,34,34,9,3,3],"gold":252,"neow_bonus":"TEN_PERCENT_HP_BONUS","is_daily":false,"chose_seed":false,"campfire_upgraded":0,"win_rate":0.0,"timestamp":1610327955,"path_taken":["M","?","?","?","?","R","M","M","T","M","M","?","M","M","R","BOSS","M","M","M","$","M","E"],"items_purchased_type":["Card"],"build_version":"2020-12-22","purchased_purges":1,"victory":false,"max_hp_per_floor":[88,88,88,88,88,88,88,88,88,88,88,88,88,88,88,88,88,88,88,88,88,88,88,88],"card_choices":[{"not_picked":["Dropkick","Replay:Undeath\u0027s Touch"],"picked":"Cleave","floor":1},{"not_picked":["Havoc","ReplayTheSpireMod:LeadingStrike"],"picked":"Pommel Strike","floor":5},{"not_picked":["True Grit","Cleave"],"picked":"Shrug It Off","floor":7},{"not_picked":["Dual Wield","Clothesline"],"picked":"Flex","floor":8},{"not_picked":["Heavy Blade","Entrench"],"picked":"Metallicize","floor":10},{"not_picked":["Sword Boomerang","Iron Wave","Pummel"],"picked":"SKIP","floor":10},{"not_picked":["Cleave","Hemogenesis"],"picked":"Flex","floor":11},{"not_picked":["Iron Wave","Whirlwind"],"picked":"Heavy Blade","floor":11},{"not_picked":["Perfected Strike","Headbutt"],"picked":"infinitespire:OneForAll","floor":13},{"not_picked":["Havoc","Wild Strike","Headbutt"],"picked":"SKIP","floor":13},{"not_picked":["Clash","Cleave"],"picked":"Twin Strike","floor":14},{"not_picked":["Warcry","Defy Death"],"picked":"Flex","floor":14},{"not_picked":["Eclipse","Demonic Infusion"],"picked":"Juggernaut","floor":16},{"not_picked":["Clothesline","Flex+1"],"picked":"Armaments","floor":18},{"not_picked":["Reckless Charge+1","Anger"],"picked":"Iron Wave","floor":18},{"not_picked":["Disarm","Infernal Blade"],"picked":"Demon Form","floor":19},{"not_picked":["Pommel Strike+1","ReplayTheSpireMod:Strike From Hell","Headbutt+1"],"picked":"SKIP","floor":19},{"not_picked":["Pommel Strike","Evolve"],"picked":"Heavy Blade+1","floor":20},{"not_picked":["Replay:Undeath\u0027s Touch","Anger+1"],"picked":"Power Through+1","floor":20},{"not_picked":["Uppercut","Twin Strike"],"picked":"Body Slam","floor":22},{"not_picked":["Second Wind","Twin Strike","Sword Boomerang"],"picked":"SKIP","floor":22}],"player_experience":138722,"relics_obtained":[{"floor":9,"key":"Prayer Wheel"},{"floor":15,"key":"Snack Pack"}],"event_choices":[{"damage_healed":0,"gold_gain":0,"player_choice":"Entered Light","damage_taken":18,"max_hp_gain":0,"max_hp_loss":0,"event_name":"Shining Light","floor":2,"gold_loss":0,"cards_upgraded":["Strike_R","Strike_R"]},{"damage_healed":0,"gold_gain":0,"player_choice":"Success","damage_taken":12,"relics_obtained":["Replay:Multitool"],"max_hp_gain":0,"max_hp_loss":0,"event_name":"Scrap Ooze","floor":3,"gold_loss":0},{"damage_healed":0,"gold_gain":0,"player_choice":"1 cards matched","damage_taken":0,"max_hp_gain":0,"max_hp_loss":0,"event_name":"Match and Keep!","floor":4,"gold_loss":0,"cards_obtained":["Good Instincts"]},{"damage_healed":0,"gold_gain":0,"cards_transformed":["Strike_R"],"player_choice":"Transformed","damage_taken":0,"max_hp_gain":0,"max_hp_loss":0,"event_name":"Transmorgrifier","floor":12,"gold_loss":0,"cards_obtained":["Berserk"]}],"is_beta":false,"boss_relics":[{"not_picked":["Replay:Bronze Core","Mark of Pain","ReplayTheSpireMod:SealedPack"]}],"items_purged_floors":[21],"is_endless":false,"potions_floor_spawned":[1,5,10,13,14,22],"killed_by":"Replay:Snechameleon","ascension_level":0}}