{"host":"qdfumeom6htv8yxl","time":1610334983,"event":{"mods":["AchievementEnabler","BaseMod","Bestiary","Block Reminder","Minty Spire (QoL Compilation)","Quick Restart","Relic Stats"],"gold_per_floor":[111,111,111,128,53,81,81,99,99,123,156,156,166,16,16,92,92,103,113,113,113,113,113,133,158,184,217,217,217,242,62,62,140,140,159,159,89,55,69,99,199,227,227,280,307,319,372,400,412,424,424],"floor_reached":50,"playtime":3266,"items_purged":["Parasite","Strike_B"],"score":1185,"play_id":"659f2341-b616-4791-8f53-6cddadbe2228","local_time":"20210110211623","is_ascension_mode":true,"campfire_choices":[{"data":"Electrodynamics","floor":7.0,"key":"SMITH"},{"data":"Coolheaded","floor":15.0,"key":"SMITH"},{"data":"Defragment","floor":23.0,"key":"SMITH"},{"data":"Self Repair","floor":28.0,"key":"SMITH"},{"data":"Biased Cognition","floor":29.0,"key":"SMITH"},{"data":"Barrage","floor":32.0,"key":"SMITH"},{"data":"Storm","floor":46.0,"key":"SMITH"},{"data":"Chill","floor":49.0,"key":"SMITH"}],"circlet_count":0,"master_deck":["AscendersBane","Strike_B","Strike_B","Defend_B","Defend_B","Defend_B","Defend_B","Zap","Dualcast","Electrodynamics+1","Chill+1","Self Repair+1","Coolheaded+1","Multi-Cast+1","Conserve Battery+1","Biased Cognition+1","Defragment+1","Ball Lightning","Leap+1","Glacier+1","Hologram+1","Barrage+1","Core Surge","Panacea+1","Storm+1","Static Discharge","Ball Lightning+1","Darkness+1","Buffer"],"relics":["Cracked Core","Gremlin Horn","Bottled Tornado","Odd Mushroom","Toxic Egg 2","WarpedTongs","Membership Card","Inserter","MutagenicStrength","WingedGreaves","MealTicket","FossilizedHelix","Matryoshka","Lee\u0027s Waffle","Tiny Chest","Busted Crown","Strawberry","Pocketwatch","Pen Nib","MawBank","CeramicFish","Art of War"],"acts_visited":["TheCity","TheBeyond"],"potions_floor_usage":[50],"damage_taken":[{"damage":2.0,"enemies":"2 Louse","floor":1.0,"turns":2.0},{"damage":8.0,"enemies":"Small Slimes","floor":4.0,"turns":3.0},{"damage":28.0,"enemies":"Lagavulin","floor":6.0,"turns":6.0},{"damage":0.0,"enemies":"Cultist","floor":8.0,"turns":3.0},{"damage":2.0,"enemies":"The Mushroom Lair","floor":10.0,"turns":2.0},{"damage":0.0,"enemies":"3 Sentries","floor":11.0,"turns":3.0},{"damage":20.0,"enemies":"Large Slime","floor":13.0,"turns":3.0},{"damage":19.0,"enemies":"Slime Boss","floor":16.0,"turns":9.0},{"damage":8.0,"enemies":"Chosen","floor":18.0,"turns":4.0},{"damage":22.0,"enemies":"2 Thieves","floor":19.0,"turns":2.0},{"damage":0.0,"enemies":"Sentry and Sphere","floor":24.0,"turns":3.0},{"damage":0.0,"enemies":"Gremlin Leader","floor":25.0,"turns":5.0},{"damage":25.0,"enemies":"Book of Stabbing","floor":27.0,"turns":5.0},{"damage":21.0,"enemies":"Slavers","floor":30.0,"turns":2.0},{"damage":16.0,"enemies":"Collector","floor":33.0,"turns":8.0},{"damage":0.0,"enemies":"3 Shapes","floor":35.0,"turns":2.0},{"damage":1.0,"enemies":"3 Darklings","floor":39.0,"turns":3.0},{"damage":8.0,"enemies":"Giant Head","floor":40.0,"turns":10.0},{"damage":43.0,"enemies":"Nemesis","floor":42.0,"turns":7.0},{"damage":0.0,"enemies":"Giant Head","floor":44.0,"turns":8.0},{"damage":0.0,"enemies":"Transient","floor":45.0,"turns":5.0},{"damage":5.0,"enemies":"Nemesis","floor":47.0,"turns":5.0},{"damage":0.0,"enemies":"Spire Growth","floor":48.0,"turns":5.0},{"damage":82,"enemies":"Awakened One","floor":50,"turns":5}],"seed_played":"541436310741575687","potions_obtained":[{"floor":4.0,"key":"Strength Potion"},{"floor":6.0,"key":"Energy Potion"},{"floor":8.0,"key":"Dexterity Potion"},{"floor":10.0,"key":"Fire Potion"},{"floor":16.0,"key":"Energy Potion"},{"floor":18.0,"key":"EntropicBrew"},{"floor":25.0,"key":"LiquidBronze"},{"floor":27.0,"key":"Swift Potion"},{"floor":39.0,"key":"DistilledChaos"},{"floor":42.0,"key":"DistilledChaos"},{"floor":47.0,"key":"BlessingOfTheForge"}],"is_trial":false,"path_per_floor":["M","?","?","M","$","E","R","M","T","?","E","?","M","$","R","B",null,"M","M","?","?","?","R","M","E","T","E","R","R","E","$","R","B",null,"M","?","$","$","M","E","?","E","T","E","M","R","E","M","R","B"],"character_chosen":"DEFECT","items_purchased":["Membership Card","Lee\u0027s Waffle","Tiny Chest","Barrage","Storm","Static Discharge"],"campfire_rested":0,"item_purchase_floors":[14,31,31,31,37,38],"current_hp_per_floor":[62,55,60,52,52,24,24,31,31,36,43,43,33,33,33,21,60,62,40,40,40,40,40,47,54,54,36,36,36,15,80,80,74,79,79,79,80,80,79,87,87,54,54,64,74,74,79,79,79,0,0],"gold":424,"neow_bonus":"THREE_RARE_CARDS","is_daily":false,"chose_seed":false,"campfire_upgraded":8,"win_rate":0.0,"timestamp":1610334983,"path_taken":["M","?","?","M","$","E","R","M","T","?","E","?","?","$","R","BOSS","M","M","?","?","?","R","M","E","T","E","R","R","E","$","R","BOSS","M","?","$","$","M","E","?","E","T","E","M","R","E","?","R","BOSS"],"items_purchased_type":["Relic","Relic","Relic","Card","Card","Card"],"build_version":"2020-12-22","purchased_purges":2,"victory":false,"max_hp_per_floor":[71,71,76,76,73,73,73,73,73,73,73,73,73,73,73,73,73,73,73,73,73,73,73,73,73,73,73,73,73,73,80,80,80,80,80,80,80,80,80,87,87,87,87,87,87,87,87,87,87,87,87],"relic_stats":{"Lee\u0027s Waffle":50,"Inserter":[39],"Gremlin Horn":[19,19],"counters":[24,110],"CeramicFish":18,"Pen Nib":[2],"MawBank":84,"WarpedTongs":[84],"Busted Crown":18,"MealTicket":16,"Tiny Chest":0,"Art of War":[3],"obtain_stats":[{"Lee\u0027s Waffle":31,"Inserter":17,"Gremlin Horn":6,"CeramicFish":44,"Pen Nib":43,"Bottled Tornado":9,"Odd Mushroom":10,"MawBank":43,"WarpedTongs":12,"Matryoshka":30,"Busted Crown":34,"MutagenicStrength":20,"Strawberry":40,"MealTicket":26,"Tiny Chest":31,"WingedGreaves":25,"Art of War":47,"Membership Card":14,"Toxic Egg 2":11,"Cracked Core":0,"FossilizedHelix":27,"Pocketwatch":42},{"Lee\u0027s Waffle":14,"Inserter":8,"Gremlin Horn":3,"CeramicFish":20,"Pen Nib":19,"Bottled Tornado":4,"Odd Mushroom":5,"MawBank":19,"WarpedTongs":6,"Matryoshka":14,"Busted Crown":15,"MutagenicStrength":10,"Strawberry":18,"MealTicket":12,"Tiny Chest":14,"WingedGreaves":12,"Art of War":22,"Membership Card":7,"Toxic Egg 2":6,"Cracked Core":0,"FossilizedHelix":13,"Pocketwatch":19},{"Lee\u0027s Waffle":52,"Inserter":31,"Gremlin Horn":11,"CeramicFish":90,"Pen Nib":82,"Bottled Tornado":14,"Odd Mushroom":16,"MawBank":82,"WarpedTongs":19,"Matryoshka":52,"Busted Crown":60,"MutagenicStrength":37,"Strawberry":75,"MealTicket":45,"Tiny Chest":52,"WingedGreaves":45,"Art of War":100,"Membership Card":22,"Toxic Egg 2":19,"Cracked Core":0,"FossilizedHelix":50,"Pocketwatch":82}],"Pocketwatch":[18]},"card_choices":[{"not_picked":["Buffer","Meteor Strike"],"picked":"Electrodynamics","floor":0.0},{"not_picked":["Recycle","Stack","Steam"],"picked":"SKIP","floor":1.0},{"not_picked":["Double Energy","Aggregate"],"picked":"Chill","floor":4.0},{"not_picked":["Heatsinks","Storm"],"picked":"Self Repair","floor":6.0},{"not_picked":["Auto Shields","Rebound","Steam"],"picked":"SKIP","floor":8.0},{"not_picked":["Gash","Leap"],"picked":"Coolheaded","floor":10.0},{"not_picked":["Force Field+1","Sunder"],"picked":"Multi-Cast+1","floor":11.0},{"not_picked":["Undo+1","Darkness+1"],"picked":"Conserve Battery+1","floor":13.0},{"not_picked":["Amplify+1","Rainbow+1"],"picked":"Biased Cognition","floor":16.0},{"not_picked":["Storm+1","Coolheaded+1","Cold Snap+1"],"picked":"SKIP","floor":18.0},{"not_picked":["Gash","Coolheaded+1"],"picked":"Defragment","floor":19.0},{"not_picked":["Melter+1","Auto Shields+1"],"picked":"Leap+1","floor":24.0},{"not_picked":["Blizzard","Redo+1"],"picked":"Glacier+1","floor":25.0},{"not_picked":["Sweeping Beam+1","Melter"],"picked":"Hologram+1","floor":27.0},{"not_picked":["Capacitor","Doom and Gloom","Steam+1"],"picked":"SKIP","floor":30.0},{"not_picked":["Machine Learning","Amplify+1"],"picked":"Core Surge","floor":33.0},{"not_picked":["Streamline"],"picked":"SKIP","floor":35.0},{"not_picked":[],"picked":"Panacea+1","floor":36.0},{"not_picked":["Leap+1"],"picked":"SKIP","floor":39.0},{"not_picked":["Go for the Eyes+1"],"picked":"SKIP","floor":40.0},{"not_picked":[],"picked":"Ball Lightning+1","floor":42.0},{"not_picked":[],"picked":"Darkness+1","floor":44.0},{"not_picked":["Rebound"],"picked":"SKIP","floor":45.0},{"not_picked":[],"picked":"Buffer","floor":47.0},{"not_picked":["Hello World"],"picked":"SKIP","floor":48.0}],"player_experience":1777126,"relics_obtained":[{"floor":6.0,"key":"Gremlin Horn"},{"floor":9.0,"key":"Bottled Tornado"},{"floor":10.0,"key":"Odd Mushroom"},{"floor":11.0,"key":"Toxic Egg 2"},{"floor":25.0,"key":"WingedGreaves"},{"floor":26.0,"key":"MealTicket"},{"floor":27.0,"key":"FossilizedHelix"},{"floor":30.0,"key":"Matryoshka"},{"floor":40.0,"key":"Strawberry"},{"floor":42.0,"key":"Pocketwatch"},{"floor":43.0,"key":"Pen Nib"},{"floor":43.0,"key":"MawBank"},{"floor":44.0,"key":"CeramicFish"},{"floor":47.0,"key":"Art of War"}],"event_choices":[{"cards_removed":["Strike_B"],"damage_healed":0.0,"max_hp_gain":0.0,"max_hp_loss":0.0,"gold_gain":0.0,"event_name":"Golden Wing","player_choice":"Card Removal","floor":2.0,"gold_loss":0.0,"damage_taken":7.0},{"damage_healed":0.0,"max_hp_gain":5.0,"max_hp_loss":0.0,"gold_gain":0.0,"event_name":"Big Fish","player_choice":"Donut","floor":3.0,"gold_loss":0.0,"damage_taken":0.0},{"damage_healed":0.0,"max_hp_gain":0.0,"max_hp_loss":0.0,"gold_gain":0.0,"event_name":"Mushrooms","player_choice":"Fought Mushrooms","floor":10.0,"gold_loss":0.0,"damage_taken":0.0},{"damage_healed":0.0,"max_hp_gain":0.0,"max_hp_loss":0.0,"gold_gain":0.0,"event_name":"Accursed Blacksmith","player_choice":"Rummage","floor":12.0,"gold_loss":0.0,"damage_taken":0.0,"relics_obtained":["WarpedTongs"],"cards_obtained":["Pain"]},{"damage_healed":0.0,"max_hp_gain":0.0,"max_hp_loss":0.0,"gold_gain":0.0,"event_name":"Drug Dealer","player_choice":"Inject Mutagens","floor":20.0,"gold_loss":0.0,"damage_taken":0.0,"relics_obtained":["MutagenicStrength"]},{"cards_removed":["Pain"],"damage_healed":0.0,"max_hp_gain":0.0,"max_hp_loss":0.0,"gold_gain":0.0,"event_name":"Back to Basics","player_choice":"Elegance","floor":21.0,"gold_loss":0.0,"damage_taken":0.0},{"damage_healed":0.0,"max_hp_gain":0.0,"max_hp_loss":0.0,"gold_gain":0.0,"event_name":"The Library","player_choice":"Read","floor":22.0,"gold_loss":0.0,"damage_taken":0.0,"cards_obtained":["Ball Lightning"]},{"damage_healed":0.0,"max_hp_gain":0.0,"max_hp_loss":0.0,"gold_gain":0.0,"event_name":"SensoryStone","player_choice":"Memory 1","floor":36.0,"gold_loss":0.0,"damage_taken":0.0},{"damage_healed":0.0,"max_hp_gain":0.0,"max_hp_loss":0.0,"gold_gain":100.0,"event_name":"Golden Shrine","player_choice":"Pray","floor":41.0,"gold_loss":0.0,"damage_taken":0.0}],"is_beta":false,"boss_relics":[{"not_picked":["Cursed Key","Tiny House"],"picked":"Inserter"},{"not_picked":["Coffee Dripper","Black Star"],"picked":"Busted Crown"}],"items_purged_floors":[5,37],"is_endless":false,"potions_floor_spawned":[4,6,8,10,16,18,25,27,30,39,42,47],"killed_by":"Awakened One","ascension_level":14}}