{"host":"684z1xpuwaoqmmh1","time":1610389147,"event":{"mods":["Bard","BaseMod","Downfall","Hermit","Jorbs\u0027s Wanderer Trilogy","Marisa????????","Minty Spire (QoL Compilation)","Robot Space Explorer","Shade Mod","StSLib","The Hierophant","The Marked","The Mystic"],"gold_per_floor":[119,132,132,142,161,193,193,205,253,353,378,378,408,419,419,419,419],"floor_reached":16,"playtime":817,"items_purged":[],"score":140,"play_id":"c5d559e4-ca0e-492e-af10-3ca84d798f81","local_time":"20210111201907","is_ascension_mode":true,"campfire_choices":[{"floor":7,"key":"REST"},{"data":"RobotSpaceExplorer:StarDust","floor":12,"key":"SMITH"},{"data":"RobotSpaceExplorer:DroneSwarm","floor":15,"key":"SMITH"}],"circlet_count":0,"master_deck":["RobotSpaceExplorer:Strike+1","RobotSpaceExplorer:Strike","RobotSpaceExplorer:Strike","RobotSpaceExplorer:Strike","RobotSpaceExplorer:Defend","RobotSpaceExplorer:Defend","RobotSpaceExplorer:Defend+1","RobotSpaceExplorer:Defend","RobotSpaceExplorer:Scan","RobotSpaceExplorer:MiniLasers","RobotSpaceExplorer:StunGrenade","RobotSpaceExplorer:FrostMissile","RobotSpaceExplorer:BigMissile","RobotSpaceExplorer:DualCore","RobotSpaceExplorer:PlasmaMissile","RobotSpaceExplorer:StarDust+1","RobotSpaceExplorer:DroneSwarm+1","RobotSpaceExplorer:MiniDrones","RobotSpaceExplorer:TurboDodge","RobotSpaceExplorer:Arsenal"],"relics":["RobotSpaceExplorer:RoboCore","Bird Faced Urn","RobotSpaceExplorer:ClockworkSextant","Blue Candle","Lantern"],"acts_visited":["Exordium"],"potions_floor_usage":[6,13],"damage_taken":[{"damage":0,"enemies":"Jaw Worm","floor":1,"turns":6},{"damage":0,"enemies":"Cultist","floor":2,"turns":4},{"damage":1,"enemies":"2 Louse","floor":4,"turns":2},{"damage":0,"enemies":"Large Slime","floor":5,"turns":7},{"damage":44,"enemies":"3 Sentries","floor":6,"turns":14},{"damage":1,"enemies":"Looter","floor":8,"turns":3},{"damage":16,"enemies":"Lagavulin","floor":11,"turns":8},{"damage":13,"enemies":"Gremlin Nob","floor":13,"turns":4},{"damage":1,"enemies":"2 Fungi Beasts","floor":14,"turns":4},{"damage":30,"enemies":"Slime Boss","floor":16,"turns":6}],"seed_played":"-4000354807148871943","potions_obtained":[{"floor":2,"key":"Weak Potion"},{"floor":8,"key":"BlessingOfTheForge"},{"floor":11,"key":"Fire Potion"}],"is_trial":false,"path_per_floor":["M","M","?","M","M","E","R","M","T","?","E","R","E","M","R","B"],"character_chosen":"RobotSpaceExplorer","items_purchased":[],"campfire_rested":1,"item_purchase_floors":[],"current_hp_per_floor":[75,75,60,59,59,15,37,36,36,36,26,26,17,20,20,0,0],"gold":419,"neow_bonus":"THREE_CARDS","is_daily":false,"chose_seed":false,"campfire_upgraded":2,"win_rate":0.0,"timestamp":1610389147,"path_taken":["M","M","?","M","M","E","R","M","T","?","E","R","E","?","R","BOSS"],"items_purchased_type":[],"build_version":"2020-12-22","purchased_purges":0,"victory":false,"max_hp_per_floor":[75,75,75,75,75,75,75,75,75,75,75,75,75,75,75,75,75],"card_choices":[{"not_picked":["RobotSpaceExplorer:SlimeMissile","RobotSpaceExplorer:GlueShot"],"picked":"RobotSpaceExplorer:StunGrenade","floor":0},{"not_picked":["RobotSpaceExplorer:ImprovisedAttack","RobotSpaceExplorer:Counterblock"],"picked":"RobotSpaceExplorer:FrostMissile","floor":1},{"not_picked":["RobotSpaceExplorer:Jetpack","RobotSpaceExplorer:SwiftStep"],"picked":"RobotSpaceExplorer:BigMissile","floor":2},{"not_picked":["RobotSpaceExplorer:SwiftStep","RobotSpaceExplorer:ScrapMissile"],"picked":"RobotSpaceExplorer:DualCore","floor":4},{"not_picked":["RobotSpaceExplorer:BigMissile","RobotSpaceExplorer:IronShell"],"picked":"RobotSpaceExplorer:PlasmaMissile","floor":5},{"not_picked":["RobotSpaceExplorer:Pulsar","RobotSpaceExplorer:FranticSearch"],"picked":"RobotSpaceExplorer:StarDust","floor":6},{"not_picked":["RobotSpaceExplorer:ShockKick","RobotSpaceExplorer:MiniDrones"],"picked":"RobotSpaceExplorer:DroneSwarm","floor":8},{"not_picked":["RobotSpaceExplorer:FrostMissile","RobotSpaceExplorer:Probe"],"picked":"RobotSpaceExplorer:MiniDrones","floor":11},{"not_picked":["RobotSpaceExplorer:MetalStrike","RobotSpaceExplorer:ImprovisedAttack"],"picked":"RobotSpaceExplorer:TurboDodge","floor":13},{"not_picked":["RobotSpaceExplorer:IronShell","RobotSpaceExplorer:TurboDodge"],"picked":"RobotSpaceExplorer:Arsenal","floor":14}],"player_experience":2481960,"relics_obtained":[{"floor":6,"key":"Bird Faced Urn"},{"floor":9,"key":"RobotSpaceExplorer:ClockworkSextant"},{"floor":11,"key":"Blue Candle"},{"floor":13,"key":"Lantern"}],"event_choices":[{"damage_healed":0,"gold_gain":0,"player_choice":"Entered Light","damage_taken":15,"max_hp_gain":0,"max_hp_loss":0,"event_name":"Shining Light","floor":3,"gold_loss":0,"cards_upgraded":["RobotSpaceExplorer:Defend","RobotSpaceExplorer:Strike"]},{"damage_healed":0,"gold_gain":100,"player_choice":"Pray","damage_taken":0,"max_hp_gain":0,"max_hp_loss":0,"event_name":"Golden Shrine","floor":10,"gold_loss":0}],"is_beta":false,"boss_relics":[],"items_purged_floors":[],"is_endless":false,"potions_floor_spawned":[2,8,11],"killed_by":"Slime Boss","ascension_level":3}}