{"host":"z9811rt50ti81n54","time":1610341558,"event":{"mods":["BaseMod","Better Match","Better Sensory Stone","Better Skull","Better Third Choice","Minty Spire (QoL Compilation)","Permanent Neow","StSLib","SuperFastMode"],"gold_per_floor":[109,109,126,10,26,26,42,42,69,81,98,72,72,72,72,198,198,221,264,289,3,18,18,41,41,94,94,44,44,67,19,19,143,143,158,380,396,459,8,8,22,22,22,355,405,415,415,432,432,432],"floor_reached":51,"playtime":1615,"items_purged":["Strike_R","Strike_R"],"score":712,"play_id":"ed208dff-ea94-4c60-b169-a0bed2f6a841","local_time":"20210111140558","is_ascension_mode":false,"campfire_choices":[{"data":"Carnage","floor":6,"key":"SMITH"},{"data":"Armaments","floor":8,"key":"SMITH"},{"data":"Battle Trance","floor":15,"key":"SMITH"},{"data":"Impervious","floor":23,"key":"SMITH"},{"data":"Flex","floor":27,"key":"SMITH"},{"data":"Inflame","floor":29,"key":"SMITH"},{"floor":32,"key":"REST"},{"floor":40,"key":"RECALL"},{"floor":42,"key":"REST"},{"floor":47,"key":"REST"},{"floor":49,"key":"REST"}],"circlet_count":0,"master_deck":["Defend_R","Defend_R","Defend_R","Defend_R","Bash","Battle Trance+1","Battle Trance+1","Carnage+1","Feel No Pain","Whirlwind","Armaments+1","Inflame+1","Flex+1","Double Tap","Impervious+1","Feel No Pain+1","Reaper","Shrug It Off+1","Exhume"],"relics":["SacredBark","Pen Nib","Empty Cage","Red Mask","Blood Vial","Fusion Hammer","Champion Belt","Eternal Feather","Bottled Flame","CeramicFish"],"acts_visited":["Exordium","TheCity","TheBeyond"],"potions_floor_usage":[11,11,19,19,23,33,33,33,38,46,50,50],"damage_taken":[{"damage":0,"enemies":"2 Louse","floor":1,"turns":3},{"damage":1,"enemies":"Cultist","floor":3,"turns":3},{"damage":6,"enemies":"Small Slimes","floor":5,"turns":3},{"damage":0,"enemies":"2 Fungi Beasts","floor":7,"turns":3},{"damage":6,"enemies":"3 Louse","floor":10,"turns":2},{"damage":3,"enemies":"Gremlin Gang","floor":11,"turns":3},{"damage":27,"enemies":"Hexaghost","floor":16,"turns":9},{"damage":5,"enemies":"Spheric Guardian","floor":18,"turns":3},{"damage":19,"enemies":"Masked Bandits","floor":19,"turns":3},{"damage":1,"enemies":"3 Byrds","floor":20,"turns":3},{"damage":7,"enemies":"3 Cultists","floor":22,"turns":3},{"damage":2,"enemies":"Snake Plant","floor":24,"turns":4},{"damage":17,"enemies":"Cultist and Chosen","floor":30,"turns":4},{"damage":36,"enemies":"Champ","floor":33,"turns":9},{"damage":25,"enemies":"3 Darklings","floor":35,"turns":5},{"damage":0,"enemies":"3 Shapes","floor":37,"turns":7},{"damage":0,"enemies":"Mind Bloom Boss Battle","floor":38,"turns":7},{"damage":1,"enemies":"Transient","floor":41,"turns":5},{"damage":0,"enemies":"Jaw Worm Horde","floor":46,"turns":2},{"damage":16,"enemies":"Spire Growth","floor":48,"turns":5},{"damage":44,"enemies":"Time Eater","floor":50,"turns":16}],"seed_played":"-1548794932671710300","potions_obtained":[{"floor":3,"key":"AttackPotion"},{"floor":5,"key":"SneckoOil"},{"floor":10,"key":"SkillPotion"},{"floor":16,"key":"AttackPotion"},{"floor":20,"key":"Ancient Potion"},{"floor":30,"key":"Weak Potion"},{"floor":33,"key":"SteroidPotion"},{"floor":37,"key":"SkillPotion"},{"floor":38,"key":"Fruit Juice"}],"is_trial":false,"path_per_floor":["M","?","M","$","M","R","M","R","T","M","M","$","?","?","R","B",null,"M","?","M","$","M","R","M","$","T","R","?","R","M","$","R","B",null,"M","?","M","?","$","R","M","R","T","?","T","M","R","M","R","B",null],"character_chosen":"IRONCLAD","items_purchased":["Carnage","Feel No Pain","Flex","Impervious","BloodPotion","Strength Potion","Eternal Feather","HeartOfIron"],"campfire_rested":4,"item_purchase_floors":[4,4,12,21,21,31,39,39],"current_hp_per_floor":[80,80,79,79,73,73,73,73,73,67,64,64,44,44,44,17,80,75,56,55,55,48,80,78,78,78,78,78,78,63,63,80,44,80,79,79,80,90,90,90,89,90,90,90,90,90,90,90,90,78],"gold":432,"neow_bonus":"BOSS_RELIC","is_daily":false,"chose_seed":false,"campfire_upgraded":6,"win_rate":0.0,"timestamp":1610341558,"path_taken":["M","?","?","$","M","R","M","R","T","M","M","?","?","?","R","BOSS","M","?","M","$","M","R","M","$","T","R","?","R","?","?","R","BOSS","M","?","M","?","?","R","?","R","T","?","?","M","R","M","R","BOSS"],"items_purchased_type":["Card","Card","Card","Card","Potion","Potion","Relic","Potion"],"build_version":"2020-12-22","purchased_purges":2,"victory":true,"max_hp_per_floor":[80,80,80,80,80,80,80,80,80,80,80,80,80,80,80,80,80,80,80,80,80,80,80,80,80,80,80,80,80,80,80,80,80,80,80,80,80,90,90,90,90,90,90,90,90,90,90,90,90,90],"card_choices":[{"not_picked":["Clash","Second Wind"],"picked":"Battle Trance","floor":1},{"not_picked":["Cleave","Sword Boomerang"],"picked":"Battle Trance","floor":3},{"not_picked":["Warcry","Spot Weakness"],"picked":"Whirlwind","floor":5},{"not_picked":["Wild Strike","Twin Strike"],"picked":"Armaments","floor":7},{"not_picked":["Havoc","Twin Strike"],"picked":"Inflame","floor":10},{"not_picked":["Perfected Strike","Wild Strike","Twin Strike"],"picked":"SKIP","floor":11},{"not_picked":["Demon Form","Limit Break"],"picked":"Double Tap","floor":16},{"not_picked":["Sever Soul","Sword Boomerang","Pommel Strike"],"picked":"SKIP","floor":18},{"not_picked":["Havoc","Flex","Pommel Strike"],"picked":"SKIP","floor":20},{"not_picked":["Second Wind+1","Sever Soul","Iron Wave"],"picked":"SKIP","floor":22},{"not_picked":["Whirlwind","Iron Wave+1","Shrug It Off"],"picked":"SKIP","floor":24},{"not_picked":["Pummel","Twin Strike"],"picked":"Feel No Pain+1","floor":30},{"not_picked":["Offering","Immolate"],"picked":"Reaper","floor":33},{"not_picked":["Evolve","Second Wind+1"],"picked":"Shrug It Off+1","floor":35},{"not_picked":["Havoc","Clash+1","Pommel Strike+1"],"picked":"SKIP","floor":37},{"not_picked":["Body Slam+1","Twin Strike+1"],"picked":"Exhume","floor":38},{"not_picked":["Sever Soul","Iron Wave","Sword Boomerang"],"picked":"SKIP","floor":41},{"not_picked":["Pummel+1","Blood for Blood","Dark Embrace"],"picked":"SKIP","floor":46},{"not_picked":["Perfected Strike+1","Shrug It Off","Twin Strike+1"],"picked":"SKIP","floor":48}],"player_experience":365937,"relics_obtained":[{"floor":9,"key":"Pen Nib"},{"floor":19,"key":"Red Mask"},{"floor":26,"key":"Blood Vial"},{"floor":38,"key":"Champion Belt"},{"floor":43,"key":"Bottled Flame"},{"floor":45,"key":"CeramicFish"}],"event_choices":[{"damage_healed":0,"gold_gain":0,"player_choice":"Upgraded","damage_taken":0,"max_hp_gain":0,"max_hp_loss":0,"event_name":"Upgrade Shrine","floor":2,"gold_loss":0,"cards_upgraded":["Battle Trance"]},{"damage_healed":0,"gold_gain":0,"player_choice":"Take Damage","damage_taken":20,"relics_obtained":["Golden Idol"],"max_hp_gain":0,"max_hp_loss":0,"event_name":"Golden Idol","floor":13,"gold_loss":0},{"cards_removed":["Strike_R"],"damage_healed":0,"gold_gain":0,"player_choice":"Forget","damage_taken":0,"max_hp_gain":0,"max_hp_loss":0,"event_name":"Living Wall","floor":14,"gold_loss":0},{"damage_healed":0,"gold_gain":0,"player_choice":"Fought Bandits","damage_taken":0,"max_hp_gain":0,"max_hp_loss":0,"event_name":"Masked Bandits","floor":19,"gold_loss":0},{"damage_healed":0,"gold_gain":0,"player_choice":"Bet on Murderer","damage_taken":0,"max_hp_gain":0,"max_hp_loss":0,"event_name":"The Joust","floor":28,"gold_loss":50},{"damage_healed":0,"gold_gain":222,"player_choice":"Wore Mask","damage_taken":0,"max_hp_gain":0,"max_hp_loss":0,"event_name":"Tomb of Lord Red Mask","floor":36,"gold_loss":0},{"damage_healed":0,"gold_gain":0,"player_choice":"Fight","damage_taken":0,"max_hp_gain":0,"max_hp_loss":0,"event_name":"MindBloom","floor":38,"gold_loss":0},{"damage_healed":0,"gold_gain":333,"player_choice":"Gave Idol","damage_taken":0,"max_hp_gain":0,"max_hp_loss":0,"event_name":"The Moai Head","floor":44,"relics_lost":["Golden Idol"],"gold_loss":0}],"is_beta":false,"boss_relics":[{"not_picked":["Pandora\u0027s Box","Tiny House"],"picked":"Empty Cage"},{"not_picked":["Astrolabe","Runic Cube"],"picked":"Fusion Hammer"}],"items_purged_floors":[21,39],"is_endless":false,"potions_floor_spawned":[3,5,10,16,20,30,33,37,38],"ascension_level":0}}