{"host":"xurz8oye0j2lsa2k","time":1610345137,"event":{"mods":["AchievementEnabler","BaseMod","Bestiary","BetterRewards","Colored Map","Hubris","Marisa????????","Minty Spire (QoL Compilation)","Permanent Neow","Replay The Spire","Spicy Shops","StSLib","UnlockEverythingMod"],"gold_per_floor":[117,117,17,34,47,47,47,59,85,85,114,129,158,171,171,269,269,280,28,28,44,64,93,93,104,104,27,27,27,43,43,43,148,148,162,175,380,214,214,239,239,239,289,289,289,289],"floor_reached":45,"playtime":2480,"items_purged":["Voices","Pain"],"score":571,"play_id":"100185e4-2289-4e4e-8ad1-523f333bacf2","local_time":"20210111010537","is_ascension_mode":false,"campfire_choices":[{"floor":7,"key":"REST"},{"floor":10,"key":"REST"},{"data":"ReplayTheSpireMod:Shiv Toss","floor":15,"key":"SMITH"},{"data":"Terror","floor":24,"key":"SMITH"},{"data":"Phantasmal Killer","floor":29,"key":"SMITH"},{"data":"Poison Darts","floor":32,"key":"SMITH"},{"floor":42,"key":"REST"}],"circlet_count":0,"master_deck":["Strike_G","Strike_G","Defend_G","Defend_G","Defend_G","Defend_G","Defend_G","Survivor","Neutralize","Infinite Blades+1","Footwork+1","Infinite Blades+1","Backflip","Bouncing Flask","PiercingWail","A Thousand Cuts+1","ReplayTheSpireMod:Shiv Toss+1","Phantasmal Killer+1","Dodge and Roll+1","Slice","Terror+1","Cloak And Dagger+1","Backstab","Poison Darts+1","hubris:SlightOfHand+1","Wraith Form v2+1","Hidden Blade+1","ReplayTheSpireMod:Scrap Shanks+1","Dodge and Roll","Replay:BasicMightCard+1","Calculated Gamble+1","Blur","Wraith"],"relics":["Ring of the Snake","ReplayTheSpireMod:CursedCoin","Ice Cream","Frozen Egg 2","Bottled Tornado","WarpedTongs","Replay:PocketPolymizer","Anchor","Byrd Skull","Happy Flower","SlaversCollar","Kunai","Prayer Wheel","hubris:GrandSneckoEye","Bronze Scales","Strawberry","Turnip","hubris:Towel","Pet Ghost"],"acts_visited":["Exordium","TheCity","TheBeyond"],"potions_floor_usage":[13,13,16,21,33,33],"damage_taken":[{"damage":4,"enemies":"2 Louse","floor":1,"turns":3},{"damage":0,"enemies":"Cultist","floor":4,"turns":4},{"damage":2,"enemies":"Small Slimes","floor":5,"turns":3},{"damage":2,"enemies":"2 Fungi Beasts","floor":8,"turns":4},{"damage":20,"enemies":"Gremlin Nob","floor":11,"turns":4},{"damage":0,"enemies":"Exordium Thugs","floor":12,"turns":4},{"damage":15,"enemies":"3 Sentries","floor":13,"turns":5},{"damage":0,"enemies":"Exordium Wildlife","floor":14,"turns":4},{"damage":0,"enemies":"Hexaghost","floor":16,"turns":8},{"damage":18,"enemies":"3 Byrds","floor":18,"turns":4},{"damage":0,"enemies":"Shell Parasite","floor":21,"turns":5},{"damage":0,"enemies":"Centurion and Healer","floor":22,"turns":6},{"damage":4,"enemies":"Book of Stabbing","floor":23,"turns":5},{"damage":0,"enemies":"Shelled Parasite and Fungi","floor":25,"turns":5},{"damage":0,"enemies":"Snake Plant","floor":30,"turns":3},{"damage":0,"enemies":"Collector","floor":33,"turns":8},{"damage":18,"enemies":"3 Darklings","floor":35,"turns":4},{"damage":0,"enemies":"3 Shapes","floor":36,"turns":3},{"damage":27,"enemies":"Nemesis","floor":40,"turns":5},{"damage":32,"enemies":"Reptomancer","floor":45,"turns":3}],"seed_played":"6406567221005292793","potions_obtained":[{"floor":5,"key":"Regen Potion"},{"floor":8,"key":"Energy Potion"},{"floor":11,"key":"Poison Potion"},{"floor":13,"key":"Elixir"},{"floor":20,"key":"Adrenaline Potion"},{"floor":20,"key":"CultistPotion"},{"floor":22,"key":"Block Potion"},{"floor":25,"key":"PowerPotion"},{"floor":33,"key":"Strength Potion"}],"is_trial":false,"path_per_floor":["M","?","$","M","M","?","R","M","T","R","E","M","E","M","R","B",null,"M","$","?","M","M","E","R","M","T","$","?","R","M","$","R","B",null,"M","M","?","$","T","E","?","R","T","?","E"],"character_chosen":"THE_SILENT","items_purchased":["ReplayTheSpireMod:CursedCoin","Frozen Egg 2","Infinite Blades+1","Footwork+1","Bottled Tornado","Kunai","Backstab","Bronze Scales","Replay:BasicMightCard+1"],"campfire_rested":3,"item_purchase_floors":[0,0,0,0,0,19,27,38,38],"current_hp_per_floor":[34,34,34,34,32,25,46,44,44,65,45,45,42,42,42,42,70,52,52,52,52,52,48,48,48,48,48,48,48,48,48,48,48,70,52,52,24,24,31,4,4,27,27,27,0,0],"gold":289,"neow_bonus":"","is_daily":false,"chose_seed":false,"campfire_upgraded":4,"win_rate":0.0,"timestamp":1610345137,"path_taken":["M","?","$","?","M","?","R","M","T","R","E","M","E","M","R","BOSS","M","$","?","M","M","E","R","M","T","?","?","R","M","$","R","BOSS","M","M","?","$","?","E","?","R","T","?","E"],"items_purchased_type":["Relic","Relic","Card","Card","Relic","Relic","Card","Relic","Card"],"build_version":"2020-12-22","purchased_purges":2,"victory":false,"max_hp_per_floor":[70,70,70,70,70,70,70,70,70,70,70,70,70,70,70,70,70,70,70,70,70,70,70,70,70,70,70,70,70,70,70,70,70,70,70,70,70,70,77,77,77,77,77,77,77,77],"card_choices":[{"not_picked":["PiercingWail","Acrobatics"],"picked":"Infinite Blades+1","floor":1},{"not_picked":["ReplayTheSpireMod:Exploit Weakness","Deflect"],"picked":"Backflip","floor":4},{"not_picked":["Hidden Blade","Underhanded Strike","Reflex"],"picked":"SKIP","floor":5},{"not_picked":["Dagger Throw","Underhanded Strike"],"picked":"PiercingWail","floor":8},{"not_picked":["PiercingWail","Crippling Poison"],"picked":"ReplayTheSpireMod:Shiv Toss","floor":11},{"not_picked":["Fluid Movement+1","Acrobatics","Hidden Blade"],"picked":"SKIP","floor":12},{"not_picked":["Flying Knee","Backflip"],"picked":"Adrenaline","floor":13},{"not_picked":["Fluid Movement+1","Reflex","Backflip"],"picked":"SKIP","floor":14},{"not_picked":["Storm of Steel","A Thousand Cuts+1"],"picked":"Phantasmal Killer","floor":16},{"not_picked":["Flying Knee","PiercingWail+1"],"picked":"Dodge and Roll+1","floor":18},{"not_picked":["Deadly Poison","Expertise+1"],"picked":"Slice","floor":21},{"not_picked":["Dash","Flying Knee+1","Prepared+1"],"picked":"SKIP","floor":22},{"not_picked":["Deadly Poison","Acrobatics"],"picked":"Terror","floor":23},{"not_picked":["Choke","Toxin Wave"],"picked":"Cloak And Dagger+1","floor":25},{"not_picked":["Underhanded Strike","Bouncing Flask+1","Acrobatics"],"picked":"SKIP","floor":25},{"not_picked":["Prepared","Sucker Punch"],"picked":"hubris:SlightOfHand+1","floor":30},{"not_picked":["Dagger Spray","Sucker Punch","Escape Plan"],"picked":"SKIP","floor":30},{"not_picked":["Adrenaline","Wraith Form v2+1"],"picked":"Atom Bomb","floor":33},{"not_picked":["Draining Mist+1","Underhanded Strike+1","Quick Slash+1"],"picked":"SKIP","floor":35},{"not_picked":["Dagger Spray+1","Dodge and Roll+1","Night Terror"],"picked":"SKIP","floor":35},{"not_picked":["Sucker Punch","Underhanded Strike"],"picked":"Hidden Blade+1","floor":36},{"not_picked":["Infinite Blades+1","Dagger Spray"],"picked":"ReplayTheSpireMod:Scrap Shanks+1","floor":36},{"not_picked":["Prepared+1","Expertise"],"picked":"Dodge and Roll","floor":37},{"not_picked":["All Out Attack","Choke+1"],"picked":"Calculated Gamble+1","floor":40}],"player_experience":522440,"relics_obtained":[{"floor":9,"key":"Anchor"},{"floor":11,"key":"Byrd Skull"},{"floor":13,"key":"Happy Flower"},{"floor":23,"key":"Prayer Wheel"},{"floor":39,"key":"Strawberry"},{"floor":40,"key":"Turnip"},{"floor":43,"key":"Pet Ghost"}],"event_choices":[{"damage_healed":0,"gold_gain":0,"player_choice":"Rummage","damage_taken":0,"relics_obtained":["WarpedTongs"],"max_hp_gain":0,"max_hp_loss":0,"event_name":"Accursed Blacksmith","floor":2,"gold_loss":0,"cards_obtained":["Pain"]},{"damage_healed":0,"gold_gain":0,"player_choice":"Success","damage_taken":7,"relics_obtained":["Replay:PocketPolymizer"],"max_hp_gain":0,"max_hp_loss":0,"event_name":"Scrap Ooze","floor":6,"gold_loss":0},{"damage_healed":0,"gold_gain":0,"player_choice":"Got Potions","damage_taken":0,"max_hp_gain":0,"max_hp_loss":0,"event_name":"Lab","floor":20,"gold_loss":0},{"damage_healed":0,"gold_gain":0,"player_choice":"Ignored","damage_taken":0,"max_hp_gain":0,"max_hp_loss":0,"event_name":"OrinTheCat","floor":44,"gold_loss":0}],"is_beta":false,"boss_relics":[{"not_picked":["Coffee Dripper","Velvet Choker"],"picked":"SlaversCollar"},{"not_picked":["hubris:RunicObelisk","Tiny House"],"picked":"hubris:GrandSneckoEye"}],"items_purged_floors":[0,3],"is_endless":false,"potions_floor_spawned":[5,8,11,13,22,25,33],"killed_by":"Reptomancer","ascension_level":0}}