{"host":"cv77zuuuekizn3ic","time":1610335525,"event":{"mods":["AchievementEnabler","BaseMod","Marisa£®ÏF”Í°°ƒß¿Ì…≥£©","Minty Spire (QoL Compilation)","StSLib","Waifu the Spire","everything is the same but u backflip on backflip","slay the spire mod where everything is the same but ironclad has a cowboy hat"],"gold_per_floor":[114,128,140,140,159,159,192,242,311,311,325,336,206,226,226,305,305,323,340,340,340,117,117,151,151,223,223,254,269,58,58,58,137,137,148,148,161,173,185,215,215,65,65,79,123,13,42,42,42],"floor_reached":48,"playtime":3282,"items_purged":["Strike_R","Sever Soul","Fiend Fire","Disarm"],"score":1270,"play_id":"9991d6c3-5354-4cc9-9c1e-3a27874a351d","local_time":"20210111112525","is_ascension_mode":true,"campfire_choices":[{"data":"Havoc","floor":6.0,"key":"SMITH"},{"floor":10.0,"key":"REST"},{"data":"Warcry","floor":15.0,"key":"SMITH"},{"data":"Dual Wield","floor":23.0,"key":"SMITH"},{"data":"Burning Pact","floor":25.0,"key":"SMITH"},{"data":"Warcry","floor":27.0,"key":"SMITH"},{"data":"Dark Embrace","floor":32.0,"key":"SMITH"},{"floor":41.0,"key":"RECALL"}],"circlet_count":0,"master_deck":["AscendersBane","Dropkick","Inflame","Havoc+1","Ghostly Armor","Thunderclap","Warcry+1","Warcry+1","Impervious","Second Wind","Dropkick","Bloodletting","Power Through","Exhume","Dual Wield+1","Burning Pact+1","Evolve","Dropkick","Dark Embrace+1","Impervious","Rage","Seeing Red+1","Dark Embrace+1","Body Slam+1"],"relics":["Runic Pyramid","StoneCalendar","Pear","Pandora\u0027s Box","Blood Vial","WingedGreaves","SlaversCollar","Ancient Tea Set","Unceasing Top","CeramicFish","StrikeDummy"],"acts_visited":["Exordium","TheCity","TheBeyond"],"potions_floor_usage":[],"damage_taken":[{"damage":4.0,"enemies":"Jaw Worm","floor":1.0,"turns":6.0},{"damage":9.0,"enemies":"2 Louse","floor":2.0,"turns":2.0},{"damage":1.0,"enemies":"Cultist","floor":3.0,"turns":3.0},{"damage":5.0,"enemies":"Looter","floor":5.0,"turns":4.0},{"damage":25.0,"enemies":"Gremlin Nob","floor":7.0,"turns":4.0},{"damage":8.0,"enemies":"Blue Slaver","floor":11.0,"turns":3.0},{"damage":2.0,"enemies":"2 Fungi Beasts","floor":12.0,"turns":3.0},{"damage":2.0,"enemies":"Large Slime","floor":14.0,"turns":4.0},{"damage":3.0,"enemies":"The Guardian","floor":16.0,"turns":8.0},{"damage":7.0,"enemies":"2 Thieves","floor":18.0,"turns":4.0},{"damage":11.0,"enemies":"3 Byrds","floor":19.0,"turns":7.0},{"damage":31.0,"enemies":"Slavers","floor":24.0,"turns":7.0},{"damage":12.0,"enemies":"Gremlin Leader","floor":28.0,"turns":6.0},{"damage":6.0,"enemies":"Cultist and Chosen","floor":29.0,"turns":6.0},{"damage":2.0,"enemies":"Champ","floor":33.0,"turns":3.0},{"damage":3.0,"enemies":"Orb Walker","floor":35.0,"turns":5.0},{"damage":16.0,"enemies":"3 Darklings","floor":37.0,"turns":3.0},{"damage":9.0,"enemies":"Writhing Mass","floor":38.0,"turns":6.0},{"damage":5.0,"enemies":"Maw","floor":39.0,"turns":4.0},{"damage":0.0,"enemies":"Giant Head","floor":40.0,"turns":4.0},{"damage":3.0,"enemies":"Spire Growth","floor":44.0,"turns":3.0},{"damage":3.0,"enemies":"Nemesis","floor":45.0,"turns":3.0},{"damage":33.0,"enemies":"Reptomancer","floor":47.0,"turns":4.0},{"damage":11,"enemies":"Sphere and 2 Shapes","floor":48,"turns":3}],"seed_played":"-7098102118353197309","potions_obtained":[{"floor":3.0,"key":"EssenceOfSteel"},{"floor":7.0,"key":"Strength Potion"},{"floor":11.0,"key":"Energy Potion"},{"floor":12.0,"key":"DuplicationPotion"},{"floor":18.0,"key":"Ancient Potion"},{"floor":29.0,"key":"Block Potion"},{"floor":37.0,"key":"LiquidBronze"},{"floor":39.0,"key":"SteroidPotion"},{"floor":47.0,"key":"Block Potion"}],"is_trial":false,"path_per_floor":["M","M","M","?","M","R","E","?","T","R","M","M","$","M","R","B",null,"M","M","?","?","$","R","E","R","T","R","E","M","$","?","R","B",null,"M","?","M","M","M","E","R","$","T","M","E","?","E","M"],"character_chosen":"IRONCLAD","items_purchased":["Warcry","Evolve","Dropkick","Dark Embrace"],"campfire_rested":1,"item_purchase_floors":[13,22,22,30],"current_hp_per_floor":[64,55,54,31,26,26,1,1,11,36,28,26,26,24,24,21,69,62,51,51,51,51,51,20,20,20,20,10,6,6,6,6,6,65,64,64,50,43,40,42,42,42,42,41,40,40,9,0,0],"gold":42,"neow_bonus":"BOSS_RELIC","is_daily":false,"chose_seed":false,"campfire_upgraded":6,"win_rate":0.0,"timestamp":1610335525,"path_taken":["M","M","M","?","M","R","E","?","T","R","M","?","$","M","R","BOSS","M","M","?","?","$","R","E","R","T","R","E","M","$","?","R","BOSS","M","?","M","M","M","E","R","$","T","?","E","?","E","M"],"items_purchased_type":["Card","Card","Card","Card"],"build_version":"2020-12-22","purchased_purges":4,"victory":false,"max_hp_per_floor":[75,75,75,75,75,75,75,75,85,85,85,85,85,85,85,85,85,85,85,85,85,85,85,85,85,85,85,85,85,85,85,85,85,85,85,85,85,85,85,85,85,85,85,85,85,85,85,85,85],"card_choices":[{"not_picked":["Cleave","Uppercut"],"picked":"Dropkick","floor":1.0},{"not_picked":["Battle Trance","Cleave"],"picked":"Inflame","floor":2.0},{"not_picked":["Cleave","Clash"],"picked":"Havoc","floor":3.0},{"not_picked":["Power Through","Wild Strike"],"picked":"Sever Soul","floor":5.0},{"not_picked":["Limit Break","Wild Strike"],"picked":"Fiend Fire","floor":7.0},{"not_picked":["Flame Barrier","Headbutt"],"picked":"Ghostly Armor","floor":11.0},{"not_picked":["Metallicize","Infernal Blade"],"picked":"Thunderclap","floor":12.0},{"not_picked":["Reckless Charge","Intimidate"],"picked":"Warcry","floor":14.0},{"not_picked":["Immolate","Barricade"],"picked":"Impervious","floor":16.0},{"not_picked":["Shrug It Off","Shockwave","Anger"],"picked":"SKIP","floor":18.0},{"not_picked":["Cleave","True Grit","Clothesline"],"picked":"SKIP","floor":19.0},{"not_picked":["Intimidate","Heavy Blade","Headbutt"],"picked":"SKIP","floor":24.0},{"not_picked":["Headbutt","Brutality","Flex"],"picked":"SKIP","floor":28.0},{"not_picked":["Sword Boomerang","Flex","Heavy Blade"],"picked":"SKIP","floor":29.0},{"not_picked":["Exhume","Juggernaut"],"picked":"Impervious","floor":33.0},{"not_picked":["Iron Wave","Cleave"],"picked":"Rage","floor":35.0},{"not_picked":["Entrench+1","Blood for Blood+1","Anger"],"picked":"SKIP","floor":37.0},{"not_picked":["Shrug It Off+1","Searing Blow","Havoc+1"],"picked":"SKIP","floor":38.0},{"not_picked":["Twin Strike","Cleave","Heavy Blade"],"picked":"SKIP","floor":39.0},{"not_picked":["Shrug It Off","Fire Breathing"],"picked":"Seeing Red+1","floor":40.0},{"not_picked":["Power Through+1","Burning Pact"],"picked":"Dark Embrace+1","floor":44.0},{"not_picked":["Immolate","Sword Boomerang+1"],"picked":"Body Slam","floor":45.0},{"not_picked":["Disarm","Wild Strike","Havoc"],"picked":"SKIP","floor":47.0}],"player_experience":845082,"relics_obtained":[{"floor":7.0,"key":"StoneCalendar"},{"floor":9.0,"key":"Pear"},{"floor":24.0,"key":"Blood Vial"},{"floor":28.0,"key":"WingedGreaves"},{"floor":40.0,"key":"Ancient Tea Set"},{"floor":43.0,"key":"Unceasing Top"},{"floor":45.0,"key":"CeramicFish"},{"floor":47.0,"key":"StrikeDummy"}],"event_choices":[{"damage_healed":0.0,"max_hp_gain":0.0,"max_hp_loss":0.0,"gold_gain":0.0,"event_name":"Shining Light","player_choice":"Entered Light","floor":4.0,"gold_loss":0.0,"damage_taken":23.0,"cards_upgraded":["Strike_R","Defend_R"]},{"damage_healed":0.0,"max_hp_gain":0.0,"max_hp_loss":0.0,"gold_gain":50.0,"event_name":"Golden Shrine","player_choice":"Pray","floor":8.0,"gold_loss":0.0,"damage_taken":0.0},{"damage_healed":0.0,"max_hp_gain":0.0,"max_hp_loss":0.0,"gold_gain":0.0,"event_name":"The Library","player_choice":"Read","floor":20.0,"gold_loss":0.0,"damage_taken":0.0,"cards_obtained":["Burning Pact"]},{"cards_removed":["Bash"],"damage_healed":0.0,"max_hp_gain":0.0,"max_hp_loss":0.0,"gold_gain":0.0,"event_name":"Back to Basics","player_choice":"Elegance","floor":21.0,"gold_loss":0.0,"damage_taken":0.0},{"damage_healed":0.0,"max_hp_gain":0.0,"max_hp_loss":0.0,"gold_gain":0.0,"event_name":"SecretPortal","player_choice":"Ignored","floor":36.0,"gold_loss":0.0,"damage_taken":0.0},{"cards_removed":["Rampage"],"damage_healed":0.0,"max_hp_gain":0.0,"max_hp_loss":0.0,"gold_gain":0.0,"event_name":"Designer","player_choice":"Upgrade and Remove","floor":46.0,"gold_loss":110.0,"damage_taken":0.0,"cards_upgraded":["Body Slam"]}],"is_beta":false,"boss_relics":[{"not_picked":["Fusion Hammer","Coffee Dripper"],"picked":"Pandora\u0027s Box"},{"not_picked":["Astrolabe","Sozu"],"picked":"SlaversCollar"}],"items_purged_floors":[13,22,30,42],"is_endless":false,"potions_floor_spawned":[3,7,11,12,18,19,29,37,39,44,47],"killed_by":"Sphere and 2 Shapes","ascension_level":20}}