{"host":"sw0a5aops8cplklr","time":1610343735,"event":{"mods":["BaseMod","Colored Map","Minty Spire (QoL Compilation)","Replay The Spire","StSLib"],"gold_per_floor":[111,111,121,136,136,162,162,176,176,187,112,112,126,146,146,246,246,261,275,275,45,45,45,55,55,80,105,115,133,162,181,269,269,269],"floor_reached":33,"playtime":3062,"items_purged":["Strike_R","Strike_R"],"score":316,"play_id":"67eb0777-05c9-47e1-92ec-bea5af061f69","local_time":"20210111004215","is_ascension_mode":false,"campfire_choices":[{"data":"Rampage","floor":7,"key":"SMITH"},{"data":"Shrug It Off","floor":12,"key":"SMITH"},{"floor":15,"key":"DIG"},{"data":"Transmutation","floor":23,"key":"SMITH"},{"data":"Chrysalis","floor":25,"key":"SMITH"}],"circlet_count":0,"master_deck":["Strike_R+1","Strike_R+1","Defend_R","Defend_R","Defend_R","Defend_R","Anger","Rampage+1","Dropkick","Pommel Strike+1","Shrug It Off+1","Warcry","Headbutt","Panache","Transmutation+1","Chrysalis+1","Sickly","Anger","Seeing Red+1","ReplayTheSpireMod:Splinters","Seeing Red+1"],"relics":["Burning Blood","NeowsBlessing","ReplayTheSpireMod:Ninjato","Pantograph","Whetstone","Ring of Chaos","ReplayTheSpireMod:ShopPack","Ring of Misfortune","Nunchaku","Iron Hammer","Replay:Wax Seal","Ancient Tea Set"],"acts_visited":["Exordium","TheCity"],"potions_floor_usage":[16,24,30,33,33],"damage_taken":[{"damage":0,"enemies":"Small Slimes","floor":1,"turns":1},{"damage":0,"enemies":"Cultist","floor":3,"turns":1},{"damage":0,"enemies":"2 Louse","floor":4,"turns":1},{"damage":36,"enemies":"Lagavulin","floor":6,"turns":9},{"damage":7,"enemies":"Exordium Thugs","floor":8,"turns":6},{"damage":3,"enemies":"Lots of Slimes","floor":10,"turns":5},{"damage":6,"enemies":"Large Slime","floor":13,"turns":4},{"damage":2,"enemies":"Exordium Wildlife","floor":14,"turns":3},{"damage":44,"enemies":"The Guardian","floor":16,"turns":10},{"damage":24,"enemies":"Spheric Guardian","floor":18,"turns":6},{"damage":0,"enemies":"Chosen","floor":19,"turns":4},{"damage":18,"enemies":"Sentry and Sphere","floor":24,"turns":6},{"damage":0,"enemies":"Replay:Snechameleon","floor":27,"turns":9},{"damage":1,"enemies":"3 Cultists","floor":28,"turns":3},{"damage":1,"enemies":"Cultist and Chosen","floor":29,"turns":4},{"damage":39,"enemies":"Slavers","floor":30,"turns":4},{"damage":10,"enemies":"Snecko","floor":31,"turns":5},{"damage":47,"enemies":"Collector","floor":33,"turns":5}],"seed_played":"-8622926469521257749","potions_obtained":[{"floor":1,"key":"Weak Potion"},{"floor":6,"key":"Elixir"},{"floor":8,"key":"Weak Potion"},{"floor":14,"key":"DuplicationPotion"},{"floor":19,"key":"Milkshake"},{"floor":24,"key":"Elixir"},{"floor":28,"key":"AttackPotion"},{"floor":30,"key":"Toxic Potion"}],"is_trial":false,"path_per_floor":["M","?","M","M","?","E","R","M","T","M","$","R","M","M","R_BF","B",null,"M","M","?","$","?","R","M","R","T","E","M","M","E","M","R_BF","B"],"character_chosen":"IRONCLAD","items_purchased":["ReplayTheSpireMod:ShopPack"],"campfire_rested":0,"item_purchase_floors":[21],"current_hp_per_floor":[80,80,80,80,80,50,50,49,49,52,52,52,52,56,56,42,80,62,68,53,53,53,53,41,41,41,47,52,57,24,20,20,0,0],"gold":269,"neow_bonus":"THREE_ENEMY_KILL","is_daily":false,"chose_seed":false,"campfire_upgraded":4,"win_rate":0.0,"timestamp":1610343735,"path_taken":["M","?","?","M","?","E","R","M","T","M","?","R","M","M","R_BF","BOSS","M","?","?","$","?","R","M","R","T","E","M","M","E","M","R_BF","BOSS"],"items_purchased_type":["Relic"],"build_version":"2020-12-22","purchased_purges":2,"victory":false,"max_hp_per_floor":[80,80,80,80,80,80,80,80,80,80,80,80,80,80,80,80,80,80,80,85,85,85,85,85,85,85,85,85,85,85,85,85,85,85],"card_choices":[{"not_picked":["Infernal Blade","Twin Strike"],"picked":"Anger","floor":1},{"not_picked":["Burning Pact","Massacre"],"picked":"Rampage","floor":3},{"not_picked":["Infernal Blade","Perfected Strike"],"picked":"Dropkick","floor":4},{"not_picked":["Reckless Charge","Clash"],"picked":"Shrug It Off","floor":6},{"not_picked":["Metallicize","Pommel Strike"],"picked":"Warcry","floor":8},{"not_picked":["Clash","Power Through","Fire Breathing"],"picked":"SKIP","floor":10},{"not_picked":["Fiend Fire","Thunderclap","Intimidate"],"picked":"SKIP","floor":13},{"not_picked":["Clash","Searing Blow","Run Through"],"picked":"SKIP","floor":14},{"not_picked":["Armaments","Ghostly Armor","Iron Wave"],"picked":"SKIP","floor":18},{"not_picked":["Inflame","Life Link"],"picked":"Headbutt","floor":19},{"not_picked":["Thinking Ahead","Master of Strategy"],"picked":"Panache","floor":21},{"not_picked":["Mind Blast","Panacea"],"picked":"Transmutation","floor":21},{"not_picked":["Bandage Up","Mayhem"],"picked":"Chrysalis","floor":21},{"not_picked":["Clash","Flex"],"picked":"Anger","floor":24},{"not_picked":["Reckless Charge+1","Perfected Strike"],"picked":"Seeing Red+1","floor":27},{"not_picked":["Sword Boomerang","True Grit","Ghostly Armor"],"picked":"SKIP","floor":28},{"not_picked":["True Grit+1","Dark Embrace+1","Run Through"],"picked":"SKIP","floor":29},{"not_picked":["Clothesline","Armaments","Body Slam+1"],"picked":"SKIP","floor":30},{"not_picked":["Abandon+1","Replay:Many Hands","Run Through"],"picked":"SKIP","floor":31},{"not_picked":["Burning Pact","Reckless Charge"],"picked":"Seeing Red+1","floor":32}],"player_experience":10202,"relics_obtained":[{"floor":6,"key":"ReplayTheSpireMod:Ninjato"},{"floor":9,"key":"Pantograph"},{"floor":15,"key":"Whetstone"},{"floor":22,"key":"Ring of Misfortune"},{"floor":26,"key":"Nunchaku"},{"floor":27,"key":"Iron Hammer"},{"floor":30,"key":"Replay:Wax Seal"},{"floor":32,"key":"Ancient Tea Set"}],"event_choices":[{"cards_removed":["Bash"],"damage_healed":0,"gold_gain":0,"player_choice":"Purged","damage_taken":0,"max_hp_gain":0,"max_hp_loss":0,"event_name":"Purifier","floor":2,"gold_loss":0},{"damage_healed":0,"gold_gain":0,"player_choice":"Shed Blood","damage_taken":20,"max_hp_gain":5,"max_hp_loss":0,"event_name":"Forgotten Altar","floor":20,"gold_loss":0}],"is_beta":false,"boss_relics":[{"not_picked":["Ectoplasm","Snecko Eye"],"picked":"Ring of Chaos"}],"items_purged_floors":[11,21],"is_endless":false,"potions_floor_spawned":[1,6,8,14,19,24,28,30],"killed_by":"Collector","ascension_level":0}}