{"host":"ss2ocoam53r2lno0","time":1610369581,"event":{"mods":["Act Like it!","BaseMod","ChefMod","Clockwork Mod","Colored Powertips","Curses Come First","Dark Map","Displayed Cursed Tome","Downfall","Evolution","Googly Eyes","Hallownest","Highlight Path","Minty Spire (QoL Compilation)","Poor People Problems","Rare Cards Sparkle","Robot Space Explorer","Shade Mod","Shop Mod","Spicy Shops","StSLib","The Marked"],"gold_per_floor":[113,188,199,218,229,261,261,261,261],"floor_reached":8,"playtime":403,"items_purged":[],"score":61,"play_id":"f597d9b0-9ec7-4155-8d4f-73a8135d3f4c","local_time":"20210111135301","is_ascension_mode":true,"campfire_choices":[{"data":"Clockwork:RitualDaggerMk0","floor":7,"key":"SMITH"}],"circlet_count":0,"master_deck":["Clockwork:ForgeStrike","Clockwork:ForgeStrike","Clockwork:Strike","Clockwork:Strike","Clockwork:Shield","Clockwork:Shield","Clockwork:Shield","Clockwork:Shield","Clockwork:Tinker","Clockwork:WarmUp","Clockwork:Enhance","Clockwork:Roundhouse","Clockwork:LogisticRegression","Clockwork:Strangle","Clockwork:RitualDaggerMk0+1"],"relics":["Clockwork:MomentumEngine","EVO:Axolotl","NeowsBlessing","Orichalcum"],"acts_visited":["Exordium"],"potions_floor_usage":[8,8,8],"damage_taken":[{"damage":0,"enemies":"Small Slimes","floor":1,"turns":1},{"damage":0,"enemies":"2 Louse","floor":3,"turns":1},{"damage":0,"enemies":"Jaw Worm","floor":4,"turns":1},{"damage":33,"enemies":"Lots of Slimes","floor":5,"turns":6},{"damage":34,"enemies":"Gremlin Nob","floor":6,"turns":6},{"damage":9,"enemies":"3 Sentries","floor":8,"turns":4}],"seed_played":"1725316074822167845","potions_obtained":[{"floor":3,"key":"DuplicationPotion"},{"floor":5,"key":"champ:CounterPotion"},{"floor":6,"key":"champ:CounterPotion"}],"is_trial":false,"path_per_floor":["M","?","M","M","M","E","R","E"],"character_chosen":"CLOCKWORK","items_purchased":[],"campfire_rested":0,"item_purchase_floors":[],"current_hp_per_floor":[85,74,74,74,41,7,7,0,0],"gold":261,"neow_bonus":"THREE_ENEMY_KILL","is_daily":false,"chose_seed":false,"campfire_upgraded":1,"win_rate":0.0,"timestamp":1610369581,"path_taken":["M","?","M","M","M","E","R","E"],"items_purchased_type":[],"build_version":"2020-12-22","purchased_purges":0,"victory":false,"max_hp_per_floor":[85,85,85,85,85,85,85,85,85],"card_choices":[{"not_picked":["Clockwork:CogShield","Clockwork:SystemScan"],"picked":"Clockwork:Enhance","floor":1},{"not_picked":["Clockwork:SystemHardening","Clockwork:StasisBreak"],"picked":"Clockwork:Roundhouse","floor":3},{"not_picked":["Clockwork:CogBarrier","Clockwork:FalseStart"],"picked":"Clockwork:LogisticRegression","floor":4},{"not_picked":["Clockwork:ReserveSystems","Clockwork:SystemScan"],"picked":"Clockwork:Strangle","floor":5},{"not_picked":["Clockwork:Minimalism","Clockwork:CogShield"],"picked":"Clockwork:RitualDaggerMk0","floor":6}],"player_experience":662077,"relics_obtained":[{"floor":6,"key":"Orichalcum"}],"event_choices":[{"damage_healed":0,"gold_gain":75,"player_choice":"Gather Gold","damage_taken":11,"max_hp_gain":0,"max_hp_loss":0,"event_name":"World of Goop","floor":2,"gold_loss":0}],"is_beta":false,"boss_relics":[],"items_purged_floors":[],"is_endless":false,"potions_floor_spawned":[3,5,6],"killed_by":"3 Sentries","ascension_level":1}}