{"host":"ELF","time":1610346902,"event":{"mods":["BaseMod","Minty Spire (QoL Compilation)"],"gold_per_floor":[116,76,89,99,126,126,156,175,175,206,206,235,235,245,245,317,317,331,341,21,32,32,32,32,32],"floor_reached":24,"playtime":1221,"items_purged":["Strike_G"],"score":482,"play_id":"109b5315-97d5-4d93-86df-5e2f559fe369","local_time":"20210111003502","is_ascension_mode":true,"campfire_choices":[{"data":"Dash","floor":6,"key":"SMITH"},{"floor":11,"key":"REST"},{"data":"Catalyst","floor":15,"key":"SMITH"},{"floor":23,"key":"REST"}],"circlet_count":0,"master_deck":["AscendersBane","Strike_G","Strike_G","Strike_G","Defend_G","Defend_G","Defend_G","Defend_G","Defend_G","Survivor","Neutralize","Dash+1","Crippling Poison","Masterful Stab","Bane","Terror","Caltrops","Acrobatics","Catalyst+1","After Image","Calculated Gamble","Dash+1","Acrobatics"],"relics":["Ring of the Snake","NeowsBlessing","Anchor","Juzu Bracelet","Pocketwatch","Smiling Mask","White Beast Statue","Philosopher\u0027s Stone","Bottled Flame"],"acts_visited":["Exordium","TheCity"],"potions_floor_usage":[7,16,18,19,21],"damage_taken":[{"damage":0,"enemies":"Small Slimes","floor":1,"turns":1},{"damage":0,"enemies":"Cultist","floor":3,"turns":1},{"damage":0,"enemies":"2 Louse","floor":4,"turns":1},{"damage":18,"enemies":"Gremlin Nob","floor":7,"turns":4},{"damage":0,"enemies":"2 Fungi Beasts","floor":8,"turns":3},{"damage":2,"enemies":"3 Sentries","floor":10,"turns":9},{"damage":0,"enemies":"Gremlin Nob","floor":12,"turns":3},{"damage":0,"enemies":"Blue Slaver","floor":14,"turns":4},{"damage":8,"enemies":"The Guardian","floor":16,"turns":8},{"damage":6,"enemies":"2 Thieves","floor":18,"turns":4},{"damage":27,"enemies":"Shell Parasite","floor":19,"turns":6},{"damage":14,"enemies":"Shelled Parasite and Fungi","floor":21,"turns":3},{"damage":43,"enemies":"Gremlin Leader","floor":24,"turns":5}],"seed_played":"6528373892006108920","potions_obtained":[{"floor":2,"key":"PowerPotion"},{"floor":2,"key":"FearPotion"},{"floor":8,"key":"Poison Potion"},{"floor":16,"key":"SkillPotion"},{"floor":18,"key":"BlessingOfTheForge"},{"floor":19,"key":"CunningPotion"},{"floor":21,"key":"BlessingOfTheForge"}],"is_trial":false,"path_per_floor":["M","?","M","M","T","R","E","M","T","E","R","E","?","M","R","B",null,"M","M","$","M","?","R","E"],"character_chosen":"THE_SILENT","items_purchased":["Bottled Flame"],"campfire_rested":2,"item_purchase_floors":[20],"current_hp_per_floor":[59,59,59,59,59,59,41,41,41,39,58,58,51,51,51,43,60,54,27,27,13,13,32,0,0],"gold":32,"neow_bonus":"THREE_ENEMY_KILL","is_daily":false,"chose_seed":false,"campfire_upgraded":2,"win_rate":0.0,"timestamp":1610346902,"path_taken":["M","?","?","M","?","R","E","M","T","E","R","E","?","M","R","BOSS","M","M","$","M","?","R","E"],"items_purchased_type":["Relic"],"build_version":"2020-12-18","purchased_purges":1,"victory":false,"max_hp_per_floor":[66,66,66,66,66,66,66,66,66,66,66,66,66,66,66,66,66,66,66,66,66,66,66,66,66],"card_choices":[{"not_picked":["Quick Slash","Flechettes"],"picked":"Dash","floor":1},{"not_picked":["Deflect","Blade Dance"],"picked":"Crippling Poison","floor":3},{"not_picked":["Flechettes","Flying Knee"],"picked":"Masterful Stab","floor":4},{"not_picked":["Finisher","Slice"],"picked":"Bane","floor":7},{"not_picked":["Quick Slash","Bane"],"picked":"Terror","floor":8},{"not_picked":["Outmaneuver","Concentrate"],"picked":"Caltrops","floor":10},{"not_picked":["Deflect","Terror"],"picked":"Acrobatics","floor":12},{"not_picked":["PiercingWail","Deadly Poison"],"picked":"Catalyst","floor":14},{"not_picked":["Malaise","Grand Finale"],"picked":"After Image","floor":16},{"not_picked":["Underhanded Strike","Choke"],"picked":"Calculated Gamble","floor":18},{"not_picked":["Backflip","Escape Plan"],"picked":"Dash+1","floor":19},{"not_picked":["Prepared","Blade Dance"],"picked":"Acrobatics","floor":21}],"player_experience":3169857,"relics_obtained":[{"floor":5,"key":"Anchor"},{"floor":7,"key":"Juzu Bracelet"},{"floor":9,"key":"Pocketwatch"},{"floor":10,"key":"Smiling Mask"},{"floor":12,"key":"White Beast Statue"}],"event_choices":[{"damage_healed":0,"gold_gain":0,"player_choice":"Bought 3 Potions","damage_taken":0,"max_hp_gain":0,"max_hp_loss":0,"event_name":"The Woman in Blue","floor":2,"gold_loss":0},{"cards_removed":["Strike_G"],"damage_healed":0,"gold_gain":0,"player_choice":"Card Removal","damage_taken":7,"max_hp_gain":0,"max_hp_loss":0,"event_name":"Golden Wing","floor":13,"gold_loss":0},{"damage_healed":0,"gold_gain":0,"player_choice":"Ignored","damage_taken":0,"max_hp_gain":0,"max_hp_loss":0,"event_name":"Ghosts","floor":22,"gold_loss":0}],"is_beta":true,"boss_relics":[{"not_picked":["Ectoplasm","Ring of the Serpent"],"picked":"Philosopher\u0027s Stone"}],"items_purged_floors":[20],"is_endless":false,"potions_floor_spawned":[3,8,10,12,14,16,18,19,21],"killed_by":"Gremlin Leader","ascension_level":20}}