{"host":"2se5dq1do2gp0x9k","time":1610347992,"event":{"mods":["AchievementEnabler","BaseMod","Block Reminder","Colored Map","Colored Powertips","Minty Spire (QoL Compilation)","Relic Stats","StSLib","SuperFastMode"],"gold_per_floor":[116,0,16,16,29,29,29,64,135,135,135,158,158,198,198,198,198],"floor_reached":16,"playtime":446,"items_purged":[],"score":194,"play_id":"073c81ee-0e40-44cc-9c79-0ce71719f95f","local_time":"20210110225312","is_ascension_mode":true,"campfire_choices":[{"data":"CrushJoints","floor":6.0,"key":"SMITH"},{"floor":11.0,"key":"REST"},{"floor":15,"key":"REST"}],"circlet_count":0,"master_deck":["AscendersBane","Strike_P","Strike_P","Strike_P","Defend_P","Defend_P","Defend_P","Defend_P","Eruption","Vigilance","FlurryOfBlows","MentalFortress","FlyingSleeves","CrushJoints+1","TalkToTheHand","JustLucky","Wallop","Consecrate","DevaForm","EmptyMind"],"relics":["PureWater","NeowsBlessing","Dream Catcher","Ornamental Fan","Golden Idol","Girya"],"acts_visited":["Exordium"],"potions_floor_usage":[16],"damage_taken":[{"damage":0.0,"enemies":"Small Slimes","floor":1.0,"turns":1.0},{"damage":0.0,"enemies":"Cultist","floor":3.0,"turns":1.0},{"damage":0.0,"enemies":"Jaw Worm","floor":5.0,"turns":1.0},{"damage":53.0,"enemies":"Gremlin Nob","floor":8.0,"turns":4.0},{"damage":13.0,"enemies":"Exordium Thugs","floor":12.0,"turns":4.0},{"damage":20.0,"enemies":"3 Sentries","floor":14.0,"turns":11.0},{"damage":36,"enemies":"The Guardian","floor":16,"turns":15}],"seed_played":"1906753779543390001","potions_obtained":[{"floor":12.0,"key":"Block Potion"},{"floor":14.0,"key":"Swift Potion"}],"is_trial":false,"path_per_floor":["M","$","M","?","M","R","?","E","T","?","R","M","?","E","R","B"],"character_chosen":"WATCHER","items_purchased":["MentalFortress","FlyingSleeves"],"campfire_rested":2,"item_purchase_floors":[2,2],"current_hp_per_floor":[61,61,61,61,61,61,61,8,8,8,26,13,33,13,31,0,0],"gold":198,"neow_bonus":"THREE_ENEMY_KILL","is_daily":false,"chose_seed":false,"campfire_upgraded":1,"win_rate":0.0,"timestamp":1610347992,"path_taken":["M","$","M","?","?","R","?","E","T","?","R","M","?","E","R","BOSS"],"items_purchased_type":["Card","Card"],"build_version":"2020-12-22","purchased_purges":0,"victory":false,"max_hp_per_floor":[68,68,68,68,68,68,68,68,68,62,62,62,62,62,62,62,62],"relic_stats":{"Dream Catcher":2,"counters":[7,37],"Ornamental Fan":[36],"Golden Idol":13,"obtain_stats":[{"Girya":14,"Dream Catcher":8,"NeowsBlessing":0,"Ornamental Fan":9,"Golden Idol":10,"PureWater":0},{"Girya":6,"Dream Catcher":4,"NeowsBlessing":0,"Ornamental Fan":4,"Golden Idol":4,"PureWater":0},{"Girya":22,"Dream Catcher":7,"NeowsBlessing":0,"Ornamental Fan":7,"Golden Idol":7,"PureWater":0}]},"card_choices":[{"not_picked":["Protect","Halt"],"picked":"FlurryOfBlows","floor":1.0},{"not_picked":["WreathOfFlame","ClearTheMind"],"picked":"CrushJoints","floor":3.0},{"not_picked":["Perseverance","LikeWater"],"picked":"TalkToTheHand","floor":5.0},{"not_picked":["CrushJoints","Fasting2"],"picked":"JustLucky","floor":8.0},{"not_picked":["SignatureMove","Pray"],"picked":"Wallop","floor":11.0},{"not_picked":["ReachHeaven","Collect"],"picked":"Consecrate","floor":12.0},{"not_picked":["Swivel","Protect"],"picked":"DevaForm","floor":14.0},{"not_picked":["Pray","Crescendo"],"picked":"EmptyMind","floor":15}],"player_experience":3833704,"relics_obtained":[{"floor":8.0,"key":"Dream Catcher"},{"floor":9.0,"key":"Ornamental Fan"},{"floor":14.0,"key":"Girya"}],"event_choices":[{"cards_removed":["Strike_P"],"damage_healed":0.0,"max_hp_gain":0.0,"max_hp_loss":0.0,"gold_gain":0.0,"event_name":"Purifier","player_choice":"Purged","floor":4.0,"gold_loss":0.0,"damage_taken":0.0},{"damage_healed":0.0,"max_hp_gain":0.0,"max_hp_loss":0.0,"gold_gain":0.0,"event_name":"Liars Game","player_choice":"Ignored","floor":7.0,"gold_loss":0.0,"damage_taken":0.0},{"damage_healed":0.0,"max_hp_gain":0.0,"max_hp_loss":6.0,"gold_gain":0.0,"event_name":"Golden Idol","player_choice":"Lose Max HP","floor":10.0,"gold_loss":0.0,"damage_taken":0.0,"relics_obtained":["Golden Idol"]},{"damage_healed":20.0,"max_hp_gain":0.0,"max_hp_loss":0.0,"gold_gain":0.0,"event_name":"Big Fish","player_choice":"Banana","floor":13.0,"gold_loss":0.0,"damage_taken":0.0}],"is_beta":false,"boss_relics":[],"items_purged_floors":[],"is_endless":false,"potions_floor_spawned":[12,14],"killed_by":"The Guardian","ascension_level":16}}