{"host":"h4390p13uu6iw1q5","time":1610329997,"event":{"mods":["BaseMod","Colored Map","Minty Spire (QoL Compilation)"],"gold_per_floor":[114,129,204,219,18,18,48,48,98,113,38,38,53,53,53,153,153,168,183,98,113,13,28,43,58,108,138,138,168,168,183,183,283,283,298,298,49,64,64,64,94,94,94,144,156,156,171,501,501,501,501],"floor_reached":50,"playtime":2360,"items_purged":["Strike_R","Strike_R","Defend_R"],"score":590,"play_id":"0eff4326-36cc-44d7-9879-eb8a2e6906dd","local_time":"20210110205317","daily_mods":["Allstar","ControlledChaos","Lethality"],"is_ascension_mode":false,"campfire_choices":[{"data":"Apotheosis","floor":6,"key":"SMITH"},{"data":"Mayhem","floor":8,"key":"SMITH"},{"data":"Bash","floor":12,"key":"SMITH"},{"data":"Panacea","floor":15,"key":"SMITH"},{"floor":30,"key":"REST"},{"floor":32,"key":"REST"},{"floor":40,"key":"REST"},{"floor":42,"key":"REST"},{"floor":46,"key":"REST"},{"floor":49,"key":"REST"}],"circlet_count":0,"master_deck":["Strike_R","Strike_R","Strike_R","Defend_R","Defend_R","Defend_R","Bash+1","Mayhem+1","Panacea+1","Apotheosis+1","Good Instincts","Metamorphosis","Sword Boomerang","Metallicize","Flex","Shrug It Off","Twin Strike","Power Through","Limit Break","Intimidate+1","Twin Strike","Heavy Blade","Immolate","Power Through","Decay","Ghostly Armor","Juggernaut+1","Shrug It Off","True Grit+1","Panache+1","Sword Boomerang+1"],"relics":["Black Blood","Frozen Eye","Lantern","Magic Flower","Potion Belt","Fusion Hammer","Sundial","Akabeko","Frozen Egg 2","Pen Nib","StrikeDummy","Juzu Bracelet","Pear","Unceasing Top","Champion Belt","Old Coin"],"acts_visited":["Exordium","TheCity","TheBeyond"],"potions_floor_usage":[16,16,19,21,27,29,41,50,50],"damage_taken":[{"damage":3,"enemies":"Jaw Worm","floor":1,"turns":3},{"damage":13,"enemies":"2 Louse","floor":2,"turns":3},{"damage":3,"enemies":"Small Slimes","floor":4,"turns":3},{"damage":31,"enemies":"Gremlin Nob","floor":7,"turns":4},{"damage":5,"enemies":"Red Slaver","floor":10,"turns":2},{"damage":5,"enemies":"Looter","floor":13,"turns":2},{"damage":35,"enemies":"Hexaghost","floor":16,"turns":7},{"damage":0,"enemies":"Chosen","floor":18,"turns":4},{"damage":18,"enemies":"3 Byrds","floor":19,"turns":5},{"damage":11,"enemies":"Snake Plant","floor":21,"turns":4},{"damage":8,"enemies":"Chosen and Byrds","floor":23,"turns":4},{"damage":15,"enemies":"Shelled Parasite and Fungi","floor":24,"turns":4},{"damage":17,"enemies":"Sentry and Sphere","floor":25,"turns":4},{"damage":19,"enemies":"Book of Stabbing","floor":27,"turns":3},{"damage":14,"enemies":"Gremlin Leader","floor":29,"turns":6},{"damage":13,"enemies":"Snecko","floor":31,"turns":3},{"damage":28,"enemies":"Automaton","floor":33,"turns":6},{"damage":0,"enemies":"3 Shapes","floor":35,"turns":1},{"damage":14,"enemies":"3 Darklings","floor":38,"turns":4},{"damage":3,"enemies":"Reptomancer","floor":41,"turns":5},{"damage":0,"enemies":"Mind Bloom Boss Battle","floor":44,"turns":4},{"damage":39,"enemies":"2 Orb Walkers","floor":45,"turns":4},{"damage":0,"enemies":"Jaw Worm Horde","floor":47,"turns":3},{"damage":7,"enemies":"Nemesis","floor":48,"turns":6},{"damage":129,"enemies":"Time Eater","floor":50,"turns":8}],"seed_played":"2608465768335268498","potions_obtained":[{"floor":2,"key":"GamblersBrew"},{"floor":4,"key":"DuplicationPotion"},{"floor":7,"key":"Regen Potion"},{"floor":19,"key":"SkillPotion"},{"floor":24,"key":"Strength Potion"},{"floor":25,"key":"ElixirPotion"},{"floor":33,"key":"Strength Potion"},{"floor":41,"key":"BloodPotion"},{"floor":48,"key":"DuplicationPotion"}],"is_trial":false,"path_per_floor":["M","M","?","M","$","R","E","R","T","M","$","R","M","?","R","B",null,"M","M","?","M","$","M","M","M","T","E","?","E","R","M","R","B",null,"M","T","$","M","?","R","E","R","T","?","?","R","M","E","R","B"],"character_chosen":"IRONCLAD","items_purchased":["Lantern","Shrug It Off","Shrug It Off","LiquidMemories"],"campfire_rested":6,"item_purchase_floors":[5,5,37,37],"current_hp_per_floor":[80,73,62,65,65,65,40,40,40,44,44,44,48,53,53,49,85,85,76,76,74,74,75,69,61,61,51,51,46,71,67,85,66,85,85,85,85,85,85,85,85,85,95,95,74,95,95,95,95,0,0],"gold":501,"neow_bonus":"","is_daily":true,"chose_seed":false,"campfire_upgraded":4,"win_rate":0.0,"timestamp":1610329997,"path_taken":["M","M","?","M","$","R","E","R","T","M","$","R","M","?","R","BOSS","M","M","?","M","$","M","M","M","T","E","?","E","R","M","R","BOSS","M","?","$","M","?","R","E","R","T","?","?","R","M","E","R","BOSS"],"items_purchased_type":["Relic","Card","Card","Potion"],"build_version":"2020-12-22","purchased_purges":3,"victory":false,"max_hp_per_floor":[80,80,80,80,80,80,80,80,80,80,80,80,80,85,85,85,85,85,85,85,85,85,85,85,85,85,85,85,85,85,85,85,85,85,85,85,85,85,85,85,85,85,95,95,95,95,95,95,95,95,95],"card_choices":[{"not_picked":["Anger","Warcry"],"picked":"Sword Boomerang","floor":1},{"not_picked":["Warcry","Headbutt"],"picked":"Metallicize","floor":2},{"not_picked":["Cleave","Intimidate"],"picked":"Flex","floor":4},{"not_picked":["Evolve","Metallicize"],"picked":"Twin Strike","floor":7},{"not_picked":["Body Slam","Iron Wave"],"picked":"Power Through","floor":10},{"not_picked":["Anger","True Grit","Second Wind"],"picked":"SKIP","floor":13},{"not_picked":["Exhume","Bludgeon"],"picked":"Limit Break","floor":16},{"not_picked":["Thunderclap","Clash"],"picked":"Intimidate+1","floor":18},{"not_picked":["Body Slam","Flex","Twin Strike"],"picked":"SKIP","floor":19},{"not_picked":["Body Slam","Headbutt"],"picked":"Twin Strike","floor":21},{"not_picked":["Headbutt+1","Dark Embrace"],"picked":"Heavy Blade","floor":23},{"not_picked":["Pommel Strike","Body Slam"],"picked":"Immolate","floor":24},{"not_picked":["Havoc","Armaments","True Grit"],"picked":"SKIP","floor":25},{"not_picked":["Uppercut","Cleave"],"picked":"Power Through","floor":27},{"not_picked":["Twin Strike","Armaments"],"picked":"Ghostly Armor","floor":29},{"not_picked":["Warcry","Sword Boomerang+1","Clothesline+1"],"picked":"SKIP","floor":31},{"not_picked":["Impervious","Fiend Fire"],"picked":"Juggernaut+1","floor":33},{"not_picked":["Twin Strike+1","Carnage+1","Evolve+1"],"picked":"SKIP","floor":35},{"not_picked":["Thunderclap","Cleave+1"],"picked":"True Grit+1","floor":38},{"not_picked":["Purity","Dramatic Entrance"],"picked":"Panache+1","floor":39},{"not_picked":["Armaments","Clothesline"],"picked":"Sword Boomerang+1","floor":41},{"not_picked":["Combust+1","Dropkick+1","Clothesline+1"],"picked":"SKIP","floor":47},{"not_picked":["Headbutt","Wild Strike","Havoc+1"],"picked":"SKIP","floor":48}],"player_experience":2432169,"relics_obtained":[{"floor":7,"key":"Magic Flower"},{"floor":9,"key":"Potion Belt"},{"floor":26,"key":"Akabeko"},{"floor":27,"key":"Frozen Egg 2"},{"floor":29,"key":"Pen Nib"},{"floor":36,"key":"StrikeDummy"},{"floor":41,"key":"Juzu Bracelet"},{"floor":43,"key":"Pear"},{"floor":44,"key":"Unceasing Top"},{"floor":45,"key":"Champion Belt"},{"floor":48,"key":"Old Coin"}],"event_choices":[{"damage_healed":0,"gold_gain":75,"player_choice":"Gather Gold","damage_taken":11,"max_hp_gain":0,"max_hp_loss":0,"event_name":"World of Goop","floor":3,"gold_loss":0},{"damage_healed":0,"gold_gain":0,"player_choice":"Donut","damage_taken":0,"max_hp_gain":5,"max_hp_loss":0,"event_name":"Big Fish","floor":14,"gold_loss":0},{"damage_healed":0,"gold_gain":0,"player_choice":"Obtained Relic","damage_taken":0,"relics_obtained":["Sundial"],"max_hp_gain":0,"max_hp_loss":0,"event_name":"Addict","floor":20,"gold_loss":85},{"damage_healed":0,"gold_gain":0,"player_choice":"Cursed","damage_taken":0,"max_hp_gain":0,"max_hp_loss":0,"event_name":"Wheel of Change","floor":28,"gold_loss":0,"cards_obtained":["Decay"]},{"damage_healed":0,"gold_gain":0,"player_choice":"Memory 1","damage_taken":0,"max_hp_gain":0,"max_hp_loss":0,"event_name":"SensoryStone","floor":39,"gold_loss":0},{"damage_healed":0,"gold_gain":0,"player_choice":"Fight","damage_taken":0,"max_hp_gain":0,"max_hp_loss":0,"event_name":"MindBloom","floor":44,"gold_loss":0},{"damage_healed":0,"gold_gain":0,"player_choice":"Fight","damage_taken":0,"max_hp_gain":0,"max_hp_loss":0,"event_name":"Mysterious Sphere","floor":45,"gold_loss":0}],"is_beta":false,"boss_relics":[{"not_picked":["Runic Dome","Calling Bell"],"picked":"Fusion Hammer"},{"not_picked":["Sozu","Velvet Choker"],"picked":"Black Blood"}],"items_purged_floors":[11,22,37],"is_endless":false,"potions_floor_spawned":[2,4,7,19,24,25,33,41,48],"killed_by":"Time Eater","ascension_level":0}}