{"host":"u7lm8z2rvb4dg2oo","time":1610342577,"event":{"mods":["AchievementEnabler","BaseMod","Colored Map","Colored Powertips","Curses Come First","Googly Eyes","Highlight Path","Minty Spire (QoL Compilation)","Quick Restart","StSLib"],"gold_per_floor":[112,187,32,32,32,57,69,69,369,369,400,400,425,350,350,446,446,460,478,148,160,160,193,193,212,238,248,281,294,294,329,329,424,424,441,441,457,303,320,320,320],"floor_reached":40,"playtime":2189,"items_purged":[],"score":560,"play_id":"7c4ac94e-acd8-4694-a75f-a47b0a2ccdeb","local_time":"20210111002257","is_ascension_mode":true,"campfire_choices":[{"data":"Dagger Spray","floor":8.0,"key":"SMITH"},{"data":"Quick Slash","floor":10.0,"key":"SMITH"},{"data":"Footwork","floor":15.0,"key":"SMITH"},{"data":"Envenom","floor":24.0,"key":"SMITH"},{"floor":30.0,"key":"REST"},{"floor":32.0,"key":"REST"}],"circlet_count":0,"master_deck":["Survivor","Neutralize","Quick Slash+1","Dagger Spray+1","Slice+1","Footwork+1","Blur","Envenom+1","Sucker Punch","Crippling Poison","Deadly Poison","After Image","Riddle With Holes","Caltrops","Riddle With Holes","Cloak And Dagger","Infinite Blades","Blur","Footwork","Poisoned Stab","Catalyst","Noxious Fumes","Endless Agony","A Thousand Cuts","Bane"],"relics":["Ring of the Snake","NeowsBlessing","TwistedFunnel","Lantern","WingedGreaves","Old Coin","Whetstone","Ancient Tea Set","Pandora\u0027s Box","Toy Ornithopter","Potion Belt","Orichalcum","Centennial Puzzle","StoneCalendar","Boot","WristBlade","Art of War","Nunchaku"],"acts_visited":["Exordium","TheCity","TheBeyond"],"potions_floor_usage":[39,40],"damage_taken":[{"damage":0.0,"enemies":"2 Louse","floor":1.0,"turns":1.0},{"damage":0.0,"enemies":"Gremlin Nob","floor":6.0,"turns":1.0},{"damage":0.0,"enemies":"Small Slimes","floor":7.0,"turns":1.0},{"damage":8.0,"enemies":"3 Sentries","floor":11.0,"turns":6.0},{"damage":13.0,"enemies":"Gremlin Nob","floor":13.0,"turns":4.0},{"damage":56.0,"enemies":"Hexaghost","floor":16.0,"turns":17.0},{"damage":6.0,"enemies":"3 Byrds","floor":18.0,"turns":4.0},{"damage":10.0,"enemies":"Shell Parasite","floor":19.0,"turns":6.0},{"damage":19.0,"enemies":"Cultist and Chosen","floor":21.0,"turns":7.0},{"damage":8.0,"enemies":"Gremlin Leader","floor":23.0,"turns":7.0},{"damage":13.0,"enemies":"Shelled Parasite and Fungi","floor":25.0,"turns":6.0},{"damage":0.0,"enemies":"Snecko","floor":27.0,"turns":4.0},{"damage":27.0,"enemies":"Slavers","floor":28.0,"turns":7.0},{"damage":2.0,"enemies":"Centurion and Healer","floor":29.0,"turns":5.0},{"damage":14.0,"enemies":"Gremlin Leader","floor":31.0,"turns":5.0},{"damage":11.0,"enemies":"Collector","floor":33.0,"turns":7.0},{"damage":9.0,"enemies":"3 Shapes","floor":35.0,"turns":3.0},{"damage":17.0,"enemies":"Orb Walker","floor":37.0,"turns":3.0},{"damage":19,"enemies":"4 Shapes","floor":39,"turns":6},{"damage":80,"enemies":"Nemesis","floor":40,"turns":5}],"seed_played":"19989182711405679","potions_obtained":[{"floor":6.0,"key":"EssenceOfSteel"},{"floor":7.0,"key":"GamblersBrew"},{"floor":16.0,"key":"BlessingOfTheForge"},{"floor":18.0,"key":"Dexterity Potion"},{"floor":21.0,"key":"FearPotion"},{"floor":25.0,"key":"LiquidBronze"},{"floor":31.0,"key":"SteroidPotion"},{"floor":33.0,"key":"SpeedPotion"},{"floor":37.0,"key":"Dexterity Potion"}],"is_trial":false,"path_per_floor":["M","?","$","?","?","E","M","R","T","R","E","?","E","$","R","B",null,"M","M","$","M","?","E","R","M","T","M","E","M","R","E","R","B",null,"M","T","M","$","M","E"],"character_chosen":"THE_SILENT","items_purchased":["TwistedFunnel","Blur","Footwork","Toy Ornithopter","Potion Belt","Nunchaku"],"campfire_rested":2,"item_purchase_floors":[3,14,20,20,20,38],"current_hp_per_floor":[70,59,59,59,52,52,52,52,52,52,44,80,67,67,67,11,80,74,64,64,45,39,36,36,28,28,28,11,9,33,19,43,32,80,71,71,54,54,40,0,0],"gold":320,"neow_bonus":"THREE_ENEMY_KILL","is_daily":false,"chose_seed":false,"campfire_upgraded":4,"win_rate":0.0,"timestamp":1610342577,"path_taken":["M","?","$","?","?","E","M","R","T","R","E","?","E","$","R","BOSS","M","M","$","M","?","E","R","M","T","M","E","M","R","E","R","BOSS","M","?","M","$","M","E"],"items_purchased_type":["Relic","Card","Card","Relic","Relic","Relic"],"build_version":"2020-12-22","purchased_purges":0,"victory":false,"max_hp_per_floor":[70,70,70,70,70,70,70,70,70,70,70,80,80,80,80,80,80,80,80,80,80,80,80,80,80,80,80,80,80,80,80,80,80,80,80,80,80,80,80,80,80],"card_choices":[{"not_picked":["Prepared","Flying Knee","Backflip"],"picked":"SKIP","floor":1.0},{"not_picked":["Outmaneuver","Prepared"],"picked":"Dagger Spray","floor":6.0},{"not_picked":["Well Laid Plans","Catalyst"],"picked":"Slice","floor":7.0},{"not_picked":["Flechettes","Deflect"],"picked":"Wraith Form v2","floor":11.0},{"not_picked":["Cloak And Dagger","Skewer"],"picked":"Footwork","floor":13.0},{"not_picked":["Die Die Die","After Image"],"picked":"Envenom","floor":16.0},{"not_picked":["Calculated Gamble","Accuracy","Flying Knee"],"picked":"SKIP","floor":18.0},{"not_picked":["Escape Plan+1","Deadly Poison+1"],"picked":"Blur","floor":19.0},{"not_picked":["Dodge and Roll","Dagger Throw","Acrobatics"],"picked":"SKIP","floor":21.0},{"not_picked":["Escape Plan","Heel Hook"],"picked":"Poisoned Stab","floor":23.0},{"not_picked":["Eviscerate","Slice"],"picked":"Catalyst","floor":25.0},{"not_picked":["Prepared","Deadly Poison"],"picked":"Noxious Fumes","floor":27.0},{"not_picked":["Underhanded Strike","Sucker Punch+1","Expertise"],"picked":"SKIP","floor":28.0},{"not_picked":["Deflect","Slice"],"picked":"Endless Agony","floor":29.0},{"not_picked":["Expertise","Deadly Poison","Malaise"],"picked":"SKIP","floor":31.0},{"not_picked":["Storm of Steel","Bullet Time"],"picked":"A Thousand Cuts","floor":33.0},{"not_picked":["Sucker Punch+1","PiercingWail+1","Dagger Throw"],"picked":"SKIP","floor":35.0},{"not_picked":["Prepared","Quick Slash+1"],"picked":"Bane","floor":37.0},{"not_picked":["Deadly Poison+1","Outmaneuver+1","Predator"],"picked":"SKIP","floor":39},{"not_picked":["Deadly Poison+1","Outmaneuver+1","Predator"],"picked":"SKIP","floor":39}],"player_experience":937296,"relics_obtained":[{"floor":6.0,"key":"WingedGreaves"},{"floor":9.0,"key":"Old Coin"},{"floor":11.0,"key":"Whetstone"},{"floor":13.0,"key":"Ancient Tea Set"},{"floor":23.0,"key":"Orichalcum"},{"floor":26.0,"key":"Centennial Puzzle"},{"floor":28.0,"key":"StoneCalendar"},{"floor":31.0,"key":"Boot"},{"floor":36.0,"key":"Art of War"}],"event_choices":[{"damage_healed":0.0,"max_hp_gain":0.0,"max_hp_loss":0.0,"gold_gain":75.0,"event_name":"World of Goop","player_choice":"Gather Gold","floor":2.0,"gold_loss":0.0,"damage_taken":11.0},{"damage_healed":0.0,"max_hp_gain":0.0,"max_hp_loss":0.0,"gold_gain":0.0,"cards_transformed":["Strike_G"],"event_name":"Living Wall","player_choice":"Change","floor":4.0,"gold_loss":0.0,"damage_taken":0.0,"cards_obtained":["Quick Slash"]},{"damage_healed":0.0,"max_hp_gain":0.0,"max_hp_loss":0.0,"gold_gain":0.0,"event_name":"Scrap Ooze","player_choice":"Success","floor":5.0,"gold_loss":0.0,"damage_taken":7.0,"relics_obtained":["Lantern"]},{"cards_removed":["Wraith Form v2"],"damage_healed":26.0,"max_hp_gain":10.0,"max_hp_loss":0.0,"gold_gain":0.0,"event_name":"Bonfire Elementals","player_choice":"Offered Rare","floor":12.0,"gold_loss":0.0,"damage_taken":0.0},{"damage_healed":0.0,"max_hp_gain":0.0,"max_hp_loss":0.0,"gold_gain":0.0,"event_name":"Knowing Skull","player_choice":"","floor":22.0,"potions_obtained":[],"gold_loss":0.0,"damage_taken":6.0,"cards_obtained":[]}],"is_beta":false,"boss_relics":[{"not_picked":["Sozu","Ectoplasm"],"picked":"Pandora\u0027s Box"},{"not_picked":["Tiny House","Ring of the Serpent"],"picked":"WristBlade"}],"items_purged_floors":[],"is_endless":false,"potions_floor_spawned":[6,7,16,18,21,25,31,33,37],"killed_by":"Nemesis","ascension_level":3}}