{"host":"840yoaz69lavfcgt","time":1610334996,"event":{"mods":["BaseMod","Colored Powertips","DeckTracker","Highlight Path","Minty Spire (QoL Compilation)","Synergy Search"],"gold_per_floor":[109,121,86,105,105,139,414,589,589,589,599,599,35,35,35,138,138,151,162,77,77,77,111,5,5,5,17,17,17,52,68,68,68,68],"floor_reached":33,"playtime":2466,"items_purged":["Regret"],"score":281,"play_id":"8815aef5-96a3-430e-a45a-6bdf3fe52b97","local_time":"20210110221636","is_ascension_mode":false,"campfire_choices":[{"floor":10.0,"key":"REST"},{"data":"DevaForm","floor":12.0,"key":"SMITH"},{"data":"LessonLearned","floor":15.0,"key":"SMITH"},{"floor":25.0,"key":"REST"},{"floor":28.0,"key":"REST"},{"floor":32.0,"key":"REST"}],"circlet_count":0,"master_deck":["Strike_P","Strike_P+1","Strike_P+1","Strike_P+1","Defend_P+1","Defend_P","Defend_P+1","Defend_P","Eruption","Vigilance","WindmillStrike","Prostrate","Consecrate","DevaForm+1","FlyingSleeves","LessonLearned+1","FlurryOfBlows","Judgement","Consecrate+1","Collect","BowlingBash+1","DeceiveReality","FlyingSleeves","Prostrate","Evaluate","JustLucky+1","Prostrate+1","JustLucky","Halt+1"],"relics":["PureWater","Juzu Bracelet","Pear","Regal Pillow","PreservedInsect","Oddly Smooth Stone","SlaversCollar","Dream Catcher","Bottled Lightning","Yang","Mummified Hand","MealTicket","White Beast Statue"],"acts_visited":["Exordium","TheCity"],"potions_floor_usage":[33],"damage_taken":[{"damage":0.0,"enemies":"Cultist","floor":1.0,"turns":4.0},{"damage":6.0,"enemies":"Small Slimes","floor":2.0,"turns":4.0},{"damage":3.0,"enemies":"2 Louse","floor":4.0,"turns":3.0},{"damage":28.0,"enemies":"3 Sentries","floor":6.0,"turns":7.0},{"damage":4.0,"enemies":"Red Slaver","floor":11.0,"turns":4.0},{"damage":31.0,"enemies":"Slime Boss","floor":16.0,"turns":15.0},{"damage":0.0,"enemies":"Spheric Guardian","floor":18.0,"turns":2.0},{"damage":25.0,"enemies":"2 Thieves","floor":19.0,"turns":3.0},{"damage":49.0,"enemies":"Gremlin Leader","floor":23.0,"turns":6.0},{"damage":27.0,"enemies":"Chosen and Byrds","floor":27.0,"turns":9.0},{"damage":37.0,"enemies":"Slavers","floor":30.0,"turns":5.0},{"damage":15.0,"enemies":"Centurion and Healer","floor":31.0,"turns":8.0},{"damage":68,"enemies":"Automaton","floor":33,"turns":12}],"seed_played":"-4646456057987772130","potions_obtained":[{"floor":1.0,"key":"Ancient Potion"},{"floor":2.0,"key":"Block Potion"},{"floor":4.0,"key":"SteroidPotion"},{"floor":11.0,"key":"DuplicationPotion"},{"floor":23.0,"key":"Regen Potion"},{"floor":31.0,"key":"PowerPotion"}],"is_trial":false,"path_per_floor":["M","M","?","M","?","E","?","?","T","R","M","R","$","?","R","B",null,"M","M","?","?","T","E","$","R","T","M","R","?","E","M","R","B"],"character_chosen":"WATCHER","items_purchased":["PreservedInsect","LessonLearned","FlurryOfBlows","Oddly Smooth Stone","DeceiveReality","FlyingSleeves"],"campfire_rested":4,"item_purchase_floors":[13,13,13,13,24,24],"current_hp_per_floor":[72,66,72,69,55,37,37,37,37,76,72,72,72,65,65,34,82,82,57,57,57,57,8,8,47,47,35,74,74,37,22,61,0,0],"gold":68,"neow_bonus":"RANDOM_COMMON_RELIC","is_daily":false,"chose_seed":false,"campfire_upgraded":2,"win_rate":0.0,"timestamp":1610334996,"path_taken":["M","M","?","M","?","E","?","?","T","R","M","R","$","?","R","BOSS","M","M","?","?","?","E","?","R","T","M","R","?","E","M","R","BOSS"],"items_purchased_type":["Relic","Card","Card","Relic","Card","Card"],"build_version":"2020-12-22","purchased_purges":1,"victory":false,"max_hp_per_floor":[72,72,72,72,72,82,82,82,82,82,82,82,82,82,82,82,82,82,82,82,82,82,82,82,82,82,82,82,82,82,82,82,82,82],"card_choices":[{"not_picked":["Vengeance","ClearTheMind"],"picked":"WindmillStrike","floor":1.0},{"not_picked":["PathToVictory","BowlingBash"],"picked":"Prostrate","floor":2.0},{"not_picked":["InnerPeace","PathToVictory"],"picked":"Consecrate","floor":4.0},{"not_picked":["Study","ThirdEye"],"picked":"DevaForm","floor":6.0},{"not_picked":["EmptyFist","Swivel"],"picked":"FlyingSleeves","floor":11.0},{"not_picked":["SpiritShield","Scrawl"],"picked":"Judgement","floor":16.0},{"not_picked":["FlyingSleeves","FearNoEvil"],"picked":"Consecrate","floor":18.0},{"not_picked":["CutThroughFate","CrushJoints"],"picked":"Collect","floor":19.0},{"not_picked":["Nirvana","DeusExMachina"],"picked":"BowlingBash+1","floor":23.0},{"not_picked":["Halt","Evaluate"],"picked":"Prostrate","floor":25.0},{"not_picked":["CutThroughFate","Tantrum"],"picked":"Evaluate","floor":27.0},{"not_picked":["Crescendo","ThirdEye+1"],"picked":"JustLucky+1","floor":28.0},{"not_picked":["MentalFortress","Consecrate"],"picked":"Prostrate+1","floor":30.0},{"not_picked":["SashWhip","SandsOfTime"],"picked":"JustLucky","floor":31.0},{"not_picked":["ThirdEye","JustLucky"],"picked":"Halt+1","floor":32.0}],"player_experience":167346,"relics_obtained":[{"floor":6.0,"key":"Pear"},{"floor":9.0,"key":"Regal Pillow"},{"floor":22.0,"key":"Bottled Lightning"},{"floor":23.0,"key":"Yang"},{"floor":26.0,"key":"Mummified Hand"},{"floor":30.0,"key":"White Beast Statue"}],"event_choices":[{"damage_healed":18.0,"max_hp_gain":0.0,"max_hp_loss":0.0,"gold_gain":0.0,"event_name":"The Cleric","player_choice":"Healed","floor":3.0,"gold_loss":35.0,"damage_taken":0.0},{"damage_healed":0.0,"max_hp_gain":0.0,"max_hp_loss":0.0,"gold_gain":0.0,"event_name":"Shining Light","player_choice":"Entered Light","floor":5.0,"gold_loss":0.0,"damage_taken":14.0,"cards_upgraded":["Defend_P","Strike_P"]},{"damage_healed":0.0,"max_hp_gain":0.0,"max_hp_loss":0.0,"gold_gain":275.0,"event_name":"Golden Shrine","player_choice":"Desecrate","floor":7.0,"gold_loss":0.0,"damage_taken":0.0,"cards_obtained":["Regret"]},{"damage_healed":0.0,"max_hp_gain":0.0,"max_hp_loss":0.0,"gold_gain":175.0,"event_name":"Liars Game","player_choice":"AGREE","floor":8.0,"gold_loss":0.0,"damage_taken":0.0,"cards_obtained":["Doubt"]},{"cards_removed":["Doubt"],"damage_healed":0.0,"max_hp_gain":0.0,"max_hp_loss":0.0,"gold_gain":0.0,"event_name":"Golden Wing","player_choice":"Card Removal","floor":14.0,"gold_loss":0.0,"damage_taken":7.0},{"damage_healed":0.0,"max_hp_gain":0.0,"max_hp_loss":0.0,"gold_gain":0.0,"event_name":"Addict","player_choice":"Obtained Relic","floor":20.0,"gold_loss":85.0,"damage_taken":0.0,"relics_obtained":["Dream Catcher"]},{"damage_healed":0.0,"max_hp_gain":0.0,"max_hp_loss":0.0,"gold_gain":0.0,"event_name":"Beggar","player_choice":"Ignored","floor":21.0,"gold_loss":0.0,"damage_taken":0.0},{"damage_healed":0.0,"max_hp_gain":0.0,"max_hp_loss":0.0,"gold_gain":0.0,"event_name":"The Mausoleum","player_choice":"Opened","floor":29.0,"gold_loss":0.0,"damage_taken":0.0,"relics_obtained":["MealTicket"]}],"is_beta":false,"boss_relics":[{"not_picked":["SacredBark","Runic Dome"],"picked":"SlaversCollar"}],"items_purged_floors":[13],"is_endless":false,"potions_floor_spawned":[1,2,4,11,23,31],"killed_by":"Automaton","ascension_level":0}}