{"host":"dwyzfvnzfcqffr30","time":1610375171,"event":{"mods":["2.2 Compatiblity","Act Like it!","BaseMod","Beaked The Cultist","Better Altar","Better Match","Better Note","Better Sensory Stone","Better Skull","Better Third Choice","Clockwork Mod","Colored Map","Colored Powertips","Conspire","Downfall","Elementarium","GifTheSpireLib","Halation","Hermit","Hubris","Infinite Spire","Ironclad Rager","Jedi Mod","Menagerie","Mimic Mod","Minty Spire (QoL Compilation)","Permanent Neow","Random Character Button","Replay The Spire","Spicy Shops","Spikes Relics","StSLib","Stuff the Spire","The Construct","The Disciple","The Druid","The Marked","TheFirefly","Trackpad","vexMod"],"gold_per_floor":[17,17,33,45,45,45,96,129,129,159,179,195,85,85,85,159,159,170,210,290,46,65,65,76,102,149,174,174,187,212,222,222,299,299,309,309,327,327,339,368,368,380,410,430,455,18,65,91,91,91,91,91,9,52,70],"floor_reached":56,"playtime":7768,"items_purged":["Strike_P+1"],"score":2797,"play_id":"e578b679-3556-4104-b721-7c7bfc782e2d","local_time":"20210111062611","is_ascension_mode":true,"campfire_choices":[{"floor":6,"key":"RECALL"},{"floor":15,"key":"REST"},{"floor":23,"key":"REST"},{"floor":28,"key":"REST"},{"data":"Clockwork:SiegeStrike+1","floor":32,"key":"SMITH"},{"data":"Clockwork:SiegeStrike+2","floor":49,"key":"SMITH"},{"data":"Panache+1","floor":52,"key":"SMITH"}],"circlet_count":0,"master_deck":["AscendersBane","Clockwork:Strike+1","Clockwork:Strike+1","Clockwork:Strike+1","Clockwork:Strike+1","Clockwork:Shield+1","Clockwork:Shield+1","Clockwork:Shield+1","Clockwork:Shield+1","Clockwork:Tinker+1","Clockwork:WarmUp+1","Feint+1","MasterReality+1","Apotheosis+1","Clockwork:ElasticNanites+1","Panache+2","Clockwork:RevUp+1","Clockwork:Roundhouse+1","Clockwork:KaliMa+1","Clockwork:SiegeStrike+3","Clockwork:Improve+1","Clockwork:PerfectForm+1","beaked:AwakenedForm+1","Clockwork:RampUp+1"],"relics":["Clockwork:MomentumEngine","Bottled Tornado","conspire:InfiniteJournal","Quantum Egg","Frozen Egg 2","Toxic Egg 2","Molten Egg 2","SpikesRelics:DaevaFist","trackpad:Mousetrap","GiantMaggot","Bag of Marbles","Clockwork:Varja","StuffTheSpire:RunicHypercube","Clockwork:BloodPhial","Clockwork:BeatingHeart","jedi:shrinkray","StuffTheSpire:Gunfinga","StuffTheSpire:Barrel","StuffTheSpire:Experiment12","StuffTheSpire:ForceGauntlet","Clockwork:QuicksilverHourglass","Clockwork:CopperScales","SlaversCollar","halation:BottledLove","beaked:SacredDeck","Mango","Durian","halation:WeightlessCrab","WizardHat","jedi:gremlinknob","hubris:MobiusCoin","Replay:Bandana","StuffTheSpire:GrapeVine"],"acts_visited":["Menagerie:Menagerie","TheCity","TheBeyond","TheEnding"],"potions_floor_usage":[8,10,16,16,33,47,50,50,55],"damage_taken":[{"damage":5,"enemies":"Menagerie:2_RABBITS","floor":1,"turns":8},{"damage":0,"enemies":"Menagerie:WhisperingWraith","floor":3,"turns":6},{"damage":1,"enemies":"Menagerie:MonstrousExperiment","floor":4,"turns":7},{"damage":1,"enemies":"Menagerie:VoidReaper","floor":8,"turns":10},{"damage":0,"enemies":"Menagerie:MaskedSummoner","floor":10,"turns":13},{"damage":1,"enemies":"Menagerie:DREAD_MOTH_AND_GRAFTED_WORMS","floor":11,"turns":6},{"damage":0,"enemies":"Menagerie:KEEPER_AND_YOUNG_SUNEATER","floor":12,"turns":10},{"damage":1,"enemies":"Menagerie:Suneater","floor":16,"turns":13},{"damage":0,"enemies":"Chosen","floor":18,"turns":7},{"damage":32,"enemies":"conspire:MimicChest","floor":19,"turns":15},{"damage":11,"enemies":"Spheric Guardian","floor":22,"turns":6},{"damage":9,"enemies":"Cultist and Chosen","floor":24,"turns":5},{"damage":0,"enemies":"Slavers","floor":25,"turns":3},{"damage":0,"enemies":"Replay:Snechameleon","floor":27,"turns":7},{"damage":0,"enemies":"Snake Plant","floor":29,"turns":3},{"damage":0,"enemies":"Slavers","floor":30,"turns":3},{"damage":0,"enemies":"3 Cultists","floor":31,"turns":2},{"damage":0,"enemies":"Automaton","floor":33,"turns":13},{"damage":0,"enemies":"Orb Walker","floor":35,"turns":2},{"damage":0,"enemies":"3 Shapes","floor":37,"turns":2},{"damage":0,"enemies":"Maw","floor":39,"turns":3},{"damage":0,"enemies":"Nemesis","floor":40,"turns":5},{"damage":0,"enemies":"3 Darklings","floor":42,"turns":2},{"damage":15,"enemies":"Spire Growth","floor":43,"turns":5},{"damage":0,"enemies":"Spire Growth","floor":44,"turns":2},{"damage":0,"enemies":"Giant Head","floor":45,"turns":4},{"damage":0,"enemies":"2 Orb Walkers","floor":47,"turns":2},{"damage":0,"enemies":"Reptomancer","floor":48,"turns":4},{"damage":0,"enemies":"Time Eater","floor":50,"turns":5},{"damage":0,"enemies":"Shield and Spear","floor":54,"turns":2},{"damage":64,"enemies":"The Heart","floor":55,"turns":5}],"seed_played":"-1265858334828510340","potions_obtained":[{"floor":1,"key":"Energy Potion"},{"floor":4,"key":"DuplicationPotion"},{"floor":12,"key":"Adrenaline Potion"},{"floor":16,"key":"jedi:mysterypotion"},{"floor":22,"key":"SpeedPotion"},{"floor":30,"key":"LiquidMemories"},{"floor":33,"key":"Explosive Potion"},{"floor":42,"key":"champ:CounterPotion"},{"floor":47,"key":"Adrenaline Potion"}],"is_trial":false,"path_per_floor":["M","?","M","M","$","R","T","E","T","E","M","M","$","?","R","B",null,"M","?","?","$","M","R","M","E","T","E","R","M","E","M","R","B",null,"M","?","M","AVR","M","E","?","M","MIM","M","E","$","?","E","R","B",null,"R","$","E","B",null],"character_chosen":"CLOCKWORK","items_purchased":["Clockwork:Roundhouse+1","Adrenaline Potion","StuffTheSpire:Barrel","WizardHat","ColorlessPotion","Replay:Bandana"],"campfire_rested":3,"item_purchase_floors":[13,13,21,46,46,53],"current_hp_per_floor":[66,66,66,65,65,65,65,64,64,64,63,63,63,63,79,78,79,79,47,16,16,15,38,31,33,33,35,58,62,66,70,70,74,78,79,79,79,79,79,93,93,93,83,87,91,91,98,98,98,98,98,98,98,98,34],"gold":70,"neow_bonus":"RANDOM_COLORLESS_2","is_daily":false,"chose_seed":false,"campfire_upgraded":3,"win_rate":0.0,"timestamp":1610375171,"path_taken":["M","?","M","M","?","R","?","E","T","E","M","?","$","?","R","BOSS","M","?","?","$","M","R","M","E","T","E","R","M","E","M","R","BOSS","M","?","M","AVR","M","E","?","M","MIM","?","E","$","?","E","R","BOSS","R","$","E","BOSS"],"items_purchased_type":["Card","Potion","Relic","Relic","Potion","Relic"],"build_version":"2020-12-22","purchased_purges":1,"victory":true,"max_hp_per_floor":[79,79,79,79,79,79,79,79,79,79,79,79,79,79,79,79,79,79,79,79,79,79,79,79,79,79,79,79,79,79,79,79,79,79,79,79,79,79,79,93,93,93,98,98,98,98,98,98,98,98,98,98,98,98,98],"card_choices":[{"not_picked":["Secret Weapon","vexMod:StairwayStrike"],"picked":"Feint","floor":0},{"not_picked":["Clockwork:AdaptiveShield+1","Clockwork:Pluck+1"],"picked":"Clockwork:ElasticNanites+1","floor":1},{"not_picked":["Replay:Sssssssssstrike+1","expansioncontent:Sear+1"],"picked":"Panache+1","floor":2},{"not_picked":["Clockwork:TiltAWhirl+1","Clockwork:AdaptiveCannon+1","Clockwork:SystemHardening+1"],"picked":"SKIP","floor":3},{"not_picked":["Clockwork:SpurOn+1","Clockwork:Pluck+1"],"picked":"Clockwork:RevUp+1","floor":4},{"not_picked":["Clockwork:SmithsMallet+1","Clockwork:Pluck+1"],"picked":"Clockwork:CraftVarja+1","floor":8},{"not_picked":["Clockwork:CogToss+1","Clockwork:CogShield+1","Clockwork:SearingStrike+1"],"picked":"SKIP","floor":10},{"not_picked":["Clockwork:AssemblyLine+1","Clockwork:Enhance+1"],"picked":"Clockwork:CraftBloodPhial+1","floor":11},{"not_picked":["Clockwork:PerfectedShield+1","Clockwork:InertialShield+1","Clockwork:SnapKeep+1"],"picked":"SKIP","floor":12},{"not_picked":["Clockwork:Inspiration+1","Clockwork:ReactiveNanites+1"],"picked":"Clockwork:KaliMa+1","floor":16},{"not_picked":["Clockwork:Clone+1","Clockwork:CogToss+1","Clockwork:SystemScan+1"],"picked":"SKIP","floor":18},{"not_picked":["Clockwork:AdaptiveCannon+1","Clockwork:LiteraryArmor+1"],"picked":"Clockwork:SiegeStrike+1","floor":20},{"not_picked":["Clockwork:Redundancy+1","Clockwork:Roundhouse+1"],"picked":"Clockwork:Improve+1","floor":20},{"not_picked":["Clockwork:Enhance+1","Clockwork:CogShield+1","Clockwork:LogisticRegression+1"],"picked":"SKIP","floor":22},{"not_picked":["Clockwork:OccamsRazor+1","Clockwork:Pluck+1","Clockwork:AdaptiveCannon+1"],"picked":"SKIP","floor":24},{"not_picked":["Clockwork:Enhance+1","Clockwork:ReserveSystems+1","Clockwork:ChargingBlade+1"],"picked":"SKIP","floor":25},{"not_picked":["Clockwork:Improve+1","Clockwork:SnapKeep+1"],"picked":"Clockwork:CraftBloodPhial+1","floor":27},{"not_picked":["Clockwork:Selectivity+1","Clockwork:Pluck+1","Clockwork:Minimalism+1"],"picked":"SKIP","floor":29},{"not_picked":["Clockwork:SystemHardening+1","Clockwork:Improve+1"],"picked":"Clockwork:CraftQuicksilverHourglass+1","floor":30},{"not_picked":["Clockwork:Pluck+1","Clockwork:CogBarrier+1"],"picked":"Clockwork:CraftCopperScales+1","floor":31},{"not_picked":["Clockwork:TimeWalk+1","Clockwork:AeonShield+1"],"picked":"Clockwork:PerfectForm+1","floor":33},{"not_picked":["Clockwork:Improve+1","Clockwork:Friction+1","Clockwork:CogShield+1"],"picked":"SKIP","floor":35},{"not_picked":["Clockwork:MechanicalBulk+1","Clockwork:PerfectedStrike+1","Clockwork:CogShield+1"],"picked":"SKIP","floor":37},{"not_picked":["Clockwork:Friction+1","Clockwork:CogBarrier+1","Clockwork:ReserveSystems+1"],"picked":"SKIP","floor":39},{"not_picked":["Clockwork:Downsize+1","Clockwork:AdaptiveCannon+1"],"picked":"Clockwork:RampUp+1","floor":40},{"not_picked":["Clockwork:UnlimitedCogworks+1","Clockwork:CogBarrier+1","Clockwork:CogToss+1"],"picked":"SKIP","floor":42},{"not_picked":["Clockwork:CogShield+1","Clockwork:Pluck+1","Clockwork:Selectivity+1"],"picked":"SKIP","floor":44},{"not_picked":["Clockwork:SnapKeep+1","Clockwork:HoardingStrike+1"],"picked":"Clockwork:CraftCopperScales+1","floor":45},{"not_picked":["Clockwork:ReactiveNanites+1","Clockwork:Friction+1","Clockwork:QuantumStrike+1"],"picked":"SKIP","floor":48},{"not_picked":["Clockwork:CraftQuicksilverHourglass+1","Clockwork:ChargingBlade+1","Clockwork:Enhance+1"],"picked":"SKIP","floor":54}],"player_experience":2713287,"relics_obtained":[{"floor":7,"key":"SpikesRelics:DaevaFist"},{"floor":8,"key":"trackpad:Mousetrap"},{"floor":9,"key":"GiantMaggot"},{"floor":10,"key":"Bag of Marbles"},{"floor":19,"key":"jedi:shrinkray"},{"floor":20,"key":"StuffTheSpire:Gunfinga"},{"floor":27,"key":"StuffTheSpire:Experiment12"},{"floor":30,"key":"StuffTheSpire:ForceGauntlet"},{"floor":40,"key":"Mango"},{"floor":43,"key":"Durian"},{"floor":45,"key":"halation:WeightlessCrab"},{"floor":47,"key":"jedi:gremlinknob"},{"floor":48,"key":"hubris:MobiusCoin"},{"floor":54,"key":"StuffTheSpire:GrapeVine"}],"event_choices":[{"damage_healed":0,"gold_gain":0,"player_choice":"Simplicity","damage_taken":0,"max_hp_gain":0,"max_hp_loss":8,"event_name":"betterThird:BetterWriting","floor":0,"gold_loss":0},{"damage_healed":0,"gold_gain":1,"player_choice":"1","damage_taken":0,"max_hp_gain":0,"max_hp_loss":0,"event_name":"betterStone:BetterStone","floor":2,"gold_loss":0},{"damage_healed":0,"gold_gain":0,"player_choice":"Ignore","damage_taken":0,"max_hp_gain":0,"max_hp_loss":0,"event_name":"Menagerie:ShimmeringGrove","floor":14,"gold_loss":0,"cards_obtained":["Strike_P"]},{"damage_healed":0,"gold_gain":0,"player_choice":"Full Heal","damage_taken":0,"max_hp_gain":0,"max_hp_loss":0,"event_name":"Wheel of Change","floor":41,"gold_loss":0},{"damage_healed":0,"gold_gain":0,"player_choice":"Fight","damage_taken":0,"max_hp_gain":0,"max_hp_loss":0,"event_name":"Mysterious Sphere","floor":47,"gold_loss":0}],"is_beta":false,"boss_relics":[{"not_picked":["halation:PinkAlligatorPlush","Replay:Wanted Poster"],"picked":"StuffTheSpire:RunicHypercube"},{"not_picked":["ReplayTheSpireMod:DimensionalGlitch","Replay:Drink Me"],"picked":"SlaversCollar"}],"items_purged_floors":[21],"is_endless":false,"potions_floor_spawned":[1,4,12,16,22,30,31,33,39,42,44,47,48],"ascension_level":17}}