{"host":"oi6p1guiqfwwvxym","time":1610332197,"event":{"mods":["BaseMod","Colored Map","Minty Spire (QoL Compilation)"],"gold_per_floor":[112,129,143,160,160,195,195,213,264,264,264,298,318,25,25,129,129,146,157,172,191,13,13,40,58,58,58,58,77,77,91,91,193,193,206,218,81,93,110,110,137,137,137,148,158,158,192,246,246,246],"floor_reached":51,"playtime":4774,"items_purged":["Strike_B","Strike_B"],"score":743,"play_id":"82639576-a66d-402f-8714-8554dad02758","local_time":"20210110182957","is_ascension_mode":false,"campfire_choices":[{"data":"Dualcast","floor":7,"key":"SMITH"},{"floor":15,"key":"REST"},{"data":"Defragment","floor":23,"key":"SMITH"},{"data":"Genetic Algorithm","floor":28,"key":"SMITH"},{"data":"Self Repair","floor":30,"key":"SMITH"},{"data":"Tempest","floor":32,"key":"SMITH"},{"data":"Reboot","floor":40,"key":"SMITH"},{"data":"Defragment","floor":42,"key":"SMITH"},{"floor":49,"key":"REST"}],"circlet_count":0,"master_deck":["Strike_B","Defend_B","Defend_B","Defend_B+1","Defend_B+1","Zap","Dualcast+1","Cold Snap","Barrage","Conserve Battery","Buffer+1","Rebound","Tempest+1","Lockon","Defragment+1","Creative AI","Leap","Heatsinks","Chill+1","Genetic Algorithm+1","Heatsinks","Seek","Self Repair+1","Reboot+1","Chaos+1","Defragment+1","White Noise+1","Streamline+1","Glacier+1","Purity","Loop+1"],"relics":["Cracked Core","NeowsBlessing","Mummified Hand","Happy Flower","HornCleat","Boot","Cursed Key","Lee\u0027s Waffle","War Paint","Philosopher\u0027s Stone","Strawberry","Potion Belt","Calipers"],"acts_visited":["Exordium","TheCity","TheBeyond"],"potions_floor_usage":[4,24,33,47,50,50,50],"damage_taken":[{"damage":0,"enemies":"Small Slimes","floor":1,"turns":1},{"damage":0,"enemies":"2 Louse","floor":2,"turns":1},{"damage":0,"enemies":"Jaw Worm","floor":3,"turns":1},{"damage":7,"enemies":"Exordium Wildlife","floor":4,"turns":4},{"damage":16,"enemies":"Lagavulin","floor":6,"turns":8},{"damage":16,"enemies":"Lots of Slimes","floor":8,"turns":3},{"damage":3,"enemies":"3 Sentries","floor":12,"turns":7},{"damage":0,"enemies":"2 Fungi Beasts","floor":13,"turns":2},{"damage":13,"enemies":"Hexaghost","floor":16,"turns":8},{"damage":2,"enemies":"Shell Parasite","floor":18,"turns":6},{"damage":5,"enemies":"Spheric Guardian","floor":19,"turns":6},{"damage":0,"enemies":"Snecko","floor":20,"turns":5},{"damage":13,"enemies":"Centurion and Healer","floor":21,"turns":8},{"damage":3,"enemies":"Slavers","floor":24,"turns":6},{"damage":0,"enemies":"Snake Plant","floor":25,"turns":3},{"damage":0,"enemies":"Shelled Parasite and Fungi","floor":29,"turns":6},{"damage":0,"enemies":"Centurion and Healer","floor":31,"turns":6},{"damage":50,"enemies":"Automaton","floor":33,"turns":11},{"damage":0,"enemies":"3 Shapes","floor":35,"turns":4},{"damage":11,"enemies":"Orb Walker","floor":36,"turns":3},{"damage":0,"enemies":"4 Shapes","floor":38,"turns":5},{"damage":22,"enemies":"Jaw Worm Horde","floor":39,"turns":6},{"damage":0,"enemies":"Nemesis","floor":41,"turns":5},{"damage":12,"enemies":"Sphere and 2 Shapes","floor":44,"turns":4},{"damage":0,"enemies":"Maw","floor":45,"turns":6},{"damage":0,"enemies":"Reptomancer","floor":47,"turns":7},{"damage":22,"enemies":"2 Orb Walkers","floor":48,"turns":5},{"damage":52,"enemies":"Awakened One","floor":50,"turns":17}],"seed_played":"212871033252970393","potions_obtained":[{"floor":1,"key":"Fire Potion"},{"floor":6,"key":"Swift Potion"},{"floor":8,"key":"Energy Potion"},{"floor":18,"key":"Ancient Potion"},{"floor":21,"key":"SteroidPotion"},{"floor":25,"key":"ColorlessPotion"},{"floor":33,"key":"EssenceOfSteel"},{"floor":38,"key":"Weak Potion"},{"floor":39,"key":"FocusPotion"},{"floor":48,"key":"SteroidPotion"}],"is_trial":false,"path_per_floor":["M","M","M","M","?","E","R","M","T","?","?","E","M","$","R","B",null,"M","M","M","M","$","R","E","M","T","?","R","M","R","M","R","B",null,"M","M","$","M","M","R","E","R","T","M","M","?","E","?","R","B",null],"character_chosen":"DEFECT","items_purchased":["Boot","Defragment","Lee\u0027s Waffle","Heatsinks","Defragment"],"campfire_rested":2,"item_purchase_floors":[14,14,22,22,37],"current_hp_per_floor":[75,75,75,68,68,52,52,36,36,29,29,26,26,26,48,35,75,73,68,68,55,82,82,79,79,79,79,79,79,79,82,82,42,82,82,81,81,81,69,69,76,76,76,74,84,74,84,72,89,37],"gold":246,"neow_bonus":"THREE_ENEMY_KILL","is_daily":false,"chose_seed":false,"campfire_upgraded":7,"win_rate":0.0,"timestamp":1610332197,"path_taken":["M","M","M","M","?","E","R","M","T","?","?","E","?","$","R","BOSS","M","M","?","M","$","R","E","M","T","?","R","M","R","M","R","BOSS","M","M","$","?","M","R","E","R","T","M","M","?","E","?","R","BOSS"],"items_purchased_type":["Relic","Card","Relic","Card","Card"],"build_version":"2020-12-22","purchased_purges":2,"victory":true,"max_hp_per_floor":[75,75,75,75,75,75,75,75,75,75,75,75,75,75,75,75,75,75,75,75,75,82,82,82,82,82,82,82,82,82,82,82,82,82,82,82,82,82,82,82,89,89,89,89,89,89,89,89,89,89],"card_choices":[{"not_picked":["Defragment","Turbo"],"picked":"Cold Snap","floor":1},{"not_picked":["Heatsinks","Turbo"],"picked":"Barrage","floor":2},{"not_picked":["Chill","Stack"],"picked":"Conserve Battery","floor":3},{"not_picked":["Leap","Rebound"],"picked":"Buffer","floor":4},{"not_picked":["Barrage","Hologram"],"picked":"Rebound","floor":6},{"not_picked":["Hologram","Sweeping Beam"],"picked":"Tempest","floor":8},{"not_picked":["Thunder Strike","Redo"],"picked":"Lockon","floor":12},{"not_picked":["Auto Shields","Blizzard","Rebound"],"picked":"SKIP","floor":13},{"not_picked":["Seek","Meteor Strike"],"picked":"Creative AI","floor":16},{"not_picked":["Gash+1","Rebound"],"picked":"Leap","floor":18},{"not_picked":["Streamline","Steam Power"],"picked":"Heatsinks","floor":19},{"not_picked":["Leap+1","Barrage"],"picked":"Chill+1","floor":20},{"not_picked":["Coolheaded","Conserve Battery"],"picked":"Genetic Algorithm","floor":21},{"not_picked":["Chaos","Turbo"],"picked":"Seek","floor":24},{"not_picked":["Coolheaded","Chaos","Hologram"],"picked":"SKIP","floor":25},{"not_picked":["Streamline","Hologram"],"picked":"Self Repair","floor":29},{"not_picked":["Rebound+1","Steam","All For One"],"picked":"SKIP","floor":31},{"not_picked":["Biased Cognition","Creative AI"],"picked":"Reboot","floor":33},{"not_picked":["Gash","Sweeping Beam","Conserve Battery+1"],"picked":"SKIP","floor":35},{"not_picked":["FTL","Gash"],"picked":"Chaos+1","floor":36},{"not_picked":["Barrage+1","Turbo+1","Heatsinks"],"picked":"SKIP","floor":38},{"not_picked":["Ball Lightning","Sweeping Beam"],"picked":"White Noise+1","floor":39},{"not_picked":["Steam+1","Coolheaded+1"],"picked":"Streamline+1","floor":41},{"not_picked":["Barrage","Echo Form"],"picked":"Glacier+1","floor":44},{"not_picked":["Gash","Compile Driver+1","Genetic Algorithm+1"],"picked":"SKIP","floor":45},{"not_picked":["Enlightenment","HandOfGreed"],"picked":"Purity","floor":46},{"not_picked":["Coolheaded","Ball Lightning+1"],"picked":"Loop+1","floor":47}],"player_experience":350936,"relics_obtained":[{"floor":6,"key":"Mummified Hand"},{"floor":9,"key":"Happy Flower"},{"floor":12,"key":"HornCleat"},{"floor":24,"key":"War Paint"},{"floor":41,"key":"Strawberry"},{"floor":47,"key":"Potion Belt"},{"floor":48,"key":"Calipers"}],"event_choices":[{"damage_healed":0,"gold_gain":0,"player_choice":"Ignored","damage_taken":0,"max_hp_gain":0,"max_hp_loss":0,"event_name":"Liars Game","floor":5,"gold_loss":0},{"cards_removed":["Strike_B"],"damage_healed":0,"gold_gain":0,"player_choice":"Card Removal","damage_taken":7,"max_hp_gain":0,"max_hp_loss":0,"event_name":"Golden Wing","floor":10,"gold_loss":0},{"damage_healed":0,"gold_gain":0,"player_choice":"Grow","damage_taken":0,"max_hp_gain":0,"max_hp_loss":0,"event_name":"Living Wall","floor":11,"gold_loss":0,"cards_upgraded":["Buffer"]},{"damage_healed":0,"gold_gain":0,"player_choice":"Ignored","damage_taken":0,"max_hp_gain":0,"max_hp_loss":0,"event_name":"NoteForYourself","floor":27,"gold_loss":0},{"damage_healed":0,"gold_gain":0,"player_choice":"Memory 3","damage_taken":10,"max_hp_gain":0,"max_hp_loss":0,"event_name":"SensoryStone","floor":46,"gold_loss":0},{"damage_healed":0,"gold_gain":0,"player_choice":"Fight","damage_taken":0,"max_hp_gain":0,"max_hp_loss":0,"event_name":"Mysterious Sphere","floor":48,"gold_loss":0}],"is_beta":false,"boss_relics":[{"not_picked":["Empty Cage","Runic Pyramid"],"picked":"Cursed Key"},{"not_picked":["Pandora\u0027s Box","Nuclear Battery"],"picked":"Philosopher\u0027s Stone"}],"items_purged_floors":[14,37],"is_endless":false,"potions_floor_spawned":[1,6,8,18,21,25,31,33,38,39,45,48],"ascension_level":0}}