{"host":"fnk117zi8wf5078t","time":1610356789,"event":{"mods":["AchievementEnabler","BaseMod","Colored Map","Minty Spire (QoL Compilation)","Rare Cards Sparkle","SuperFastMode","everything is the same but u backflip on backflip"],"gold_per_floor":[115,115,133,148,161,161,86,111,111,111,111,161,172,48,48,126,176,188,208,208,208],"floor_reached":20,"playtime":600,"items_purged":["Strike_R","Strike_R"],"score":348,"play_id":"a279e6b9-72b6-4bb8-90f0-27cb9796f735","local_time":"20210111181949","is_ascension_mode":true,"campfire_choices":[{"data":"Demon Form","floor":6.0,"key":"SMITH"},{"data":"Shockwave","floor":11.0,"key":"SMITH"},{"floor":15.0,"key":"REST"}],"circlet_count":0,"master_deck":["AscendersBane","Strike_R","Strike_R","Strike_R","Defend_R","Defend_R","Defend_R","Defend_R","Bash","Limit Break+1","Dual Wield","Thunderclap","Whirlwind","Demon Form+1","Shockwave+1","Pummel","Armaments+1","Limit Break","Heavy Blade"],"relics":["Burning Blood","Art of War","Boot","SsserpentHead","Tiny House"],"acts_visited":["Exordium","TheCity"],"potions_floor_usage":[19],"damage_taken":[{"damage":9.0,"enemies":"2 Louse","floor":1.0,"turns":4.0},{"damage":1.0,"enemies":"Cultist","floor":3.0,"turns":3.0},{"damage":17.0,"enemies":"Small Slimes","floor":4.0,"turns":5.0},{"damage":17.0,"enemies":"3 Louse","floor":5.0,"turns":3.0},{"damage":8.0,"enemies":"Gremlin Nob","floor":8.0,"turns":3.0},{"damage":6.0,"enemies":"2 Fungi Beasts","floor":13.0,"turns":2.0},{"damage":23.0,"enemies":"Slime Boss","floor":16.0,"turns":5.0},{"damage":22.0,"enemies":"2 Thieves","floor":18.0,"turns":4.0},{"damage":54,"enemies":"3 Byrds","floor":19,"turns":5},{"damage":10,"enemies":"Sentry and Sphere","floor":20,"turns":2}],"seed_played":"-1834186445107545119","potions_obtained":[{"floor":1.0,"key":"SteroidPotion"},{"floor":4.0,"key":"Dexterity Potion"},{"floor":17.0,"key":"ColorlessPotion"}],"is_trial":false,"path_per_floor":["M","?","M","M","M","R","$","E","T","?","R","$","M","$","R","B",null,"M","M","M"],"character_chosen":"IRONCLAD","items_purchased":["Armaments"],"campfire_rested":1,"item_purchase_floors":[14],"current_hp_per_floor":[65,65,70,59,48,48,48,46,46,46,46,46,46,46,68,51,74,58,10,0,0],"gold":208,"neow_bonus":"ONE_RANDOM_RARE_CARD","is_daily":false,"chose_seed":false,"campfire_upgraded":2,"win_rate":0.0,"timestamp":1610356789,"path_taken":["M","?","?","M","M","R","$","E","T","?","R","?","M","$","R","BOSS","M","M","M"],"items_purchased_type":["Card"],"build_version":"2020-12-22","purchased_purges":2,"victory":false,"max_hp_per_floor":[75,75,75,75,75,75,75,75,75,75,75,75,75,75,75,75,80,80,80,80,80],"card_choices":[{"not_picked":["Disarm","Pommel Strike"],"picked":"Dual Wield","floor":1.0},{"not_picked":["Clash","Pommel Strike"],"picked":"Thunderclap","floor":3.0},{"not_picked":["Sword Boomerang","Armaments"],"picked":"Whirlwind","floor":4.0},{"not_picked":["True Grit","Shrug It Off"],"picked":"Demon Form","floor":5.0},{"not_picked":["Iron Wave","Blood for Blood"],"picked":"Shockwave","floor":8.0},{"not_picked":["Rampage","Battle Trance"],"picked":"Pummel","floor":13.0},{"not_picked":["Brutality","Immolate"],"picked":"Limit Break","floor":16.0},{"not_picked":["Anger","Wild Strike"],"picked":"Heavy Blade","floor":17.0},{"not_picked":["Shrug It Off","Body Slam","Cleave"],"picked":"SKIP","floor":18.0},{"not_picked":["Headbutt","Perfected Strike","Havoc"],"picked":"SKIP","floor":19}],"player_experience":375132,"relics_obtained":[{"floor":8.0,"key":"Art of War"},{"floor":9.0,"key":"Boot"}],"event_choices":[{"damage_healed":0.0,"max_hp_gain":0.0,"max_hp_loss":0.0,"gold_gain":0.0,"event_name":"Upgrade Shrine","player_choice":"Upgraded","floor":2.0,"gold_loss":0.0,"damage_taken":0.0,"cards_upgraded":["Limit Break"]},{"damage_healed":0.0,"max_hp_gain":0.0,"max_hp_loss":0.0,"gold_gain":0.0,"event_name":"FaceTrader","player_choice":"Trade","floor":10.0,"gold_loss":0.0,"damage_taken":0.0,"relics_obtained":["SsserpentHead"]}],"is_beta":false,"boss_relics":[{"not_picked":["Ectoplasm","Runic Pyramid"],"picked":"Tiny House"}],"items_purged_floors":[7,14],"is_endless":false,"potions_floor_spawned":[1,4],"killed_by":"Sentry and Sphere","ascension_level":20}}