{"host":"7l2t4psy44vpcd9q","time":1610376253,"event":{"mods":["AchievementEnabler","BaseMod","DeckTracker","Minty Spire (QoL Compilation)","SuperFastMode"],"gold_per_floor":[14,14,14,34,44,70,70,103,103,103,103,19,30,30,30,107,107,118,118,132,145,165,165,197,197,220,240,84,130,158,181,193,283,295,318,0,0,14,34,34,67,81,81,81,81],"floor_reached":44,"playtime":3810,"items_purged":["Defend_P","Defend_P"],"score":940,"play_id":"2be2c356-41c6-4763-beb9-dac42e9b6446","local_time":"20210111234413","is_ascension_mode":true,"campfire_choices":[{"data":"Eruption","floor":7.0,"key":"SMITH"},{"floor":11.0,"key":"REST"},{"data":"ForeignInfluence","floor":15.0,"key":"SMITH"},{"floor":23.0,"key":"REST"},{"data":"Ragnarok","floor":25.0,"key":"SMITH"},{"floor":32,"key":"REST"},{"floor":40,"key":"REST"}],"circlet_count":0,"master_deck":["AscendersBane","Defend_P","Eruption+1","Vigilance","FollowUp","CarveReality","Scrawl","CutThroughFate","BattleHymn","Wallop","ForeignInfluence+1","Ragnarok+1","Weave+1","MasterReality+1","InnerPeace+1","Indignation+1","Halt+1","EmptyFist","Evaluate","ClearTheMind","MentalFortress","Scrawl","Evaluate+1","Finesse","Crescendo","FearNoEvil","LikeWater+1"],"relics":["PureWater","Matryoshka","Thread and Needle","Vajra","Torii","Astrolabe","StrikeDummy","Ancient Tea Set","Bottled Lightning","MawBank","Black Star","Boot","Potion Belt","MealTicket","Prayer Wheel"],"acts_visited":["Exordium","TheCity","TheBeyond"],"potions_floor_usage":[27,33,38,39,39],"damage_taken":[{"damage":8.0,"enemies":"Small Slimes","floor":1.0,"turns":4.0},{"damage":0.0,"enemies":"Cultist","floor":4.0,"turns":2.0},{"damage":4.0,"enemies":"2 Louse","floor":5.0,"turns":2.0},{"damage":17.0,"enemies":"Gremlin Nob","floor":6.0,"turns":3.0},{"damage":20.0,"enemies":"3 Sentries","floor":8.0,"turns":8.0},{"damage":0.0,"enemies":"2 Fungi Beasts","floor":13.0,"turns":2.0},{"damage":14.0,"enemies":"Hexaghost","floor":16.0,"turns":8.0},{"damage":0.0,"enemies":"Spheric Guardian","floor":18.0,"turns":2.0},{"damage":1.0,"enemies":"2 Thieves","floor":20.0,"turns":2.0},{"damage":0.0,"enemies":"Cultist and Chosen","floor":21.0,"turns":3.0},{"damage":26.0,"enemies":"Snecko","floor":22.0,"turns":5.0},{"damage":15.0,"enemies":"Slavers","floor":24.0,"turns":2.0},{"damage":9,"enemies":"Snake Plant","floor":27,"turns":2},{"damage":1,"enemies":"Shelled Parasite and Fungi","floor":30,"turns":4},{"damage":0,"enemies":"Chosen and Byrds","floor":31,"turns":3},{"damage":17,"enemies":"Champ","floor":33,"turns":5},{"damage":0,"enemies":"Orb Walker","floor":35,"turns":1},{"damage":1,"enemies":"3 Darklings","floor":38,"turns":3},{"damage":30,"enemies":"Writhing Mass","floor":39,"turns":6},{"damage":29,"enemies":"Giant Head","floor":41,"turns":6},{"damage":0,"enemies":"Jaw Worm Horde","floor":42,"turns":3},{"damage":7,"enemies":"4 Shapes","floor":44,"turns":14}],"seed_played":"3138856881610658253","potions_obtained":[{"floor":4.0,"key":"SpeedPotion"},{"floor":5.0,"key":"AttackPotion"},{"floor":6.0,"key":"Dexterity Potion"},{"floor":18.0,"key":"Regen Potion"},{"floor":21.0,"key":"LiquidBronze"},{"floor":30,"key":"Explosive Potion"},{"floor":31,"key":"LiquidMemories"},{"floor":33,"key":"DistilledChaos"},{"floor":38,"key":"Energy Potion"}],"is_trial":false,"path_per_floor":["M","$","?","M","M","E","R","E","T","?","R","$","M","?","R","B",null,"M","?","M","M","M","R","E","R","T","M","$","T","M","M","R","B",null,"M","$","?","M","M","R","E","M","T","M"],"character_chosen":"WATCHER","items_purchased":["ForeignInfluence","MentalFortress","Boot","BottledMiracle"],"campfire_rested":4,"item_purchase_floors":[12,28,36,36],"current_hp_per_floor":[53,53,53,53,49,32,32,12,12,29,49,49,49,42,42,28,56,56,56,55,55,29,48,38,38,38,29,29,29,28,28,47,30,56,56,56,46,45,15,34,5,5,5,0,0],"gold":81,"neow_bonus":"TRANSFORM_TWO_CARDS","is_daily":false,"chose_seed":false,"campfire_upgraded":3,"win_rate":0.0,"timestamp":1610376253,"path_taken":["M","$","?","M","?","E","R","E","T","?","R","$","M","?","R","BOSS","M","?","M","M","M","R","E","R","T","M","$","?","M","M","R","BOSS","M","$","?","M","M","R","E","M","T","M"],"items_purchased_type":["Card","Card","Relic","Potion"],"build_version":"2020-12-22","purchased_purges":2,"victory":false,"max_hp_per_floor":[68,68,68,68,68,68,68,68,68,68,68,68,68,65,65,65,65,65,65,65,65,65,65,65,65,65,65,65,65,65,65,65,65,65,65,65,65,65,65,65,65,65,65,65,65],"card_choices":[{"not_picked":["Evaluate","Crescendo"],"picked":"CarveReality","floor":1.0},{"not_picked":["Evaluate","Consecrate"],"picked":"CutThroughFate","floor":4.0},{"not_picked":["Meditate","Crescendo"],"picked":"BattleHymn","floor":5.0},{"not_picked":["WindmillStrike","Halt"],"picked":"Wallop","floor":6.0},{"not_picked":["DeceiveReality","Establishment","Evaluate"],"picked":"SKIP","floor":8.0},{"not_picked":["FlyingSleeves","Protect","CrushJoints"],"picked":"SKIP","floor":13.0},{"not_picked":["Blasphemy","Brilliance"],"picked":"Ragnarok","floor":16.0},{"not_picked":["Collect","Consecrate"],"picked":"Indignation+1","floor":18.0},{"not_picked":["Consecrate","Protect"],"picked":"Halt+1","floor":20.0},{"not_picked":["SashWhip+1","BowlingBash"],"picked":"EmptyFist","floor":21.0},{"not_picked":["CutThroughFate","BowlingBash","FlurryOfBlows"],"picked":"SKIP","floor":22.0},{"not_picked":["Alpha","Prostrate"],"picked":"Evaluate","floor":24.0},{"not_picked":["ThirdEye","Prostrate"],"picked":"ClearTheMind","floor":27},{"not_picked":["FlurryOfBlows","Halt","FollowUp+1"],"picked":"SKIP","floor":30},{"not_picked":["Crescendo","Evaluate","ForeignInfluence"],"picked":"SKIP","floor":31},{"not_picked":["Wish","Brilliance"],"picked":"Scrawl","floor":33},{"not_picked":["ThirdEye","BowlingBash"],"picked":"Evaluate+1","floor":35},{"not_picked":["Blind","Dramatic Entrance"],"picked":"Finesse","floor":37},{"not_picked":["Perseverance","FollowUp","Nirvana"],"picked":"SKIP","floor":38},{"not_picked":["CutThroughFate","Swivel"],"picked":"Crescendo","floor":39},{"not_picked":["BowlingBash+1","FlurryOfBlows"],"picked":"FearNoEvil","floor":41},{"not_picked":["SashWhip","CarveReality"],"picked":"LikeWater+1","floor":42}],"player_experience":1191924,"relics_obtained":[{"floor":6.0,"key":"Matryoshka"},{"floor":8.0,"key":"Thread and Needle"},{"floor":9.0,"key":"Vajra"},{"floor":9.0,"key":"Torii"},{"floor":24.0,"key":"StrikeDummy"},{"floor":26.0,"key":"Ancient Tea Set"},{"floor":26.0,"key":"Bottled Lightning"},{"floor":29,"key":"MawBank"},{"floor":41,"key":"Potion Belt"},{"floor":41,"key":"MealTicket"},{"floor":43,"key":"Prayer Wheel"}],"event_choices":[{"damage_healed":0.0,"max_hp_gain":0.0,"max_hp_loss":0.0,"gold_gain":0.0,"event_name":"Match and Keep!","player_choice":"1 cards matched","floor":3.0,"gold_loss":0.0,"damage_taken":0.0,"cards_obtained":["Scrawl"]},{"damage_healed":17.0,"max_hp_gain":0.0,"max_hp_loss":0.0,"gold_gain":0.0,"event_name":"Mushrooms","player_choice":"Healed and dodged fight","floor":10.0,"gold_loss":0.0,"damage_taken":0.0,"cards_obtained":["Parasite"]},{"cards_removed":["Parasite"],"damage_healed":0.0,"max_hp_gain":0.0,"max_hp_loss":0.0,"gold_gain":0.0,"event_name":"Golden Wing","player_choice":"Card Removal","floor":14.0,"gold_loss":0.0,"damage_taken":7.0},{"cards_removed":["Strike_P"],"damage_healed":0.0,"max_hp_gain":0.0,"max_hp_loss":0.0,"gold_gain":0.0,"event_name":"Purifier","player_choice":"Purged","floor":19.0,"gold_loss":0.0,"damage_taken":0.0},{"damage_healed":0,"gold_gain":0,"player_choice":"Memory 3","damage_taken":10,"max_hp_gain":0,"max_hp_loss":0,"event_name":"SensoryStone","floor":37,"gold_loss":0}],"is_beta":false,"boss_relics":[{"not_picked":["Empty Cage","Cursed Key"],"picked":"Astrolabe"},{"not_picked":["Velvet Choker","Snecko Eye"],"picked":"Black Star"}],"items_purged_floors":[28,36],"is_endless":false,"potions_floor_spawned":[4,5,6,18,21,30,31,33,38],"killed_by":"4 Shapes","ascension_level":20}}