{"host":"j05tanvorlbs2t7f","time":1610374181,"event":{"mods":["2.2 Compatiblity","AchievementEnabler","BaseMod","BetterRewards","Card Forge","Colored Powertips","Conspire","Downfall","Minty Spire (QoL Compilation)","Permanent Neow","Replay The Spire","Shade Mod","StSLib","The Bug Knight","The Construct","The Cursed","The Forsaken","The Hierophant","The Sage","TheHeartMod"],"gold_per_floor":[116,133,133,147,167,199,199,216,241,258,321,350,367,380,380,457,457,474,474,489,515,515,515,543,543,596,627,640,673,687,703,703,779,779,796,808,808,819,819,847,847,491,491,516,527,557,570,599,599,599,599,599,599,438,472,472],"floor_reached":57,"playtime":3371,"items_purged":[],"score":3382,"play_id":"620fec80-66b6-4dad-b313-0213ceb36997","local_time":"20210111150941","is_ascension_mode":true,"campfire_choices":[{"floor":7.0,"key":"DIG"},{"floor":15.0,"key":"DIG"},{"floor":23.0,"key":"DIG"},{"data":"TheCursedMod:VoidForm","floor":25.0,"key":"SMITH"},{"data":"TheCursedMod:VoidForm","floor":25.0,"key":"SMITH"},{"floor":32.0,"key":"DIG"},{"floor":49,"key":"RECALL"},{"floor":53,"key":"DIG"}],"circlet_count":0,"master_deck":["AscendersBane","TheCursedMod:Strike_TheCursed","TheCursedMod:Strike_TheCursed","TheCursedMod:Strike_TheCursed","TheCursedMod:Defend_TheCursed","TheCursedMod:Defend_TheCursed","TheCursedMod:Defend_TheCursed","TheCursedMod:Defend_TheCursed","TheCursedMod:CursedWand","TheCursedMod:CleanUpWorkshop","TheCursedMod:Dregs","TheCursedMod:SpitefulPray","TheCursedMod:Hemoplague","TheCursedMod:SpitefulStrike","TheCursedMod:SpitefulPray","TheCursedMod:Stigma","Apotheosis","Mind Blast","Good Instincts","TheCursedMod:AbyssShockwave","TheCursedMod:Obscuration","TheCursedMod:Torture","TheCursedMod:CursedAmulet","TheCursedMod:Mangle","TheCursedMod:SpitefulPlan","TheCursedMod:CursedShiv","TheCursedMod:SpitefulStrike","TheCursedMod:VoidForm+1","TheCursedMod:LuckyCharm","TheCursedMod:LuckyCharm","TheCursedMod:VoidForm+1","CurseOfTheBell","TheCursedMod:CursedShiv","TheCursedMod:SpreadPlague+1","TheCursedMod:HellfireBreathing+1","TheCursedMod:Stigma","TheCursedMod:SmokeScreen+1","TheCursedMod:CursedAmulet+1","TheCursedMod:NeowsMight+1","TheCursedMod:StingEye","TheCursedMod:RapidMovement+1","TheCursedMod:CollectTribute","TheCursedMod:SmokeScreen+1","TheCursedMod:RapidMovement+1","TheCursedMod:CursedWand","TheCursedMod:SurpriseAttack","TheCursedMod:CursedMace+1","TheCursedMod:NeowsMight+1","TheCursedMod:Obscuration+1","TheCursedMod:CursedAmulet+1","TheCursedMod:VoidForm","TheCursedMod:SaltUponWound+1","TheCursedMod:TroublousMinions+1","TheCursedMod:SmokeScreen+1","TheCursedMod:Mangle+1","TheCursedMod:Hemoplague","TheCursedMod:Hemoplague"],"relics":["TheCursedMod:BlackMagic101","Hammer of Thor","Seething Fire","Anvil of the Gods","ClockworkSouvenir","Pocketwatch","theForsaken:Lifeblossom","Ginger","Simple Rune","construct:FoamFinger","Mango","Membership Card","Iron Hammer","InkBottle","Replay:Arrowhead","Lee\u0027s Waffle","Replay:Wax Seal","Shovel","Gremlin Horn","ReplayTheSpireMod:ShopPack","StoneCalendar","PreservedInsect","Strawberry","ReplayTheSpireMod:Lightbulb","Pear","Nunchaku","Calling Bell","Omamori","Toxic Egg 2","construct:BoolHorns","theForsaken:PlagueMask","Red Mask","Juzu Bracelet","FossilizedHelix","Boot","Replay:Multitool","HollowMod:PaleOreRelic","Happy Flower","SlaversCollar","Molten Egg 2","conspire:TreasureMap","Lantern","conspire:GiftBox","Bag of Preparation","Thread and Needle","Oddly Smooth Stone","Gremlin Food","conspire:DecoderRing","Art of War","Replay:Kaleidoscope","ReplayTheSpireMod:CursedCoin","Replay:Bottled Steam"],"acts_visited":["Exordium","TheCity","TheBeyond","TheEnding"],"potions_floor_usage":[56,56,56],"damage_taken":[{"damage":0.0,"enemies":"2 Louse","floor":1.0,"turns":2.0},{"damage":0.0,"enemies":"Jaw Worm","floor":2.0,"turns":1.0},{"damage":0.0,"enemies":"conspire:RoseBush","floor":4.0,"turns":2.0},{"damage":1.0,"enemies":"conspire:2 RoseBushes","floor":5.0,"turns":3.0},{"damage":3.0,"enemies":"Gremlin Nob","floor":6.0,"turns":3.0},{"damage":0.0,"enemies":"Looter","floor":8.0,"turns":2.0},{"damage":0.0,"enemies":"Gremlin Gang","floor":10.0,"turns":1.0},{"damage":7.0,"enemies":"Lagavulin Event","floor":11.0,"turns":3.0},{"damage":6.0,"enemies":"Replay:BlueRogue","floor":12.0,"turns":2.0},{"damage":0.0,"enemies":"Blue Slaver","floor":13.0,"turns":1.0},{"damage":3.0,"enemies":"Looter","floor":14.0,"turns":2.0},{"damage":32.0,"enemies":"Hexaghost","floor":16.0,"turns":6.0},{"damage":0.0,"enemies":"Spheric Guardian","floor":18.0,"turns":3.0},{"damage":6.0,"enemies":"Snake Plant","floor":20.0,"turns":2.0},{"damage":44.0,"enemies":"Masked Bandits","floor":21.0,"turns":5.0},{"damage":0.0,"enemies":"conspire:Head Lice","floor":24.0,"turns":2.0},{"damage":20.0,"enemies":"HollowMod:Nosk","floor":27.0,"turns":4.0},{"damage":1.0,"enemies":"Cultist and Chosen","floor":28.0,"turns":5.0},{"damage":13.0,"enemies":"Replay:Snechameleon","floor":29.0,"turns":2.0},{"damage":0.0,"enemies":"3 Cultists","floor":30.0,"turns":2.0},{"damage":0.0,"enemies":"conspire:HollyBat","floor":31.0,"turns":6.0},{"damage":0.0,"enemies":"conspire:MysteriousRune","floor":33.0,"turns":6.0},{"damage":0.0,"enemies":"3 Darklings","floor":35.0,"turns":3.0},{"damage":0.0,"enemies":"Orb Walker","floor":36.0,"turns":3.0},{"damage":0.0,"enemies":"Maw","floor":38.0,"turns":5.0},{"damage":0.0,"enemies":"HollowMod:StalkingDevout","floor":40.0,"turns":2.0},{"damage":0.0,"enemies":"Mind Bloom Boss Battle","floor":44.0,"turns":3.0},{"damage":0.0,"enemies":"Sphere and 2 Shapes","floor":45.0,"turns":2.0},{"damage":0.0,"enemies":"Nemesis","floor":46.0,"turns":3.0},{"damage":0.0,"enemies":"Writhing Mass","floor":47.0,"turns":3.0},{"damage":0.0,"enemies":"Reptomancer","floor":48.0,"turns":2.0},{"damage":6,"enemies":"Replay:Hell Engine","floor":50,"turns":8},{"damage":7,"enemies":"Donu and Deca","floor":51,"turns":5},{"damage":0,"enemies":"Shield and Spear","floor":55,"turns":3},{"damage":32,"enemies":"NeowBoss","floor":56,"turns":6}],"seed_played":"-5680197282617748711","potions_obtained":[{"floor":1.0,"key":"conspire:TimeTravelPotion"},{"floor":4.0,"key":"Flashbang"},{"floor":21.0,"key":"Adrenaline Potion"},{"floor":45.0,"key":"FearPotion"},{"floor":48.0,"key":"EntropicBrew"}],"is_trial":false,"path_per_floor":["M","M","?","M","M","E","R","M","T","M","?","E","M","M","R","B",null,"M","?","M","?","?","R","E","R","T","E","M","E","M","M","R","B",null,"M","M","?","M","?","E","?","$","T","?","M","E","M","E","R","B","B",null,"R","$","E","B",null],"character_chosen":"THE_CURSED","items_purchased":["ClockworkSouvenir","Pocketwatch","theForsaken:Lifeblossom","Simple Rune","construct:FoamFinger","TheCursedMod:SpitefulPray","Membership Card","Iron Hammer","InkBottle","TheCursedMod:Hemoplague","TheCursedMod:SpitefulStrike","Block Potion","Adrenaline Potion","Lee\u0027s Waffle","Replay:Wax Seal","Gremlin Horn","ReplayTheSpireMod:ShopPack","TheCursedMod:SpitefulPray","TheCursedMod:Stigma","conspire:TreasureMap","Lantern","conspire:GiftBox","TheCursedMod:Obscuration+1","Art of War","Replay:Kaleidoscope","ReplayTheSpireMod:CursedCoin","TheCursedMod:Mangle+1","TheCursedMod:Hemoplague"],"campfire_rested":0,"item_purchase_floors":[0,0,0,0,0,0,0,0,0,0,0,0,0,0,0,0,0,0,0,42,42,42,42,54,54,54,54,54],"current_hp_per_floor":[92,92,92,92,92,89,96,99,99,99,92,99,99,99,99,73,100,105,105,103,97,97,97,100,100,100,86,91,83,86,92,92,98,106,109,109,109,109,109,109,103,103,103,108,109,109,109,109,109,103,102,107,107,107,109,78],"gold":472,"neow_bonus":"","is_daily":false,"chose_seed":false,"campfire_upgraded":2,"win_rate":0.0,"timestamp":1610374181,"path_taken":["M","M","?","M","M","E","R","M","T","M","?","E","?","M","R","BOSS","M","?","M","?","?","R","E","R","T","E","M","E","M","M","R","BOSS","M","M","?","M","?","E","?","$","T","?","M","E","M","E","R","BOSS","BOSS","R","$","E","BOSS"],"items_purchased_type":["Relic","Relic","Relic","Relic","Relic","Card","Relic","Relic","Relic","Card","Card","Potion","Potion","Relic","Relic","Relic","Relic","Card","Card","Relic","Relic","Relic","Card","Relic","Relic","Relic","Card","Card"],"build_version":"2020-12-22","purchased_purges":0,"victory":true,"max_hp_per_floor":[92,92,92,92,92,92,99,99,99,99,99,109,109,109,109,109,109,109,109,109,109,109,109,109,109,109,109,109,109,109,109,109,109,109,109,109,109,109,109,109,109,109,109,109,109,109,109,109,109,109,109,109,109,109,109,109],"card_choices":[{"not_picked":["expansioncontent:StudyTheSpire","Magnetism"],"picked":"Apotheosis","floor":0.0},{"not_picked":["Secret Technique","expansioncontent:DonusPower"],"picked":"Mind Blast","floor":0.0},{"not_picked":["ReplayTheSpireMod:Uncanny Aura","Replay:SS_fish_1"],"picked":"Good Instincts","floor":0.0},{"not_picked":["TheCursedMod:ReleasedKnowledge","TheCursedMod:Stretching"],"picked":"TheCursedMod:AbyssShockwave","floor":1.0},{"not_picked":["TheCursedMod:AshesToAshes","TheCursedMod:CircleOfFlame"],"picked":"TheCursedMod:Obscuration","floor":2.0},{"not_picked":["TheCursedMod:SoulCrush","TheCursedMod:Wield"],"picked":"TheCursedMod:Torture","floor":4.0},{"not_picked":["TheCursedMod:SpitefulStrike","TheCursedMod:Torture"],"picked":"TheCursedMod:CursedAmulet","floor":5.0},{"not_picked":["TheCursedMod:AbyssShockwave","TheCursedMod:Wield"],"picked":"TheCursedMod:Mangle","floor":6.0},{"not_picked":["TheCursedMod:CursedSpellbook","TheCursedMod:CircleOfWindfury"],"picked":"TheCursedMod:SpitefulPlan","floor":8.0},{"not_picked":["TheCursedMod:Neurasthenia","TheCursedMod:PrepareRite"],"picked":"TheCursedMod:CursedShiv","floor":10.0},{"not_picked":["TheCursedMod:ReleasedStrength","TheCursedMod:Stretching"],"picked":"TheCursedMod:SpitefulStrike","floor":11.0},{"not_picked":["TheCursedMod:RavingStaff","TheCursedMod:CircleOfFlame"],"picked":"TheCursedMod:VoidForm","floor":12.0},{"not_picked":["TheCursedMod:SmokeScreen","TheCursedMod:SoulReap"],"picked":"TheCursedMod:LuckyCharm","floor":13.0},{"not_picked":["TheCursedMod:CursedAmulet","TheCursedMod:CircleOfBlood"],"picked":"TheCursedMod:LuckyCharm","floor":14.0},{"not_picked":["TheCursedMod:OutForBlood","TheCursedMod:UltimatePain"],"picked":"TheCursedMod:VoidForm","floor":16.0},{"not_picked":["TheCursedMod:CircleOfFlame+1","TheCursedMod:Stigma"],"picked":"TheCursedMod:CursedShiv","floor":18.0},{"not_picked":["TheCursedMod:Stretching+1","TheCursedMod:RapidMovement+1"],"picked":"TheCursedMod:SpreadPlague+1","floor":20.0},{"not_picked":["TheCursedMod:WearCloak+1","TheCursedMod:Torture+1"],"picked":"TheCursedMod:HellfireBreathing+1","floor":21.0},{"not_picked":["TheCursedMod:WearCloak+1","TheCursedMod:SurpriseAttack"],"picked":"TheCursedMod:Stigma","floor":24.0},{"not_picked":["TheCursedMod:Torture+1","TheCursedMod:SpitefulStrike"],"picked":"TheCursedMod:SmokeScreen+1","floor":27.0},{"not_picked":["TheCursedMod:Evocation+1","TheCursedMod:ReleasedKnowledge+1"],"picked":"TheCursedMod:CursedAmulet+1","floor":28.0},{"not_picked":["TheCursedMod:DemonSword","TheCursedMod:FleshFromBone+1"],"picked":"TheCursedMod:NeowsMight+1","floor":29.0},{"not_picked":["TheCursedMod:CircleOfCorruption+1","TheCursedMod:Torture+1"],"picked":"TheCursedMod:StingEye","floor":30.0},{"not_picked":["TheCursedMod:AshesToAshes+1","TheCursedMod:FleshFromBone+1"],"picked":"TheCursedMod:RapidMovement+1","floor":31.0},{"not_picked":["TheCursedMod:CircleOfAbyss+1","TheCursedMod:Neurasthenia+1"],"picked":"TheCursedMod:CollectTribute","floor":33.0},{"not_picked":["TheCursedMod:Obscuration+1","TheCursedMod:CursedShiv"],"picked":"TheCursedMod:SmokeScreen+1","floor":35.0},{"not_picked":["TheCursedMod:CircleOfBlood+1","TheCursedMod:SpreadPlague+1"],"picked":"TheCursedMod:RapidMovement+1","floor":36.0},{"not_picked":["TheCursedMod:DoubleShield+1","TheCursedMod:StingEye"],"picked":"TheCursedMod:SurpriseAttack","floor":38.0},{"not_picked":["TheCursedMod:TroublousMinions+1","TheCursedMod:VitalStrike+1"],"picked":"TheCursedMod:CursedMace+1","floor":40.0},{"not_picked":["TheCursedMod:Neurasthenia+1","TheCursedMod:AntiAging+1"],"picked":"TheCursedMod:NeowsMight+1","floor":42.0},{"not_picked":["TheCursedMod:ReleasedStrength+1","TheCursedMod:SurpriseAttack+1"],"picked":"TheCursedMod:CursedAmulet+1","floor":44.0},{"not_picked":["TheCursedMod:RapidMovement+1","TheCursedMod:Grudge+1"],"picked":"TheCursedMod:VoidForm","floor":45.0},{"not_picked":["TheCursedMod:CursedArmor+1","TheCursedMod:CursedAmulet+1"],"picked":"TheCursedMod:SaltUponWound+1","floor":46.0},{"not_picked":["TheCursedMod:SpitefulStrike+1","TheCursedMod:RavingStaff+1"],"picked":"TheCursedMod:TroublousMinions+1","floor":47.0},{"not_picked":["TheCursedMod:ManaBullet+1","TheCursedMod:Stigma+1"],"picked":"TheCursedMod:SmokeScreen+1","floor":48.0},{"not_picked":["TheCursedMod:CursedBlade+1","TheCursedMod:SmokeScreen+1"],"picked":"TheCursedMod:Hemoplague","floor":55}],"player_experience":481283,"relics_obtained":[{"floor":6.0,"key":"PreservedInsect"},{"floor":7.0,"key":"Strawberry"},{"floor":11.0,"key":"ReplayTheSpireMod:Lightbulb"},{"floor":12.0,"key":"Pear"},{"floor":15.0,"key":"Nunchaku"},{"floor":17.0,"key":"Omamori"},{"floor":17.0,"key":"Toxic Egg 2"},{"floor":17.0,"key":"construct:BoolHorns"},{"floor":21.0,"key":"Red Mask"},{"floor":23.0,"key":"Juzu Bracelet"},{"floor":24.0,"key":"FossilizedHelix"},{"floor":26.0,"key":"Boot"},{"floor":27.0,"key":"Replay:Multitool"},{"floor":29.0,"key":"HollowMod:PaleOreRelic"},{"floor":32.0,"key":"Happy Flower"},{"floor":40.0,"key":"Molten Egg 2"},{"floor":43.0,"key":"Bag of Preparation"},{"floor":44.0,"key":"Thread and Needle"},{"floor":46.0,"key":"Oddly Smooth Stone"},{"floor":48.0,"key":"Gremlin Food"},{"floor":53,"key":"conspire:DecoderRing"},{"floor":55,"key":"Replay:Bottled Steam"}],"event_choices":[{"damage_healed":0.0,"max_hp_gain":0.0,"max_hp_loss":0.0,"gold_gain":0.0,"event_name":"conspire:LoneGhost","player_choice":"Disagree","floor":3.0,"gold_loss":0.0,"damage_taken":0.0},{"damage_healed":0.0,"max_hp_gain":0.0,"max_hp_loss":0.0,"gold_gain":30.0,"event_name":"Dead Adventurer","player_choice":"Searched \u00272\u0027 times","floor":11.0,"gold_loss":0.0,"damage_taken":0.0},{"damage_healed":0.0,"max_hp_gain":0.0,"max_hp_loss":0.0,"gold_gain":0.0,"event_name":"Plague Doctor","player_choice":"Obtain Plague Curse","floor":19.0,"gold_loss":0.0,"damage_taken":0.0,"cards_obtained":["theForsaken:PlagueCurse"]},{"damage_healed":0.0,"max_hp_gain":0.0,"max_hp_loss":0.0,"gold_gain":0.0,"event_name":"Masked Bandits","player_choice":"Fought Bandits","floor":21.0,"gold_loss":0.0,"damage_taken":0.0},{"damage_healed":0.0,"max_hp_gain":0.0,"max_hp_loss":0.0,"gold_gain":0.0,"event_name":"Beggar","player_choice":"Ignored","floor":22.0,"gold_loss":0.0,"damage_taken":0.0},{"damage_healed":0.0,"max_hp_gain":0.0,"max_hp_loss":0.0,"gold_gain":0.0,"event_name":"Match and Keep!","player_choice":"1 cards matched","floor":37.0,"gold_loss":0.0,"damage_taken":0.0,"cards_obtained":["TheCursedMod:CursedWand"]},{"cards_removed":["TheCursedMod:Strike_TheCursed"],"damage_healed":0.0,"max_hp_gain":0.0,"max_hp_loss":0.0,"gold_gain":0.0,"event_name":"Falling","player_choice":"Removed Attack","floor":39.0,"gold_loss":0.0,"damage_taken":0.0},{"damage_healed":0.0,"max_hp_gain":0.0,"max_hp_loss":0.0,"gold_gain":0.0,"event_name":"conspire:Investor","player_choice":"Leave","floor":41.0,"gold_loss":0.0,"damage_taken":0.0},{"damage_healed":0.0,"max_hp_gain":0.0,"max_hp_loss":0.0,"gold_gain":0.0,"event_name":"MindBloom","player_choice":"Fight","floor":44.0,"gold_loss":0.0,"damage_taken":0.0}],"is_beta":false,"boss_relics":[{"not_picked":["Painkiller Herb","Honey Jar"],"picked":"Calling Bell"},{"not_picked":["conspire:SeveredTorchhead","conspire:SpecialSausage"],"picked":"SlaversCollar"}],"items_purged_floors":[],"is_endless":false,"potions_floor_spawned":[1,4,6,10,16,18,21,24,27,33,36,38,45,46,48],"ascension_level":20}}