{"host":"8o45mh5p3pp1o2mi","time":1610329159,"event":{"mods":["BaseMod","Better Match","Better Third Choice","BetterRewards","Minty Spire (QoL Compilation)","Rare Cards Sparkle","Relic Stats","Replay The Spire","Shop Mod","StSLib","everything is the same but u backflip on backflip"],"gold_per_floor":[116,116,116,64,75,103,126,173,185,197,252,37,86,117,117,226,226,248,274,309,338,413,413,437,478,478,506,506,553,553,581,581,698,698,723,788,103,139,54,103,148,148,148,148,167,210,237,280,280,302],"floor_reached":51,"playtime":4095,"items_purged":["Strike_P","Shame"],"score":991,"play_id":"be012f60-6a96-4c0b-b0ab-0cc445359cd1","local_time":"20210111013919","is_ascension_mode":true,"campfire_choices":[{"data":"Eruption","floor":10,"key":"SMITH"},{"floor":15,"key":"REST"},{"data":"TalkToTheHand","floor":23,"key":"SMITH"},{"data":"Vault","floor":28,"key":"SMITH"},{"floor":32,"key":"REST"},{"data":"Blasphemy","floor":42,"key":"SMITH"},{"data":"Wallop","floor":44,"key":"SMITH"}],"circlet_count":0,"master_deck":["Defend_P+1","Eruption+1","Vigilance+1","CutThroughFate+1","Chrysalis+1","Replay:AtTheReady+1","Evaluate","FlyingSleeves","ClearTheMind","Conclude","DeusExMachina","Replay:BluntJabs","TalkToTheHand+1","LessonLearned+1","Meditate+1","FlurryOfBlows","Replay:DivineShield+1","EmptyFist+1","FearNoEvil+1","Replay:Hum+1","DevaForm","Writhe","Sickly","Fasting2+1","Crescendo+1","JustLucky+1","Vault+1","MentalFortress","Ragnarok","Blasphemy+1","Worship+1","Wallop+1","Master of Strategy","Master of Strategy","Bandage Up","DeceiveReality","Overencumbered","ThirdEye","Indignation+1"],"relics":["PureWater","Durian","Question Card","MerchantsRug","PreservedInsect","ReplayFunnel","Replay:Bandana","Replay:Rubber Ducky","Odd Mushroom","Blue Doll","Matryoshka","Replay:Grab Bag","Painkiller Herb","Cursed Key","Kintsugi","Bottled Tornado","White Beast Statue","Damaru","Vajra","Juzu Bracelet","Membership Card","Oddly Smooth Stone","WingedGreaves","CaptainsWheel","ReplayTheSpireMod:Lightbulb","Frozen Egg 2","Onion Ring","Replay:WaspNest"],"acts_visited":["Exordium","TheCity","TheBeyond"],"potions_floor_usage":[8,11,11,18,24,25,29,33,35,40,50,50,50,50],"damage_taken":[{"damage":0,"enemies":"Cultist","floor":1,"turns":2},{"damage":0,"enemies":"2 Louse","floor":5,"turns":2},{"damage":2,"enemies":"3 Sentries","floor":6,"turns":5},{"damage":0,"enemies":"Small Slimes","floor":7,"turns":2},{"damage":61,"enemies":"Gremlin Nob","floor":8,"turns":7},{"damage":12,"enemies":"The Mushroom Lair","floor":11,"turns":2},{"damage":0,"enemies":"3 Sentries","floor":13,"turns":2},{"damage":12,"enemies":"Blue Slaver","floor":14,"turns":2},{"damage":11,"enemies":"Hexaghost","floor":16,"turns":8},{"damage":0,"enemies":"Shell Parasite","floor":18,"turns":5},{"damage":0,"enemies":"Chosen","floor":19,"turns":7},{"damage":0,"enemies":"Shelled Parasite and Fungi","floor":20,"turns":3},{"damage":0,"enemies":"Snecko","floor":21,"turns":4},{"damage":0,"enemies":"Snake Plant","floor":24,"turns":3},{"damage":18,"enemies":"Gremlin Leader","floor":25,"turns":6},{"damage":5,"enemies":"Centurion and Healer","floor":27,"turns":4},{"damage":2,"enemies":"Replay:Snechameleon","floor":29,"turns":4},{"damage":8,"enemies":"Snecko","floor":31,"turns":5},{"damage":1,"enemies":"Champ","floor":33,"turns":9},{"damage":9,"enemies":"3 Shapes","floor":35,"turns":5},{"damage":31,"enemies":"2 Orb Walkers","floor":36,"turns":5},{"damage":0,"enemies":"3 Darklings","floor":38,"turns":3},{"damage":30,"enemies":"Nemesis","floor":40,"turns":4},{"damage":0,"enemies":"Giant Head","floor":41,"turns":5},{"damage":0,"enemies":"Writhing Mass","floor":45,"turns":5},{"damage":9,"enemies":"Nemesis","floor":46,"turns":6},{"damage":7,"enemies":"Jaw Worm Horde","floor":47,"turns":3},{"damage":11,"enemies":"R_Hoarder","floor":48,"turns":5},{"damage":27,"enemies":"Awakened One","floor":50,"turns":6}],"seed_played":"396375302717774034","potions_obtained":[{"floor":6,"key":"Energy Potion"},{"floor":8,"key":"AttackPotion"},{"floor":14,"key":"Explosive Potion"},{"floor":16,"key":"Swift Potion"},{"floor":21,"key":"DistilledChaos"},{"floor":27,"key":"EssenceOfSteel"},{"floor":29,"key":"CultistPotion"},{"floor":30,"key":"DuplicationPotion"},{"floor":30,"key":"Fire Potion"},{"floor":33,"key":"FairyPotion"},{"floor":40,"key":"Weak Potion"},{"floor":41,"key":"Weak Potion"},{"floor":45,"key":"AttackPotion"},{"floor":46,"key":"EntropicBrew"}],"is_trial":false,"path_per_floor":["M","?","?","$","M","E","M","E","T","R","?","$","E","M","R","B",null,"?","?","?","?","?","T","?","E","T","?","T","E","?","?","T","B",null,"?","?","T","?","T","E","E","T","T","T","?","E","?","E","T","B",null],"character_chosen":"WATCHER","items_purchased":["BargainBundle","Durian","Question Card","Regen Potion","FairyPotion","Block Potion","MerchantsRug","CutThroughFate","Chrysalis","Replay:AtTheReady","Evaluate","PreservedInsect","FlyingSleeves","ClearTheMind","Replay:BluntJabs","Replay:DivineShield","Blue Doll","EmptyFist","Vajra","Juzu Bracelet","Lee\u0027s Waffle","Master of Strategy","Membership Card","Bandage Up","Oddly Smooth Stone"],"campfire_rested":2,"item_purchase_floors":[0,0,0,0,0,0,0,0,0,0,0,0,0,0,4,12,12,12,37,37,37,37,39,39,39],"current_hp_per_floor":[77,70,70,70,70,68,68,7,7,7,23,23,23,11,34,23,77,77,77,77,77,70,70,70,52,52,47,47,45,45,37,60,59,77,68,51,98,98,98,72,76,76,76,76,80,71,68,61,90,67],"gold":302,"neow_bonus":"","is_daily":false,"chose_seed":false,"campfire_upgraded":5,"win_rate":0.0,"timestamp":1610329159,"path_taken":["M","?","?","$","M","E","M","E","T","R","?","?","E","M","R","BOSS","?","?","?","?","?","T","?","E","T","?","T","E","?","?","T","BOSS","?","?","T","?","T","E","E","T","T","T","?","E","?","E","T","BOSS"],"items_purchased_type":["Relic","Relic","Relic","Potion","Potion","Potion","Relic","Card","Card","Card","Card","Relic","Card","Card","Card","Card","Relic","Card","Relic","Relic","Relic","Card","Relic","Card","Relic"],"build_version":"2020-12-22","purchased_purges":2,"victory":true,"max_hp_per_floor":[77,77,77,77,77,77,77,77,77,77,77,77,77,77,77,77,77,77,77,77,77,77,77,77,77,77,77,77,77,77,77,77,77,77,77,91,98,98,98,98,98,98,98,98,98,98,98,98,98,98],"relic_stats":{"counters":[29,129],"PreservedInsect":469,"Juzu Bracelet":0,"Question Card":28,"Cursed Key":2,"obtain_stats":[{"ReplayFunnel":2,"Vajra":37,"Blue Doll":12,"Painkiller Herb":17,"Mango":36,"Juzu Bracelet":37,"Whetstone":29,"Bottled Tornado":25,"Cursed Key":17,"Replay:Rubber Ducky":9,"Sozu":34,"Replay:Bandana":6,"Matryoshka":13,"WingedGreaves":40,"MerchantsRug":0,"BargainBundle":0,"Lee\u0027s Waffle":37,"Replay:Grab Bag":17,"Damaru":26,"Oddly Smooth Stone":39,"PreservedInsect":0,"Replay:WaspNest":48,"Odd Mushroom":11,"Frozen Egg 2":43,"Question Card":0,"MawBank":8,"White Beast Statue":26,"CaptainsWheel":41,"Onion Ring":46,"Durian":0,"Membership Card":39,"PureWater":0,"Kintsugi":17,"ReplayTheSpireMod:Lightbulb":43},{"ReplayFunnel":1,"Vajra":21,"Blue Doll":6,"Painkiller Herb":9,"Mango":21,"Juzu Bracelet":21,"Whetstone":17,"Bottled Tornado":15,"Cursed Key":9,"Replay:Rubber Ducky":5,"Sozu":19,"Replay:Bandana":3,"Matryoshka":7,"WingedGreaves":23,"MerchantsRug":0,"BargainBundle":0,"Lee\u0027s Waffle":21,"Replay:Grab Bag":9,"Damaru":15,"Oddly Smooth Stone":22,"PreservedInsect":0,"Replay:WaspNest":28,"Odd Mushroom":6,"Frozen Egg 2":24,"Question Card":0,"MawBank":5,"White Beast Statue":15,"CaptainsWheel":24,"Onion Ring":26,"Durian":0,"Membership Card":22,"PureWater":0,"Kintsugi":9,"ReplayTheSpireMod:Lightbulb":24},{"ReplayFunnel":2,"Vajra":92,"Blue Doll":20,"Painkiller Herb":32,"Mango":92,"Juzu Bracelet":92,"Whetstone":68,"Bottled Tornado":60,"Cursed Key":32,"Replay:Rubber Ducky":18,"Sozu":82,"Replay:Bandana":9,"Matryoshka":22,"WingedGreaves":99,"MerchantsRug":0,"BargainBundle":0,"Lee\u0027s Waffle":92,"Replay:Grab Bag":32,"Damaru":60,"Oddly Smooth Stone":95,"PreservedInsect":0,"Replay:WaspNest":123,"Odd Mushroom":20,"Frozen Egg 2":104,"Question Card":0,"MawBank":18,"White Beast Statue":60,"CaptainsWheel":104,"Onion Ring":115,"Durian":0,"Membership Card":95,"PureWater":0,"Kintsugi":32,"ReplayTheSpireMod:Lightbulb":104}]},"card_choices":[{"not_picked":["Weave","Replay:ManipulateFuture","Evaluate"],"picked":"Conclude","floor":1},{"not_picked":["Prostrate","Swivel","CarveReality"],"picked":"TalkToTheHand","floor":5},{"not_picked":["Sanctity","Evaluate","Crescendo"],"picked":"LessonLearned","floor":6},{"not_picked":["Weave","FlyingSleeves","CrushJoints","Worship"],"picked":"SKIP","floor":7},{"not_picked":["Replay:AtTheReady","CrushJoints","CarveReality"],"picked":"Meditate","floor":8},{"not_picked":["FlyingSleeves","Halt","InnerPeace"],"picked":"FlurryOfBlows","floor":11},{"not_picked":["LessonLearned","Meditate","Weave"],"picked":"FearNoEvil","floor":13},{"not_picked":["Replay:ManipulateFuture","ForeignInfluence","Replay:AtTheReady"],"picked":"Replay:Hum","floor":14},{"not_picked":["Replay:LoomingThreat","Devotion","Ragnarok"],"picked":"DevaForm","floor":16},{"not_picked":["Replay:BluntJabs","Halt","Replay:Hum","CutThroughFate"],"picked":"SKIP","floor":18},{"not_picked":["Evaluate","Swivel","FlyingSleeves"],"picked":"Fasting2+1","floor":19},{"not_picked":["Evaluate","CutThroughFate","Protect+1","FlyingSleeves"],"picked":"SKIP","floor":20},{"not_picked":["Halt","Prostrate","CutThroughFate+1"],"picked":"Crescendo+1","floor":21},{"not_picked":["PathToVictory","Replay:DivineShield","CutThroughFate+1"],"picked":"JustLucky+1","floor":24},{"not_picked":["SandsOfTime","FlyingSleeves+1","BattleHymn"],"picked":"Vault","floor":25},{"not_picked":["Replay:Anticipation+1","Replay:Cycle","CutThroughFate"],"picked":"MentalFortress","floor":27},{"not_picked":["Meditate","Conclude","InnerPeace"],"picked":"Ragnarok","floor":29},{"not_picked":["ThirdEye","Crescendo","FlyingSleeves","Perseverance"],"picked":"SKIP","floor":31},{"not_picked":["Ragnarok","MasterReality","Brilliance"],"picked":"Blasphemy","floor":33},{"not_picked":["ThirdEye+1","Conclude","FlyingSleeves+1"],"picked":"Worship+1","floor":35},{"not_picked":["Replay:ManipulateFuture","PathToVictory","Perseverance+1"],"picked":"Wallop","floor":36},{"not_picked":["Replay:Hum+1","Replay:Anticipation","FollowUp+1","CrushJoints+1"],"picked":"SKIP","floor":38},{"not_picked":["InnerPeace+1","Replay:BluntJabs","Sanctity+1","Halt"],"picked":"SKIP","floor":40},{"not_picked":["JustLucky+1","FlyingSleeves+1","Crescendo"],"picked":"DeceiveReality","floor":41},{"not_picked":["MentalFortress+1","BowlingBash","Replay:AtTheReady"],"picked":"ThirdEye","floor":45},{"not_picked":["Evaluate","EmptyFist+1","FlurryOfBlows+1","TalkToTheHand"],"picked":"SKIP","floor":46},{"not_picked":["Wallop+1","Vault","SashWhip+1"],"picked":"Indignation+1","floor":47},{"not_picked":["FlyingSleeves+1","ClearTheMind+1","Consecrate+1","CarveReality"],"picked":"SKIP","floor":48}],"player_experience":55085,"relics_obtained":[{"floor":6,"key":"Replay:Bandana"},{"floor":8,"key":"MawBank"},{"floor":9,"key":"Replay:Rubber Ducky"},{"floor":11,"key":"Odd Mushroom"},{"floor":13,"key":"Matryoshka"},{"floor":25,"key":"Bottled Tornado"},{"floor":26,"key":"White Beast Statue"},{"floor":26,"key":"Damaru"},{"floor":29,"key":"Whetstone"},{"floor":36,"key":"Mango"},{"floor":40,"key":"WingedGreaves"},{"floor":41,"key":"CaptainsWheel"},{"floor":43,"key":"ReplayTheSpireMod:Lightbulb"},{"floor":43,"key":"Frozen Egg 2"},{"floor":46,"key":"Onion Ring"},{"floor":48,"key":"Replay:WaspNest"}],"event_choices":[{"damage_healed":0,"gold_gain":0,"player_choice":"Relic ","damage_taken":7,"max_hp_gain":0,"max_hp_loss":0,"event_name":"betterThird:BetterScrap","floor":2,"gold_loss":0,"cards_obtained":["Catalyst"]},{"damage_healed":0,"gold_gain":0,"cards_transformed":["Defend_P"],"player_choice":"Change","damage_taken":0,"max_hp_gain":0,"max_hp_loss":0,"event_name":"Living Wall","floor":3,"gold_loss":0,"cards_obtained":["DeusExMachina"]},{"damage_healed":0,"gold_gain":0,"player_choice":"Fought Mushrooms","damage_taken":0,"max_hp_gain":0,"max_hp_loss":0,"event_name":"Mushrooms","floor":11,"gold_loss":0},{"damage_healed":0,"gold_gain":75,"player_choice":"Touch","damage_taken":7,"max_hp_gain":0,"max_hp_loss":0,"event_name":"FaceTrader","floor":22,"gold_loss":0},{"damage_healed":0,"gold_gain":0,"player_choice":"Got Potions","damage_taken":0,"max_hp_gain":0,"max_hp_loss":0,"event_name":"Lab","floor":30,"gold_loss":0},{"damage_healed":0,"gold_gain":0,"player_choice":"Fight","damage_taken":0,"max_hp_gain":0,"max_hp_loss":0,"event_name":"Mysterious Sphere","floor":36,"gold_loss":0}],"is_beta":false,"boss_relics":[{"not_picked":["Snecko Eye","Replay:Drink Me"],"picked":"Replay:Grab Bag"},{"not_picked":["ReplayTheSpireMod:Onyx Gauntlets","Abe\u0027s Treasure"],"picked":"Painkiller Herb"},{"not_picked":["ReplayTheSpireMod:DimensionalGlitch","Replay:Bronze Core"],"picked":"Cursed Key"},{"not_picked":["Calling Bell","VioletLotus"],"picked":"Kintsugi"},{"not_picked":["Tiny House","Empty Cage"],"picked":"Sozu"}],"items_purged_floors":[0,37],"is_endless":false,"potions_floor_spawned":[5,6,8,14,16,21,27,29,31,33,35,36,38,40,41,45,46,47,48],"ascension_level":1}}