{"host":"fjaupvxe7fzqrf4j","time":1610369674,"event":{"mods":["ATMod(°¢èªMod)","BaseMod","Minty Spire (QoL Compilation)","StSLib"],"gold_per_floor":[111,36,36,36,50,75,107,138,138,138,164,197,197,232,232,307,307,324,53,81,81,81,115,115,150,150,185,214,214,247,274,274,351,351,369,394,440,440,662,692,692,718,718,748,774,785,813,841,841,841,841,841,841,71,100,100],"floor_reached":57,"playtime":1567,"items_purged":["SignatureMove"],"score":4585,"play_id":"199dd8c2-cf51-425a-8887-a6ac41006f06","local_time":"20210111205434","daily_mods":["SealedDeck","Heirloom","Time Dilation","Flight","Elite Swarm"],"is_ascension_mode":true,"campfire_choices":[{"data":"AT_OneInchPunch","floor":10,"key":"SMITH"},{"data":"Crescendo","floor":13,"key":"SMITH"},{"data":"ClearTheMind","floor":15,"key":"SMITH"},{"data":"Scrawl","floor":24,"key":"SMITH"},{"data":"MasterReality","floor":29,"key":"SMITH"},{"data":"Consecrate+1","floor":32,"key":"PURGE"},{"data":"FollowUp+1","floor":41,"key":"PURGE"},{"floor":49,"key":"RECALL"},{"data":"LessonLearned+1","floor":53,"key":"PURGE"}],"circlet_count":0,"master_deck":["AscendersBane","Prostrate+1","Pray+1","FlurryOfBlows+1","FearNoEvil+1","TalkToTheHand+1","ClearTheMind+1","Crescendo+1","Brilliance+1","Ragnarok+1","Scrawl+1","Wallop+1","Scrawl+1","MasterReality+1","DevaForm+1","Omniscience+1","Brilliance+1","Wallop+1","Omniscience+1","Tantrum+1","Fasting2"],"relics":["PureWater","AT_ATBox","FossilizedHelix","Question Card","Incense Burner","Gremlin Horn","AT_ArcaneBoots","Molten Egg 2","Darkstone Periapt","VioletLotus","TeardropLocket","Red Mask","MutagenicStrength","Peace Pipe","Pen Nib","Ancient Tea Set","Pocketwatch","AT_ChloranthyRing","The Courier","Coffee Dripper","AT_Kusabimaru","CloakClasp","GoldenEye","Pantograph","Bottled Lightning","InkBottle","Shuriken","Bird Faced Urn","Oddly Smooth Stone","AT_RedTearstoneRing","Mummified Hand","Nunchaku","Lizard Tail","Du-Vu Doll"],"acts_visited":["Exordium","TheCity","TheBeyond","TheEnding"],"potions_floor_usage":[56,56],"damage_taken":[{"damage":0.0,"enemies":"Small Slimes","floor":1.0,"turns":2.0},{"damage":0.0,"enemies":"Jaw Worm","floor":5.0,"turns":1.0},{"damage":0.0,"enemies":"Lagavulin","floor":6.0,"turns":3.0},{"damage":0,"enemies":"Gremlin Nob","floor":7,"turns":3},{"damage":0,"enemies":"Lagavulin","floor":8,"turns":3},{"damage":0,"enemies":"Gremlin Nob","floor":11,"turns":3},{"damage":0,"enemies":"3 Sentries","floor":12,"turns":2},{"damage":0,"enemies":"Lagavulin","floor":14,"turns":3},{"damage":0,"enemies":"Slime Boss","floor":16,"turns":2},{"damage":0,"enemies":"Shell Parasite","floor":18,"turns":1},{"damage":0,"enemies":"Masked Bandits","floor":20,"turns":2},{"damage":0,"enemies":"Book of Stabbing","floor":23,"turns":1},{"damage":0,"enemies":"Slavers","floor":25,"turns":3},{"damage":1,"enemies":"Book of Stabbing","floor":27,"turns":2},{"damage":0,"enemies":"Slavers","floor":28,"turns":1},{"damage":0,"enemies":"Gremlin Leader","floor":30,"turns":1},{"damage":0,"enemies":"Book of Stabbing","floor":31,"turns":1},{"damage":0,"enemies":"Collector","floor":33,"turns":2},{"damage":0,"enemies":"3 Darklings","floor":35,"turns":2},{"damage":1,"enemies":"Mind Bloom Boss Battle","floor":36,"turns":2},{"damage":0,"enemies":"2 Orb Walkers","floor":37,"turns":4},{"damage":0,"enemies":"Nemesis","floor":40,"turns":3},{"damage":0,"enemies":"Reptomancer","floor":42,"turns":2},{"damage":0,"enemies":"Nemesis","floor":44,"turns":1},{"damage":0,"enemies":"Giant Head","floor":45,"turns":1},{"damage":0,"enemies":"Orb Walker","floor":46,"turns":1},{"damage":0,"enemies":"Nemesis","floor":47,"turns":1},{"damage":0,"enemies":"Reptomancer","floor":48,"turns":1},{"damage":0,"enemies":"Time Eater","floor":50,"turns":1},{"damage":0,"enemies":"Donu and Deca","floor":51,"turns":2},{"damage":0,"enemies":"Shield and Spear","floor":55,"turns":1},{"damage":26,"enemies":"The Heart","floor":56,"turns":5}],"seed_played":"5103987599483640162","potions_obtained":[{"floor":1.0,"key":"FearPotion"},{"floor":7,"key":"Energy Potion"},{"floor":14,"key":"BlessingOfTheForge"},{"floor":37,"key":"LiquidMemories"}],"is_trial":true,"path_per_floor":["M","$","?","?","M","E","E","E","T","R","E","E","R","E","R","B",null,"M","$","?","?","?","E","R","E","T","E","E","R","E","E","R","B",null,"M","?","?","?","?","E","R","E","T","E","E","M","E","E","R","B","B",null,"R","$","E","B",null],"character_chosen":"WATCHER","items_purchased":["TeardropLocket","AT_RedTearstoneRing","Mummified Hand","Fasting2","Nunchaku","Lizard Tail"],"campfire_rested":0,"item_purchase_floors":[19,54,54,54,54,54],"current_hp_per_floor":[61,61,61,61,61,61,61,61,61,61,61,61,61,61,61,61,66,66,66,66,66,66,66,66,66,66,65,65,65,65,65,65,65,67,67,66,66,65,65,65,65,65,65,65,65,65,65,65,65,65,65,65,65,65,65,49],"gold":100,"neow_bonus":"","is_daily":false,"chose_seed":false,"campfire_upgraded":5,"win_rate":0.0,"timestamp":1610369674,"path_taken":["M","$","?","?","M","E","E","E","T","R","E","E","R","E","R","BOSS","M","$","?","?","?","E","R","E","T","E","E","R","E","E","R","BOSS","M","?","?","?","?","E","R","E","T","E","E","?","E","E","R","BOSS","BOSS","R","$","E","BOSS"],"items_purchased_type":["Relic","Relic","Relic","Card","Relic","Relic"],"build_version":"2020-12-22","purchased_purges":1,"victory":true,"max_hp_per_floor":[68,68,68,68,68,68,68,68,68,68,68,68,68,68,68,68,68,68,68,68,68,68,68,68,68,68,68,68,68,68,68,68,68,68,68,68,68,65,65,65,65,65,65,65,65,65,65,65,65,65,65,65,65,65,65,65],"card_choices":[{"not_picked":["Meditate","Protect"],"picked":"AT_OneInchPunch","floor":1.0},{"not_picked":["FlurryOfBlows","ReachHeaven","CutThroughFate"],"picked":"SKIP","floor":5.0},{"not_picked":["ConjureBlade","SpiritShield","AT_IrregularMenstruation"],"picked":"SKIP","floor":6},{"not_picked":["AT_IrregularMenstruation","AT_MachinaRedman"],"picked":"Brilliance","floor":7},{"not_picked":["Devotion","Establishment","Ragnarok"],"picked":"LessonLearned","floor":8},{"not_picked":["Establishment","AT_RealColorLess","Blasphemy","Vault"],"picked":"SKIP","floor":11},{"not_picked":["SpiritShield","Judgement","Blasphemy"],"picked":"Ragnarok+1","floor":12},{"not_picked":["Vault","Devotion","Omniscience"],"picked":"Scrawl","floor":14},{"not_picked":["CutThroughFate+1","LikeWater","Evaluate"],"picked":"Wallop+1","floor":18},{"not_picked":["Wish","Establishment","AT_RealColorLess"],"picked":"Scrawl","floor":23},{"not_picked":["Establishment","Omniscience","Ragnarok+1"],"picked":"MasterReality","floor":25},{"not_picked":["AT_RealColorLess","Omniscience","Establishment"],"picked":"DevaForm","floor":27},{"not_picked":["LessonLearned+1","AT_MachinaRedman","Wish"],"picked":"Omniscience","floor":28},{"not_picked":["ConjureBlade","AT_RealColorLess","LessonLearned+1"],"picked":"Brilliance+1","floor":30},{"not_picked":["Devotion","MasterReality","Wish","Establishment"],"picked":"SKIP","floor":31},{"not_picked":["ReachHeaven+1","EmptyFist+1","FlurryOfBlows+1"],"picked":"Wallop+1","floor":35},{"not_picked":["Judgement","DevaForm","Devotion","Vault"],"picked":"SKIP","floor":40},{"not_picked":["AT_RealColorLess","Establishment","MasterReality"],"picked":"Omniscience","floor":42},{"not_picked":["DevaForm","AT_MachinaRedman","ConjureBlade","Omniscience"],"picked":"SKIP","floor":44},{"not_picked":["Omniscience","Ragnarok+1","ConjureBlade","MasterReality"],"picked":"SKIP","floor":45},{"not_picked":["SandsOfTime+1","WheelKick+1","BowlingBash+1"],"picked":"Tantrum+1","floor":46},{"not_picked":["ConjureBlade","AT_IrregularMenstruation","DevaForm","Scrawl"],"picked":"SKIP","floor":47},{"not_picked":["Establishment","Ragnarok+1","SpiritShield","AT_MachinaRedman"],"picked":"SKIP","floor":48},{"not_picked":["Alpha","Brilliance+1","Blasphemy","Wish"],"picked":"SKIP","floor":55}],"player_experience":404372,"relics_obtained":[{"floor":7,"key":"Question Card"},{"floor":8,"key":"Incense Burner"},{"floor":9,"key":"Gremlin Horn"},{"floor":11,"key":"AT_SpeedBoots"},{"floor":12,"key":"Molten Egg 2"},{"floor":14,"key":"Darkstone Periapt"},{"floor":20,"key":"Red Mask"},{"floor":23,"key":"Peace Pipe"},{"floor":25,"key":"Pen Nib"},{"floor":27,"key":"Ancient Tea Set"},{"floor":28,"key":"Pocketwatch"},{"floor":30,"key":"AT_ChloranthyRing"},{"floor":31,"key":"The Courier"},{"floor":36,"key":"AT_Kusabimaru"},{"floor":37,"key":"CloakClasp"},{"floor":40,"key":"GoldenEye"},{"floor":42,"key":"Pantograph"},{"floor":43,"key":"Bottled Lightning"},{"floor":44,"key":"InkBottle"},{"floor":45,"key":"Shuriken"},{"floor":47,"key":"Bird Faced Urn"},{"floor":48,"key":"Oddly Smooth Stone"},{"floor":55,"key":"Du-Vu Doll"}],"event_choices":[{"damage_healed":0.0,"max_hp_gain":0.0,"max_hp_loss":0.0,"gold_gain":0.0,"event_name":"Liars Game","player_choice":"Ignored","floor":3.0,"gold_loss":0.0,"damage_taken":0.0},{"damage_healed":0.0,"max_hp_gain":0.0,"max_hp_loss":0.0,"gold_gain":0.0,"event_name":"Scrap Ooze","player_choice":"Fled","floor":4.0,"gold_loss":0.0,"damage_taken":0.0},{"damage_healed":0,"gold_gain":0,"player_choice":"Fought Bandits","damage_taken":0,"max_hp_gain":0,"max_hp_loss":0,"event_name":"Masked Bandits","floor":20,"gold_loss":0},{"cards_removed":["AT_OneInchPunch"],"damage_healed":0,"gold_gain":0,"player_choice":"Elegance","damage_taken":0,"max_hp_gain":0,"max_hp_loss":0,"event_name":"Back to Basics","floor":21,"gold_loss":0},{"damage_healed":0,"gold_gain":0,"player_choice":"Inject Mutagens","damage_taken":0,"relics_obtained":["MutagenicStrength"],"max_hp_gain":0,"max_hp_loss":0,"event_name":"Drug Dealer","floor":22,"gold_loss":0},{"damage_healed":0,"gold_gain":0,"player_choice":"Fight","damage_taken":0,"max_hp_gain":0,"max_hp_loss":0,"event_name":"MindBloom","floor":36,"gold_loss":0},{"damage_healed":0,"gold_gain":0,"player_choice":"Fight","damage_taken":0,"max_hp_gain":0,"max_hp_loss":0,"event_name":"Mysterious Sphere","floor":37,"gold_loss":0},{"damage_healed":0,"gold_gain":0,"player_choice":"Max HP","damage_taken":0,"max_hp_gain":0,"max_hp_loss":3,"event_name":"Winding Halls","floor":38,"gold_loss":0},{"damage_healed":0,"gold_gain":222,"player_choice":"Wore Mask","damage_taken":0,"max_hp_gain":0,"max_hp_loss":0,"event_name":"Tomb of Lord Red Mask","floor":39,"gold_loss":0}],"is_beta":false,"boss_relics":[{"not_picked":["Cursed Key","Busted Crown"],"picked":"VioletLotus"},{"not_picked":["Runic Dome","AT_MortalBlade"],"picked":"Coffee Dripper"}],"items_purged_floors":[2],"is_endless":false,"potions_floor_spawned":[1,7,11,12,14,18,28,30,31,33,36,37,42,46,55],"ascension_level":20}}