{"host":"ika5blmljv34vrx1","time":1610380400,"event":{"mods":["AchievementEnabler","Act Like it!","Aspiration","BaseMod","CapriCore","Challenge The Spire","Conspire","Gensokyo","Gold Saver","Grow up Mod","KinomotoSakuraMod(ƒæ÷Æ±æ”£)","Koishi","Marisa£®ÏF”Í°°ƒß¿Ì…≥£©","Minty Spire (QoL Compilation)","Pale of the Ancients","Quick Restart","Reimu£®≤©¿ˆ¡È√Œ£©","Remilia£®¿Ÿ√◊¿Ú—«£©","Remove Card Discount Mod","Replay The Spire","StSLib","The Immortal","Yakumo Yukari mod"],"gold_per_floor":[210,210,153,153,153,153,181,181,181,208,208,11,46,62,62,135,135,153,76,92,86,86,86,113,138,216,448,130,130,130,163,163,235,235,252,252,252,9,29,63,63,59,59,84,109,136,46,67,67,73,75,94,120,63,90,90,109,109,54,54,42],"floor_reached":62,"playtime":4700,"items_purged":["Koishi:UnansweredLove","Koishi:SubterraneanRose","Clumsy","Koishi:Whimsy","Koishi:CatchAndRose","Koishi:FidgetySnatcher","Looming Evil","Koishi:ImGoingToCallYouNow"],"score":3764,"play_id":"3f8e6290-05cd-40f5-abf5-948ad6cf0a01","local_time":"20210111235320","daily_mods":["SealedDeck","Heirloom","Time Dilation","Flight"],"is_ascension_mode":true,"campfire_choices":[{"floor":6,"key":"RECALL"},{"data":"Koishi:FleetingPhantom","floor":11,"key":"SMITH"},{"data":"Koishi:PerfectMindControl","floor":15,"key":"SMITH"},{"data":"Koishi:MentalBreakdown","floor":23,"key":"SMITH"},{"data":"Koishi:PhantomBarrier","floor":30,"key":"SMITH"},{"data":"Koishi:SilentAndRestless","floor":32,"key":"SMITH"},{"data":"Koishi:RoseHell","floor":49,"key":"SMITH"},{"floor":56,"key":"REST"},{"floor":58,"key":"REST"}],"circlet_count":0,"master_deck":["AscendersBane","Koishi:FleetingPhantom+1","Koishi:YoukaiPolygraph+1","Koishi:PhantomBarrier+1","Koishi:TraumaticStroke+1","Koishi:SprinkleStarAndHeart+1","Koishi:MentalBreakdown+1","Koishi:PerfectMindControl+1","Koishi:SilentAndRestless+1","Koishi:Vanish+1","Gensokyo:PrivateSquare+1","Koishi:FormlessExistence+1","Koishi:RoseHell+1","Gensokyo:CustomPotion"],"relics":["Koishi:ImaginaryFriend","conspire:GlowingRock","Gensokyo:NagashiBinaDoll","Omamori","Gensokyo:LunaticRedEyes","Bag of Preparation","Blood Vial","Guide Book","Pocketwatch","aspiration:RandomNobGenerator","Bag of Marbles","Frozen Egg 2","Centennial Puzzle","Koishi:BloodstainedWhiteRose","Incense Burner","Mummified Hand","Vajra","ReplayTheSpireMod:CursedCoin","Frozen Eye","Koishi:BloodstainedWhiteRose","Bottled Flame","aspiration:FetidBarrel","War Paint","Darkstone Periapt","Replay:Bandana","paleoftheancients:Timepiece","paleoftheancients:KeyRelic","Oddly Smooth Stone","Gremlin Horn","Happy Flower","paleoftheancients:SoulOfTheBandit"],"acts_visited":["Exordium","Gensokyo:Gensokyo","Gensokyo:Gensokyoer","Gensokyo:Gensokyoest"],"potions_floor_usage":[7,10,24,40,50,57,57,61],"damage_taken":[{"damage":1,"enemies":"Gensokyo:2_Kodama","floor":1,"turns":4},{"damage":0,"enemies":"Gensokyo:Aya","floor":7,"turns":4},{"damage":0,"enemies":"Gensokyo:Mamizou","floor":10,"turns":7},{"damage":0,"enemies":"Gensokyo:Aya","floor":13,"turns":3},{"damage":0,"enemies":"Gensokyo:Gryphon","floor":14,"turns":3},{"damage":0,"enemies":"Gensokyo:Kokoro","floor":16,"turns":7},{"damage":0,"enemies":"Gensokyo:3_Dogs","floor":18,"turns":3},{"damage":0,"enemies":"Gensokyo:CosmicMonolith","floor":20,"turns":3},{"damage":28,"enemies":"Gensokyo:Reisen","floor":24,"turns":5},{"damage":0,"enemies":"Gensokyo:Tenshi","floor":27,"turns":2},{"damage":3,"enemies":"Gensokyo:Reisen","floor":31,"turns":3},{"damage":3,"enemies":"Gensokyo:Eternal_Rivals","floor":33,"turns":7},{"damage":0,"enemies":"Gensokyo:AncientGuardian","floor":35,"turns":5},{"damage":0,"enemies":"Gensokyo:3_Bats","floor":39,"turns":3},{"damage":6,"enemies":"Gensokyo:Kasen","floor":40,"turns":4},{"damage":0,"enemies":"Gensokyo:Doremy","floor":44,"turns":4},{"damage":0,"enemies":"Gensokyo:Marisa","floor":45,"turns":3},{"damage":3,"enemies":"Gensokyo:3_Boulders","floor":46,"turns":4},{"damage":0,"enemies":"Gensokyo:Dusk_and_Dawn","floor":48,"turns":3},{"damage":3,"enemies":"Gensokyo:Scarlet_Devils","floor":50,"turns":7},{"damage":3,"enemies":"Gensokyo:Shinki","floor":51,"turns":6},{"damage":3,"enemies":"Gensokyo:Shinki","floor":52,"turns":7},{"damage":0,"enemies":"Gensokyo:Shinki","floor":53,"turns":5},{"damage":12,"enemies":"Gensokyo:Shinki","floor":57,"turns":29},{"damage":4,"enemies":"paleoftheancients:N","floor":61,"turns":17}],"seed_played":"-5345419241377568837","potions_obtained":[{"floor":1,"key":"GrandPatriotsElixir:ReiMu"},{"floor":7,"key":"Fruit Juice"},{"floor":20,"key":"Adrenaline Potion"},{"floor":24,"key":"Flashbang"},{"floor":33,"key":"Adrenaline Potion"},{"floor":48,"key":"EssenceOfSteel"},{"floor":53,"key":"Toxic Potion"}],"is_trial":true,"path_per_floor":["M","?","$","?","?","R","E","?","T","E","R","COS","E","M","R","B",null,"M","COS","M","$","?","R","E","T","T","E","$","T","R","E","R","B",null,"M","?","?","COS","M","E","T","$","T","E","E","M","?","M","R","B","B","M","M","$","T","R","M","R","$","?","B",null],"character_chosen":"KOISHI","items_purchased":["Adrenaline Potion","Incense Burner","Energy Potion","Explosive Potion"],"campfire_rested":2,"item_purchase_floors":[3,28,54,59],"current_hp_per_floor":[70,76,86,96,106,116,131,141,151,161,171,181,193,205,215,227,241,252,262,272,282,292,302,284,294,304,316,326,336,346,358,368,377,406,422,432,442,452,462,472,482,492,502,512,522,529,539,552,562,569,578,589,602,612,622,632,630,652,662,672,678],"gold":42,"neow_bonus":"","is_daily":false,"chose_seed":false,"campfire_upgraded":6,"win_rate":0.0,"timestamp":1610380400,"path_taken":["M","?","$","?","?","R","E","?","T","E","R","COS","E","?","R","BOSS","M","COS","?","$","?","R","E","?","T","E","?","?","R","E","R","BOSS","M","?","?","COS","M","E","?","$","T","E","E","?","?","?","R","BOSS","BOSS","M","M","?","T","R","M","R","$","?","BOSS"],"items_purchased_type":["Potion","Relic","Potion","Potion"],"build_version":"2020-12-22","purchased_purges":8,"victory":true,"max_hp_per_floor":[77,87,97,107,117,127,142,152,162,172,182,192,202,212,222,232,242,252,262,272,282,292,302,312,322,332,342,352,362,372,382,392,402,412,422,432,442,452,462,472,482,492,502,512,522,532,542,552,562,572,582,592,602,612,622,632,642,652,662,672,682],"card_choices":[{"not_picked":["Koishi:PhantomBarrier","Koishi:SpiritedAway","Koishi:IdleWhim"],"picked":"SKIP","floor":1},{"not_picked":["Koishi:UnconsciousUprising","Koishi:FormlessExistence","Koishi:PhantomStrike"],"picked":"SKIP","floor":7},{"not_picked":["Koishi:SubconsciousSweep","Koishi:Prune","Koishi:UnconsciousUprising"],"picked":"SKIP","floor":10},{"not_picked":["Koishi:GhostParty","Koishi:JumpScare","Koishi:ReflexRadar"],"picked":"SKIP","floor":13},{"not_picked":["Koishi:HeartStoppingHorror","Koishi:RuptureMind"],"picked":"Koishi:MentalBreakdown","floor":14},{"not_picked":["Koishi:HeartfeltFancy","Koishi:SpiritedAway"],"picked":"Koishi:PerfectMindControl","floor":14},{"not_picked":["Koishi:RoseHell","Koishi:MentalBreakdown"],"picked":"Koishi:SilentAndRestless","floor":16},{"not_picked":["Koishi:SubterraneanRose+1","Koishi:Prune","Koishi:EmbryosDream"],"picked":"SKIP","floor":18},{"not_picked":["Koishi:PhantomStrike","Koishi:FadingMemory"],"picked":"Koishi:Vanish+1","floor":20},{"not_picked":["Koishi:RacingHeart","Koishi:DanmakuParanoia","Koishi:GhostParty"],"picked":"SKIP","floor":24},{"not_picked":["Koishi:FleetingPhantom","Koishi:SubterraneanRose","Koishi:Catatonia"],"picked":"SKIP","floor":27},{"not_picked":["Koishi:UnconsciousUprising+1","Koishi:UnansweredLove","Koishi:Jaunt+1"],"picked":"SKIP","floor":31},{"not_picked":["Koishi:UnconsciousUprising+1","Koishi:UnansweredLove","Koishi:Jaunt+1"],"picked":"SKIP","floor":31},{"not_picked":["Koishi:MentalBreakdown","Koishi:GrowingPain"],"picked":"Koishi:ImGoingToCallYouNow","floor":33},{"not_picked":["Koishi:HeartfeltFancy","Koishi:ReleaseOfTheId","Koishi:StingingMind"],"picked":"SKIP","floor":35},{"not_picked":["Koishi:UnconsciousUprising","Koishi:ReleaseOfTheId+1","Koishi:UnconsciousUrges+1"],"picked":"SKIP","floor":39},{"not_picked":["Koishi:UnconsciousUprising","Koishi:ReleaseOfTheId+1","Koishi:UnconsciousUrges+1"],"picked":"SKIP","floor":39},{"not_picked":["Koishi:GrowingPain","Koishi:MindStellarRelief"],"picked":"Koishi:FormlessExistence","floor":40},{"not_picked":["Koishi:HeartfeltFancy","Koishi:GeneticsOfTheUnconscious+1","Koishi:RacingHeart"],"picked":"SKIP","floor":40},{"not_picked":["Koishi:HeartfeltFancy","Koishi:GeneticsOfTheUnconscious+1","Koishi:RacingHeart"],"picked":"SKIP","floor":40},{"not_picked":["Koishi:SpiritedAway","Koishi:SubterraneanRose","Koishi:ParalyzingFear+1"],"picked":"SKIP","floor":44},{"not_picked":["Koishi:PhantomBarrier","Koishi:DNAsFlaw"],"picked":"Koishi:RoseHell","floor":45},{"not_picked":["Koishi:ParalyzingFear","Koishi:PhantomStrike","Koishi:Untouchable+1"],"picked":"SKIP","floor":46},{"not_picked":["Koishi:MindNumbingTerror","Koishi:Prune+1","Koishi:UnconsciousUrges+1"],"picked":"SKIP","floor":48},{"not_picked":["Koishi:HeartfeltFancy","Koishi:ReflexRadar","Koishi:FourthEye"],"picked":"SKIP","floor":52},{"not_picked":["Koishi:Vanish","Koishi:RacingHeart","Koishi:Catatonia+1"],"picked":"SKIP","floor":53},{"not_picked":["Koishi:FleetingPhantom","Koishi:Whimsy","Koishi:ParalyzingFear"],"picked":"SKIP","floor":57}],"player_experience":2078678,"relics_obtained":[{"floor":7,"key":"Omamori"},{"floor":9,"key":"Bag of Preparation"},{"floor":10,"key":"Blood Vial"},{"floor":13,"key":"Pocketwatch"},{"floor":24,"key":"Bag of Marbles"},{"floor":26,"key":"Frozen Egg 2"},{"floor":27,"key":"Koishi:BloodstainedWhiteRose"},{"floor":29,"key":"Mummified Hand"},{"floor":31,"key":"Vajra"},{"floor":40,"key":"Koishi:BloodstainedWhiteRose"},{"floor":41,"key":"Bottled Flame"},{"floor":43,"key":"aspiration:FetidBarrel"},{"floor":44,"key":"Darkstone Periapt"},{"floor":45,"key":"Replay:Bandana"},{"floor":55,"key":"Happy Flower"},{"floor":57,"key":"paleoftheancients:SoulOfTheBandit"}],"event_choices":[{"damage_healed":0,"gold_gain":0,"player_choice":"Leave","damage_taken":0,"max_hp_gain":0,"max_hp_loss":0,"event_name":"conspire:Investor","floor":2,"gold_loss":0}],"is_beta":false,"boss_relics":[{"not_picked":["aspiration:RitualDagger","aspiration:MarisaSkillbook"],"picked":"aspiration:RandomNobGenerator"},{"not_picked":["Runic Dome","aspiration:SecretTechniqueScroll","aspiration:WatcherSkillbook"]}],"items_purged_floors":[3,3,21,21,21,28,42,42],"is_endless":false,"potions_floor_spawned":[1,7,20,24,33,35,48,53],"ascension_level":20}}