{"host":"d61fcf2p3sjwe6yo","time":1610389530,"event":{"mods":["AchievementEnabler","BaseMod","Colored Map","Minty Spire (QoL Compilation)","StSLib","SuperFastMode"],"gold_per_floor":[14,28,40,50,50,80,80,80,160,189,202,216,246,260,260,260,260],"floor_reached":16,"playtime":671,"items_purged":[],"score":198,"play_id":"7ce3d964-6463-4df4-8e46-280c6f529e2c","local_time":"20210111212529","is_ascension_mode":true,"campfire_choices":[{"data":"Glass Knife","floor":8.0,"key":"SMITH"},{"floor":15,"key":"REST"}],"circlet_count":0,"master_deck":["AscendersBane","Strike_G","Strike_G","Strike_G","Strike_G","Defend_G","Defend_G","Defend_G","Defend_G","Defend_G","Survivor","Neutralize","Glass Knife+1","Dash","Wraith Form v2","Dagger Spray","Backflip","Poisoned Stab"],"relics":["Ring of the Snake","CaptainsWheel","Regal Pillow","Letter Opener","Happy Flower","Blue Candle"],"acts_visited":["Exordium"],"potions_floor_usage":[14,14],"damage_taken":[{"damage":5.0,"enemies":"2 Louse","floor":1.0,"turns":4.0},{"damage":0.0,"enemies":"Small Slimes","floor":2.0,"turns":3.0},{"damage":0.0,"enemies":"Jaw Worm","floor":3.0,"turns":3.0},{"damage":0.0,"enemies":"Lots of Slimes","floor":4.0,"turns":5.0},{"damage":17.0,"enemies":"3 Sentries","floor":6.0,"turns":12.0},{"damage":7.0,"enemies":"Lagavulin","floor":10.0,"turns":8.0},{"damage":1.0,"enemies":"Looter","floor":11.0,"turns":3.0},{"damage":3.0,"enemies":"Blue Slaver","floor":12.0,"turns":3.0},{"damage":12.0,"enemies":"3 Sentries","floor":13.0,"turns":8.0},{"damage":1,"enemies":"Exordium Thugs","floor":14,"turns":4},{"damage":36,"enemies":"Hexaghost","floor":16,"turns":10}],"seed_played":"5517787313873398029","potions_obtained":[{"floor":3.0,"key":"DistilledChaos"},{"floor":4.0,"key":"Dexterity Potion"},{"floor":10.0,"key":"PowerPotion"},{"floor":11.0,"key":"FearPotion"}],"is_trial":false,"path_per_floor":["M","M","M","M","?","E","?","R","T","E","M","M","E","M","R","B"],"character_chosen":"THE_SILENT","items_purchased":[],"campfire_rested":1,"item_purchase_floors":[],"current_hp_per_floor":[58,58,58,58,46,29,29,29,29,22,21,18,6,5,41,5,5],"gold":260,"neow_bonus":"THREE_RARE_CARDS","is_daily":false,"chose_seed":false,"campfire_upgraded":1,"win_rate":0.0,"timestamp":1610389529,"path_taken":["M","M","M","M","?","E","?","R","T","E","M","?","E","M","R","BOSS"],"items_purchased_type":[],"build_version":"2020-12-22","purchased_purges":0,"victory":false,"max_hp_per_floor":[70,70,70,70,70,70,70,70,70,70,70,70,70,70,70,70,70],"card_choices":[{"not_picked":["Envenom","Grand Finale"],"picked":"Glass Knife","floor":0.0},{"not_picked":["Acrobatics","Crippling Poison","Concentrate"],"picked":"SKIP","floor":1.0},{"not_picked":["Expertise","Slice","Eviscerate"],"picked":"SKIP","floor":2.0},{"not_picked":["Distraction","Deflect","Heel Hook"],"picked":"SKIP","floor":3.0},{"not_picked":["Escape Plan","Terror"],"picked":"Dash","floor":4.0},{"not_picked":["Poisoned Stab","Flechettes"],"picked":"Wraith Form v2","floor":6.0},{"not_picked":["Endless Agony","Acrobatics"],"picked":"Dagger Spray","floor":10.0},{"not_picked":["Bane","Slice","Accuracy"],"picked":"SKIP","floor":11.0},{"not_picked":["Quick Slash","Terror"],"picked":"Backflip","floor":12.0},{"not_picked":["Dodge and Roll","Blade Dance"],"picked":"Poisoned Stab","floor":13.0},{"not_picked":["Acrobatics","Deflect","Setup"],"picked":"SKIP","floor":14}],"player_experience":190507,"relics_obtained":[{"floor":6.0,"key":"Regal Pillow"},{"floor":9.0,"key":"Letter Opener"},{"floor":10.0,"key":"Happy Flower"},{"floor":13.0,"key":"Blue Candle"}],"event_choices":[{"damage_healed":0.0,"max_hp_gain":0.0,"max_hp_loss":0.0,"gold_gain":0.0,"event_name":"Scrap Ooze","player_choice":"Success","floor":5.0,"gold_loss":0.0,"damage_taken":12.0,"relics_obtained":["CaptainsWheel"]},{"cards_removed":["Strike_G"],"damage_healed":0.0,"max_hp_gain":0.0,"max_hp_loss":0.0,"gold_gain":0.0,"event_name":"Living Wall","player_choice":"Forget","floor":7.0,"gold_loss":0.0,"damage_taken":0.0}],"is_beta":false,"boss_relics":[],"items_purged_floors":[],"is_endless":false,"potions_floor_spawned":[3,4,10,11],"killed_by":"Hexaghost","ascension_level":12}}