{"host":"xnrw1j8ho83czkv7","time":1610325071,"event":{"mods":["AchievementEnabler","BaseMod","Colored Map","Colored Powertips","Minty Spire (QoL Compilation)","Quick Restart","StSLib"],"gold_per_floor":[117,117,67,86,11,43,63,63,131,161,161,161,161,172,172,172,172],"floor_reached":16,"playtime":512,"items_purged":["Strike_B"],"score":129,"play_id":"c6c8a4f4-b37d-405a-a5a0-fe4a75e45e23","local_time":"20210111003111","is_ascension_mode":true,"campfire_choices":[{"data":"Dualcast","floor":8,"key":"SMITH"},{"data":"Coolheaded","floor":11,"key":"SMITH"},{"data":"Defragment","floor":15,"key":"SMITH"}],"circlet_count":0,"master_deck":["Strike_B","Strike_B","Defend_B","Defend_B","Defend_B","Defend_B","Zap+1","Dualcast+1","Coolheaded+1","Coolheaded+1","Gash","Regret","Defragment+1"],"relics":["Cracked Core","NeowsBlessing","War Paint","Kunai","Eternal Feather","Odd Mushroom","Happy Flower"],"acts_visited":["Exordium"],"potions_floor_usage":[1,14],"damage_taken":[{"damage":0,"enemies":"Jaw Worm","floor":1,"turns":1},{"damage":0,"enemies":"2 Louse","floor":4,"turns":1},{"damage":0,"enemies":"Lagavulin","floor":6,"turns":1},{"damage":0,"enemies":"Cultist","floor":7,"turns":3},{"damage":17,"enemies":"The Mushroom Lair","floor":10,"turns":3},{"damage":3,"enemies":"Lots of Slimes","floor":14,"turns":4},{"damage":56,"enemies":"Hexaghost","floor":16,"turns":14}],"seed_played":"-2022572546728399340","potions_obtained":[{"floor":1,"key":"Fruit Juice"},{"floor":6,"key":"Energy Potion"},{"floor":10,"key":"SteroidPotion"}],"is_trial":false,"path_per_floor":["M","?","$","M","$","E","M","R","T","?","R","?","?","M","R","B"],"character_chosen":"DEFECT","items_purchased":["Coolheaded"],"campfire_rested":0,"item_purchase_floors":[3],"current_hp_per_floor":[80,62,62,62,62,62,62,62,62,45,51,51,51,48,54,0,0],"gold":172,"neow_bonus":"THREE_ENEMY_KILL","is_daily":false,"chose_seed":false,"campfire_upgraded":3,"win_rate":0.0,"timestamp":1610325071,"path_taken":["M","?","$","M","$","E","M","R","T","?","R","?","?","M","R","BOSS"],"items_purchased_type":["Card"],"build_version":"2020-12-22","purchased_purges":1,"victory":false,"max_hp_per_floor":[80,80,80,80,80,80,80,80,80,80,80,80,80,80,80,80,80],"card_choices":[{"not_picked":["Static Discharge","Conserve Battery"],"picked":"Coolheaded","floor":1},{"not_picked":["Turbo","Lockon"],"picked":"Gash","floor":4},{"not_picked":["Rainbow","White Noise","Meteor Strike"],"picked":"SKIP","floor":6},{"not_picked":["Conserve Battery","Stack","Leap"],"picked":"SKIP","floor":7},{"not_picked":["Steam","Gash"],"picked":"Defragment","floor":14}],"player_experience":33365,"relics_obtained":[{"floor":6,"key":"Kunai"},{"floor":9,"key":"Eternal Feather"},{"floor":10,"key":"Odd Mushroom"}],"event_choices":[{"damage_healed":0,"gold_gain":0,"player_choice":"Success","damage_taken":18,"relics_obtained":["War Paint"],"max_hp_gain":0,"max_hp_loss":0,"event_name":"Scrap Ooze","floor":2,"gold_loss":0},{"damage_healed":0,"gold_gain":0,"player_choice":"Fought Mushrooms","damage_taken":0,"max_hp_gain":0,"max_hp_loss":0,"event_name":"Mushrooms","floor":10,"gold_loss":0},{"cards_removed":["Strike_B"],"damage_healed":0,"gold_gain":0,"player_choice":"Forget","damage_taken":0,"max_hp_gain":0,"max_hp_loss":0,"event_name":"Living Wall","floor":12,"gold_loss":0},{"damage_healed":0,"gold_gain":0,"player_choice":"Box","damage_taken":0,"relics_obtained":["Happy Flower"],"max_hp_gain":0,"max_hp_loss":0,"event_name":"Big Fish","floor":13,"gold_loss":0,"cards_obtained":["Regret"]}],"is_beta":false,"boss_relics":[],"items_purged_floors":[5],"is_endless":false,"potions_floor_spawned":[1,6,10],"killed_by":"Hexaghost","ascension_level":1}}