{"host":"wnty67d4nhrob9mt","time":1610398554,"event":{"mods":["BaseMod","Block Reminder","Infinite Spire","Minty Spire (QoL Compilation)","Permanent Neow","Quick Restart","Relic Stats","Replay The Spire","StSLib","The Jungle"],"gold_per_floor":[114,114,114,129,129,159,159,259,309,339,354,388,405,420,420,528,528,545,582,597,628,628,628,653,674,724,756,756,758,758],"floor_reached":29,"playtime":2113,"items_purged":[],"score":317,"play_id":"b09abe4c-20f2-448d-95fb-74b21b8c6b97","local_time":"20210111235554","daily_mods":["Allstar","ControlledChaos","Lethality"],"is_ascension_mode":false,"campfire_choices":[{"data":"Armaments","floor":7,"key":"SMITH"},{"data":"Hemogenesis","floor":15,"key":"SMITH"}],"circlet_count":0,"master_deck":["Strike_R","Strike_R","Strike_R","Strike_R","Strike_R","Defend_R","Defend_R","Defend_R","Defend_R","Crow Ritual","Crow Ritual","PanicButton","Panacea+1","Replay:BasicMightCard","Armaments+1","Eruption","Languid","Halt","Replay:Undeath\u0027s Touch","Hemogenesis+1","Flex","CrushJoints","Disarm","FollowUp","Limit Break","CurseOfTheBell","Wild Strike","Sword Boomerang","Sword Boomerang","Shrug It Off+1","infinitespire:Starlight","Anger","Immolate","Iron Wave+1","Ghostly","Ghostly","Ghostly","Ghostly","Ghostly"],"relics":["Burning Blood","Replay:M_SmolderingBlood","ReplayTheSpireMod:Ring of Addiction","ReplayTheSpireMod:Ring of Sloth","White Beast Statue","Chameleon Ring","infinitespire:Cubic Diamond","Thread and Needle","Replay:Mystery Machine","infinitespire:Midas Blood","ReplayTheSpireMod:Shallot","Calling Bell","infinitespire:Lucky Rock","Kunai","Replay:Multitool","OrangePellets","Juzu Bracelet","Torii"],"acts_visited":["Exordium","TheCity"],"potions_floor_usage":[4,6,10,12,13,16,18,19,20,20,21,25,27,27,27,29],"damage_taken":[{"damage":9,"enemies":"Jaw Worm","floor":1,"turns":3},{"damage":0,"enemies":"2 Louse","floor":4,"turns":1},{"damage":43,"enemies":"Gremlin Nob","floor":6,"turns":5},{"damage":3,"enemies":"Replay:BlueRogue","floor":10,"turns":4},{"damage":0,"enemies":"Small Slimes","floor":11,"turns":2},{"damage":11,"enemies":"Lagavulin","floor":12,"turns":5},{"damage":1,"enemies":"Red Slaver","floor":13,"turns":3},{"damage":0,"enemies":"Looter","floor":14,"turns":3},{"damage":35,"enemies":"Hexaghost","floor":16,"turns":5},{"damage":1,"enemies":"Chosen","floor":18,"turns":4},{"damage":54,"enemies":"3 Byrds","floor":19,"turns":6},{"damage":0,"enemies":"Snake Plant","floor":20,"turns":3},{"damage":60,"enemies":"Chosen and Byrds","floor":21,"turns":8},{"damage":39,"enemies":"Shelled Parasite and Fungi","floor":24,"turns":9},{"damage":21,"enemies":"Sentry and Sphere","floor":25,"turns":6},{"damage":13,"enemies":"Slavers","floor":27,"turns":4},{"damage":28,"enemies":"Gremlin Leader","floor":29,"turns":5}],"seed_played":"2608465768335268498","potions_obtained":[{"floor":3,"key":"Explosive Potion"},{"floor":3,"key":"Adrenaline Potion"},{"floor":3,"key":"DuplicationPotion"},{"floor":4,"key":"Dexterity Potion"},{"floor":6,"key":"DuplicationPotion"},{"floor":10,"key":"Explosive Potion"},{"floor":11,"key":"DuplicationPotion"},{"floor":12,"key":"infinitespire:BlackPotion"},{"floor":13,"key":"BloodPotion"},{"floor":14,"key":"Strength Potion"},{"floor":16,"key":"Ancient Potion"},{"floor":18,"key":"Swift Potion"},{"floor":19,"key":"DuplicationPotion"},{"floor":20,"key":"Ancient Potion"},{"floor":21,"key":"LifebloodPotion"},{"floor":24,"key":"Flashbang"},{"floor":25,"key":"LiquidBronze"},{"floor":27,"key":"Block Potion"}],"is_trial":false,"path_per_floor":["M","?","?","M","?","E","R","?","T","E","M","E","M","M","R","B",null,"M","M","M","M","AVR","R","M","M","T","E","?","E"],"character_chosen":"IRONCLAD","items_purchased":[],"campfire_rested":0,"item_purchase_floors":[],"current_hp_per_floor":[77,77,77,77,77,40,40,40,40,43,49,49,59,70,70,41,78,78,38,44,21,21,44,29,24,24,27,27,0,0],"gold":758,"neow_bonus":"","is_daily":true,"chose_seed":false,"campfire_upgraded":2,"win_rate":0.0,"timestamp":1610398554,"path_taken":["M","?","?","M","?","E","R","?","T","E","M","E","M","?","R","BOSS","M","M","M","M","AVR","R","M","M","T","E","?","E"],"items_purchased_type":[],"build_version":"2020-12-22","purchased_purges":0,"victory":false,"max_hp_per_floor":[80,80,80,80,80,80,80,80,80,78,78,78,78,78,78,78,78,78,78,78,78,78,78,78,76,76,76,38,38,38],"relic_stats":{"OrangePellets":[4],"Torii":0,"counters":[17,76],"Juzu Bracelet":0,"Kunai":[7],"obtain_stats":[{"Torii":27,"ReplayTheSpireMod:Ring of Addiction":3,"ReplayTheSpireMod:Ring of Sloth":3,"Thread and Needle":6,"infinitespire:Cubic Diamond":5,"Replay:Multitool":17,"Juzu Bracelet":26,"infinitespire:Lucky Rock":17,"Replay:Mystery Machine":9,"Burning Blood":0,"White Beast Statue":3,"Calling Bell":17,"Frozen Eye":0,"OrangePellets":22,"Chameleon Ring":3,"ReplayTheSpireMod:Shallot":12,"Replay:M_SmolderingBlood":2,"Kunai":17,"infinitespire:Midas Blood":10},{"Torii":16,"ReplayTheSpireMod:Ring of Addiction":1,"ReplayTheSpireMod:Ring of Sloth":1,"Thread and Needle":3,"infinitespire:Cubic Diamond":2,"Replay:Multitool":9,"Juzu Bracelet":15,"infinitespire:Lucky Rock":9,"Replay:Mystery Machine":3,"Burning Blood":0,"White Beast Statue":1,"Calling Bell":9,"Frozen Eye":0,"OrangePellets":13,"Chameleon Ring":1,"ReplayTheSpireMod:Shallot":6,"Replay:M_SmolderingBlood":1,"Kunai":9,"infinitespire:Midas Blood":4},{"Torii":71,"ReplayTheSpireMod:Ring of Addiction":3,"ReplayTheSpireMod:Ring of Sloth":3,"Thread and Needle":9,"infinitespire:Cubic Diamond":4,"Replay:Multitool":31,"Juzu Bracelet":67,"infinitespire:Lucky Rock":31,"Replay:Mystery Machine":9,"Burning Blood":0,"White Beast Statue":3,"Calling Bell":31,"Frozen Eye":0,"OrangePellets":52,"Chameleon Ring":3,"ReplayTheSpireMod:Shallot":20,"Replay:M_SmolderingBlood":3,"Kunai":31,"infinitespire:Midas Blood":13}],"Burning Blood":85},"card_choices":[{"not_picked":["Wild Strike","Perfected Strike"],"picked":"Armaments","floor":1},{"not_picked":["Iron Wave","Uppercut"],"picked":"Halt","floor":4},{"not_picked":["Armaments","ReachHeaven"],"picked":"Replay:Undeath\u0027s Touch","floor":6},{"not_picked":["FlyingSleeves","Halt"],"picked":"Hemogenesis","floor":10},{"not_picked":["Rupture","Warcry"],"picked":"Flex","floor":11},{"not_picked":["FollowUp","Warcry"],"picked":"CrushJoints","floor":12},{"not_picked":["Perfected Strike","EmptyFist"],"picked":"Disarm","floor":13},{"not_picked":["Clothesline","True Grit"],"picked":"FollowUp","floor":14},{"not_picked":["Immolate","Impervious"],"picked":"Limit Break","floor":16},{"not_picked":["Reckless Charge+1","Havoc"],"picked":"Wild Strike","floor":18},{"not_picked":["Shrug It Off","Replay:Undeath\u0027s Touch"],"picked":"Sword Boomerang","floor":19},{"not_picked":["Entrench+1","Power Through"],"picked":"Sword Boomerang","floor":20},{"not_picked":["Wild Strike+1","Intimidate"],"picked":"Shrug It Off+1","floor":21},{"not_picked":["Fire Breathing","Pommel Strike"],"picked":"Anger","floor":24},{"not_picked":["Battle Trance+1","Clash"],"picked":"Immolate","floor":25},{"not_picked":["ReplayReversal","ReplayTheSpireMod:Strike From Hell"],"picked":"Iron Wave+1","floor":27}],"player_experience":165753,"relics_obtained":[{"floor":3,"key":"ReplayTheSpireMod:Ring of Addiction"},{"floor":3,"key":"ReplayTheSpireMod:Ring of Sloth"},{"floor":3,"key":"White Beast Statue"},{"floor":3,"key":"Chameleon Ring"},{"floor":6,"key":"Thread and Needle"},{"floor":9,"key":"Replay:Mystery Machine"},{"floor":10,"key":"infinitespire:Midas Blood"},{"floor":12,"key":"ReplayTheSpireMod:Shallot"},{"floor":17,"key":"infinitespire:Lucky Rock"},{"floor":17,"key":"Kunai"},{"floor":17,"key":"Replay:Multitool"},{"floor":26,"key":"Juzu Bracelet"},{"floor":27,"key":"Torii"}],"event_choices":[{"damage_healed":0,"gold_gain":100,"player_choice":"Pray","damage_taken":0,"max_hp_gain":0,"max_hp_loss":0,"event_name":"Golden Shrine","floor":8,"gold_loss":0},{"damage_healed":0,"gold_gain":0,"player_choice":"Became a Ghost","damage_taken":0,"max_hp_gain":0,"max_hp_loss":38,"event_name":"Ghosts","floor":28,"gold_loss":0,"cards_obtained":["Ghostly","Ghostly","Ghostly","Ghostly","Ghostly"]}],"is_beta":false,"boss_relics":[{"not_picked":["Sozu","Replay:Grab Bag"],"picked":"Calling Bell"}],"items_purged_floors":[],"is_endless":false,"potions_floor_spawned":[4,6,10,11,12,13,14,16,18,19,20,21,24,25,27],"killed_by":"Gremlin Leader","ascension_level":0}}