{"host":"2lo6hma6kymb0g9i","time":1610387167,"event":{"mods":["BaseMod","Colored Map","DeckTracker","Minty Spire (QoL Compilation)"],"gold_per_floor":[116,116,129,129,204,204,204,204,204,225,150,186,261,286,286,375,375,400,400,419,442,442,442,442],"floor_reached":23,"playtime":1272,"items_purged":["Strike_B"],"score":313,"play_id":"542ad43d-e259-4859-aab5-033bb7690fac","local_time":"20210112024607","is_ascension_mode":true,"campfire_choices":[{"data":"Zap","floor":6,"key":"SMITH"},{"data":"Dualcast","floor":8,"key":"SMITH"},{"floor":15,"key":"REST"}],"circlet_count":0,"master_deck":["AscendersBane","Defend_B","Defend_B","Zap+1","Dualcast+1","Conserve Battery","Streamline","Coolheaded","Compile Driver","All For One","White Noise+1","Fusion+1","Gash+1","Cold Snap","Necronomicurse","Melter","Conserve Battery"],"relics":["Cracked Core","Golden Idol","Du-Vu Doll","Odd Mushroom","Ornamental Fan","Astrolabe","Necronomicon"],"acts_visited":["Exordium","TheCity"],"potions_floor_usage":[12,16,23,23],"damage_taken":[{"damage":2,"enemies":"Jaw Worm","floor":1,"turns":5},{"damage":1,"enemies":"Small Slimes","floor":3,"turns":4},{"damage":0,"enemies":"2 Louse","floor":10,"turns":3},{"damage":19,"enemies":"The Mushroom Lair","floor":12,"turns":3},{"damage":6,"enemies":"Blue Slaver","floor":14,"turns":4},{"damage":23,"enemies":"Slime Boss","floor":16,"turns":14},{"damage":5,"enemies":"3 Byrds","floor":18,"turns":3},{"damage":12,"enemies":"Shell Parasite","floor":20,"turns":3},{"damage":0,"enemies":"Snake Plant","floor":21,"turns":2},{"damage":15,"enemies":"Gremlin Leader","floor":23,"turns":2}],"seed_played":"7288924945023885656","potions_obtained":[{"floor":3,"key":"Fire Potion"},{"floor":14,"key":"Weak Potion"},{"floor":20,"key":"Dexterity Potion"},{"floor":21,"key":"PowerPotion"}],"is_trial":false,"path_per_floor":["M","?","M","$","?","R","$","R","T","M","$","?","T","M","R","B",null,"M","?","M","M","?","E"],"character_chosen":"DEFECT","items_purchased":[],"campfire_rested":1,"item_purchase_floors":[],"current_hp_per_floor":[44,44,43,43,32,32,32,32,32,32,32,13,13,7,26,3,49,44,23,11,11,11,0,0],"gold":442,"neow_bonus":"REMOVE_TWO","is_daily":false,"chose_seed":false,"campfire_upgraded":2,"win_rate":0.0,"timestamp":1610387167,"path_taken":["M","?","M","$","?","R","?","R","T","M","?","?","?","M","R","BOSS","M","?","M","M","?","E"],"items_purchased_type":[],"build_version":"2020-12-22","purchased_purges":1,"victory":false,"max_hp_per_floor":[71,64,64,64,64,64,64,64,64,64,64,64,64,64,64,64,64,64,64,64,64,64,64,64],"card_choices":[{"not_picked":["Steam","Gash"],"picked":"Conserve Battery","floor":1},{"not_picked":["Stack","Sweeping Beam","Scrape"],"picked":"SKIP","floor":3},{"not_picked":["Consume","Redo"],"picked":"Streamline","floor":10},{"not_picked":["Streamline","Gash"],"picked":"Coolheaded","floor":12},{"not_picked":["Conserve Battery","Sweeping Beam"],"picked":"Compile Driver","floor":14},{"not_picked":["Meteor Strike","Hyperbeam"],"picked":"All For One","floor":16},{"not_picked":["Double Energy","Fusion"],"picked":"Cold Snap","floor":18},{"not_picked":["Gash","Sweeping Beam"],"picked":"Melter","floor":20},{"not_picked":["Sweeping Beam+1","Genetic Algorithm"],"picked":"Conserve Battery","floor":21}],"player_experience":1036964,"relics_obtained":[{"floor":9,"key":"Du-Vu Doll"},{"floor":12,"key":"Odd Mushroom"},{"floor":13,"key":"Ornamental Fan"},{"floor":19,"key":"Necronomicon"}],"event_choices":[{"damage_healed":0,"gold_gain":0,"player_choice":"Lose Max HP","damage_taken":0,"relics_obtained":["Golden Idol"],"max_hp_gain":0,"max_hp_loss":7,"event_name":"Golden Idol","floor":2,"gold_loss":0},{"damage_healed":0,"gold_gain":75,"player_choice":"Gather Gold","damage_taken":11,"max_hp_gain":0,"max_hp_loss":0,"event_name":"World of Goop","floor":5,"gold_loss":0},{"damage_healed":0,"gold_gain":0,"player_choice":"Fought Mushrooms","damage_taken":0,"max_hp_gain":0,"max_hp_loss":0,"event_name":"Mushrooms","floor":12,"gold_loss":0},{"damage_healed":0,"gold_gain":0,"player_choice":"Obtained Book","damage_taken":21,"max_hp_gain":0,"max_hp_loss":0,"event_name":"Cursed Tome","floor":19,"gold_loss":0},{"damage_healed":0,"gold_gain":0,"player_choice":"Ignored","damage_taken":0,"max_hp_gain":0,"max_hp_loss":0,"event_name":"Vampires","floor":22,"gold_loss":0}],"is_beta":false,"boss_relics":[{"not_picked":["Snecko Eye","Velvet Choker"],"picked":"Astrolabe"}],"items_purged_floors":[11],"is_endless":false,"potions_floor_spawned":[3,14,20,21],"killed_by":"Gremlin Leader","ascension_level":15}}