{"host":"dk10vuzdqf3wivcv","time":1610403828,"event":{"mods":["Aspiration","Astrologer","BaseMod","Colored Map","Conspire","Downfall","Friendly Minions","Hermit","Hubris","Infinite Spire","Minty Spire (QoL Compilation)","Replay The Spire","StSLib","SuperFastMode","Td1madao Mod","The Animator","The Gatherer","The Jungle","The Marked","The Servant 0.9.4"],"gold_per_floor":[99,199,199,215,61,71,98,124,140,140,140,140],"floor_reached":10,"playtime":459,"items_purged":[],"score":66,"play_id":"52f46178-aa8e-4c0a-9f3e-737e036d9f00","local_time":"20210111232348","is_ascension_mode":false,"campfire_choices":[{"floor":1,"key":"RECALL"}],"circlet_count":0,"master_deck":["champ:Strike","champ:Strike","champ:Strike","champ:Strike","champ:Defend","champ:Defend","champ:Defend","champ:Execute","champ:Taunt","champ:GladiatorsShout","champ:RapidStrikes","champ:ArenaPreparation","champ:HoldFirm","champ:GladiatorStyle","champ:DancingMaster","champ:Duel"],"relics":["champ:ChampionCrown","Champion Belt","Bronze Scales"],"acts_visited":["Exordium"],"potions_floor_usage":[],"damage_taken":[{"damage":58,"enemies":"Gremlin Nob","floor":2,"turns":5},{"damage":10,"enemies":"Small Slimes","floor":4,"turns":2},{"damage":18,"enemies":"downfall:FleeingMerchant","floor":5,"turns":4},{"damage":16,"enemies":"2 Louse","floor":6,"turns":3},{"damage":39,"enemies":"3 Sentries","floor":8,"turns":10},{"damage":18,"enemies":"Jaw Worm","floor":9,"turns":3},{"damage":26,"enemies":"Gremlin Nob","floor":10,"turns":3}],"seed_played":"-7925015739995672568","potions_obtained":[{"floor":2,"key":"sneckomod:MuddlingPotion"},{"floor":8,"key":"Explosive Potion"}],"is_trial":false,"path_per_floor":["R_BF","?","?","M","$","M","T","E","M","E"],"character_chosen":"THE_CHAMP","items_purchased":["champ:HoldFirm"],"campfire_rested":0,"item_purchase_floors":[5],"current_hp_per_floor":[99,51,51,51,46,40,40,19,13,0,0,0],"gold":140,"neow_bonus":"TEN_PERCENT_HP_BONUS","is_daily":false,"chose_seed":false,"campfire_upgraded":0,"win_rate":0.0,"timestamp":1610403828,"path_taken":["R_BF","?","?","M","$","M","T","E","M","E"],"items_purchased_type":["Card"],"build_version":"2020-12-22","purchased_purges":0,"victory":false,"max_hp_per_floor":[99,99,99,99,99,99,99,99,99,99,99,99],"card_choices":[{"not_picked":["champ:Circumvent","champ:Haymaker"],"picked":"champ:GladiatorsShout","floor":2},{"not_picked":["champ:Backstep","champ:BerserkersShout"],"picked":"champ:RapidStrikes","floor":4},{"not_picked":["champ:Backstep","champ:TornadoPunch"],"picked":"champ:ArenaPreparation","floor":5},{"not_picked":["champ:DeathBlow","champ:TornadoPunch"],"picked":"champ:GladiatorStyle","floor":6},{"not_picked":["champ:TornadoPunch","champ:CrookedStrike"],"picked":"champ:DancingMaster","floor":8},{"not_picked":["champ:Haymaker","champ:RapidStrikes"],"picked":"champ:Duel","floor":9}],"player_experience":171623,"relics_obtained":[{"floor":2,"key":"Champion Belt"},{"floor":8,"key":"Bronze Scales"}],"event_choices":[],"is_beta":false,"boss_relics":[],"items_purged_floors":[],"is_endless":false,"potions_floor_spawned":[2,8],"killed_by":"Gremlin Nob","ascension_level":0}}