{"host":"2hea6pl5vmah38iy","time":1610395645,"event":{"mods":["AchievementEnabler","BaseMod","Colored Map","DeckTracker","Keyboard Shortcuts","Minty Spire (QoL Compilation)","Rare Cards Sparkle","StSLib","SuperFastMode","everything is the same but u backflip on backflip"],"gold_per_floor":[109,109,109,124,135,135,147,173,196,222,240,253,60,85,85,160,160,172,172,20,20,20,20,53,53,53,86,106,106,121,156,156,233,233,243,84,84,94,144,164,164,194,194,229,243,254,254,270,270,270,270,270,9,40,40,40],"floor_reached":55,"playtime":2623,"items_purged":["Strike_R","Strike_R","Strike_R"],"score":1684,"play_id":"c888eb4d-a98f-4c4f-9c63-5c5d1800a5a0","local_time":"20210112050725","is_ascension_mode":true,"campfire_choices":[{"data":"Rage","floor":6.0,"key":"SMITH"},{"data":"Whirlwind","floor":15.0,"key":"SMITH"},{"data":"Offering","floor":23.0,"key":"SMITH"},{"data":"Flex","floor":25.0,"key":"SMITH"},{"data":"Bloodletting","floor":32.0,"key":"SMITH"},{"floor":41,"key":"RECALL"},{"data":"Double Tap","floor":49,"key":"SMITH"},{"data":"Bash","floor":52,"key":"SMITH"}],"circlet_count":0,"master_deck":["AscendersBane","Strike_R+1","Defend_R","Defend_R","Defend_R","Bash+1","Double Tap+1","Shrug It Off","Battle Trance","Rage+1","Pommel Strike+1","Whirlwind+1","Feed","Offering+1","Offering","Flex+1","Dropkick","Bloodletting+1","Corruption+1","Feel No Pain","Dropkick","Seeing Red+1"],"relics":["Burning Blood","Strawberry","PreservedInsect","Tiny Chest","Membership Card","MealTicket","Black Star","Bag of Preparation","ClockworkSouvenir","Letter Opener","Whetstone","Pear","Bird Faced Urn","Vajra","Question Card","Darkstone Periapt","Busted Crown","DollysMirror","Akabeko","Gambling Chip","Eternal Feather","Frozen Egg 2","Du-Vu Doll","Bottled Lightning","Chemical X","Paper Frog","Toy Ornithopter","White Beast Statue"],"acts_visited":["Exordium","TheCity","TheBeyond","TheEnding"],"potions_floor_usage":[35,55,55],"damage_taken":[{"damage":5.0,"enemies":"2 Louse","floor":1.0,"turns":4.0},{"damage":6.0,"enemies":"Jaw Worm","floor":4.0,"turns":5.0},{"damage":6.0,"enemies":"Cultist","floor":5.0,"turns":3.0},{"damage":6.0,"enemies":"2 Fungi Beasts","floor":7.0,"turns":3.0},{"damage":12.0,"enemies":"3 Sentries","floor":8.0,"turns":9.0},{"damage":0.0,"enemies":"Gremlin Nob","floor":10.0,"turns":3.0},{"damage":17.0,"enemies":"Gremlin Gang","floor":11.0,"turns":4.0},{"damage":20.0,"enemies":"Large Slime","floor":12.0,"turns":6.0},{"damage":17.0,"enemies":"Lagavulin","floor":14.0,"turns":5.0},{"damage":27.0,"enemies":"Slime Boss","floor":16.0,"turns":9.0},{"damage":28.0,"enemies":"Spheric Guardian","floor":18.0,"turns":4.0},{"damage":13.0,"enemies":"Book of Stabbing","floor":24.0,"turns":2.0},{"damage":12.0,"enemies":"Gremlin Leader","floor":27.0,"turns":3.0},{"damage":6.0,"enemies":"Shell Parasite","floor":28.0,"turns":2.0},{"damage":0.0,"enemies":"Snecko","floor":30.0,"turns":3.0},{"damage":9.0,"enemies":"Book of Stabbing","floor":31.0,"turns":1.0},{"damage":68.0,"enemies":"Champ","floor":33.0,"turns":6.0},{"damage":6,"enemies":"Orb Walker","floor":35,"turns":1},{"damage":3,"enemies":"3 Darklings","floor":38,"turns":1},{"damage":15,"enemies":"Writhing Mass","floor":40,"turns":1},{"damage":22,"enemies":"Nemesis","floor":42,"turns":3},{"damage":9,"enemies":"Reptomancer","floor":44,"turns":1},{"damage":9,"enemies":"Jaw Worm Horde","floor":45,"turns":1},{"damage":15,"enemies":"Maw","floor":46,"turns":3},{"damage":9,"enemies":"Sphere and 2 Shapes","floor":48,"turns":1},{"damage":49,"enemies":"Awakened One","floor":50,"turns":4},{"damage":15,"enemies":"Shield and Spear","floor":54,"turns":1},{"damage":102,"enemies":"The Heart","floor":55,"turns":5}],"seed_played":"6188078038015569147","potions_obtained":[{"floor":1.0,"key":"DuplicationPotion"},{"floor":4.0,"key":"DuplicationPotion"},{"floor":8.0,"key":"LiquidBronze"},{"floor":24.0,"key":"Explosive Potion"},{"floor":30.0,"key":"LiquidMemories"},{"floor":38,"key":"Explosive Potion"},{"floor":40,"key":"Dexterity Potion"},{"floor":45,"key":"AttackPotion"},{"floor":46,"key":"ElixirPotion"}],"is_trial":false,"path_per_floor":["M","?","?","M","M","R","M","E","T","E","M","M","$","E","R","B",null,"M","?","$","?","?","R","E","R","T","E","M","T","M","E","R","B",null,"M","$","?","M","?","M","R","E","T","E","M","M","T","M","R","B",null,"R","$","E","B"],"character_chosen":"IRONCLAD","items_purchased":["Membership Card","Bag of Preparation","ClockworkSouvenir","Feel No Pain","DollysMirror","Chemical X","Paper Frog"],"campfire_rested":0,"item_purchase_floors":[13,20,20,36,36,53,53],"current_hp_per_floor":[69,62,62,62,62,62,62,63,63,69,58,47,47,39,39,21,74,55,55,70,70,70,70,63,63,73,67,70,70,79,76,76,14,86,86,101,101,104,104,99,99,90,90,89,91,89,89,90,102,63,105,117,119,110,20,20],"gold":40,"neow_bonus":"ONE_RANDOM_RARE_CARD","is_daily":false,"chose_seed":false,"campfire_upgraded":7,"win_rate":0.0,"timestamp":1610395645,"path_taken":["M","?","?","M","M","R","M","E","T","E","M","M","$","E","R","BOSS","M","?","$","?","?","R","E","R","T","E","M","?","M","E","R","BOSS","M","$","?","?","?","M","R","E","T","E","M","M","?","M","R","BOSS","R","$","E","BOSS"],"items_purchased_type":["Relic","Relic","Relic","Card","Relic","Relic","Relic"],"build_version":"2020-12-22","purchased_purges":3,"victory":false,"max_hp_per_floor":[75,75,75,75,75,75,75,82,82,82,82,85,85,88,88,91,91,94,94,94,94,94,94,94,94,104,104,107,107,110,110,110,110,110,110,110,110,110,110,110,110,113,113,113,116,119,119,119,119,119,119,119,119,119,119,119],"card_choices":[{"not_picked":["Hemokinesis","Reckless Charge"],"picked":"Shrug It Off","floor":1.0},{"not_picked":["Dual Wield","Dark Embrace","Flex"],"picked":"SKIP","floor":4.0},{"not_picked":["Rupture","Clash"],"picked":"Rage","floor":5.0},{"not_picked":["Anger","Headbutt"],"picked":"Pommel Strike","floor":7.0},{"not_picked":["Heavy Blade","Feel No Pain","Pummel"],"picked":"SKIP","floor":8.0},{"not_picked":["Inflame","Twin Strike"],"picked":"Whirlwind","floor":10.0},{"not_picked":["Sword Boomerang","Iron Wave"],"picked":"Feed","floor":11.0},{"not_picked":["Anger","Wild Strike","Cleave"],"picked":"SKIP","floor":12.0},{"not_picked":["Seeing Red","Shockwave"],"picked":"Offering","floor":14.0},{"not_picked":["Double Tap","Barricade"],"picked":"Offering","floor":16.0},{"not_picked":["Perfected Strike","Burning Pact+1"],"picked":"Flex","floor":18.0},{"not_picked":["Searing Blow","Thunderclap","Hemokinesis"],"picked":"SKIP","floor":24.0},{"not_picked":["Iron Wave","Intimidate","Feel No Pain"],"picked":"SKIP","floor":27.0},{"not_picked":["Searing Blow","Spot Weakness","Clothesline"],"picked":"SKIP","floor":28.0},{"not_picked":["Iron Wave","Pommel Strike+1"],"picked":"Bloodletting","floor":30.0},{"not_picked":["Spot Weakness","Anger","Power Through"],"picked":"SKIP","floor":31.0},{"not_picked":["Feed","Double Tap","Immolate"],"picked":"Corruption","floor":33.0},{"not_picked":["Clothesline","Searing Blow"],"picked":"SKIP","floor":35},{"not_picked":["Battle Trance","Cleave"],"picked":"SKIP","floor":38},{"not_picked":["Burning Pact","Armaments"],"picked":"SKIP","floor":40},{"not_picked":["Flame Barrier","Headbutt"],"picked":"SKIP","floor":42},{"not_picked":["Thunderclap","Havoc"],"picked":"SKIP","floor":44},{"not_picked":["Clash"],"picked":"Seeing Red+1","floor":45},{"not_picked":["Havoc","Iron Wave"],"picked":"SKIP","floor":46},{"not_picked":["Havoc","Infernal Blade+1"],"picked":"SKIP","floor":48},{"not_picked":["Sword Boomerang+1","True Grit"],"picked":"SKIP","floor":54}],"player_experience":463538,"relics_obtained":[{"floor":8.0,"key":"Strawberry"},{"floor":9.0,"key":"PreservedInsect"},{"floor":10.0,"key":"Tiny Chest"},{"floor":14.0,"key":"MealTicket"},{"floor":24.0,"key":"Letter Opener"},{"floor":24.0,"key":"Whetstone"},{"floor":26.0,"key":"Pear"},{"floor":27.0,"key":"Bird Faced Urn"},{"floor":27.0,"key":"Vajra"},{"floor":31.0,"key":"Question Card"},{"floor":31.0,"key":"Darkstone Periapt"},{"floor":42,"key":"Akabeko"},{"floor":42,"key":"Gambling Chip"},{"floor":43,"key":"Eternal Feather"},{"floor":44,"key":"Frozen Egg 2"},{"floor":44,"key":"Du-Vu Doll"},{"floor":47,"key":"Bottled Lightning"},{"floor":54,"key":"Toy Ornithopter"},{"floor":54,"key":"White Beast Statue"}],"event_choices":[{"cards_removed":["Defend_R"],"damage_healed":0.0,"max_hp_gain":0.0,"max_hp_loss":0.0,"gold_gain":0.0,"event_name":"Golden Wing","player_choice":"Card Removal","floor":2.0,"gold_loss":0.0,"damage_taken":7.0},{"damage_healed":0.0,"max_hp_gain":0.0,"max_hp_loss":0.0,"gold_gain":0.0,"cards_transformed":["Strike_R"],"event_name":"Living Wall","player_choice":"Change","floor":3.0,"gold_loss":0.0,"damage_taken":0.0,"cards_obtained":["Battle Trance"]},{"damage_healed":0.0,"max_hp_gain":0.0,"max_hp_loss":0.0,"gold_gain":0.0,"event_name":"Ghosts","player_choice":"Ignored","floor":19.0,"gold_loss":0.0,"damage_taken":0.0},{"damage_healed":0.0,"max_hp_gain":0.0,"max_hp_loss":0.0,"gold_gain":0.0,"event_name":"The Library","player_choice":"Read","floor":21.0,"gold_loss":0.0,"damage_taken":0.0,"cards_obtained":["Dropkick"]},{"damage_healed":0,"gold_gain":0,"player_choice":"Forge","damage_taken":0,"max_hp_gain":0,"max_hp_loss":0,"event_name":"Accursed Blacksmith","floor":37,"gold_loss":0,"cards_upgraded":["Corruption"]},{"damage_healed":0,"gold_gain":50,"player_choice":"Pray","damage_taken":0,"max_hp_gain":0,"max_hp_loss":0,"event_name":"Golden Shrine","floor":39,"gold_loss":0}],"is_beta":false,"boss_relics":[{"not_picked":["Snecko Eye","SacredBark"],"picked":"Black Star"},{"not_picked":["Mark of Pain","Empty Cage"],"picked":"Busted Crown"}],"items_purged_floors":[13,36,53],"is_endless":false,"potions_floor_spawned":[1,4,7,8,24,30,38,40,42,45,46],"killed_by":"The Heart","ascension_level":15}}