{"host":"873t0y8ybyo38pfq","time":1610393610,"event":{"mods":["BaseMod","Bestiary","Colored Map","Colored Powertips","Highlight Path","Minty Spire (QoL Compilation)","Quick Restart","RNG Fix","Rare Cards Sparkle","Relic Stats","StSLib"],"gold_per_floor":[117,127,139,151,171,198,198,230,230,244,244,244,244,244,244,244,244],"floor_reached":16,"playtime":449,"items_purged":[],"score":224,"play_id":"9603aec5-e51d-4e25-a468-66310120ee5a","local_time":"20210111143330","is_ascension_mode":true,"campfire_choices":[{"floor":7,"key":"REST"},{"data":"White Noise","floor":12,"key":"SMITH"},{"data":"Sunder","floor":15,"key":"SMITH"}],"circlet_count":0,"master_deck":["AscendersBane","Strike_B","Strike_B","Strike_B","Strike_B","Defend_B","Defend_B","Defend_B","Defend_B","Zap","Dualcast","Compile Driver","Sunder+1","Glacier","White Noise+1","Undo","Redo","Fusion","Reinforced Body","Parasite"],"relics":["Cracked Core","NeowsBlessing","Centennial Puzzle","CaptainsWheel","Bottled Lightning","Bird Faced Urn"],"acts_visited":["Exordium"],"potions_floor_usage":[6,16],"damage_taken":[{"damage":0,"enemies":"2 Louse","floor":1,"turns":1},{"damage":0,"enemies":"Small Slimes","floor":2,"turns":1},{"damage":0,"enemies":"Cultist","floor":3,"turns":1},{"damage":12,"enemies":"Large Slime","floor":4,"turns":6},{"damage":0,"enemies":"Looter","floor":5,"turns":3},{"damage":36,"enemies":"Gremlin Nob","floor":6,"turns":5},{"damage":3,"enemies":"Lagavulin","floor":8,"turns":7},{"damage":7,"enemies":"Exordium Wildlife","floor":10,"turns":6},{"damage":46,"enemies":"Slime Boss","floor":16,"turns":8}],"seed_played":"8485985438826882045","potions_obtained":[{"floor":3,"key":"Swift Potion"},{"floor":4,"key":"Weak Potion"},{"floor":6,"key":"Explosive Potion"},{"floor":10,"key":"Weak Potion"}],"is_trial":false,"path_per_floor":["M","M","M","M","M","E","R","E","T","M","T","R","?","?","R","B"],"character_chosen":"DEFECT","items_purchased":[],"campfire_rested":1,"item_purchase_floors":[],"current_hp_per_floor":[64,64,64,52,52,16,37,34,34,27,27,27,44,44,44,0,0],"gold":244,"neow_bonus":"THREE_ENEMY_KILL","is_daily":false,"chose_seed":false,"campfire_upgraded":2,"win_rate":0.0,"timestamp":1610393610,"path_taken":["M","?","M","M","M","E","R","E","T","?","?","R","?","?","R","BOSS"],"items_purchased_type":[],"build_version":"2020-12-22","purchased_purges":0,"victory":false,"max_hp_per_floor":[71,71,71,71,71,71,71,71,71,71,71,71,71,71,71,71,71],"relic_stats":{"Centennial Puzzle":[9],"counters":[9,38],"Bird Faced Urn":[2],"obtain_stats":[{"Centennial Puzzle":6,"CaptainsWheel":8,"NeowsBlessing":0,"Bird Faced Urn":11,"Bottled Lightning":9,"Cracked Core":0},{"Centennial Puzzle":6,"CaptainsWheel":7,"NeowsBlessing":0,"Bird Faced Urn":8,"Bottled Lightning":7,"Cracked Core":0},{"Centennial Puzzle":17,"CaptainsWheel":24,"NeowsBlessing":0,"Bird Faced Urn":30,"Bottled Lightning":24,"Cracked Core":0}]},"card_choices":[{"not_picked":["Cold Snap","Coolheaded"],"picked":"Compile Driver","floor":1},{"not_picked":["Gash","Static Discharge"],"picked":"Sunder","floor":2},{"not_picked":["Stack","Darkness"],"picked":"Glacier","floor":3},{"not_picked":["Tempest","Redo"],"picked":"White Noise","floor":4},{"not_picked":["Reboot","Hologram"],"picked":"Undo","floor":5},{"not_picked":["Turbo","Stack"],"picked":"Redo","floor":6},{"not_picked":["Gash","Auto Shields"],"picked":"Fusion","floor":8},{"not_picked":["Redo","Barrage"],"picked":"Reinforced Body","floor":10}],"player_experience":1584456,"relics_obtained":[{"floor":6,"key":"Centennial Puzzle"},{"floor":8,"key":"CaptainsWheel"},{"floor":9,"key":"Bottled Lightning"},{"floor":11,"key":"Bird Faced Urn"}],"event_choices":[{"damage_healed":17,"gold_gain":0,"player_choice":"Healed and dodged fight","damage_taken":0,"max_hp_gain":0,"max_hp_loss":0,"event_name":"Mushrooms","floor":13,"gold_loss":0,"cards_obtained":["Parasite"]},{"damage_healed":0,"gold_gain":0,"player_choice":"Ignored","damage_taken":0,"max_hp_gain":0,"max_hp_loss":0,"event_name":"Liars Game","floor":14,"gold_loss":0}],"is_beta":false,"boss_relics":[],"items_purged_floors":[],"is_endless":false,"potions_floor_spawned":[3,4,6,10],"killed_by":"Slime Boss","ascension_level":20}}