{"host":"dk10vuzdqf3wivcv","time":1610384728,"event":{"mods":["Aspiration","Astrologer","BaseMod","Colored Map","Conspire","Downfall","Friendly Minions","Hermit","Hubris","Minty Spire (QoL Compilation)","Replay The Spire","StSLib","SuperFastMode","Td1madao Mod","The Animator","The Gatherer","The Jungle","The Marked","The Servant 0.9.4"],"gold_per_floor":[99,119,119,149,18,33,58,72,89,120,120,120],"floor_reached":10,"playtime":486,"items_purged":[],"score":68,"play_id":"f1024170-b68a-49ab-b517-4b24981b14ce","local_time":"20210111180528","is_ascension_mode":false,"campfire_choices":[{"floor":1,"key":"RECALL"}],"circlet_count":0,"master_deck":["hexamod:Strike","hexamod:Strike","hexamod:Strike","hexamod:Strike","hexamod:Defend","hexamod:Defend","hexamod:Defend","hexamod:Defend","hexamod:Sear","hexamod:Float","hexamod:RadiantFlame","hexamod:WildfireWeapon","hexamod:ThermalTransfer","hexamod:ChargedBarrage","hexamod:AdvancingGuard","hexamod:FastForward","hexamod:HauntingEcho"],"relics":["hexamod:SpiritBrand","downfall:BrokenWingStatue","conspire:TopHat","hubris:Zylophone"],"acts_visited":["Exordium"],"potions_floor_usage":[],"damage_taken":[{"damage":4,"enemies":"2 Louse","floor":2,"turns":4},{"damage":0,"enemies":"downfall:FleeingMerchant","floor":5,"turns":4},{"damage":0,"enemies":"Jaw Worm","floor":6,"turns":3},{"damage":0,"enemies":"Small Slimes","floor":8,"turns":3},{"damage":1,"enemies":"Blue Slaver","floor":9,"turns":3},{"damage":12,"enemies":"3 Sentries","floor":10,"turns":8}],"seed_played":"5474492216674387583","potions_obtained":[{"floor":10,"key":"Adrenaline Potion"}],"is_trial":false,"path_per_floor":["R_BF","M","?","?","$","M","T","M","M","E"],"character_chosen":"THE_SPIRIT","items_purchased":["hexamod:ThermalTransfer","hexamod:ChargedBarrage"],"campfire_rested":0,"item_purchase_floors":[5,5],"current_hp_per_floor":[77,73,73,73,73,73,73,73,72,60,60,60],"gold":120,"neow_bonus":"TEN_PERCENT_HP_BONUS","is_daily":false,"chose_seed":false,"campfire_upgraded":0,"win_rate":0.0,"timestamp":1610384728,"path_taken":["R_BF","M","?","?","?","M","T","M","M","E"],"items_purchased_type":["Card","Card"],"build_version":"2020-12-22","purchased_purges":0,"victory":false,"max_hp_per_floor":[77,77,77,77,77,77,77,77,77,77,77,77],"card_choices":[{"not_picked":["hexamod:GhostLash","hexamod:NightmareStrike"],"picked":"hexamod:RadiantFlame","floor":2},{"not_picked":["hexamod:GhostOfSpirePast","hexamod:RainOfEmbers"],"picked":"hexamod:WildfireWeapon","floor":5},{"not_picked":["hexamod:NecessarySacrifice","hexamod:Firestarter"],"picked":"hexamod:AdvancingGuard","floor":6},{"not_picked":["hexamod:GhostOfSpirePresent","hexamod:ShieldOfDarkness"],"picked":"hexamod:FastForward","floor":8},{"not_picked":["hexamod:GhostOfSpirePresent","hexamod:Haunt"],"picked":"hexamod:HauntingEcho","floor":9}],"player_experience":167444,"relics_obtained":[{"floor":10,"key":"hubris:Zylophone"}],"event_choices":[],"is_beta":false,"boss_relics":[],"items_purged_floors":[],"is_endless":false,"potions_floor_spawned":[10],"killed_by":"3 Sentries","ascension_level":0}}