{"host":"wshh0nphwn6jv7vj","time":1610370608,"event":{"mods":["BaseMod","Bestiary","Minty Spire (QoL Compilation)","Relic Stats"],"gold_per_floor":[116,116,136,148,43,43,68,83,152,169,169,200,219,232,232,232,232],"floor_reached":16,"playtime":839,"items_purged":["Strike_B"],"score":211,"play_id":"dc6b5f28-657f-4413-9dcc-f6f3be26f8ad","local_time":"20210111081008","is_ascension_mode":true,"campfire_choices":[{"data":"Genetic Algorithm","floor":6,"key":"SMITH"},{"floor":11,"key":"REST"},{"floor":15,"key":"REST"}],"circlet_count":0,"master_deck":["AscendersBane","Strike_B","Strike_B","Defend_B","Defend_B","Defend_B","Defend_B","Zap","Dualcast","Melter","Compile Driver","Genetic Algorithm+1","Coolheaded","Sunder","White Noise","Undo","Steam"],"relics":["Cracked Core","NeowsBlessing","Unceasing Top","Singing Bowl","Oddly Smooth Stone"],"acts_visited":["Exordium"],"potions_floor_usage":[7,16,16],"damage_taken":[{"damage":0,"enemies":"Cultist","floor":1,"turns":1},{"damage":0,"enemies":"Small Slimes","floor":3,"turns":1},{"damage":0,"enemies":"2 Louse","floor":4,"turns":1},{"damage":30,"enemies":"3 Sentries","floor":7,"turns":6},{"damage":13,"enemies":"Exordium Wildlife","floor":8,"turns":4},{"damage":7,"enemies":"Blue Slaver","floor":10,"turns":4},{"damage":26,"enemies":"Lagavulin","floor":12,"turns":7},{"damage":6,"enemies":"Lots of Slimes","floor":13,"turns":5},{"damage":4,"enemies":"Large Slime","floor":14,"turns":6},{"damage":25,"enemies":"Hexaghost","floor":16,"turns":11}],"seed_played":"-7191008111022580629","potions_obtained":[{"floor":1,"key":"GamblersBrew"},{"floor":3,"key":"AttackPotion"},{"floor":13,"key":"SneckoOil"},{"floor":14,"key":"PowerPotion"}],"is_trial":false,"path_per_floor":["M","?","M","M","$","R","E","M","T","M","R","E","M","M","R","B"],"character_chosen":"DEFECT","items_purchased":["Coolheaded"],"campfire_rested":2,"item_purchase_floors":[5],"current_hp_per_floor":[64,64,64,64,64,64,34,21,21,16,37,13,7,3,25,0,0],"gold":232,"neow_bonus":"THREE_ENEMY_KILL","is_daily":false,"chose_seed":false,"campfire_upgraded":1,"win_rate":0.0,"timestamp":1610370608,"path_taken":["M","?","?","M","$","R","E","M","T","M","R","E","M","?","R","BOSS"],"items_purchased_type":["Card"],"build_version":"2020-12-22","purchased_purges":1,"victory":false,"max_hp_per_floor":[71,71,71,71,71,71,71,71,71,73,73,75,75,75,75,75,75],"relic_stats":{"Singing Bowl":4,"counters":[10,46],"obtain_stats":[{"NeowsBlessing":0,"Singing Bowl":9,"Oddly Smooth Stone":12,"Cracked Core":0,"Unceasing Top":7},{"NeowsBlessing":0,"Singing Bowl":5,"Oddly Smooth Stone":7,"Cracked Core":0,"Unceasing Top":4},{"NeowsBlessing":0,"Singing Bowl":13,"Oddly Smooth Stone":24,"Cracked Core":0,"Unceasing Top":9}],"Unceasing Top":[0]},"card_choices":[{"not_picked":["Double Energy","Sweeping Beam"],"picked":"Melter","floor":1},{"not_picked":["Consume","Barrage"],"picked":"Compile Driver","floor":3},{"not_picked":["Capacitor","Streamline"],"picked":"Genetic Algorithm","floor":4},{"not_picked":["Multi-Cast","Coolheaded"],"picked":"Sunder","floor":7},{"not_picked":["Leap","Turbo"],"picked":"White Noise","floor":8},{"not_picked":["Beam Cell","Hello World","Streamline"],"picked":"Singing Bowl","floor":10},{"not_picked":["Barrage","Chill","Redo"],"picked":"Singing Bowl","floor":12},{"not_picked":["Stack","Reinforced Body"],"picked":"Undo","floor":13},{"not_picked":["Ball Lightning","Heatsinks"],"picked":"Steam","floor":14}],"player_experience":1563317,"relics_obtained":[{"floor":7,"key":"Unceasing Top"},{"floor":9,"key":"Singing Bowl"},{"floor":12,"key":"Oddly Smooth Stone"}],"event_choices":[{"cards_removed":["Strike_B"],"damage_healed":0,"gold_gain":0,"player_choice":"Offered Basic","damage_taken":0,"max_hp_gain":0,"max_hp_loss":0,"event_name":"Bonfire Elementals","floor":2,"gold_loss":0}],"is_beta":false,"boss_relics":[],"items_purged_floors":[5],"is_endless":false,"potions_floor_spawned":[1,3,13,14],"killed_by":"Hexaghost","ascension_level":17}}