{"host":"tm3ghj8mno6gwywm","time":1610403771,"event":{"mods":["2.2 Compatiblity","AchievementEnabler","Bard","BaseMod","Beaked The Cultist","Better Third Choice","Colored Map","Colored Powertips","Conspire","Downfall","Glutton Mod","GungeonMod","Halation","Hermit","Hubris","Infinite Spire","Jorbs\u0027s Wanderer Trilogy","Lobotomy","Mad Scientist","Marisa????????","Marked Mod","Mimic Mod","Minty Spire (QoL Compilation)","Potionbrewer","Quick Restart","READ ME - Guardian Mod","Replay The Spire","Shade Mod","Shop Mod","Somnambulant","Spicy Shops","StSLib","SuperFastMode","The Bug Knight","The Construct","The Cursed","The Disciple","The Factory","The Hierophant","The IronCluck","The Judge","The Jungle","The Necromancer","The Runesmith","The Servant 0.9.4","egg"],"gold_per_floor":[109,129,204,22,35,53,65,99,99,99,117,131,162,173,173,278,278,293,313,350,350,361,361,399,399,399,399,212,228,188,199,199,314,314,344,344,72,87,111,151,151,188,188,188,217,250,250,292,292,292,292,292,292,19,53,53],"floor_reached":57,"playtime":2035,"items_purged":[],"score":1731,"play_id":"e66b2e16-5114-4898-99f7-ab3d5cbd5da9","local_time":"20210111172251","is_ascension_mode":false,"campfire_choices":[{"floor":15,"key":"RECALL"},{"floor":23,"key":"REST"},{"data":"Bash","floor":25,"key":"SMITH"},{"data":"Defend_R","floor":27,"key":"SMITH"},{"data":"Defend_R","floor":32,"key":"SMITH"},{"data":"Strike_R","floor":41,"key":"SMITH"},{"data":"Strike_R","floor":47,"key":"SMITH"},{"data":"Strike_R","floor":49,"key":"SMITH"},{"data":"Strike_R","floor":53,"key":"SMITH"}],"circlet_count":0,"master_deck":["Strike_R+2","Strike_R+1","Strike_R+1","Strike_R+1","Strike_R+1","Defend_R+2","Defend_R+1","Defend_R+1","Defend_R+1","Bash+1","Run Through+1","Power Through+1","Immolate+1","Replay:Undeath\u0027s Touch+1","hubris:SharpeningStone+1","Shockwave+1","Ghostly Armor+1","Feel No Pain+1","Havoc+1","Intimidate+1","Corruption+1","Intimidate+1","Fire Breathing+1","Dark Embrace+1","Sword Boomerang+1","Whirlwind+1","ReplayTheSpireMod:Muscle Training+1","Havoc+1","Exhume+1","Clash+1","expansioncontent:CaCaw+1","Seeing Red+1","Wild Strike+1","Intimidate+1","Clash+1","Rage+1","Flex+1","Metallicize+1","Flame Barrier+1","Rupture+1","Metallicize+1","Metallicize+1","Power Through+1","Power Through+1"],"relics":["Burning Blood","WingedGreaves","Membership Card","Quantum Egg","Frozen Egg 2","Toxic Egg 2","Molten Egg 2","Black Star","Mummified Hand","Lizard Tail","hubris:SlimyHat","DemoMod:WeirdEgg","DemoMod:DecoyRelic","CultistMask","Runesmith:AutoHammer","infinitespire:ShieldingShard","construct:WeddingRing","Replay:Baseball","conspire:BottledYoYo","Darkstone Periapt","Pen Nib","War Paint","Tiny Chest","infinitespire:EvilPickle","conspire:SpecialSausage","Shuriken","ReplayTheSpireMod:Spearhead","DemoMod:WhiteGuonStone","Snack Pack","potionbrewer:SlideRule","Blood Vial","Pear","hubris:FunFungus","Simple Rune","halation:NonexistentMirror","hubris:TenFootPole","hubris:BottledRain","Boot","Akabeko"],"acts_visited":["Exordium","TheCity","TheBeyond","TheEnding"],"potions_floor_usage":[12,16,16,16,16,16,31,33,50,50,50,56],"damage_taken":[{"damage":9,"enemies":"2 Louse","floor":1,"turns":4},{"damage":0,"enemies":"Jaw Worm","floor":2,"turns":4},{"damage":0,"enemies":"Cultist","floor":5,"turns":3},{"damage":0,"enemies":"Looter","floor":6,"turns":4},{"damage":0,"enemies":"Exordium Thugs","floor":7,"turns":2},{"damage":10,"enemies":"3 Sentries","floor":8,"turns":4},{"damage":12,"enemies":"conspire:2 RoseBushes","floor":11,"turns":2},{"damage":0,"enemies":"Looter","floor":12,"turns":4},{"damage":27,"enemies":"Gremlin Nob","floor":13,"turns":5},{"damage":0,"enemies":"Large Slime","floor":14,"turns":5},{"damage":0,"enemies":"Hexaghost","floor":16,"turns":7},{"damage":3,"enemies":"3 Byrds","floor":18,"turns":7},{"damage":0,"enemies":"2 Thieves","floor":19,"turns":4},{"damage":5,"enemies":"conspire:MimicChest","floor":20,"turns":6},{"damage":0,"enemies":"Sentry and Sphere","floor":22,"turns":5},{"damage":0,"enemies":"Snake Plant","floor":24,"turns":5},{"damage":4,"enemies":"Snake Plant","floor":29,"turns":4},{"damage":0,"enemies":"3 Cultists","floor":31,"turns":3},{"damage":30,"enemies":"Pondfish","floor":33,"turns":11},{"damage":0,"enemies":"3 Darklings","floor":35,"turns":4},{"damage":0,"enemies":"Orb Walker","floor":38,"turns":2},{"damage":0,"enemies":"Jaw Worm Horde","floor":39,"turns":4},{"damage":0,"enemies":"R_Hoarder","floor":40,"turns":6},{"damage":0,"enemies":"Giant Head","floor":42,"turns":5},{"damage":4,"enemies":"Spire Growth","floor":45,"turns":5},{"damage":0,"enemies":"3 Darklings","floor":46,"turns":3},{"damage":4,"enemies":"Reptomancer","floor":48,"turns":3},{"damage":48,"enemies":"hubris:GrandSnecko","floor":50,"turns":9},{"damage":16,"enemies":"Shield and Spear","floor":55,"turns":4},{"damage":71,"enemies":"The Heart","floor":56,"turns":10}],"seed_played":"-7048359651488532782","potions_obtained":[{"floor":0,"key":"Languid Potion"},{"floor":0,"key":"Milkshake"},{"floor":0,"key":"DistilledChaos"},{"floor":8,"key":"Strength Potion"},{"floor":12,"key":"Reflective Coating"},{"floor":18,"key":"Dexterity Potion"},{"floor":29,"key":"potionbrewer:CleansingPotion"},{"floor":31,"key":"potionbrewer:BlacksmithPotion"},{"floor":40,"key":"Regen Potion"},{"floor":44,"key":"Strength Potion"},{"floor":44,"key":"DuplicationPotion"}],"is_trial":false,"path_per_floor":["M","M","?","$","M","M","M","E","T","?","M","M","E","M","R","B",null,"M","M","?","?","M","R","MIM","R","T","R","$","M","$","M","R","B",null,"M","?","$","M","M","E","R","E","T","?","M","M","R","E","R","B",null,null,"R","$","E","B",null],"character_chosen":"IRONCLAD","items_purchased":["potionbrewer:SplittingPotion","hubris:SlimyHat","Immolate+1","ReplayTheSpireMod:Muscle Training+1","War Paint","Tiny Chest","Havoc+1","Shuriken","ReplayTheSpireMod:Spearhead","Seeing Red+1","Wild Strike+1","halation:NonexistentMirror","hubris:TenFootPole","Metallicize+1","hubris:BottledRain"],"campfire_rested":1,"item_purchase_floors":[4,4,4,28,28,28,30,37,37,37,37,54,54,54,54],"current_hp_per_floor":[77,80,69,69,75,80,80,76,76,76,70,76,55,61,61,67,80,80,80,80,65,71,85,85,85,85,85,85,85,85,85,85,61,85,85,85,85,85,85,85,85,85,95,95,95,95,95,95,95,63,63,95,95,95,89,38],"gold":53,"neow_bonus":"THREE_SMALL_POTIONS","is_daily":false,"chose_seed":false,"campfire_upgraded":7,"win_rate":0.0,"timestamp":1610403771,"path_taken":["M","M","?","$","M","M","M","E","T","?","M","M","E","M","R","BOSS","M","M","?","?","?","R","?","R","T","R","?","M","$","M","R","BOSS","M","?","$","M","M","E","R","E","T","?","M","?","R","E","R","BOSS","R","$","E","BOSS"],"items_purchased_type":["Potion","Relic","Card","Card","Relic","Relic","Card","Relic","Relic","Card","Card","Relic","Relic","Card","Relic"],"build_version":"2020-12-22","purchased_purges":0,"victory":true,"max_hp_per_floor":[80,80,80,80,80,80,80,80,80,80,80,80,80,80,80,80,80,80,80,80,85,85,85,85,85,85,85,85,85,85,85,85,85,85,85,85,85,85,85,85,85,85,95,95,95,95,95,95,95,95,95,95,95,95,95,95],"card_choices":[{"not_picked":["ReplayTheSpireMod:Limb From Limb+1","Anger+1"],"picked":"Run Through+1","floor":1},{"not_picked":["Flex+1","Heavy Blade+1"],"picked":"Power Through+1","floor":2},{"not_picked":["Pommel Strike+1","Clothesline+1"],"picked":"Replay:Undeath\u0027s Touch+1","floor":5},{"not_picked":["Combust+1","Clash+1"],"picked":"hubris:SharpeningStone+1","floor":6},{"not_picked":["Sword Boomerang+1","Replay:Undeath\u0027s Touch+1"],"picked":"Shockwave+1","floor":7},{"not_picked":["Searing Blow+1","Power Through+1","Armaments+1"],"picked":"SKIP","floor":8},{"not_picked":["Searing Blow+1","Power Through+1","Armaments+1"],"picked":"SKIP","floor":8},{"not_picked":["Hemokinesis+1","ReplayTheSpireMod:Limb From Limb+1"],"picked":"Ghostly Armor+1","floor":11},{"not_picked":["Warcry+1","Flex+1"],"picked":"Feel No Pain+1","floor":12},{"not_picked":["Shrug It Off+1","Body Slam+1"],"picked":"Havoc+1","floor":13},{"not_picked":["Perfected Strike+1","Cleave+1"],"picked":"Intimidate+1","floor":14},{"not_picked":["Brutality+1","Feed+1"],"picked":"Corruption+1","floor":16},{"not_picked":["Perfected Strike+1","Cleave+1"],"picked":"Intimidate+1","floor":18},{"not_picked":["Thunderclap+1","Clothesline+1"],"picked":"Fire Breathing+1","floor":19},{"not_picked":["Clash+1","Reckless Charge+1"],"picked":"Dark Embrace+1","floor":20},{"not_picked":["Replay:Many Hands+1","Intimidate+1"],"picked":"Sword Boomerang+1","floor":22},{"not_picked":["Sword Boomerang+1","Headbutt+1"],"picked":"Whirlwind+1","floor":24},{"not_picked":["Replay:Undeath\u0027s Touch+1","Heavy Blade+1","Anger+1"],"picked":"SKIP","floor":29},{"not_picked":["Headbutt+1","Abandon+1","Body Slam+1"],"picked":"SKIP","floor":31},{"not_picked":["hubris:StunningStrike+1","Immolate+1"],"picked":"Exhume+1","floor":33},{"not_picked":["Sword Boomerang+1","Life Link+1"],"picked":"Clash+1","floor":35},{"not_picked":["expansioncontent:FaceSlap+1","expansioncontent:ChargeUp+1"],"picked":"expansioncontent:CaCaw+1","floor":36},{"not_picked":["Perfected Strike+1","Life Link+1"],"picked":"Intimidate+1","floor":38},{"not_picked":["Anger+1","Flex+1"],"picked":"Clash+1","floor":39},{"not_picked":["Clothesline+1","Blood for Blood+1"],"picked":"Rage+1","floor":40},{"not_picked":["Replay:Undeath\u0027s Touch+1","Armaments+1"],"picked":"Flex+1","floor":42},{"not_picked":["Twin Strike+1","Iron Wave+1"],"picked":"Metallicize+1","floor":45},{"not_picked":["Cleave+1","Wild Strike+1"],"picked":"Flame Barrier+1","floor":46},{"not_picked":["Heavy Blade+1","Flex+1"],"picked":"Rupture+1","floor":48},{"not_picked":["ReplayTheSpireMod:LeadingStrike+1","Rage+1"],"picked":"Power Through+1","floor":55}],"player_experience":807802,"relics_obtained":[{"floor":8,"key":"DemoMod:WeirdEgg"},{"floor":8,"key":"DemoMod:DecoyRelic"},{"floor":13,"key":"Runesmith:AutoHammer"},{"floor":13,"key":"infinitespire:ShieldingShard"},{"floor":20,"key":"Replay:Baseball"},{"floor":24,"key":"conspire:BottledYoYo"},{"floor":24,"key":"Darkstone Periapt"},{"floor":26,"key":"Pen Nib"},{"floor":40,"key":"DemoMod:WhiteGuonStone"},{"floor":40,"key":"Snack Pack"},{"floor":42,"key":"potionbrewer:SlideRule"},{"floor":42,"key":"Blood Vial"},{"floor":43,"key":"Pear"},{"floor":48,"key":"hubris:FunFungus"},{"floor":48,"key":"Simple Rune"},{"floor":55,"key":"Boot"},{"floor":55,"key":"Akabeko"}],"event_choices":[{"damage_healed":0,"gold_gain":75,"player_choice":"Gold","damage_taken":11,"max_hp_gain":0,"max_hp_loss":0,"event_name":"betterThird:BetterGoop","floor":3,"gold_loss":0},{"damage_healed":0,"gold_gain":0,"player_choice":"Trade","damage_taken":0,"relics_obtained":["CultistMask"],"max_hp_gain":0,"max_hp_loss":0,"event_name":"FaceTrader","floor":10,"gold_loss":0},{"damage_healed":0,"gold_gain":0,"player_choice":"Shed Blood","damage_taken":20,"max_hp_gain":5,"max_hp_loss":0,"event_name":"Forgotten Altar","floor":21,"gold_loss":0},{"damage_healed":0,"gold_gain":0,"player_choice":"Memory 1","damage_taken":0,"max_hp_gain":0,"max_hp_loss":0,"event_name":"SensoryStone","floor":36,"gold_loss":0},{"damage_healed":0,"gold_gain":0,"player_choice":"Got Potions","damage_taken":0,"max_hp_gain":0,"max_hp_loss":0,"event_name":"Lab","floor":44,"gold_loss":0}],"is_beta":false,"boss_relics":[{"not_picked":["halation:PinkAlligatorPlush","potionbrewer:BhaskarasWheel"],"picked":"construct:WeddingRing"},{"not_picked":["Tiny House","Runic Cube"],"picked":"conspire:SpecialSausage"}],"items_purged_floors":[],"is_endless":false,"potions_floor_spawned":[1,2,7,8,12,13,18,29,31,40,45],"ascension_level":0}}