{"host":"ojme7g6xlqwffsso","time":1610381995,"event":{"mods":["Act Like it!","BaseMod","Downfall","Hermit","Infinite Spire","MarisaÅiñ∂âJÅ@ñÇóùçπÅj","Minty Spire (QoL Compilation)","Replay The Spire","Shade Mod","Shop Mod","StSLib","The Alterego","The Cursed","Yuri Mod"],"gold_per_floor":[369,369,115,127,107,141,151,178,178,193,246,261,261,290,290,392,392,412,123,123,323,333,362,362,388,413,413,432,464,474,503,503,598,598,617,635,635,635],"floor_reached":37,"playtime":2240,"items_purged":["infinitespire:TheBestDefense","TheCursedMod:Stretching"],"score":977,"play_id":"e9fa5670-d8ff-4124-91b4-8c10348b9774","local_time":"20210112011955","is_ascension_mode":true,"campfire_choices":[{"data":"TheCursedMod:NeowsMight","floor":13,"key":"SMITH"},{"data":"TheCursedMod:ParallelWorld","floor":15,"key":"SMITH"},{"data":"TheCursedMod:SpitefulPlan","floor":32,"key":"SMITH"}],"circlet_count":0,"master_deck":["TheCursedMod:CleanUpWorkshop","TheCursedMod:CursedAmulet","TheCursedMod:HellfireBreathing","TheCursedMod:HellfireBreathing","TheCursedMod:SpitefulPlan+1","TheCursedMod:LuckyCharm","TheCursedMod:CursedSpellbook","TheCursedMod:NeowsMight+1","TheCursedMod:ParallelWorld+1","TheCursedMod:CircleOfAmplification","Replay:UnknownCurse","hexamod:Haunted","Replay:Hysterical Blindness","TheCursedMod:Evocation","TheCursedMod:CursedSpellbook+1","TheCursedMod:FleshFromBone","TheCursedMod:SurpriseAttack","TheCursedMod:ParallelWorld"],"relics":["TheCursedMod:BlackMagicAdvanced","infinitespire:EmpoweringShard","Torii","Replay:Accelerometer","Darkstone Periapt","Bronze Scales","Odd Mushroom","Replay:Bronze Core","MerchantsRug","WingedGreaves","Boot","Replay:Mystery Machine","Omamori","Sundial","Philosopher\u0027s Stone"],"acts_visited":["Exordium","TheCity","TheBeyond"],"potions_floor_usage":[37],"damage_taken":[{"damage":0,"enemies":"Small Slimes","floor":1,"turns":1},{"damage":0,"enemies":"Cultist","floor":4,"turns":2},{"damage":2,"enemies":"Replay:BlueRogue","floor":6,"turns":2},{"damage":2,"enemies":"infinitespire:Voidling","floor":7,"turns":2},{"damage":2,"enemies":"Gremlin Nob","floor":8,"turns":2},{"damage":0,"enemies":"Exordium Wildlife","floor":10,"turns":2},{"damage":0,"enemies":"Blue Slaver","floor":12,"turns":2},{"damage":1,"enemies":"The Mushroom Lair","floor":14,"turns":2},{"damage":4,"enemies":"Fading Forest","floor":16,"turns":5},{"damage":10,"enemies":"Shell Parasite","floor":18,"turns":3},{"damage":0,"enemies":"Chosen","floor":22,"turns":3},{"damage":2,"enemies":"Gremlin Leader","floor":23,"turns":3},{"damage":0,"enemies":"Slavers","floor":25,"turns":2},{"damage":0,"enemies":"Centurion and Healer","floor":28,"turns":1},{"damage":0,"enemies":"Gremlin Leader","floor":29,"turns":2},{"damage":0,"enemies":"Shelled Parasite and Fungi","floor":30,"turns":1},{"damage":0,"enemies":"Replay:Snechameleon","floor":31,"turns":2},{"damage":0,"enemies":"Champ","floor":33,"turns":3},{"damage":0,"enemies":"Orb Walker","floor":35,"turns":1},{"damage":12,"enemies":"3 Shapes","floor":36,"turns":3},{"damage":61,"enemies":"Jaw Worm Horde","floor":37,"turns":3}],"seed_played":"-6962494179391079730","potions_obtained":[{"floor":5,"key":"Slimebound:ThreeZeroPotion"},{"floor":7,"key":"Energy Potion"},{"floor":8,"key":"AttackPotion"},{"floor":16,"key":"LiquidMemories"}],"is_trial":false,"path_per_floor":["M","?","$","M","?","E","M","E","T","M","T","M","R","?","R","B",null,"M","$","?","?","M","E","AVR","E","T","?","M","E","M","E","R","B",null,"M","M","M"],"character_chosen":"THE_CURSED","items_purchased":["infinitespire:EmpoweringShard","MerchantsRug","TheCursedMod:Evocation"],"campfire_rested":0,"item_purchase_floors":[3,19,19],"current_hp_per_floor":[68,68,68,68,68,66,64,62,62,62,62,62,62,61,61,57,71,61,61,47,47,47,45,45,45,45,45,45,45,45,45,45,45,71,71,59,0,0],"gold":635,"neow_bonus":"TWO_FIFTY_GOLD","is_daily":false,"chose_seed":false,"campfire_upgraded":3,"win_rate":0.0,"timestamp":1610381995,"path_taken":["M","?","?","?","?","E","?","E","T","M","?","M","R","?","R","BOSS","M","$","?","?","?","E","AVR","E","T","?","M","E","M","E","R","BOSS","M","M","M"],"items_purchased_type":["Relic","Relic","Card"],"build_version":"2020-12-22","purchased_purges":2,"victory":false,"max_hp_per_floor":[75,75,75,75,75,75,75,75,75,75,75,75,75,75,75,75,75,75,75,80,80,80,80,80,80,80,80,80,80,80,80,80,80,80,80,80,80,80],"card_choices":[{"not_picked":["TheCursedMod:Grudge","TheCursedMod:WearCloak","TheCursedMod:CircleOfFlame"],"picked":"SKIP","floor":1},{"not_picked":["ReplayTheSpireMod:??????????????????????","infinitespire:SevenWalls"],"picked":"infinitespire:TheBestDefense","floor":2},{"not_picked":["TheCursedMod:CircleOfCorruption","TheCursedMod:CursedMace","TheCursedMod:RapidMovement"],"picked":"SKIP","floor":4},{"not_picked":["TheCursedMod:FleshFromBone","TheCursedMod:SpreadPlague","TheCursedMod:RavingStaff"],"picked":"SKIP","floor":6},{"not_picked":["TheCursedMod:BlessingInDisguise","TheCursedMod:ReleasedStrength","TheCursedMod:AshesToAshes"],"picked":"SKIP","floor":7},{"not_picked":["TheCursedMod:VitalStrike","TheCursedMod:DemonicPact","TheCursedMod:DarkBarrier"],"picked":"SKIP","floor":8},{"not_picked":["TheCursedMod:CursedMace","TheCursedMod:VitalStrike","TheCursedMod:RapidMovement"],"picked":"SKIP","floor":10},{"not_picked":["TheCursedMod:CursedMace","TheCursedMod:DoubleShield","TheCursedMod:Stigma"],"picked":"SKIP","floor":12},{"not_picked":["TheCursedMod:CursedMace+1","TheCursedMod:DoubleShield","TheCursedMod:RapidMovement+1"],"picked":"SKIP","floor":18},{"not_picked":["TheCursedMod:Torture","TheCursedMod:BlessingInDisguise","TheCursedMod:ReleasedKnowledge"],"picked":"SKIP","floor":22},{"not_picked":["TheCursedMod:SpreadPlague","TheCursedMod:CursedStaff","TheCursedMod:CircleOfFlame"],"picked":"SKIP","floor":23},{"not_picked":["TheCursedMod:CursedShiv","TheCursedMod:VitalStrike"],"picked":"TheCursedMod:CursedSpellbook+1","floor":25},{"not_picked":["TheCursedMod:SmokeScreen","TheCursedMod:CircleOfFlame","TheCursedMod:Torture"],"picked":"SKIP","floor":28},{"not_picked":["TheCursedMod:SpitefulStrike+1","TheCursedMod:WearCloak","TheCursedMod:Evocation"],"picked":"SKIP","floor":29},{"not_picked":["TheCursedMod:Stigma","TheCursedMod:FleshFromBone+1","TheCursedMod:SpitefulPlan+1"],"picked":"SKIP","floor":30},{"not_picked":["TheCursedMod:AntiAging","TheCursedMod:CircleOfCorruption"],"picked":"TheCursedMod:SurpriseAttack","floor":31},{"not_picked":["TheCursedMod:CircleOfAbyss","TheCursedMod:DarkBarrier"],"picked":"TheCursedMod:ParallelWorld","floor":33},{"not_picked":["TheCursedMod:Mangle+1","TheCursedMod:CircleOfFlame+1","TheCursedMod:CircleOfCorruption"],"picked":"SKIP","floor":35},{"not_picked":["TheCursedMod:CursedMace+1","TheCursedMod:Mangle+1","TheCursedMod:BloodBarrier+1"],"picked":"SKIP","floor":36}],"player_experience":925087,"relics_obtained":[{"floor":6,"key":"Torii"},{"floor":8,"key":"Replay:Accelerometer"},{"floor":9,"key":"Darkstone Periapt"},{"floor":11,"key":"Bronze Scales"},{"floor":14,"key":"Odd Mushroom"},{"floor":23,"key":"WingedGreaves"},{"floor":25,"key":"Boot"},{"floor":26,"key":"Replay:Mystery Machine"},{"floor":29,"key":"Omamori"},{"floor":31,"key":"Sundial"}],"event_choices":[{"damage_healed":0,"gold_gain":0,"player_choice":"Bought 1 Potion","damage_taken":0,"max_hp_gain":0,"max_hp_loss":0,"event_name":"The Woman in Blue","floor":5,"gold_loss":0},{"damage_healed":0,"gold_gain":0,"player_choice":"Fought Mushrooms","damage_taken":0,"max_hp_gain":0,"max_hp_loss":0,"event_name":"Mushrooms","floor":14,"gold_loss":0},{"damage_healed":0,"gold_gain":0,"player_choice":"Shed Blood","damage_taken":19,"max_hp_gain":5,"max_hp_loss":0,"event_name":"Forgotten Altar","floor":20,"gold_loss":0},{"damage_healed":0,"gold_gain":200,"player_choice":"Gold","damage_taken":0,"max_hp_gain":0,"max_hp_loss":0,"event_name":"Wheel of Change","floor":21,"gold_loss":0},{"damage_healed":0,"gold_gain":0,"player_choice":"Ignored","damage_taken":0,"max_hp_gain":0,"max_hp_loss":0,"event_name":"Cursed Tome","floor":27,"gold_loss":0}],"is_beta":false,"boss_relics":[{"not_picked":["Replay:Ancient Bell","ChewingGum"],"picked":"Replay:Bronze Core"},{"not_picked":["Tiny House","Honey Jar"],"picked":"Philosopher\u0027s Stone"}],"items_purged_floors":[19,24],"is_endless":false,"potions_floor_spawned":[7,8,16,18,22,25,28,33],"killed_by":"Jaw Worm Horde","ascension_level":6}}