{"host":"fnk117zi8wf5078t","time":1610350217,"event":{"mods":["AchievementEnabler","BaseMod","Colored Map","Minty Spire (QoL Compilation)","Rare Cards Sparkle","SuperFastMode","everything is the same but u backflip on backflip"],"gold_per_floor":[11,11,28,28,40,40,68,68,68,68,84,84,84,94,94,168,168,179,60,60,60,60],"floor_reached":21,"playtime":581,"items_purged":["Strike_R"],"score":345,"play_id":"76fddc05-ac9b-4b4f-915e-60bbfe90a594","local_time":"20210111163017","is_ascension_mode":true,"campfire_choices":[{"data":"Secret Weapon","floor":6,"key":"SMITH"},{"floor":10,"key":"REST"},{"data":"Spot Weakness","floor":12,"key":"SMITH"},{"data":"Bash","floor":15,"key":"SMITH"}],"circlet_count":0,"master_deck":["AscendersBane","Strike_R","Strike_R","Strike_R","Defend_R","Defend_R","Defend_R","Defend_R","Bash+1","Secret Weapon+1","Bloodletting","Bloodletting","Dropkick","Spot Weakness+1","Reaper","Limit Break","Whirlwind"],"relics":["Burning Blood","Matryoshka","Shuriken","Strawberry","Boot","Meat on the Bone","Gremlin Horn","Black Star"],"acts_visited":["Exordium","TheCity"],"potions_floor_usage":[7,11],"damage_taken":[{"damage":17,"enemies":"Small Slimes","floor":1,"turns":4},{"damage":7,"enemies":"Cultist","floor":3,"turns":4},{"damage":12,"enemies":"Jaw Worm","floor":5,"turns":5},{"damage":34,"enemies":"Gremlin Nob","floor":7,"turns":4},{"damage":28,"enemies":"Exordium Thugs","floor":11,"turns":4},{"damage":6,"enemies":"Blue Slaver","floor":14,"turns":2},{"damage":50,"enemies":"The Guardian","floor":16,"turns":10},{"damage":35,"enemies":"Shell Parasite","floor":18,"turns":3},{"damage":65,"enemies":"Chosen","floor":21,"turns":5}],"seed_played":"6025919319765007785","potions_obtained":[{"floor":1,"key":"SkillPotion"},{"floor":5,"key":"Fire Potion"},{"floor":7,"key":"SpeedPotion"}],"is_trial":false,"path_per_floor":["M","?","M","$","M","R","E","T","T","R","M","R","T","M","R","B",null,"M","$","?","M"],"character_chosen":"IRONCLAD","items_purchased":["Whirlwind"],"campfire_rested":1,"item_purchase_floors":[19],"current_hp_per_floor":[57,57,56,56,50,50,22,29,29,53,43,43,43,55,55,48,74,57,57,57,0,0],"gold":60,"neow_bonus":"RANDOM_COLORLESS_2","is_daily":false,"chose_seed":false,"campfire_upgraded":3,"win_rate":0.0,"timestamp":1610350217,"path_taken":["M","?","?","$","M","R","E","?","T","R","M","R","?","M","R","BOSS","M","$","?","M"],"items_purchased_type":["Card"],"build_version":"2020-12-22","purchased_purges":1,"victory":false,"max_hp_per_floor":[75,75,75,75,75,75,75,82,82,82,82,82,82,82,82,82,82,82,82,82,82,82],"card_choices":[{"not_picked":["Sadistic Nature","Violence"],"picked":"Secret Weapon","floor":0},{"not_picked":["Armaments","Warcry"],"picked":"Bloodletting","floor":1},{"not_picked":["Burning Pact","Anger"],"picked":"Dropkick","floor":3},{"not_picked":["Dual Wield","Sword Boomerang"],"picked":"Spot Weakness","floor":5},{"not_picked":["Clothesline","Iron Wave","Warcry"],"picked":"SKIP","floor":7},{"not_picked":["Iron Wave","Headbutt","Second Wind"],"picked":"SKIP","floor":11},{"not_picked":["Wild Strike","Second Wind"],"picked":"Reaper","floor":14},{"not_picked":["Berserk","Reaper"],"picked":"Limit Break","floor":16},{"not_picked":["Pommel Strike","Armaments","Iron Wave"],"picked":"SKIP","floor":18}],"player_experience":369399,"relics_obtained":[{"floor":7,"key":"Matryoshka"},{"floor":8,"key":"Shuriken"},{"floor":8,"key":"Strawberry"},{"floor":9,"key":"Boot"},{"floor":9,"key":"Meat on the Bone"},{"floor":13,"key":"Gremlin Horn"}],"event_choices":[{"damage_healed":0,"gold_gain":0,"cards_transformed":["Strike_R"],"player_choice":"Transformed","damage_taken":0,"max_hp_gain":0,"max_hp_loss":0,"event_name":"Transmorgrifier","floor":2,"gold_loss":0,"cards_obtained":["Bloodletting"]},{"damage_healed":0,"gold_gain":0,"player_choice":"Ignored","damage_taken":0,"max_hp_gain":0,"max_hp_loss":0,"event_name":"Ghosts","floor":20,"gold_loss":0}],"is_beta":false,"boss_relics":[{"not_picked":["Tiny House","Cursed Key"],"picked":"Black Star"}],"items_purged_floors":[19],"is_endless":false,"potions_floor_spawned":[1,5,7],"killed_by":"Chosen","ascension_level":19}}