{"host":"92108ef2q9tm8rod","time":1610391662,"event":{"mods":["BaseMod","Defuse TimeMaze Blight","Minty Spire (QoL Compilation)","StSLib","The Jungle"],"gold_per_floor":[116,131,141,157,167,196,196,230,254,288,304,223,223,238,238,334,334,347,199,215,225,225,225,225,225,225,253,253,282,317,317,317,420,420,440,103,103,453,453,453,479,479,503,503,429,429,429,443,443,443],"floor_reached":51,"playtime":1778,"items_purged":[],"score":1124,"play_id":"ea94f378-fecf-44ff-a7f4-011f7955e1e1","local_time":"20210111190102","daily_mods":["SealedDeck","Vintage","Colorless Cards","Heirloom","Flight"],"is_ascension_mode":false,"campfire_choices":[{"data":"Trip","floor":7,"key":"SMITH"},{"data":"Streamline","floor":13,"key":"SMITH"},{"data":"Coolheaded","floor":15,"key":"SMITH"},{"floor":23,"key":"DIG"},{"floor":24,"key":"DIG"},{"floor":25,"key":"DIG"},{"floor":28,"key":"DIG"},{"floor":32,"key":"DIG"},{"data":"Forethought","floor":40,"key":"SMITH"},{"floor":42,"key":"DIG"},{"floor":44,"key":"DIG"},{"floor":46,"key":"DIG"},{"floor":49,"key":"DIG"}],"circlet_count":0,"master_deck":["Forethought+1","Streamline+1","Trip+1","Coolheaded+1","Conserve Battery+1","Glacier+1","Cold Snap+1","Go for the Eyes+1","Melter","Self Repair","Rainbow"],"relics":["Cracked Core","Prayer Wheel","Whetstone","Lantern","Tiny Chest","Nunchaku","Anchor","Toy Ornithopter","Gremlin Horn","Art of War","Bag of Marbles","Cables","StoneCalendar","Busted Crown","Omamori","War Paint","Thread and Needle","Ornamental Fan","Shovel","CeramicFish","DataDisk","PreservedInsect","Mummified Hand","Unceasing Top","Pantograph","Peace Pipe","Blood Vial","Smiling Mask","MawBank","Membership Card","Potion Belt","Pear","Old Coin","Darkstone Periapt","Strawberry","Pocketwatch","Oddly Smooth Stone","Molten Egg 2","Vajra","Frozen Egg 2","MealTicket","Orichalcum"],"acts_visited":["Exordium","Exordium","TheBeyond"],"potions_floor_usage":[6,16,33,50,50,50],"damage_taken":[{"damage":0,"enemies":"2 Louse","floor":1,"turns":2},{"damage":0,"enemies":"Small Slimes","floor":2,"turns":2},{"damage":0,"enemies":"Cultist","floor":3,"turns":2},{"damage":0,"enemies":"2 Fungi Beasts","floor":4,"turns":3},{"damage":0,"enemies":"Exordium Thugs","floor":5,"turns":3},{"damage":0,"enemies":"3 Sentries","floor":6,"turns":8},{"damage":1,"enemies":"Gremlin Nob","floor":8,"turns":3},{"damage":0,"enemies":"Lagavulin","floor":10,"turns":4},{"damage":0,"enemies":"Red Slaver","floor":11,"turns":2},{"damage":0,"enemies":"Exordium Wildlife","floor":14,"turns":3},{"damage":15,"enemies":"Hexaghost","floor":16,"turns":7},{"damage":0,"enemies":"Shell Parasite","floor":18,"turns":3},{"damage":7,"enemies":"theJungle:GiantWrat","floor":20,"turns":3},{"damage":0,"enemies":"theJungle:SlimyTreeVines","floor":21,"turns":4},{"damage":0,"enemies":"theJungle:MamaSnecko","floor":27,"turns":3},{"damage":0,"enemies":"theJungle:Cassacara","floor":29,"turns":4},{"damage":0,"enemies":"theJungle:2_Phrogs","floor":30,"turns":3},{"damage":3,"enemies":"theJungle:TotemBoss","floor":33,"turns":4},{"damage":0,"enemies":"Orb Walker","floor":35,"turns":2},{"damage":0,"enemies":"Mind Bloom Boss Battle","floor":38,"turns":4},{"damage":0,"enemies":"Reptomancer","floor":41,"turns":2},{"damage":0,"enemies":"3 Darklings","floor":48,"turns":3},{"damage":0,"enemies":"Time Eater","floor":50,"turns":9}],"seed_played":"7605656461164663799","potions_obtained":[{"floor":2,"key":"CultistPotion"},{"floor":4,"key":"PotionOfCapacity"},{"floor":5,"key":"Energy Potion"},{"floor":14,"key":"Strength Potion"},{"floor":16,"key":"Fire Potion"},{"floor":18,"key":"EssenceOfSteel"},{"floor":20,"key":"DuplicationPotion"},{"floor":35,"key":"Block Potion"},{"floor":38,"key":"FearPotion"}],"is_trial":true,"path_per_floor":["M","M","M","M","M","E","R","E","T","E","M","$","R","M","R","B",null,"M","$","M","M","?","R","R","R","T","E","R","E","E","$","R","B",null,"M","$","?","?","T","R","E","R","T","R","$","R","?","M","R","B",null],"character_chosen":"DEFECT","items_purchased":["Self Repair","War Paint","Membership Card","Potion Belt","Pear","Vajra"],"campfire_rested":0,"item_purchase_floors":[12,19,36,36,36,45],"current_hp_per_floor":[75,75,75,75,75,75,75,74,74,74,74,74,74,75,75,67,75,75,75,75,75,75,75,75,75,75,75,75,75,75,75,75,75,75,75,85,85,85,85,85,92,92,92,92,92,92,83,92,92,92],"gold":443,"neow_bonus":"","is_daily":false,"chose_seed":false,"campfire_upgraded":4,"win_rate":0.0,"timestamp":1610391662,"path_taken":["M","M","M","M","M","E","R","E","T","E","M","$","R","M","R","BOSS","M","$","M","M","?","R","R","R","T","E","R","E","E","$","R","BOSS","M","$","?","?","?","R","E","R","T","R","$","R","?","M","R","BOSS"],"items_purchased_type":["Card","Relic","Relic","Relic","Relic","Relic"],"build_version":"2020-12-22","purchased_purges":0,"victory":true,"max_hp_per_floor":[75,75,75,75,75,75,75,75,75,75,75,75,75,75,75,75,75,75,75,75,75,75,75,75,75,75,75,75,75,75,75,75,75,75,75,85,85,85,85,85,92,92,92,92,92,92,92,92,92,92],"card_choices":[{"not_picked":["Steam","Master of Strategy","Hologram"],"picked":"SKIP","floor":6},{"not_picked":["Sweeping Beam","Barrage","Rebound"],"picked":"SKIP","floor":8},{"not_picked":["Sweeping Beam","Rebound","Swift Strike"],"picked":"SKIP","floor":10},{"not_picked":["Meteor Strike","All For One"],"picked":"Rainbow","floor":16},{"not_picked":["Ball Lightning"],"picked":"SKIP","floor":27},{"not_picked":["Redo+1"],"picked":"SKIP","floor":29},{"not_picked":["Enlightenment"],"picked":"SKIP","floor":30},{"not_picked":["BootSequence"],"picked":"SKIP","floor":41}],"player_experience":3276152,"relics_obtained":[{"floor":1,"key":"Whetstone"},{"floor":2,"key":"Lantern"},{"floor":3,"key":"Tiny Chest"},{"floor":4,"key":"Nunchaku"},{"floor":5,"key":"Anchor"},{"floor":6,"key":"Toy Ornithopter"},{"floor":8,"key":"Gremlin Horn"},{"floor":9,"key":"Art of War"},{"floor":10,"key":"Bag of Marbles"},{"floor":11,"key":"Cables"},{"floor":14,"key":"StoneCalendar"},{"floor":18,"key":"Omamori"},{"floor":20,"key":"Thread and Needle"},{"floor":21,"key":"Ornamental Fan"},{"floor":23,"key":"CeramicFish"},{"floor":24,"key":"DataDisk"},{"floor":25,"key":"PreservedInsect"},{"floor":26,"key":"Mummified Hand"},{"floor":27,"key":"Unceasing Top"},{"floor":28,"key":"Pantograph"},{"floor":29,"key":"Peace Pipe"},{"floor":30,"key":"Blood Vial"},{"floor":32,"key":"Smiling Mask"},{"floor":35,"key":"MawBank"},{"floor":38,"key":"Old Coin"},{"floor":39,"key":"Darkstone Periapt"},{"floor":41,"key":"Strawberry"},{"floor":42,"key":"Pocketwatch"},{"floor":43,"key":"Oddly Smooth Stone"},{"floor":44,"key":"Molten Egg 2"},{"floor":46,"key":"Frozen Egg 2"},{"floor":48,"key":"MealTicket"},{"floor":49,"key":"Orichalcum"}],"event_choices":[{"cards_removed":["BootSequence"],"damage_healed":0,"gold_gain":0,"player_choice":"Removed Skill","damage_taken":0,"max_hp_gain":0,"max_hp_loss":0,"event_name":"Falling","floor":37,"gold_loss":0},{"damage_healed":0,"gold_gain":0,"player_choice":"Fight","damage_taken":0,"max_hp_gain":0,"max_hp_loss":0,"event_name":"MindBloom","floor":38,"gold_loss":0},{"damage_healed":0,"gold_gain":0,"player_choice":"Damaged","damage_taken":9,"max_hp_gain":0,"max_hp_loss":0,"event_name":"Wheel of Change","floor":47,"gold_loss":0}],"is_beta":false,"boss_relics":[{"not_picked":["Cursed Key","Velvet Choker"],"picked":"Busted Crown"},{"not_picked":["Philosopher\u0027s Stone","Calling Bell","Coffee Dripper"]}],"items_purged_floors":[],"is_endless":false,"potions_floor_spawned":[2,4,5,14,16,18,20,35,38],"ascension_level":0}}