{"host":"6jrnojxwearbrjzo","time":1610377645,"event":{"mods":["BaseMod","Conspire","Highlight Path","Marisa（F雨　魔理沙）","Minty Spire (QoL Compilation)","Quick Restart","Replay The Spire","Shop Mod","Spicy Shops","StSLib","The Construct","The Cursed","The Servant 0.9.4","[功能]功能增强和修复MOD","vexMod"],"gold_per_floor":[117,117,117,4,4,35,35,68,93,112,136,111,0,0,12,126,138,167,278,182,182,182,211,234,260,260,260,290,390,424,455,455,550,550,562,472,472,378,378,378,378,411,411,436,292,310,336,336,336,336],"floor_reached":51,"playtime":1604,"items_purged":["Defend_R","Defend_R","Strike_R","Strike_R","Strike_R","Languid","Clumsy","Sickly","Pain","Intimidate","Strike_R","Defend_R+1","True Grit+1","Searing Blow+1","Dropkick+1","conspire:Charge+1","Armaments+1"],"score":1332,"play_id":"b0ed0d2b-00b4-4492-a9e8-10869a687a69","local_time":"20210111230725","is_ascension_mode":true,"campfire_choices":[{"data":"Heavy Blade","floor":7.0,"key":"SMITH"},{"data":"conspire:Charge","floor":15.0,"key":"SMITH"},{"data":"Limit Break","floor":27.0,"key":"SMITH"},{"data":"Massacre","floor":32,"key":"SMITH"},{"data":"Feed","floor":40,"key":"SMITH"},{"floor":49,"key":"REST"}],"circlet_count":0,"master_deck":["Heavy Blade+1","Limit Break+1","Whirlwind+1","Feed+1","Metallicize+1"],"relics":["ChewingGum","Replay:PocketPolymizer","Replay:Mystery Machine","Pet Ghost","War Paint","Bag of Marbles","Vajra","Brimstone","Onion Ring","Membership Card","MawBank","Replay:Ancient Bell","PreservedInsect","Gremlin Horn","Ginger","BargainBundle","Juzu Bracelet","Replay:Rubber Ducky","ReplayTheSpireMod:Spearhead","Mercury Hourglass","Pear","MutagenicStrength","vexMod:BarristanHead","Potion Belt","Bronze Scales","Bottled Flame","Art of War","Calipers","conspire:Dentures","Regal Pillow","Self Forming Clay","Empty Cage","conspire:TreasureMap","Centennial Puzzle","vexMod:ScavengeHelm","Omamori","Orichalcum","Ring of Searing","Ring of Chaos","Boot","Divine Protection","Eternal Feather","Frozen Egg 2","vexMod:Dragonfruit","Strange Spoon","vexMod:Spyglass","Blood Vial","Toy Ornithopter","Ancient Tea Set"],"acts_visited":["Exordium","TheCity","TheBeyond"],"potions_floor_usage":[33,33,50],"damage_taken":[{"damage":6.0,"enemies":"Jaw Worm","floor":1.0,"turns":2.0},{"damage":0.0,"enemies":"Gremlin Nob","floor":6.0,"turns":2.0},{"damage":8.0,"enemies":"3 Sentries","floor":8.0,"turns":6.0},{"damage":0.0,"enemies":"2 Louse","floor":10.0,"turns":1.0},{"damage":7.0,"enemies":"Fading Forest","floor":16.0,"turns":8.0},{"damage":0.0,"enemies":"2 Thieves","floor":18.0,"turns":2.0},{"damage":0.0,"enemies":"conspire:Head Lice","floor":23.0,"turns":1.0},{"damage":0.0,"enemies":"conspire:SneckoGhost","floor":25.0,"turns":2.0},{"damage":0.0,"enemies":"conspire:Head Lice","floor":28.0,"turns":1.0},{"damage":0,"enemies":"Colosseum Slavers","floor":29,"turns":1},{"damage":0,"enemies":"Colosseum Nobs","floor":29,"turns":1},{"damage":0,"enemies":"Replay:Snechameleon","floor":30,"turns":1},{"damage":0,"enemies":"conspire:MimicChest","floor":31,"turns":2},{"damage":21,"enemies":"Champ","floor":33,"turns":3},{"damage":0,"enemies":"3 Shapes","floor":35,"turns":1},{"damage":0,"enemies":"Reptomancer","floor":42,"turns":1},{"damage":0,"enemies":"R_Hoarder","floor":44,"turns":1},{"damage":0,"enemies":"Orb Walker","floor":46,"turns":1},{"damage":0,"enemies":"Reptomancer","floor":47,"turns":1},{"damage":0,"enemies":"conspire:OrnateMirror","floor":50,"turns":1}],"seed_played":"-2728291673507914459","potions_obtained":[{"floor":1.0,"key":"Cursed Concoction"},{"floor":1.0,"key":"PowerPotion"},{"floor":6.0,"key":"ColorlessPotion"},{"floor":8.0,"key":"Fire Potion"},{"floor":16.0,"key":"Fire Potion"},{"floor":25.0,"key":"EntropicBrew"},{"floor":25.0,"key":"BlessingOfTheForge"},{"floor":30,"key":"Adrenaline Potion"},{"floor":33,"key":"GamblersBrew"},{"floor":35,"key":"SkillPotion"},{"floor":37,"key":"SteroidPotion"},{"floor":47,"key":"FearPotion"},{"floor":47,"key":"SteroidPotion"}],"is_trial":false,"path_per_floor":["M","?","?","$","?","E","R","E","T","M","T","?","$","T","R","B",null,"M","?","$","?","?","E","T","E","T","R","E","M","E","?","R","B",null,"M","?","?","$","?","R","?","E","T","E","$","M","E","?","R","B",null],"character_chosen":"IRONCLAD","items_purchased":["Replay:PocketPolymizer","Replay:Mystery Machine","conspire:Charge","Brimstone","Onion Ring","Membership Card","Armaments+1","BargainBundle","Juzu Bracelet","Replay:Rubber Ducky","ReplayTheSpireMod:Spearhead","Mercury Hourglass","Searing Blow","BlessingOfTheForge","conspire:TreasureMap","Centennial Puzzle","vexMod:ScavengeHelm","Omamori","Orichalcum","Frozen Egg 2","vexMod:Dragonfruit","Strange Spoon","vexMod:Spyglass","Blood Vial","Toy Ornithopter","Metallicize+1"],"campfire_rested":1,"item_purchase_floors":[4,4,4,13,13,13,13,20,20,20,20,20,20,20,38,38,38,38,38,45,45,45,45,45,45,45],"current_hp_per_floor":[74,74,74,74,74,74,74,66,66,66,66,66,66,66,66,59,80,80,80,80,90,90,90,90,90,90,90,90,90,90,90,90,69,90,90,90,90,90,90,90,90,90,90,94,99,99,99,99,99,103],"gold":336,"neow_bonus":"BOSS_RELIC","is_daily":false,"chose_seed":false,"campfire_upgraded":5,"win_rate":0.0,"timestamp":1610377645,"path_taken":["M","?","?","$","?","E","R","E","T","?","?","?","?","?","R","BOSS","M","?","$","?","?","E","?","E","T","R","E","?","E","?","R","BOSS","M","?","?","$","?","R","?","E","T","E","?","?","E","?","R","BOSS"],"items_purchased_type":["Relic","Relic","Card","Relic","Relic","Relic","Card","Relic","Relic","Relic","Relic","Relic","Card","Potion","Relic","Relic","Relic","Relic","Relic","Relic","Relic","Relic","Relic","Relic","Relic","Card"],"build_version":"2020-12-22","purchased_purges":17,"victory":true,"max_hp_per_floor":[80,80,80,80,80,80,80,80,80,80,80,80,80,80,80,80,80,80,80,80,90,90,90,90,90,90,90,90,90,90,90,90,90,90,90,90,90,90,90,90,90,90,90,94,99,99,99,99,99,103],"card_choices":[{"not_picked":["Sword Boomerang","Uppercut"],"picked":"True Grit","floor":1.0},{"not_picked":["Twin Strike","Dark Embrace"],"picked":"Heavy Blade","floor":6.0},{"not_picked":["Perfected Strike","Battle Trance"],"picked":"Feel No Pain","floor":8.0},{"not_picked":["Iron Wave","Perfected Strike"],"picked":"Flex","floor":10.0},{"not_picked":["Juggernaut","Immolate"],"picked":"Limit Break","floor":16.0},{"not_picked":["CurseOfTheBell","Voices"],"picked":"Sickly","floor":17.0},{"not_picked":["Delirium","Normality"],"picked":"Languid","floor":17.0},{"not_picked":["Parasite","Amnesia"],"picked":"Clumsy","floor":17.0},{"not_picked":["Defy Death","Uppercut","Sever Soul"],"picked":"SKIP","floor":18.0},{"not_picked":["Perfected Strike","Iron Wave+1","Wild Strike"],"picked":"SKIP","floor":23.0},{"not_picked":["Armaments","Cleave+1"],"picked":"Whirlwind+1","floor":25.0},{"not_picked":["True Grit","Disarm"],"picked":"Searing Blow+1","floor":28.0},{"not_picked":["Shockwave","Sword Boomerang","ReplayTheSpireMod:Stacked+1"],"picked":"SKIP","floor":30},{"not_picked":["Havoc+1","Sever Soul"],"picked":"Feed","floor":31},{"not_picked":["Sword Boomerang+1","Twin Strike+1","Headbutt"],"picked":"SKIP","floor":35},{"not_picked":["Heavy Blade+1","Headbutt","Wild Strike+1"],"picked":"SKIP","floor":42},{"not_picked":["Life Link","Sword Boomerang","ReplayTheSpireMod:Muscle Training+1"],"picked":"SKIP","floor":44},{"not_picked":["Run Through+1","Headbutt+1","Anger"],"picked":"SKIP","floor":46},{"not_picked":["Combust+1","Cleave+1","Flex+1"],"picked":"SKIP","floor":47}],"player_experience":64746,"relics_obtained":[{"floor":6.0,"key":"Pet Ghost"},{"floor":8.0,"key":"War Paint"},{"floor":9.0,"key":"Bag of Marbles"},{"floor":11.0,"key":"Vajra"},{"floor":14.0,"key":"MawBank"},{"floor":23.0,"key":"vexMod:BarristanHead"},{"floor":24.0,"key":"Potion Belt"},{"floor":25.0,"key":"Bronze Scales"},{"floor":26.0,"key":"Bottled Flame"},{"floor":28.0,"key":"Art of War"},{"floor":29,"key":"Calipers"},{"floor":29,"key":"conspire:Dentures"},{"floor":30,"key":"Regal Pillow"},{"floor":31,"key":"Self Forming Clay"},{"floor":39,"key":"Ring of Searing"},{"floor":39,"key":"Ring of Chaos"},{"floor":42,"key":"Boot"},{"floor":43,"key":"Divine Protection"},{"floor":44,"key":"Eternal Feather"},{"floor":47,"key":"Ancient Tea Set"}],"event_choices":[{"damage_healed":0.0,"max_hp_gain":0.0,"max_hp_loss":0.0,"gold_gain":0.0,"event_name":"conspire:Investor","player_choice":"Leave","floor":2.0,"gold_loss":0.0,"damage_taken":0.0},{"damage_healed":0.0,"max_hp_gain":0.0,"max_hp_loss":0.0,"gold_gain":0.0,"event_name":"Living Wall","player_choice":"Grow","floor":3.0,"gold_loss":0.0,"damage_taken":0.0,"cards_upgraded":["True Grit"]},{"damage_healed":0.0,"max_hp_gain":0.0,"max_hp_loss":0.0,"gold_gain":0.0,"event_name":"Match and Keep!","player_choice":"0 cards matched","floor":5.0,"gold_loss":0.0,"damage_taken":0.0,"cards_obtained":[]},{"damage_healed":0.0,"max_hp_gain":0.0,"max_hp_loss":0.0,"gold_gain":99.0,"event_name":"Nest","player_choice":"Stole From Cult","floor":19.0,"gold_loss":0.0,"damage_taken":0.0},{"damage_healed":0.0,"max_hp_gain":0.0,"max_hp_loss":0.0,"gold_gain":0.0,"event_name":"Drug Dealer","player_choice":"Inject Mutagens","floor":22.0,"gold_loss":0.0,"damage_taken":0.0,"relics_obtained":["MutagenicStrength"]},{"damage_healed":0,"gold_gain":0,"player_choice":"Fight","damage_taken":0,"max_hp_gain":0,"max_hp_loss":0,"event_name":"Colosseum","floor":29,"gold_loss":0},{"damage_healed":0,"gold_gain":0,"player_choice":"Fought Nobs","damage_taken":0,"max_hp_gain":0,"max_hp_loss":0,"event_name":"Colosseum","floor":29,"gold_loss":0},{"cards_removed":["Flex"],"damage_healed":0,"gold_gain":0,"player_choice":"Upgrade and Remove","damage_taken":0,"max_hp_gain":0,"max_hp_loss":0,"event_name":"Designer","floor":36,"gold_loss":90,"cards_upgraded":["Dropkick"]},{"damage_healed":0,"gold_gain":0,"player_choice":"Got Potions","damage_taken":0,"max_hp_gain":0,"max_hp_loss":0,"event_name":"Lab","floor":37,"gold_loss":0},{"cards_removed":["Flame Barrier"],"damage_healed":0,"gold_gain":0,"player_choice":"Removed Skill","damage_taken":0,"max_hp_gain":0,"max_hp_loss":0,"event_name":"Falling","floor":41,"gold_loss":0},{"damage_healed":0,"gold_gain":0,"player_choice":"Ignored","damage_taken":0,"max_hp_gain":0,"max_hp_loss":0,"event_name":"Upgrade Shrine","floor":48,"gold_loss":0}],"is_beta":false,"boss_relics":[{"not_picked":["vexMod:RockOfEvil","EctoplasmExtend"],"picked":"Replay:Ancient Bell"},{"not_picked":["vexMod:FocusSash","conspire:TopHat"],"picked":"PreservedInsect"},{"not_picked":["vexMod:BerryBomb","Replay:Accelerometer"],"picked":"Gremlin Horn"},{"not_picked":["vexMod:PlasmaPancake","Replay:Towering Pillar of Hats"],"picked":"Ginger"},{"not_picked":["Astrolabe","Runic Cube"],"picked":"Empty Cage"}],"items_purged_floors":[4,4,13,13,13,20,20,20,20,20,20,38,38,38,38,45,45],"is_endless":false,"potions_floor_spawned":[1,1,6,8,16,23,25,25,25,25,28,28,29,30,33,35,35,44,46,47,47],"ascension_level":1}}