{"host":"5s7sm4h73jkd9266","time":1610339706,"event":{"mods":["AchievementEnabler","Bartender","BaseMod","Better Match","Better Vampires","BetterRewards","Colored Map","Colored Powertips","Conspire","Downfall","Energized Spire","GifTheSpireLib","Hermit","Hubris","Magitek Elite","Marisa????????","Melee Mod","Minty Spire (QoL Compilation)","Potion Indicator Mod","Rare Cards Sparkle","Relic Stats","Replay The Spire","Robot Space Explorer","Shop Mod","StSLib","Stuff the Spire","The Bladedancer","The Blue Laboratory","The Cursed","The Disciple","The Dragon Tamer","The Forsaken","The Necromancer","The Wild Card","The Witch","Virulent Crown","everything is the same but u backflip on backflip","slay the spire mod where everything is the same but ironclad has a cowboy hat","vexMod"],"gold_per_floor":[113,13,13,13,24,24,35,60,60,60,60,60,73,83,83,160,160,190,190,190,10,36,36,58,58,106,144,144,172,195,222,222,222,222],"floor_reached":33,"playtime":9262,"items_purged":[],"score":630,"play_id":"c9bbadf4-3008-4f18-82cc-86046320c5ff","local_time":"20210110233506","is_ascension_mode":true,"campfire_choices":[{"data":"Ghostly","floor":6.0,"key":"SMITH"},{"floor":10.0,"key":"REST"},{"floor":15.0,"key":"DIG"},{"floor":23.0,"key":"REST"},{"floor":25.0,"key":"REST"},{"floor":28.0,"key":"REST"},{"data":"Limit Break","floor":32.0,"key":"SMITH"}],"circlet_count":0,"master_deck":["AscendersBane","Strike_R","Strike_R","Strike_R","Strike_R","Strike_R","Defend_R","Defend_R+1","Defend_R+1","Defend_R","Bash+1","Perfected Strike","Ghostly+1","Armaments","Twin Strike","Spot Weakness","theWildCard:Scathach","Run Through","Wild Strike","vexMod:UltimateCard","hubris:Greed","Delirium","hubris:Greed","Perfected Strike","StuffTheSpire:Perfection","Limit Break+1","Immolate","Perfected Strike","Pummel+1","conspire:ExplosiveBarrier+1","ReplayTheSpireMod:Limb From Limb","Life Link"],"relics":["Burning Blood","Pocketwatch","Replay:Bottled Flurry","Dead Branch","Replay:Ancient Bell","Toy Ornithopter","White Beast Statue","Replay:PocketPolymizer","ReplayTheSpireMod:Spearhead","ReplayTheSpireMod:TigerMarble","Iron Hammer"],"acts_visited":["Exordium","TheCity"],"potions_floor_usage":[33,33],"damage_taken":[{"damage":11.0,"enemies":"Jaw Worm","floor":1.0,"turns":5.0},{"damage":8.0,"enemies":"Small Slimes","floor":5.0,"turns":5.0},{"damage":7.0,"enemies":"2 Louse","floor":7.0,"turns":3.0},{"damage":28.0,"enemies":"3 Sentries","floor":8.0,"turns":10.0},{"damage":0.0,"enemies":"Gremlin Gang","floor":13.0,"turns":4.0},{"damage":12.0,"enemies":"Exordium Wildlife","floor":14.0,"turns":4.0},{"damage":43.0,"enemies":"Hexaghost","floor":16.0,"turns":10.0},{"damage":23.0,"enemies":"Spheric Guardian","floor":18.0,"turns":5.0},{"damage":33.0,"enemies":"2 Thieves","floor":24.0,"turns":3.0},{"damage":22.0,"enemies":"conspire:SneckoGhost","floor":27.0,"turns":9.0},{"damage":7.0,"enemies":"Snecko","floor":29.0,"turns":4.0},{"damage":23.0,"enemies":"3 Cultists","floor":30.0,"turns":6.0},{"damage":5.0,"enemies":"Snake Plant","floor":31.0,"turns":2.0},{"damage":92,"enemies":"conspire:MysteriousRune","floor":33,"turns":7}],"seed_played":"6548893256477935885","potions_obtained":[{"floor":8.0,"key":"blueLaboratory:BottledHope"},{"floor":16.0,"key":"sneckomod:MuddlingPotion"},{"floor":18.0,"key":"blueLaboratory:RememoryPotion"},{"floor":24.0,"key":"blueLaboratory:IronCompound"},{"floor":29.0,"key":"Explosive Potion"},{"floor":30.0,"key":"blueLaboratory:LimitlessPotion"},{"floor":31.0,"key":"BloodPotion"}],"is_trial":false,"path_per_floor":["M","?","?","?","M","R","M","E","T","R","?","$","M","M","R_BF","B",null,"M","?","?","$","T","R","M","R","T","E","R","M","M","M","R","B"],"character_chosen":"IRONCLAD","items_purchased":["Limit Break"],"campfire_rested":4,"item_purchase_floors":[21],"current_hp_per_floor":[45,45,70,70,68,68,67,45,45,67,67,67,73,67,67,30,64,47,47,54,54,54,75,48,70,70,54,75,74,58,59,59,0,0],"gold":222,"neow_bonus":"ONE_RARE_RELIC","is_daily":false,"chose_seed":false,"campfire_upgraded":2,"win_rate":0.0,"timestamp":1610339706,"path_taken":["M","?","?","?","M","R","M","E","T","R","?","?","M","?","R_BF","BOSS","M","?","?","$","?","R","M","R","T","E","R","M","M","?","R","BOSS"],"items_purchased_type":["Card"],"build_version":"2020-12-22","purchased_purges":0,"victory":false,"max_hp_per_floor":[75,75,75,75,75,75,75,75,75,75,75,75,75,75,75,75,75,75,75,75,75,75,75,75,75,75,75,75,75,75,75,75,75,75],"relic_stats":{"counters":[14,77],"Dead Branch":[35],"obtain_stats":[{"ReplayTheSpireMod:Spearhead":22,"Replay:PocketPolymizer":17,"Angel_Ring":8,"Dead Branch":15,"Iron Hammer":27,"Replay:Bottled Flurry":9,"Replay:Ancient Bell":17,"ReplayTheSpireMod:TigerMarble":26,"Burning Blood":0,"Toy Ornithopter":17,"White Beast Statue":17,"Pocketwatch":0},{"ReplayTheSpireMod:Spearhead":8,"Replay:PocketPolymizer":7,"Angel_Ring":4,"Dead Branch":6,"Iron Hammer":10,"Replay:Bottled Flurry":4,"Replay:Ancient Bell":7,"ReplayTheSpireMod:TigerMarble":9,"Burning Blood":0,"Toy Ornithopter":7,"White Beast Statue":7,"Pocketwatch":0},{"ReplayTheSpireMod:Spearhead":46,"Replay:PocketPolymizer":41,"Angel_Ring":23,"Dead Branch":31,"Iron Hammer":58,"Replay:Bottled Flurry":23,"Replay:Ancient Bell":41,"ReplayTheSpireMod:TigerMarble":49,"Burning Blood":0,"Toy Ornithopter":41,"White Beast Statue":41,"Pocketwatch":0}],"Burning Blood":78,"Toy Ornithopter":7,"Pocketwatch":[159]},"card_choices":[{"not_picked":["Shrug It Off","StuffTheSpire:RockThrow"],"picked":"Perfected Strike","floor":1.0},{"not_picked":["Havoc","Iron Wave"],"picked":"Armaments","floor":5.0},{"not_picked":["True Grit","Whirlwind"],"picked":"Twin Strike","floor":7.0},{"not_picked":["Infernal Blade","Warcry"],"picked":"Spot Weakness","floor":8.0},{"not_picked":["Abandon","Replay:Many Hands"],"picked":"Run Through","floor":13.0},{"not_picked":["Thunderclap","Headbutt"],"picked":"Wild Strike","floor":14.0},{"not_picked":["Demonic Infusion","Exhume"],"picked":"Berserk","floor":16.0},{"not_picked":["Slimebound:Icky","ReplayTheSpireMod:IOU"],"picked":"vexMod:UltimateCard","floor":17.0},{"not_picked":["Languid","conspire:NecroticWound"],"picked":"hubris:Greed","floor":17.0},{"not_picked":["conspire:Blindness","hubris:Lust"],"picked":"Delirium","floor":17.0},{"not_picked":["Flame Barrier+1","Warcry"],"picked":"Perfected Strike","floor":18.0},{"not_picked":["StuffTheSpire:Rapture","StuffTheSpire:Harmony"],"picked":"StuffTheSpire:Perfection","floor":19.0},{"not_picked":["StuffTheSpire:Slingshot","StuffTheSpire:RockThrow+1"],"picked":"Perfected Strike","floor":24.0},{"not_picked":["ReplayTheSpireMod:Stacked","Whirlwind"],"picked":"Pummel+1","floor":27.0},{"not_picked":["Replay:Undeath\u0027s Touch","Entrench"],"picked":"conspire:ExplosiveBarrier+1","floor":29.0},{"not_picked":["StuffTheSpire:Slingshot","Replay:Undeath\u0027s Touch"],"picked":"ReplayTheSpireMod:Limb From Limb","floor":30.0},{"not_picked":["Headbutt","Thunderclap"],"picked":"Life Link","floor":31.0}],"player_experience":5475451,"relics_obtained":[{"floor":8.0,"key":"Angel_Ring"},{"floor":9.0,"key":"Replay:Bottled Flurry"},{"floor":15.0,"key":"Dead Branch"},{"floor":22.0,"key":"ReplayTheSpireMod:Spearhead"},{"floor":26.0,"key":"ReplayTheSpireMod:TigerMarble"},{"floor":27.0,"key":"Iron Hammer"}],"event_choices":[{"damage_healed":0.0,"max_hp_gain":0.0,"max_hp_loss":0.0,"gold_gain":0.0,"event_name":"conspire:LoneGhost","player_choice":"Argue","floor":2.0,"gold_loss":0.0,"damage_taken":0.0},{"damage_healed":25.0,"max_hp_gain":0.0,"max_hp_loss":0.0,"gold_gain":0.0,"event_name":"Big Fish","player_choice":"Banana","floor":3.0,"gold_loss":0.0,"damage_taken":0.0}],"is_beta":false,"boss_relics":[{"not_picked":["Runic Cube","hubris:CrackedHourglass"],"picked":"Replay:Ancient Bell"},{"not_picked":["Art of War","StuffTheSpire:TintedRock"],"picked":"Toy Ornithopter"},{"not_picked":["hubris:BottledRain","Mercury Hourglass"],"picked":"White Beast Statue"},{"not_picked":["Prayer Wheel","vexMod:PlasmaPancake"],"picked":"Replay:PocketPolymizer"}],"items_purged_floors":[],"is_endless":false,"potions_floor_spawned":[8,16,18,24,27,29,30,31],"killed_by":"conspire:MysteriousRune","ascension_level":20}}