{"host":"y89x8uui45kcjy42","time":1610373583,"event":{"mods":["2.2 Compatiblity","BaseMod","CapriCore","Colored Map","Colored Powertips","Custom Start","Friendly Minions","Keyboard Shortcuts","Minty Spire (QoL Compilation)","Relic Stats","Slay the Relics Exporter","StSLib","SuperFastMode","Uncapped"],"gold_per_floor":[114,131,56,73,85,85,104,104,129,141,16,16,16],"floor_reached":12,"playtime":276,"items_purged":["Strike_B"],"score":144,"play_id":"f7059277-7211-4250-bee9-b7bcf0ec7611","local_time":"20210111225943","is_ascension_mode":true,"campfire_choices":[{"data":"Reprogram","floor":6,"key":"SMITH"},{"data":"Reprogram","floor":8,"key":"SMITH"}],"circlet_count":0,"master_deck":["AscendersBane","Strike_B","Strike_B","Defend_B","Defend_B","Defend_B","Defend_B","Reprogram+1","Reprogram+1","Gash","Go for the Eyes","Hyperbeam","Gash","Hologram","Steam"],"relics":["Cracked Core","Potion Belt"],"acts_visited":["Exordium"],"potions_floor_usage":[12],"damage_taken":[{"damage":1,"enemies":"2 Louse","floor":1,"turns":4},{"damage":9,"enemies":"Small Slimes","floor":2,"turns":4},{"damage":6,"enemies":"Jaw Worm","floor":4,"turns":7},{"damage":24,"enemies":"Lots of Slimes","floor":5,"turns":7},{"damage":19,"enemies":"2 Fungi Beasts","floor":7,"turns":3},{"damage":4,"enemies":"Red Slaver","floor":10,"turns":3},{"damage":37,"enemies":"Gremlin Nob","floor":12,"turns":3}],"seed_played":"-1486092580434611541","potions_obtained":[{"floor":5,"key":"SneckoOil"},{"floor":7,"key":"BlessingOfTheForge"}],"is_trial":false,"path_per_floor":["M","M","?","M","M","R","M","R","T","M","$","E"],"character_chosen":"DEFECT","items_purchased":["Steam"],"campfire_rested":0,"item_purchase_floors":[11],"current_hp_per_floor":[70,61,61,55,31,31,12,12,12,8,8,0,0],"gold":16,"neow_bonus":"TEN_PERCENT_HP_BONUS","is_daily":false,"chose_seed":false,"campfire_upgraded":2,"win_rate":0.0,"timestamp":1610373583,"path_taken":["M","M","?","M","M","R","M","R","T","M","$","E"],"items_purchased_type":["Card"],"build_version":"2020-12-22","purchased_purges":1,"victory":false,"max_hp_per_floor":[78,78,78,78,78,78,78,78,78,78,78,78,78],"relic_stats":{"counters":[7,31],"obtain_stats":[{"Potion Belt":9,"Cracked Core":0},{"Potion Belt":5,"Cracked Core":0},{"Potion Belt":25,"Cracked Core":0}]},"card_choices":[{"not_picked":["Cold Snap","Redo","Compile Driver"],"picked":"SKIP","floor":1},{"not_picked":["Cold Snap","Double Energy"],"picked":"Gash","floor":2},{"not_picked":["Ball Lightning","Streamline"],"picked":"Go for the Eyes","floor":4},{"not_picked":["FTL","Cold Snap"],"picked":"Hyperbeam","floor":5},{"not_picked":["Compile Driver","Consume"],"picked":"Gash","floor":7},{"not_picked":["Coolheaded","Redo"],"picked":"Hologram","floor":10}],"player_experience":592570,"relics_obtained":[{"floor":9,"key":"Potion Belt"}],"event_choices":[{"cards_removed":["Strike_B"],"damage_healed":0,"gold_gain":0,"player_choice":"Card Removal","damage_taken":0,"max_hp_gain":0,"max_hp_loss":0,"event_name":"The Cleric","floor":3,"gold_loss":75}],"is_beta":false,"boss_relics":[],"items_purged_floors":[11],"is_endless":false,"potions_floor_spawned":[5,7],"killed_by":"Gremlin Nob","ascension_level":20}}