{"host":"4qkvkh7pd9qr2mca","time":1610396286,"event":{"mods":["AchievementEnabler","BaseMod","Colored Map","Colored Powertips","Highlight Path","Minty Spire (QoL Compilation)","Permanent Neow","Quick Restart","StSLib","SuperFastMode"],"gold_per_floor":[360,374,56,206,226,254,254,286,586,586,72,88,123,123,123,199,199,211,222,39,53,71,101,116,116,116,129,129,159,178,193,193,270,270,289,307,49,63,75,75,109,109,135,150,150,181,197,197,197,197,197,197,197,21,56,56],"floor_reached":57,"playtime":3689,"items_purged":["Doubt","Strike_G"],"score":3102,"play_id":"b4bc7758-db5d-4e19-b91c-2dd24f76ba08","local_time":"20210111211806","is_ascension_mode":true,"campfire_choices":[{"data":"After Image","floor":7.0,"key":"SMITH"},{"data":"Adrenaline","floor":10.0,"key":"SMITH"},{"data":"Neutralize","floor":15.0,"key":"SMITH"},{"data":"Cloak And Dagger","floor":25.0,"key":"SMITH"},{"floor":28.0,"key":"REST"},{"floor":32.0,"key":"RECALL"},{"data":"Well Laid Plans","floor":40.0,"key":"SMITH"},{"data":"Wraith Form v2","floor":42.0,"key":"SMITH"},{"floor":49.0,"key":"REST"},{"floor":53.0,"key":"REST"}],"circlet_count":0,"master_deck":["AscendersBane","Survivor","Neutralize+1","Slice+1","Masterful Stab","After Image+1","Adrenaline+1","Dash","Cloak And Dagger+1","Acrobatics","Dagger Spray","Blade Dance+1","After Image","After Image","Die Die Die+1","Master of Strategy+1","Backflip+1","Finisher+1","Doppelganger+1","Blade Dance+1","Blur+1","Prepared+1","Blade Dance+1","PiercingWail+1","Cloak And Dagger+1","Leg Sweep+1","Caltrops","Wraith Form v2+1","Infinite Blades","Setup+1","Adrenaline+1","Heel Hook","Accuracy","Flying Knee","Tactician+1","Well Laid Plans+1","Calculated Gamble+1","Terror+1","Well Laid Plans+1","Sucker Punch+1","Blur+1","Discovery+1","Envenom"],"relics":["Ring of the Snake","Orrery","Toxic Egg 2","Du-Vu Doll","Old Coin","DollysMirror","Dream Catcher","Busted Crown","HornCleat","Ninja Scroll","Akabeko","Pandora\u0027s Box","Bag of Preparation","Centennial Puzzle","Tingsha","Whetstone"],"acts_visited":["Exordium","TheCity","TheBeyond","TheEnding"],"potions_floor_usage":[56],"damage_taken":[{"damage":0.0,"enemies":"2 Louse","floor":1.0,"turns":4.0},{"damage":3.0,"enemies":"Cultist","floor":2.0,"turns":6.0},{"damage":0.0,"enemies":"Small Slimes","floor":5.0,"turns":2.0},{"damage":8.0,"enemies":"Lagavulin","floor":6.0,"turns":5.0},{"damage":0.0,"enemies":"3 Sentries","floor":8.0,"turns":7.0},{"damage":1.0,"enemies":"3 Louse","floor":12.0,"turns":3.0},{"damage":2.0,"enemies":"Lagavulin","floor":13.0,"turns":5.0},{"damage":13.0,"enemies":"Slime Boss","floor":16.0,"turns":4.0},{"damage":0.0,"enemies":"2 Thieves","floor":18.0,"turns":2.0},{"damage":0.0,"enemies":"Chosen","floor":19.0,"turns":3.0},{"damage":0.0,"enemies":"Snake Plant","floor":21.0,"turns":4.0},{"damage":0.0,"enemies":"Centurion and Healer","floor":22.0,"turns":2.0},{"damage":0.0,"enemies":"Gremlin Leader","floor":23.0,"turns":3.0},{"damage":0.0,"enemies":"3 Cultists","floor":24.0,"turns":4.0},{"damage":0.0,"enemies":"Snecko","floor":27.0,"turns":1.0},{"damage":0.0,"enemies":"Slavers","floor":29.0,"turns":4.0},{"damage":0.0,"enemies":"Snake Plant","floor":30.0,"turns":2.0},{"damage":0.0,"enemies":"Centurion and Healer","floor":31.0,"turns":3.0},{"damage":0.0,"enemies":"Collector","floor":33.0,"turns":9.0},{"damage":0.0,"enemies":"Orb Walker","floor":35.0,"turns":2.0},{"damage":0.0,"enemies":"3 Shapes","floor":36.0,"turns":4.0},{"damage":9.0,"enemies":"Writhing Mass","floor":38.0,"turns":5.0},{"damage":0.0,"enemies":"Maw","floor":39.0,"turns":6.0},{"damage":0.0,"enemies":"Reptomancer","floor":41.0,"turns":1.0},{"damage":7.0,"enemies":"Spire Growth","floor":44.0,"turns":4.0},{"damage":0.0,"enemies":"Giant Head","floor":46.0,"turns":1.0},{"damage":0.0,"enemies":"3 Darklings","floor":47.0,"turns":4.0},{"damage":19.0,"enemies":"Awakened One","floor":50.0,"turns":11.0},{"damage":12.0,"enemies":"Time Eater","floor":51.0,"turns":11.0},{"damage":2,"enemies":"Shield and Spear","floor":55,"turns":8},{"damage":62,"enemies":"The Heart","floor":56,"turns":8}],"seed_played":"-3554497065679517639","potions_obtained":[{"floor":2.0,"key":"DistilledChaos"},{"floor":5.0,"key":"CultistPotion"},{"floor":6.0,"key":"LiquidMemories"},{"floor":12.0,"key":"CultistPotion"},{"floor":23.0,"key":"SkillPotion"},{"floor":33.0,"key":"FairyPotion"}],"is_trial":false,"path_per_floor":["M","M","$","?","M","E","R","E","T","R","$","M","E","?","R","B",null,"M","M","$","M","M","E","M","R","T","M","R","E","M","M","R","B",null,"M","M","$","M","M","R","E","R","T","M","$","E","M","?","R","B","B",null,"R","$","E","B",null],"character_chosen":"THE_SILENT","items_purchased":["After Image","Orrery","DollysMirror","Die Die Die","Master of Strategy+1","Blur+1","Well Laid Plans","Bag of Preparation","Blur+1","Discovery+1"],"campfire_rested":3,"item_purchase_floors":[3,3,11,11,11,20,37,37,54,54],"current_hp_per_floor":[59,56,56,56,56,48,48,48,48,48,48,47,45,45,45,32,53,53,53,53,53,53,53,53,53,53,53,60,60,60,60,60,60,60,60,60,60,51,51,51,51,51,51,44,44,44,44,41,59,40,28,52,60,60,58,15],"gold":56,"neow_bonus":"TWO_FIFTY_GOLD","is_daily":false,"chose_seed":false,"campfire_upgraded":6,"win_rate":0.0,"timestamp":1610396286,"path_taken":["M","M","$","?","M","E","R","E","T","R","$","M","E","?","R","BOSS","M","M","$","M","M","E","M","R","T","M","R","E","M","M","R","BOSS","M","M","$","?","M","R","E","R","T","M","$","E","M","?","R","BOSS","BOSS","R","$","E","BOSS"],"items_purchased_type":["Card","Relic","Relic","Card","Card","Card","Card","Relic","Card","Card"],"build_version":"2020-12-22","purchased_purges":2,"victory":true,"max_hp_per_floor":[60,60,60,60,60,60,60,60,60,60,60,60,60,60,60,60,60,60,60,60,60,60,60,60,60,60,60,60,60,60,60,60,60,60,60,60,60,60,60,60,60,60,60,60,60,60,60,60,60,60,60,60,60,60,60,60],"card_choices":[{"not_picked":["Acrobatics","Dodge and Roll"],"picked":"Slice","floor":1.0},{"not_picked":["Backstab","Bane"],"picked":"Masterful Stab","floor":2.0},{"not_picked":["Flying Knee","Quick Slash"],"picked":"Adrenaline","floor":3.0},{"not_picked":["Slice","Flying Knee"],"picked":"Dash","floor":3.0},{"not_picked":["Quick Slash","Heel Hook"],"picked":"Cloak And Dagger","floor":3.0},{"not_picked":["Poisoned Stab","Bane"],"picked":"Acrobatics","floor":3.0},{"not_picked":["Prepared","Bouncing Flask"],"picked":"Dagger Spray","floor":3.0},{"not_picked":["Bane","Underhanded Strike","Dodge and Roll"],"picked":"SKIP","floor":5.0},{"not_picked":["Bane","Underhanded Strike","Dodge and Roll"],"picked":"SKIP","floor":5.0},{"not_picked":["Slice","Calculated Gamble+1"],"picked":"Blade Dance+1","floor":6.0},{"not_picked":["Dagger Throw","Tactician+1"],"picked":"After Image","floor":8.0},{"not_picked":["Flechettes","Deadly Poison+1"],"picked":"Backflip+1","floor":12.0},{"not_picked":["Underhanded Strike","Deadly Poison+1"],"picked":"Finisher","floor":13.0},{"not_picked":["Storm of Steel+1","Corpse Explosion+1"],"picked":"Doppelganger+1","floor":16.0},{"not_picked":["Dagger Throw"],"picked":"SKIP","floor":18.0},{"not_picked":[],"picked":"Blade Dance+1","floor":19.0},{"not_picked":[],"picked":"Prepared+1","floor":21.0},{"not_picked":["Choke"],"picked":"SKIP","floor":22.0},{"not_picked":[],"picked":"Blade Dance+1","floor":23.0},{"not_picked":["Bullet Time+1"],"picked":"SKIP","floor":24.0},{"not_picked":["Slice"],"picked":"SKIP","floor":27.0},{"not_picked":[],"picked":"PiercingWail+1","floor":29.0},{"not_picked":["Infinite Blades"],"picked":"SKIP","floor":30.0},{"not_picked":[],"picked":"Cloak And Dagger+1","floor":31.0},{"not_picked":["Bane"],"picked":"SKIP","floor":35.0},{"not_picked":[],"picked":"Tactician+1","floor":36.0},{"not_picked":[],"picked":"Calculated Gamble+1","floor":38.0},{"not_picked":[],"picked":"Terror+1","floor":39.0},{"not_picked":[],"picked":"Well Laid Plans+1","floor":41.0},{"not_picked":["Prepared+1"],"picked":"SKIP","floor":44.0},{"not_picked":["Catalyst+1"],"picked":"SKIP","floor":46.0},{"not_picked":["Deadly Poison+1"],"picked":"SKIP","floor":47.0},{"not_picked":[],"picked":"Sucker Punch+1","floor":53.0},{"not_picked":[],"picked":"Envenom","floor":55}],"player_experience":538273,"relics_obtained":[{"floor":6.0,"key":"Toxic Egg 2"},{"floor":8.0,"key":"Du-Vu Doll"},{"floor":9.0,"key":"Old Coin"},{"floor":13.0,"key":"Dream Catcher"},{"floor":23.0,"key":"HornCleat"},{"floor":26.0,"key":"Ninja Scroll"},{"floor":29.0,"key":"Akabeko"},{"floor":41.0,"key":"Centennial Puzzle"},{"floor":46.0,"key":"Tingsha"},{"floor":55,"key":"Whetstone"}],"event_choices":[{"damage_healed":0.0,"max_hp_gain":0.0,"max_hp_loss":0.0,"gold_gain":150.0,"event_name":"Liars Game","player_choice":"AGREE","floor":4.0,"gold_loss":0.0,"damage_taken":0.0,"cards_obtained":["Doubt"]},{"damage_healed":0.0,"max_hp_gain":0.0,"max_hp_loss":0.0,"gold_gain":0.0,"event_name":"Upgrade Shrine","player_choice":"Upgraded","floor":14.0,"gold_loss":0.0,"damage_taken":0.0,"cards_upgraded":["Finisher"]},{"damage_healed":0.0,"max_hp_gain":0.0,"max_hp_loss":0.0,"gold_gain":0.0,"event_name":"The Woman in Blue","player_choice":"Bought 0 Potions","floor":48.0,"gold_loss":0.0,"damage_taken":0.0}],"is_beta":false,"boss_relics":[{"not_picked":["Sozu","WristBlade"],"picked":"Busted Crown"},{"not_picked":["Ring of the Serpent","Fusion Hammer"],"picked":"Pandora\u0027s Box"}],"items_purged_floors":[11,20],"is_endless":false,"potions_floor_spawned":[2,5,6,12,19,22,23,33,39,41],"ascension_level":20}}