{"host":"x7xd4wkamhrqrrvw","time":1610407416,"event":{"mods":["BaseMod","Minty Spire (QoL Compilation)","StSLib"],"gold_per_floor":[118,118,118,43,43,74,74,108,108,108,123,39,51,79,79,178,178,188,113,113,124,144,144,176,176,176,176,194,194,206,232,232,232,232],"floor_reached":33,"playtime":1217,"items_purged":["Defend_R"],"score":509,"play_id":"9c92b5e7-baea-4f31-8194-0003e086df4b","local_time":"20210111212336","is_ascension_mode":true,"campfire_choices":[{"data":"Dark Embrace","floor":7,"key":"SMITH"},{"data":"Corruption","floor":10,"key":"SMITH"},{"data":"Whirlwind","floor":15,"key":"SMITH"},{"data":"Fiend Fire","floor":23,"key":"SMITH"},{"data":"Demon Form","floor":27,"key":"SMITH"},{"data":"Uppercut","floor":29,"key":"SMITH"},{"floor":32,"key":"REST"}],"circlet_count":0,"master_deck":["Strike_R","Strike_R","Defend_R+1","Defend_R","Defend_R+1","Bash","Dark Embrace+1","Corruption+1","Feel No Pain","Infernal Blade","Madness","Whirlwind+1","Uppercut+1","Fiend Fire+1","Infernal Blade","Demon Form+1","Exhume","Sentinel","Battle Trance+1"],"relics":["Burning Blood","NeowsBlessing","Pear","Vajra","Shuriken","Cursed Key","Paper Frog","Darkstone Periapt"],"acts_visited":["Exordium","TheCity"],"potions_floor_usage":[14,16,16,24,24,28,31],"damage_taken":[{"damage":0,"enemies":"Small Slimes","floor":1,"turns":1},{"damage":0,"enemies":"Gremlin Nob","floor":6,"turns":1},{"damage":0,"enemies":"Lagavulin","floor":8,"turns":2},{"damage":10,"enemies":"2 Louse","floor":11,"turns":2},{"damage":13,"enemies":"Jaw Worm","floor":13,"turns":3},{"damage":20,"enemies":"3 Sentries","floor":14,"turns":5},{"damage":45,"enemies":"Slime Boss","floor":16,"turns":6},{"damage":4,"enemies":"Chosen","floor":18,"turns":3},{"damage":10,"enemies":"Shell Parasite","floor":21,"turns":2},{"damage":15,"enemies":"Snecko","floor":22,"turns":4},{"damage":4,"enemies":"Slavers","floor":24,"turns":3},{"damage":7,"enemies":"Shelled Parasite and Fungi","floor":28,"turns":3},{"damage":37,"enemies":"Snake Plant","floor":30,"turns":3},{"damage":20,"enemies":"Book of Stabbing","floor":31,"turns":3},{"damage":45,"enemies":"Automaton","floor":33,"turns":4}],"seed_played":"4622799795294550515","potions_obtained":[{"floor":1,"key":"ColorlessPotion"},{"floor":13,"key":"PowerPotion"},{"floor":14,"key":"DistilledChaos"},{"floor":18,"key":"Swift Potion"},{"floor":22,"key":"GamblersBrew"},{"floor":25,"key":"Swift Potion"},{"floor":25,"key":"FearPotion"},{"floor":25,"key":"EssenceOfSteel"}],"is_trial":false,"path_per_floor":["M","?","?","$","?","E","R","E","T","R","M","$","M","E","R","B",null,"M","?","?","M","M","R","E","?","T","R","M","R","M","E","R","B"],"character_chosen":"IRONCLAD","items_purchased":["Madness"],"campfire_rested":1,"item_purchase_floors":[12],"current_hp_per_floor":[78,62,62,62,62,78,78,84,84,84,80,80,73,59,59,20,73,75,75,75,71,62,62,64,64,64,64,63,63,32,18,45,0,0],"gold":232,"neow_bonus":"THREE_ENEMY_KILL","is_daily":false,"chose_seed":false,"campfire_upgraded":6,"win_rate":0.0,"timestamp":1610407416,"path_taken":["M","?","?","?","?","E","R","E","T","R","M","$","M","E","R","BOSS","M","?","?","M","M","R","E","?","T","R","M","R","M","E","R","BOSS"],"items_purchased_type":["Card"],"build_version":"2020-12-22","purchased_purges":1,"victory":false,"max_hp_per_floor":[80,80,80,80,80,90,90,90,90,90,90,90,90,90,90,90,90,90,90,90,90,90,90,90,90,90,90,90,90,90,90,90,90,90],"card_choices":[{"not_picked":["Armaments","Thunderclap"],"picked":"Dark Embrace","floor":1},{"not_picked":["True Grit","Wild Strike"],"picked":"Feel No Pain","floor":6},{"not_picked":["Heavy Blade","Feel No Pain"],"picked":"Infernal Blade","floor":8},{"not_picked":["Cleave","Blood for Blood","Bloodletting"],"picked":"SKIP","floor":11},{"not_picked":["Dropkick","Sword Boomerang"],"picked":"Whirlwind","floor":13},{"not_picked":["Clothesline","Dual Wield"],"picked":"Uppercut","floor":14},{"not_picked":["Offering","Barricade"],"picked":"Fiend Fire","floor":16},{"not_picked":["Body Slam","Reckless Charge+1"],"picked":"Infernal Blade","floor":18},{"not_picked":["Heavy Blade","Battle Trance+1","Perfected Strike"],"picked":"SKIP","floor":21},{"not_picked":["Sword Boomerang+1","Iron Wave","Thunderclap"],"picked":"SKIP","floor":22},{"not_picked":["Perfected Strike","Wild Strike","Rage"],"picked":"SKIP","floor":24},{"not_picked":["Rampage+1","Carnage","Spot Weakness"],"picked":"SKIP","floor":28},{"not_picked":["Hemokinesis","Barricade"],"picked":"Sentinel","floor":30},{"not_picked":["Combust","Thunderclap"],"picked":"Battle Trance+1","floor":31}],"player_experience":305272,"relics_obtained":[{"floor":6,"key":"Pear"},{"floor":8,"key":"Vajra"},{"floor":14,"key":"Shuriken"},{"floor":24,"key":"Paper Frog"},{"floor":31,"key":"Darkstone Periapt"}],"event_choices":[{"damage_healed":0,"gold_gain":0,"player_choice":"Entered Light","damage_taken":16,"max_hp_gain":0,"max_hp_loss":0,"event_name":"Shining Light","floor":2,"gold_loss":0,"cards_upgraded":["Defend_R","Defend_R"]},{"damage_healed":0,"gold_gain":0,"cards_transformed":["Strike_R"],"player_choice":"Change","damage_taken":0,"max_hp_gain":0,"max_hp_loss":0,"event_name":"Living Wall","floor":3,"gold_loss":0,"cards_obtained":["Corruption"]},{"damage_healed":0,"gold_gain":0,"player_choice":"Cursed","damage_taken":0,"max_hp_gain":0,"max_hp_loss":0,"event_name":"Wheel of Change","floor":5,"gold_loss":0,"cards_obtained":["Decay"]},{"cards_removed":["Decay"],"damage_healed":0,"gold_gain":0,"player_choice":"Gave Gold","damage_taken":0,"max_hp_gain":0,"max_hp_loss":0,"event_name":"Beggar","floor":19,"gold_loss":75},{"damage_healed":0,"gold_gain":0,"cards_transformed":["Strike_R","Strike_R"],"player_choice":"Became Test Subject","damage_taken":0,"max_hp_gain":0,"max_hp_loss":0,"event_name":"Drug Dealer","floor":20,"gold_loss":0,"cards_obtained":["Demon Form","Exhume"]},{"damage_healed":0,"gold_gain":0,"player_choice":"Got Potions","damage_taken":0,"max_hp_gain":0,"max_hp_loss":0,"event_name":"Lab","floor":25,"gold_loss":0}],"is_beta":false,"boss_relics":[{"not_picked":["Fusion Hammer","Runic Dome"],"picked":"Cursed Key"}],"items_purged_floors":[4],"is_endless":false,"potions_floor_spawned":[1,13,14,18,22],"killed_by":"Automaton","ascension_level":9}}