{"host":"aaqofma31c3gm2hj","time":1610365210,"event":{"mods":["BaseMod","GungeonMod","Minty Spire (QoL Compilation)","Replay The Spire","Spicy Shops","StSLib"],"gold_per_floor":[119,175,0,0,20,20,51,51,51,51,90,104,204,224,224,320,320,335,43,63,78,78,78,121,121,144,144,187,187,107,126,126,216,216,234,234,259,90,105,136,136,150,150,193,207,251,251,274,274,274,274,274,274,112,147,147],"floor_reached":57,"playtime":1576,"items_purged":["Defend_P","Defend_P","Defend_P"],"score":2876,"play_id":"d2f6dd8d-9749-4a5e-ba10-a5845f384c28","local_time":"20210111194010","is_ascension_mode":true,"campfire_choices":[{"data":"Eruption","floor":6.0,"key":"SMITH"},{"data":"Conclude","floor":8.0,"key":"SMITH"},{"data":"Normality","floor":15.0,"key":"PURGE"},{"data":"Strike_P","floor":23.0,"key":"PURGE"},{"data":"Strike_P","floor":25.0,"key":"PURGE"},{"data":"Strike_P","floor":27.0,"key":"PURGE"},{"data":"Strike_P","floor":29.0,"key":"PURGE"},{"data":"MentalFortress","floor":32.0,"key":"SMITH"},{"data":"Conclude+1","floor":41.0,"key":"PURGE"},{"floor":47.0,"key":"RECALL"},{"data":"PathToVictory","floor":53,"key":"SMITH"}],"circlet_count":1,"master_deck":["AscendersBane","Eruption+1","Vigilance","Adaptation+1","InnerPeace+1","MentalFortress+1","Vault","Adaptation+1","PathToVictory+1"],"relics":["PureWater","NeowsBlessing","DemoMod:PoisonVial","Ring of Fury","Bag of Marbles","Replay:Bottled Flurry","Golden Idol","Peace Pipe","Replay:Grab Bag","Runic Dome","Coffee Dripper","Runic Pyramid","Guide Book","Circlet","Akabeko","VioletLotus","Medical Kit","Gambling Chip","Counterbalance","Ancient Tea Set","FossilizedHelix","PrismaticShard","Lantern"],"acts_visited":["Exordium","TheCity","TheBeyond","TheEnding"],"potions_floor_usage":[],"damage_taken":[{"damage":0.0,"enemies":"Cultist","floor":1.0,"turns":1.0},{"damage":0.0,"enemies":"Jaw Worm","floor":5.0,"turns":1.0},{"damage":0.0,"enemies":"3 Sentries","floor":7.0,"turns":1.0},{"damage":0.0,"enemies":"Gremlin Nob","floor":11.0,"turns":1.0},{"damage":0.0,"enemies":"Small Slimes","floor":12.0,"turns":2.0},{"damage":2.0,"enemies":"Exordium Thugs","floor":14.0,"turns":2.0},{"damage":22.0,"enemies":"Hexaghost","floor":16.0,"turns":6.0},{"damage":0.0,"enemies":"Chosen","floor":18.0,"turns":3.0},{"damage":7.0,"enemies":"3 Byrds","floor":20.0,"turns":2.0},{"damage":0.0,"enemies":"Centurion and Healer","floor":21.0,"turns":2.0},{"damage":8.0,"enemies":"Replay:Snechameleon","floor":24.0,"turns":3.0},{"damage":0.0,"enemies":"Slavers","floor":28.0,"turns":1.0},{"damage":0.0,"enemies":"Snecko","floor":31.0,"turns":1.0},{"damage":0.0,"enemies":"Champ","floor":33.0,"turns":3.0},{"damage":8.0,"enemies":"3 Shapes","floor":35.0,"turns":3.0},{"damage":0.0,"enemies":"Orb Walker","floor":37.0,"turns":2.0},{"damage":0.0,"enemies":"Maw","floor":39.0,"turns":2.0},{"damage":0.0,"enemies":"R_Hoarder","floor":40.0,"turns":2.0},{"damage":0.0,"enemies":"4 Shapes","floor":42.0,"turns":2.0},{"damage":0.0,"enemies":"Reptomancer","floor":44.0,"turns":2.0},{"damage":0.0,"enemies":"Spire Growth","floor":45.0,"turns":2.0},{"damage":0.0,"enemies":"R_Hoarder","floor":46.0,"turns":2.0},{"damage":0.0,"enemies":"3 Darklings","floor":48.0,"turns":1.0},{"damage":0.0,"enemies":"Awakened One","floor":50.0,"turns":2.0},{"damage":0,"enemies":"Replay:Hell Engine","floor":51,"turns":2},{"damage":0,"enemies":"Shield and Spear","floor":55,"turns":1},{"damage":9,"enemies":"The Heart","floor":56,"turns":4}],"seed_played":"-7096885861358821447","potions_obtained":[{"floor":1.0,"key":"Venom Potion"},{"floor":2.0,"key":"Toxic Potion"},{"floor":12.0,"key":"Energy Potion"},{"floor":14.0,"key":"Languid Potion"},{"floor":18.0,"key":"GamblersBrew"},{"floor":31.0,"key":"EntropicBrew"}],"is_trial":false,"path_per_floor":["M","?","$","?","M","R","E","R","T","?","E","M","?","M","R","B",null,"M","$","M","M","?","R","E","R","T","R","E","R","?","M","R","B",null,"M","?","M","$","M","E","R","M","T","E","M","E","R","M","R","B","B",null,"R","$","E","B",null],"character_chosen":"WATCHER","items_purchased":["Guide Book","Medical Kit","PrismaticShard"],"campfire_rested":0,"item_purchase_floors":[19,38,54],"current_hp_per_floor":[61,39,39,39,39,39,39,39,39,39,39,39,39,37,37,15,50,50,50,43,43,43,43,35,35,35,35,35,35,35,35,35,35,55,47,47,47,47,47,47,47,47,47,47,47,47,47,47,47,47,47,58,58,58,58,49],"gold":147,"neow_bonus":"THREE_ENEMY_KILL","is_daily":false,"chose_seed":false,"campfire_upgraded":4,"win_rate":0.0,"timestamp":1610365210,"path_taken":["M","?","$","?","?","R","E","R","T","?","E","M","?","?","R","BOSS","M","$","M","M","?","R","E","R","T","R","E","R","?","M","R","BOSS","M","?","M","$","M","E","R","M","T","E","M","E","R","?","R","BOSS","BOSS","R","$","E","BOSS"],"items_purchased_type":["Relic","Relic","Relic"],"build_version":"2020-12-22","purchased_purges":3,"victory":true,"max_hp_per_floor":[68,68,68,68,68,68,68,68,68,62,62,62,62,62,62,62,62,62,62,62,62,62,62,62,62,62,62,62,62,62,62,62,62,62,62,62,62,62,62,62,62,62,62,62,62,62,62,62,62,62,62,62,62,62,62,62],"card_choices":[{"not_picked":["Replay:BluntJabs","EmptyFist"],"picked":"Conclude","floor":1.0},{"not_picked":["Halt","WaveOfTheHand"],"picked":"Adaptation","floor":2.0},{"not_picked":["Evaluate","FlyingSleeves","Replay:DivineShield"],"picked":"SKIP","floor":5.0},{"not_picked":["SpiritShield","Fasting2","Evaluate"],"picked":"SKIP","floor":7.0},{"not_picked":["SashWhip","WreathOfFlame"],"picked":"BowlingBash","floor":11.0},{"not_picked":["Replay:Hum","Crescendo","Study"],"picked":"SKIP","floor":12.0},{"not_picked":["FlurryOfBlows","Crescendo"],"picked":"InnerPeace","floor":14.0},{"not_picked":["Sanctity","Replay:AtTheReady","FlyingSleeves"],"picked":"SKIP","floor":18.0},{"not_picked":["Halt","Consecrate","BattleHymn"],"picked":"SKIP","floor":20.0},{"not_picked":["Replay:ManipulateFuture","FlurryOfBlows"],"picked":"MentalFortress","floor":21.0},{"not_picked":["WreathOfFlame","CutThroughFate","ConjureBlade"],"picked":"SKIP","floor":24.0},{"not_picked":["FollowUp","SignatureMove","InnerPeace"],"picked":"SKIP","floor":28.0},{"not_picked":["Replay:DivineShield","Replay:Anticipation","Consecrate"],"picked":"SKIP","floor":31.0},{"not_picked":["Replay:LoomingThreat","Alpha"],"picked":"Vault","floor":33.0},{"not_picked":["EmptyBody","PathToVictory","Consecrate"],"picked":"SKIP","floor":35.0},{"not_picked":["ThirdEye","ClearTheMind","Protect"],"picked":"SKIP","floor":37.0},{"not_picked":["Protect","Swivel","Replay:ManipulateFuture"],"picked":"SKIP","floor":39.0},{"not_picked":["MentalFortress+1","LikeWater","Replay:Vibes+1"],"picked":"SKIP","floor":40.0},{"not_picked":["MentalFortress+1","LikeWater","Replay:Vibes+1"],"picked":"SKIP","floor":40.0},{"not_picked":["EmptyFist","EmptyMind"],"picked":"Adaptation+1","floor":42.0},{"not_picked":["ClearTheMind","CutThroughFate","JustLucky"],"picked":"SKIP","floor":44.0},{"not_picked":["Replay:Battleflow","CutThroughFate","Replay:Cycle"],"picked":"SKIP","floor":45.0},{"not_picked":["CutThroughFate","Meditate","FlyingSleeves"],"picked":"SKIP","floor":46.0},{"not_picked":["SpiritShield","ThirdEye","Replay:DivineShield"],"picked":"SKIP","floor":48.0},{"not_picked":["Blasphemy","Stack","DemoMod:ProbeStrike+1"],"picked":"SKIP","floor":55}],"player_experience":585319,"relics_obtained":[{"floor":2.0,"key":"DemoMod:PoisonVial"},{"floor":4.0,"key":"Ring of Fury"},{"floor":7.0,"key":"Bag of Marbles"},{"floor":9.0,"key":"Replay:Bottled Flurry"},{"floor":11.0,"key":"Peace Pipe"},{"floor":24.0,"key":"Dead Branch"},{"floor":28.0,"key":"Akabeko"},{"floor":40.0,"key":"Gambling Chip"},{"floor":43.0,"key":"Counterbalance"},{"floor":44.0,"key":"Ancient Tea Set"},{"floor":46.0,"key":"FossilizedHelix"},{"floor":55,"key":"Lantern"}],"event_choices":[{"damage_healed":0.0,"max_hp_gain":0.0,"max_hp_loss":6.0,"gold_gain":0.0,"event_name":"Golden Idol","player_choice":"Lose Max HP","floor":10.0,"gold_loss":0.0,"damage_taken":0.0,"relics_obtained":["Golden Idol"]},{"damage_healed":0.0,"max_hp_gain":0.0,"max_hp_loss":0.0,"gold_gain":100.0,"event_name":"Wheel of Change","player_choice":"Gold","floor":13.0,"gold_loss":0.0,"damage_taken":0.0},{"cards_removed":["Defend_P"],"damage_healed":0.0,"max_hp_gain":0.0,"max_hp_loss":0.0,"gold_gain":0.0,"event_name":"Back to Basics","player_choice":"Elegance","floor":22.0,"gold_loss":0.0,"damage_taken":0.0},{"damage_healed":0.0,"max_hp_gain":0.0,"max_hp_loss":0.0,"gold_gain":0.0,"event_name":"Transmorgrifier","player_choice":"Ignored","floor":36.0,"gold_loss":0.0,"damage_taken":0.0}],"is_beta":false,"boss_relics":[{"not_picked":["Painkiller Herb","Replay:Ancient Bell"],"picked":"Replay:Grab Bag"},{"not_picked":["Velvet Choker","SlaversCollar"],"picked":"Runic Dome"},{"not_picked":["ChewingGum","Busted Crown"],"picked":"Coffee Dripper"},{"not_picked":["Pandora\u0027s Box","Ring of Chaos"],"picked":"Runic Pyramid"},{"not_picked":["Abe\u0027s Treasure","Replay:Wanted Poster"],"picked":"VioletLotus"}],"items_purged_floors":[3,3,19],"is_endless":false,"potions_floor_spawned":[1,12,14,18,28,31,37,44,46,48],"ascension_level":20}}