{"host":"9d9dhukr2jywmy0f","time":1610350178,"event":{"mods":["2.2 Compatiblity","Alarm Clock","BaseMod","Bestiary","Block Reminder","Colored Map","Colored Powertips","Curses Come First","DeckTracker","Highlight Path","Key Reminder","Minty Spire (QoL Compilation)","Quick Restart","Rare Cards Sparkle","Relic Sorter","Relic Stats","Spire Birthday Party","StSLib","SuperFastMode","Synergy Search","The Gatherer","Unceasing Turn Reminder","Unknown Chances"],"gold_per_floor":[214,164,239,239,253,109,109,121,121,121,145,210,210,225,225,327,327,347,347,372,21,21,21,54,71,124,137,137,236,236,151,151,252,252,269,319,319,338,354,387,387,387,387],"floor_reached":41,"playtime":2802,"items_purged":["Pain","Gatherer:Centralize"],"score":571,"play_id":"9ea71b2b-03bd-4855-ab98-69b3f990defc","local_time":"20210111152938","is_ascension_mode":true,"metric_token":1493,"campfire_choices":[{"data":"Gatherer:FlowerPower","floor":10.0,"key":"SMITH"},{"data":"Gatherer:FlowerPower+1","floor":13.0,"key":"SMITH"},{"data":"Gatherer:FlowerPower+2","floor":15.0,"key":"SMITH"},{"data":"Gatherer:BalancedGrowth","floor":23.0,"key":"SMITH"},{"data":"Gatherer:FlowerWhip","floor":28.0,"key":"SMITH"},{"data":"1","floor":30.0,"key":"LIFT"},{"data":"2","floor":32.0,"key":"LIFT"}],"circlet_count":0,"master_deck":["Gatherer:Strike_Gatherer","Gatherer:Strike_Gatherer","Gatherer:Strike_Gatherer","Gatherer:Strike_Gatherer","Gatherer:Defend_Gatherer","Gatherer:Defend_Gatherer","Gatherer:Defend_Gatherer","Gatherer:FlowerWhip+1","Gatherer:TacticalStrike","Gatherer:FlowerPower+3","Gatherer:Frenzy","Gatherer:QuickSynthesis","Gatherer:BalancedGrowth+1","Gatherer:CarefulStrike+1","Gatherer:WoolGloves","Gatherer:AromaProtection+1","Gatherer:Frenzy+1","Gatherer:WoolGloves+1","Gatherer:GatherMaterial+1","Gatherer:SmartManeuver","Gatherer:Enchant","Gatherer:RecipeChange+1","Gatherer:EnergyBasket+1","Gatherer:GatherMaterial+1"],"relics":["Gatherer:AlchemyBag","WarpedTongs","Kunai","Bird Faced Urn","Odd Mushroom","White Beast Statue","Gatherer:ExplorersPath","Red Mask","Matryoshka","Girya","Vajra","Bag of Preparation","Question Card","Astrolabe","CaptainsWheel","Bag of Marbles","keyreminder:keyreminder"],"acts_visited":["Exordium","TheCity","TheBeyond"],"potions_floor_usage":[39,40],"damage_taken":[{"damage":0.0,"enemies":"2 Louse","floor":1.0,"turns":4.0},{"damage":4.0,"enemies":"Small Slimes","floor":5.0,"turns":3.0},{"damage":0.0,"enemies":"Cultist","floor":8.0,"turns":3.0},{"damage":0.0,"enemies":"The Mushroom Lair","floor":11.0,"turns":6.0},{"damage":16.0,"enemies":"Gremlin Nob","floor":12.0,"turns":4.0},{"damage":0.0,"enemies":"Red Slaver","floor":14.0,"turns":4.0},{"damage":0.0,"enemies":"The Guardian","floor":16.0,"turns":11.0},{"damage":0.0,"enemies":"Spheric Guardian","floor":18.0,"turns":3.0},{"damage":3.0,"enemies":"Masked Bandits","floor":20.0,"turns":5.0},{"damage":28.0,"enemies":"Gremlin Leader","floor":24.0,"turns":7.0},{"damage":6.0,"enemies":"Shell Parasite","floor":25.0,"turns":4.0},{"damage":1.0,"enemies":"Cultist and Chosen","floor":27.0,"turns":4.0},{"damage":29.0,"enemies":"Champ","floor":33.0,"turns":10.0},{"damage":0.0,"enemies":"3 Shapes","floor":35.0,"turns":3.0},{"damage":0.0,"enemies":"Mind Bloom Boss Battle","floor":36.0,"turns":3.0},{"damage":0.0,"enemies":"Orb Walker","floor":38.0,"turns":2.0},{"damage":3,"enemies":"4 Shapes","floor":39,"turns":5},{"damage":56,"enemies":"Nemesis","floor":40,"turns":7},{"damage":0,"enemies":"Sphere and 2 Shapes","floor":41,"turns":1}],"seed_played":"4427874646493263462","potions_obtained":[{"floor":5.0,"key":"GhostInAJar"},{"floor":12.0,"key":"DistilledChaos"},{"floor":14.0,"key":"Block Potion"},{"floor":16.0,"key":"Dexterity Potion"},{"floor":20.0,"key":"Swift Potion"},{"floor":24.0,"key":"FearPotion"},{"floor":33.0,"key":"BottledMiracle"},{"floor":35.0,"key":"Weak Potion"},{"floor":39,"key":"EssenceOfSteel"},{"floor":40,"key":"EssenceOfSteel"}],"is_trial":false,"path_per_floor":["M","?","?","?","M","$","T","M","T","R","?","?","R","M","R","B",null,"M","?","?","$","?","R","E","M","T","M","R","?","R","?","R","B",null,"M","?","?","M","M","E","M"],"character_chosen":"THE_GATHERER","items_purchased":["Gatherer:FlowerPower","Matryoshka"],"campfire_rested":0,"item_purchase_floors":[6,21],"current_hp_per_floor":[72,72,61,61,57,57,57,57,57,57,59,43,43,45,45,47,72,72,72,69,69,82,82,56,54,54,55,55,55,55,55,55,30,82,82,82,82,82,81,26,26,26,26],"gold":387,"neow_bonus":"HUNDRED_GOLD","is_daily":false,"chose_seed":false,"campfire_upgraded":5,"win_rate":0.0,"timestamp":1610350178,"path_taken":["M","?","?","?","?","$","?","M","T","R","?","?","R","M","R","BOSS","BOSS","M","?","?","$","?","R","E","M","T","?","R","?","R","?","R","BOSS","BOSS","M","?","?","?","?","E","?"],"items_purchased_type":["Card","Relic"],"build_version":"2020-11-30","purchased_purges":2,"victory":false,"max_hp_per_floor":[72,72,72,72,72,72,72,72,72,72,72,72,72,72,72,72,72,72,72,72,72,82,82,82,82,82,82,82,82,82,82,82,82,82,82,82,82,82,82,82,82,82,82],"relic_stats":{"counters":[19,89],"Bird Faced Urn":[21],"Astrolabe":["Gatherer:AromaProtection","Gatherer:Frenzy","Gatherer:WoolGloves"],"Bag of Preparation":[14],"Kunai":[43],"Question Card":7,"obtain_stats":[{"Girya":24,"Astrolabe":34,"Vajra":26,"Bag of Preparation":26,"Odd Mushroom":11,"Question Card":31,"White Beast Statue":12,"WarpedTongs":4,"Gatherer:ExplorersPath":17,"keyreminder:keyreminder":40,"CaptainsWheel":36,"Matryoshka":21,"Bird Faced Urn":9,"Red Mask":20,"Bag of Marbles":40,"Kunai":7,"Gatherer:AlchemyBag":0},{"Girya":10,"Astrolabe":13,"Vajra":11,"Bag of Preparation":11,"Odd Mushroom":4,"Question Card":12,"White Beast Statue":4,"WarpedTongs":1,"Gatherer:ExplorersPath":7,"keyreminder:keyreminder":18,"CaptainsWheel":15,"Matryoshka":9,"Bird Faced Urn":3,"Red Mask":9,"Bag of Marbles":18,"Kunai":2,"Gatherer:AlchemyBag":0},{"Girya":50,"Astrolabe":68,"Vajra":54,"Bag of Preparation":54,"Odd Mushroom":16,"Question Card":58,"White Beast Statue":16,"WarpedTongs":4,"Gatherer:ExplorersPath":35,"keyreminder:keyreminder":88,"CaptainsWheel":74,"Matryoshka":43,"Bird Faced Urn":10,"Red Mask":43,"Bag of Marbles":88,"Kunai":7,"Gatherer:AlchemyBag":0}],"WarpedTongs":[84]},"card_choices":[{"not_picked":["Gatherer:CollectorsShot","Gatherer:DrugPower"],"picked":"Gatherer:TacticalStrike","floor":1.0},{"not_picked":["Gatherer:BigPouch","Gatherer:FlowerFalling","Gatherer:CollectorsShot"],"picked":"SKIP","floor":5.0},{"not_picked":["Gatherer:TacticalStrike","Gatherer:FragileHammer"],"picked":"Gatherer:QuickSynthesis","floor":8.0},{"not_picked":["Gatherer:OddSpoils","Gatherer:PotentialSlash"],"picked":"Gatherer:Frenzy","floor":14.0},{"not_picked":["Gatherer:LuckyClover","Gatherer:BomberForm"],"picked":"Gatherer:Examine","floor":16.0},{"not_picked":["Gatherer:Enchant","Gatherer:BigPouch"],"picked":"Gatherer:QuickSynthesis","floor":18.0},{"not_picked":["Gatherer:Polymorphism","Gatherer:AlchemyTrial"],"picked":"Gatherer:CarefulStrike+1","floor":24.0},{"not_picked":["Gatherer:BambuSword","Gatherer:TacticalStrike"],"picked":"Gatherer:WoolGloves","floor":25.0},{"not_picked":["Gatherer:ScherryThrow","Gatherer:PotentialSlash","Gatherer:Herbalism"],"picked":"SKIP","floor":27.0},{"not_picked":["Gatherer:GrowBook","Gatherer:CursedBlade","Gatherer:MindSearch"],"picked":"Gatherer:Examine","floor":33.0},{"not_picked":["Gatherer:CollectorsShot+1","Gatherer:FlowerFalling","Gatherer:ScherryThrow"],"picked":"Gatherer:GatherMaterial+1","floor":35.0},{"not_picked":["Gatherer:Uplift+1","Gatherer:Duality","Gatherer:FlowerFalling+1"],"picked":"Gatherer:SmartManeuver","floor":36.0},{"not_picked":["Gatherer:BalancedGrowth","Gatherer:FlowerShield+1","Gatherer:PotentialSlash+1"],"picked":"Gatherer:RecipeChange+1","floor":38.0},{"not_picked":["Gatherer:FragileHammer+1","Gatherer:TreeGrowth","Gatherer:SealedBomb"],"picked":"Gatherer:EnergyBasket+1","floor":39},{"not_picked":["Gatherer:Examine","Gatherer:ScherryThrow","Gatherer:FlowerPower+1"],"picked":"Gatherer:GatherMaterial+1","floor":40}],"player_experience":842240,"relics_obtained":[{"floor":7.0,"key":"Kunai"},{"floor":9.0,"key":"Bird Faced Urn"},{"floor":11.0,"key":"Odd Mushroom"},{"floor":20.0,"key":"Red Mask"},{"floor":24.0,"key":"Girya"},{"floor":26.0,"key":"Vajra"},{"floor":26.0,"key":"Bag of Preparation"},{"floor":36.0,"key":"CaptainsWheel"},{"floor":40,"key":"Bag of Marbles"}],"event_choices":[{"cards_removed":["Gatherer:Strike_Gatherer"],"damage_healed":0.0,"max_hp_gain":0.0,"max_hp_loss":0.0,"gold_gain":0.0,"event_name":"The Cleric","player_choice":"Card Removal","floor":2.0,"gold_loss":50.0,"damage_taken":0.0},{"damage_healed":0.0,"max_hp_gain":0.0,"max_hp_loss":0.0,"gold_gain":75.0,"event_name":"World of Goop","player_choice":"Gather Gold","floor":3.0,"gold_loss":0.0,"damage_taken":11.0},{"damage_healed":0.0,"max_hp_gain":0.0,"max_hp_loss":0.0,"gold_gain":0.0,"event_name":"Accursed Blacksmith","player_choice":"Rummage","floor":4.0,"gold_loss":0.0,"damage_taken":0.0,"relics_obtained":["WarpedTongs"],"cards_obtained":["Pain"]},{"damage_healed":0.0,"max_hp_gain":0.0,"max_hp_loss":0.0,"gold_gain":0.0,"event_name":"Mushrooms","player_choice":"Fought Mushrooms","floor":11.0,"gold_loss":0.0,"damage_taken":0.0},{"damage_healed":0.0,"max_hp_gain":0.0,"max_hp_loss":0.0,"gold_gain":0.0,"event_name":"Dead Adventurer","player_choice":"Searched \u00272\u0027 times","floor":12.0,"gold_loss":0.0,"damage_taken":0.0,"relics_obtained":["White Beast Statue"]},{"damage_healed":0.0,"max_hp_gain":0.0,"max_hp_loss":0.0,"gold_gain":0.0,"event_name":"The Library","player_choice":"Read","floor":19.0,"gold_loss":0.0,"damage_taken":0.0,"cards_obtained":["Gatherer:BalancedGrowth"]},{"damage_healed":0.0,"max_hp_gain":0.0,"max_hp_loss":0.0,"gold_gain":0.0,"event_name":"Masked Bandits","player_choice":"Fought Bandits","floor":20.0,"gold_loss":0.0,"damage_taken":0.0},{"cards_removed":["Gatherer:Examine"],"damage_healed":3.0,"max_hp_gain":10.0,"max_hp_loss":0.0,"gold_gain":0.0,"event_name":"Bonfire Elementals","player_choice":"Offered Rare","floor":22.0,"gold_loss":0.0,"damage_taken":0.0},{"damage_healed":0.0,"max_hp_gain":0.0,"max_hp_loss":0.0,"gold_gain":99.0,"event_name":"Nest","player_choice":"Stole From Cult","floor":29.0,"gold_loss":0.0,"damage_taken":0.0},{"damage_healed":0.0,"max_hp_gain":0.0,"max_hp_loss":0.0,"gold_gain":0.0,"event_name":"Addict","player_choice":"Obtained Relic","floor":31.0,"gold_loss":85.0,"damage_taken":0.0,"relics_obtained":["Question Card"]},{"damage_healed":0.0,"max_hp_gain":0.0,"max_hp_loss":0.0,"gold_gain":0.0,"event_name":"MindBloom","player_choice":"Fight","floor":36.0,"gold_loss":0.0,"damage_taken":0.0},{"damage_healed":0.0,"max_hp_gain":0.0,"max_hp_loss":0.0,"gold_gain":0.0,"cards_transformed":["Gatherer:Examine"],"event_name":"Transmorgrifier","player_choice":"Transformed","floor":37.0,"gold_loss":0.0,"damage_taken":0.0,"cards_obtained":["Gatherer:Enchant"]}],"is_beta":false,"boss_relics":[{"not_picked":["Velvet Choker","SlaversCollar"],"picked":"Gatherer:ExplorersPath"},{"not_picked":["Fusion Hammer","Pandora\u0027s Box"],"picked":"Astrolabe"}],"items_purged_floors":[6,21],"is_endless":false,"potions_floor_spawned":[5,12,14,16,18,20,24,25,27,33,35,36,38,39,40],"killed_by":"Sphere and 2 Shapes","ascension_level":3}}