{"host":"t7kvkl97w82750ny","time":1610408899,"event":{"mods":["2.2 Compatiblity","BaseMod","Bestiary","Minty Spire (QoL Compilation)","Permanent Neow","Relic Stats","StSLib"],"gold_per_floor":[215,215,22,36,36,67,84,116,116,116,151,151,151,164,164,164,164],"floor_reached":16,"playtime":450,"items_purged":[],"score":236,"play_id":"a8c8e716-6cdb-4bb2-a791-ac2686c3eac0","local_time":"20210112004819","is_ascension_mode":true,"campfire_choices":[{"data":"Creative AI","floor":13,"key":"SMITH"},{"data":"Zap","floor":15,"key":"SMITH"}],"circlet_count":0,"master_deck":["AscendersBane","Strike_B","Strike_B","Strike_B","Defend_B","Defend_B","Defend_B","Defend_B","Zap+1","Dualcast","Ball Lightning","Coolheaded","Creative AI+1","Sunder+1","Parasite","Conserve Battery+1","Glacier+1"],"relics":["Cracked Core","Bag of Preparation","Toxic Egg 2","Centennial Puzzle","Smiling Mask"],"acts_visited":["Exordium"],"potions_floor_usage":[11,16],"damage_taken":[{"damage":3.0,"enemies":"2 Louse","floor":1.0,"turns":4.0},{"damage":2.0,"enemies":"Jaw Worm","floor":4.0,"turns":3.0},{"damage":6.0,"enemies":"Gremlin Nob","floor":6.0,"turns":3.0},{"damage":0.0,"enemies":"Cultist","floor":7.0,"turns":3.0},{"damage":25.0,"enemies":"Lagavulin","floor":8.0,"turns":7.0},{"damage":39,"enemies":"Gremlin Nob","floor":11,"turns":5},{"damage":0,"enemies":"3 Louse","floor":14,"turns":3},{"damage":9,"enemies":"Hexaghost","floor":16,"turns":7}],"seed_played":"-7050441806083041451","potions_obtained":[{"floor":4.0,"key":"ColorlessPotion"},{"floor":8.0,"key":"SpeedPotion"},{"floor":14,"key":"LiquidMemories"}],"is_trial":false,"path_per_floor":["M","?","$","M","?","E","M","E","T","?","E","?","R","M","R","B"],"character_chosen":"DEFECT","items_purchased":["Bag of Preparation","Coolheaded"],"campfire_rested":0,"item_purchase_floors":[3,3],"current_hp_per_floor":[61,61,61,59,59,53,53,28,28,45,6,6,6,6,6,0,0],"gold":164,"neow_bonus":"HUNDRED_GOLD","is_daily":false,"chose_seed":false,"campfire_upgraded":2,"win_rate":0.0,"timestamp":1610408899,"path_taken":["M","?","$","M","?","E","?","E","T","?","E","?","R","M","R","BOSS"],"items_purchased_type":["Relic","Card"],"build_version":"2020-12-22","purchased_purges":0,"victory":false,"max_hp_per_floor":[71,71,71,71,71,71,71,71,71,71,71,71,71,71,71,71,71],"relic_stats":{"Centennial Puzzle":[3],"counters":[8,35],"Bag of Preparation":[14],"Smiling Mask":0,"obtain_stats":[{"Centennial Puzzle":8,"Bag of Preparation":3,"Toxic Egg 2":6,"Cracked Core":0,"Smiling Mask":11},{"Centennial Puzzle":5,"Bag of Preparation":1,"Toxic Egg 2":3,"Cracked Core":0,"Smiling Mask":6},{"Centennial Puzzle":20,"Bag of Preparation":4,"Toxic Egg 2":10,"Cracked Core":0,"Smiling Mask":25}]},"card_choices":[{"not_picked":["Beam Cell","Hello World"],"picked":"Ball Lightning","floor":1.0},{"not_picked":["Go for the Eyes","Tempest","Reprogram"],"picked":"SKIP","floor":4.0},{"not_picked":["Leap+1","Turbo+1"],"picked":"Creative AI","floor":6.0},{"not_picked":["Heatsinks","Fusion+1"],"picked":"Sunder","floor":7.0},{"not_picked":["Darkness+1","Meteor Strike","Ball Lightning"],"picked":"SKIP","floor":8.0},{"not_picked":["Barrage","Reprogram+1"],"picked":"Conserve Battery+1","floor":11},{"not_picked":["Beam Cell","Rebound"],"picked":"Glacier+1","floor":14}],"player_experience":1235584,"relics_obtained":[{"floor":6.0,"key":"Toxic Egg 2"},{"floor":8.0,"key":"Centennial Puzzle"},{"floor":11,"key":"Smiling Mask"}],"event_choices":[{"damage_healed":0.0,"max_hp_gain":0.0,"max_hp_loss":0.0,"gold_gain":0.0,"event_name":"The Cleric","player_choice":"Leave","floor":2.0,"gold_loss":0.0,"damage_taken":0.0},{"cards_removed":["Strike_B"],"damage_healed":0.0,"max_hp_gain":0.0,"max_hp_loss":0.0,"gold_gain":0.0,"event_name":"Bonfire Elementals","player_choice":"Offered Basic","floor":5.0,"gold_loss":0.0,"damage_taken":0.0},{"damage_healed":17.0,"max_hp_gain":0.0,"max_hp_loss":0.0,"gold_gain":0.0,"event_name":"Mushrooms","player_choice":"Healed and dodged fight","floor":10.0,"gold_loss":0.0,"damage_taken":0.0,"cards_obtained":["Parasite"]},{"damage_healed":0,"gold_gain":0,"player_choice":"Grow","damage_taken":0,"max_hp_gain":0,"max_hp_loss":0,"event_name":"Living Wall","floor":12,"gold_loss":0,"cards_upgraded":["Sunder"]}],"is_beta":false,"boss_relics":[],"items_purged_floors":[],"is_endless":false,"potions_floor_spawned":[4,8,14],"killed_by":"Hexaghost","ascension_level":20}}