{"host":"j0vzbnzm6n2ctevn","time":1610359917,"event":{"mods":["AchievementEnabler","BaseMod","Better Note","Dota2Spire","Minty Spire (QoL Compilation)","Quick Restart","Shop Mod","Spicy Shops","StSLib"],"gold_per_floor":[110,128,20,37,53,78,78,92,117,292,327,339,339,359,359,456,456,467,382,10,10,0,33,33,51,51,70,70,103,103,117,117,221,221,231,250,250,18,29,29,61,79,103,115,144,156,185,197,209,221],"floor_reached":51,"playtime":2067,"items_purged":["Strike_B","Strike_B","Strike_B","Strike_B"],"score":847,"play_id":"b57f9015-c284-4826-a7c6-54ac4da01c15","local_time":"20210111181157","is_ascension_mode":true,"campfire_choices":[{"data":"Streamline","floor":7.0,"key":"SMITH"},{"data":"Defragment","floor":13.0,"key":"SMITH"},{"floor":15.0,"key":"REST"},{"floor":24,"key":"REST"},{"data":"Defragment","floor":28,"key":"SMITH"},{"data":"Streamline","floor":30,"key":"SMITH"},{"floor":32,"key":"REST"},{"data":"Aggregate","floor":40,"key":"SMITH"},{"floor":49,"key":"REST"}],"circlet_count":0,"master_deck":["Defend_B","Defend_B","Defend_B","Defend_B","Zap","Dualcast","Streamline+1","Defragment+1","Go for the Eyes","Coolheaded","Defragment+1","Capacitor","Doubt","Electrodynamics","Streamline+1","Hello World","Seek","Heatsinks+1","Glacier","BootSequence","Cold Snap+1","Ball Lightning","Genetic Algorithm+1","Core Surge","Recycle+1","Ball Lightning+1","All For One","Skim+1","Madness","Deep Breath","Aggregate+1","BootSequence+1","Loop","Parasite","Consume","Leap+1"],"relics":["Cracked Core","NeowsBlessing","Meat on the Bone","Dota2Spire:PhaseBoots","Dota2Spire:ArmletOfMordiggian","Dota2Spire:Bloodstone","Dream Catcher","Bag of Preparation","Dota2Spire:EchoSabre","Dota2Spire:BladeMail","Dota2Spire:BattleFury","Inserter","MealTicket","MawBank"],"acts_visited":["Exordium","TheCity","TheBeyond"],"potions_floor_usage":[33,50],"damage_taken":[{"damage":0.0,"enemies":"Cultist","floor":1.0,"turns":1.0},{"damage":0.0,"enemies":"2 Louse","floor":2.0,"turns":1.0},{"damage":0.0,"enemies":"Jaw Worm","floor":4.0,"turns":1.0},{"damage":17.0,"enemies":"Looter","floor":5.0,"turns":3.0},{"damage":10.0,"enemies":"Lagavulin","floor":6.0,"turns":6.0},{"damage":11.0,"enemies":"Exordium Wildlife","floor":8.0,"turns":3.0},{"damage":3.0,"enemies":"Gremlin Nob","floor":11.0,"turns":3.0},{"damage":23.0,"enemies":"Red Slaver","floor":12.0,"turns":3.0},{"damage":7.0,"enemies":"Looter","floor":14.0,"turns":3.0},{"damage":35.0,"enemies":"Slime Boss","floor":16.0,"turns":5.0},{"damage":28.0,"enemies":"2 Thieves","floor":18.0,"turns":4.0},{"damage":43,"enemies":"Slavers","floor":23,"turns":3},{"damage":2,"enemies":"Chosen","floor":25,"turns":3},{"damage":15,"enemies":"Snake Plant","floor":27,"turns":4},{"damage":14,"enemies":"Book of Stabbing","floor":29,"turns":6},{"damage":3,"enemies":"3 Cultists","floor":31,"turns":4},{"damage":27,"enemies":"Automaton","floor":33,"turns":8},{"damage":15,"enemies":"Orb Walker","floor":35,"turns":3},{"damage":1,"enemies":"3 Shapes","floor":36,"turns":2},{"damage":19,"enemies":"Maw","floor":39,"turns":6},{"damage":37,"enemies":"Nemesis","floor":41,"turns":5},{"damage":10,"enemies":"Spire Growth","floor":42,"turns":3},{"damage":27,"enemies":"3 Darklings","floor":45,"turns":4},{"damage":16,"enemies":"Writhing Mass","floor":47,"turns":5},{"damage":30,"enemies":"Time Eater","floor":50,"turns":10}],"seed_played":"-3080751297735783287","potions_obtained":[{"floor":1.0,"key":"Fire Potion"},{"floor":2.0,"key":"PowerPotion"},{"floor":6.0,"key":"Fire Potion"},{"floor":11.0,"key":"PotionOfCapacity"},{"floor":27,"key":"EssenceOfSteel"},{"floor":29,"key":"GamblersBrew"},{"floor":35,"key":"ColorlessPotion"}],"is_trial":false,"path_per_floor":["M","M","$","M","M","E","R","M","T","?","E","M","R","M","R","B",null,"M","?","$","?","?","E","R","M","T","M","R","E","R","M","R","B",null,"M","M","?","$","M","R","E","M","T","?","M","?","M","?","R","B",null],"character_chosen":"DEFECT","items_purchased":["Go for the Eyes","Bag of Preparation","Deep Breath"],"campfire_rested":4,"item_purchase_floors":[3,20,38],"current_hp_per_floor":[75,75,75,75,58,48,48,49,49,49,46,35,35,40,62,39,75,47,47,47,47,47,22,44,48,48,48,48,49,49,46,68,41,75,60,59,54,54,47,47,31,33,33,66,39,39,35,35,53,32],"gold":233,"neow_bonus":"THREE_ENEMY_KILL","is_daily":false,"chose_seed":false,"campfire_upgraded":5,"win_rate":0.0,"timestamp":1610359917,"path_taken":["M","M","$","?","M","E","R","M","T","?","E","M","R","M","R","BOSS","M","?","$","?","?","E","R","?","T","M","R","E","R","M","R","BOSS","M","M","?","$","M","R","E","M","T","?","M","?","?","?","R","BOSS"],"items_purchased_type":["Card","Relic","Card"],"build_version":"2020-12-22","purchased_purges":4,"victory":true,"max_hp_per_floor":[75,75,75,75,75,75,75,75,75,75,75,75,75,75,75,75,75,75,75,75,75,75,75,75,75,75,75,75,75,75,75,75,75,75,75,75,75,75,75,75,75,75,75,66,66,66,66,63,63,63],"card_choices":[{"not_picked":["Undo","Coolheaded"],"picked":"Streamline","floor":1.0},{"not_picked":["Barrage","Fusion"],"picked":"Defragment","floor":2.0},{"not_picked":["Beam Cell","Coolheaded","Go for the Eyes"],"picked":"SKIP","floor":4.0},{"not_picked":["Fusion","Stack"],"picked":"Coolheaded","floor":5.0},{"not_picked":["FTL","Skim"],"picked":"Defragment","floor":6.0},{"not_picked":["White Noise","Hologram"],"picked":"Capacitor","floor":8.0},{"not_picked":["Glacier","Aggregate"],"picked":"Electrodynamics","floor":11.0},{"not_picked":["Force Field","Melter"],"picked":"Streamline","floor":12.0},{"not_picked":["Heatsinks","Reprogram"],"picked":"Hello World","floor":14.0},{"not_picked":["Electrodynamics","Amplify"],"picked":"Seek","floor":16.0},{"not_picked":["Reinforced Body","Rebound"],"picked":"Heatsinks+1","floor":18.0},{"not_picked":["Streamline","Compile Driver"],"picked":"BootSequence","floor":23},{"not_picked":["Reprogram","Gash"],"picked":"Cold Snap+1","floor":24},{"not_picked":["Barrage+1","Leap"],"picked":"Ball Lightning","floor":25},{"not_picked":["FTL","Cold Snap"],"picked":"Genetic Algorithm+1","floor":27},{"not_picked":["Turbo","Rip and Tear"],"picked":"Core Surge","floor":29},{"not_picked":["Compile Driver","Sweeping Beam"],"picked":"Recycle+1","floor":31},{"not_picked":["Self Repair","Sweeping Beam"],"picked":"Ball Lightning+1","floor":32},{"not_picked":["Fission","Meteor Strike"],"picked":"All For One","floor":33},{"not_picked":["Sweeping Beam","Stack+1"],"picked":"Skim+1","floor":35},{"not_picked":["FTL","Tempest","Fusion"],"picked":"SKIP","floor":36},{"not_picked":["HandOfGreed","Thinking Ahead"],"picked":"Madness","floor":37},{"not_picked":["Glacier+1","Chill+1"],"picked":"Aggregate","floor":39},{"not_picked":["Leap","Hologram"],"picked":"BootSequence+1","floor":41},{"not_picked":["Sunder+1","Barrage+1","Gash+1"],"picked":"SKIP","floor":42},{"not_picked":["Stack+1","Leap+1"],"picked":"Loop","floor":45},{"not_picked":["Loop+1","Fusion"],"picked":"Consume","floor":47},{"not_picked":["Go for the Eyes+1","Ball Lightning"],"picked":"Leap+1","floor":49}],"player_experience":150045,"relics_obtained":[{"floor":6.0,"key":"Meat on the Bone"},{"floor":9.0,"key":"Dota2Spire:PhaseBoots"},{"floor":11.0,"key":"Dota2Spire:ArmletOfMordiggian"},{"floor":23,"key":"Dota2Spire:EchoSabre"},{"floor":26,"key":"Dota2Spire:BladeMail"},{"floor":29,"key":"Dota2Spire:BattleFury"},{"floor":41,"key":"MealTicket"},{"floor":43,"key":"MawBank"}],"event_choices":[{"damage_healed":0.0,"max_hp_gain":0.0,"max_hp_loss":0.0,"gold_gain":175.0,"event_name":"Liars Game","player_choice":"AGREE","floor":10.0,"gold_loss":0.0,"damage_taken":0.0,"cards_obtained":["Doubt"]},{"damage_healed":0.0,"max_hp_gain":0.0,"max_hp_loss":0.0,"gold_gain":0.0,"event_name":"Addict","player_choice":"Obtained Relic","floor":19.0,"gold_loss":85.0,"damage_taken":0.0,"relics_obtained":["Dream Catcher"]},{"damage_healed":0,"gold_gain":0,"player_choice":"Read","damage_taken":0,"max_hp_gain":0,"max_hp_loss":0,"event_name":"The Library","floor":21,"gold_loss":0,"cards_obtained":["Glacier"]},{"damage_healed":0,"gold_gain":0,"player_choice":"Paid Fearfully","damage_taken":0,"max_hp_gain":0,"max_hp_loss":0,"event_name":"Masked Bandits","floor":22,"gold_loss":10},{"damage_healed":0,"gold_gain":0,"player_choice":"Memory 2","damage_taken":5,"max_hp_gain":0,"max_hp_loss":0,"event_name":"SensoryStone","floor":37,"gold_loss":0},{"damage_healed":66,"gold_gain":0,"player_choice":"Heal","damage_taken":0,"max_hp_gain":0,"max_hp_loss":9,"event_name":"The Moai Head","floor":44,"gold_loss":0},{"damage_healed":0,"gold_gain":0,"player_choice":"Ignored","damage_taken":0,"max_hp_gain":0,"max_hp_loss":0,"event_name":"Mysterious Sphere","floor":46,"gold_loss":0},{"damage_healed":0,"gold_gain":0,"player_choice":"Max HP","damage_taken":0,"max_hp_gain":0,"max_hp_loss":3,"event_name":"Winding Halls","floor":48,"gold_loss":0}],"is_beta":false,"boss_relics":[{"not_picked":["Coffee Dripper","Calling Bell"],"picked":"Dota2Spire:Bloodstone"},{"not_picked":["Runic Pyramid","Sozu"],"picked":"Inserter"}],"items_purged_floors":[3,20,20,38],"is_endless":false,"potions_floor_spawned":[1,2,6,11,27,29,35,36,41,47],"ascension_level":2}}