{"host":"k67zwea37tbl4jhz","time":1610359139,"event":{"mods":["AchievementEnabler","Aspiration","BaseMod","Better Altar","Better Match","Better Sensory Stone","Better Skull","Better Third Choice","BetterRewards","CCEM","Clawfect","Colored Map","Conspire","Downfall","GifTheSpireLib","Googly Eyes","Halation","Highlight Path","Hubris","Mimic Mod","Minty Spire (QoL Compilation)","Permanent Neow","Replay The Spire","Shop Mod","Spicy Shops","StSLib","Stuff the Spire","Unceasing Turn Reminder","everything is the same but u backflip on backflip"],"gold_per_floor":[99,99,99,109,125,125,125,138,164,191,205,223,148,148,161,199,209,308,308,233,233,34,54,69,99,129,129,158,176,176,176,176,201,217,236,246,341,341,266,277,112,128,128,128,155,183,183,208,243,114,129,148,161,161,161,196,39,39,39],"floor_reached":60,"playtime":6369,"items_purged":[],"score":1666,"play_id":"9142ba21-8365-4878-b1db-67591485e5ec","local_time":"20210111045859","is_ascension_mode":false,"campfire_choices":[{"floor":3.0,"key":"RECALL"},{"floor":13.0,"key":"REST"},{"data":"Slimebound:GrowthPunch","floor":20.0,"key":"SMITH"},{"data":"Apotheosis","floor":39.0,"key":"SMITH"},{"data":"Amnesia","floor":47.0,"key":"SMITH"},{"data":"StuffTheSpire:BrainWave","floor":58,"key":"SMITH"}],"circlet_count":0,"master_deck":["Slimebound:Strike_Slimebound","Slimebound:Strike_Slimebound","Slimebound:Tackle","Slimebound:Defend_Slimebound","Slimebound:Defend_Slimebound","Slimebound:Defend_Slimebound","Slimebound:Defend_Slimebound","Slimebound:Split","Slimebound:CorrosiveSpit","Slimebound:Darklings","Slimebound:PressTheAttack+1","Slimebound:LeechingTouch","Slimebound:ServeAndProtect","Slimebound:MassFeed","Slimebound:GrowthPunch+1","Good Instincts","Slimebound:SamplingLick","Slimebound:HauntingLick","Slimebound:GoopSpray","Slimebound:Teamwork","Apotheosis+1","Slimebound:LeadByExample+1","Slimebound:ForwardTackle","Slimebound:RallyTheTroops","Slimebound:LevelUp","Slimebound:SlimeBarrage+1","Slimebound:SelfFormingGoo","Slimebound:SplitMire","Slimebound:SplitLeeching","Slimebound:HauntingLick+1","StuffTheSpire:BrainWave+1","Slimebound:MassRepurpose","Slimebound:LivingWall+1","Slimebound:SplitMire"],"relics":["Slimebound:AbsorbEndCombat","halation:YellowSoulGem","halation:PrussianBluePaint","Bag of Preparation","downfall:HeartBlessingRed","Painkiller Herb","downfall:HeartBlessingBlue","hubris:BottledHeart","Bronze Scales","Slimebound:MaxSlimesRelic","aspiration:RitualStick","conspire:TopHat","conspire:Boomerang","hubris:GrandSneckoEye","downfall:HeartBlessingGreen","Strange Spoon","Ring of Peace","Ring of Chaos","Strawberry","Eternal Feather","StuffTheSpire:Experiment12","halation:AfternoonTea","Unceasing Top","HandDrill","CCEMRelics:OrganicArmor","Oddly Smooth Stone"],"acts_visited":["Exordium","TheCity","TheBeyond","TheEnding"],"potions_floor_usage":[51],"damage_taken":[{"damage":19.0,"enemies":"2 Louse","floor":4.0,"turns":3.0},{"damage":17.0,"enemies":"Small Slimes","floor":5.0,"turns":3.0},{"damage":17.0,"enemies":"Cultist","floor":8.0,"turns":4.0},{"damage":35.0,"enemies":"Lagavulin","floor":10.0,"turns":7.0},{"damage":47.0,"enemies":"Gremlin Gang","floor":11.0,"turns":6.0},{"damage":17.0,"enemies":"2 Fungi Beasts","floor":12.0,"turns":3.0},{"damage":10.0,"enemies":"3 Louse","floor":15.0,"turns":4.0},{"damage":15.0,"enemies":"Gremlin Gang","floor":16.0,"turns":6.0},{"damage":49.0,"enemies":"Gremlin Gang","floor":17.0,"turns":4.0},{"damage":75.0,"enemies":"downfall:Silent","floor":18.0,"turns":14.0},{"damage":0.0,"enemies":"downfall:FleeingMerchant","floor":22.0,"turns":4.0},{"damage":0.0,"enemies":"Chosen","floor":23.0,"turns":5.0},{"damage":0.0,"enemies":"Chosen and Byrds","floor":24.0,"turns":4.0},{"damage":0.0,"enemies":"Replay:Snechameleon","floor":25.0,"turns":5.0},{"damage":0.0,"enemies":"Centurion and Healer","floor":26.0,"turns":7.0},{"damage":0.0,"enemies":"conspire:SneckoGhost","floor":28.0,"turns":4.0},{"damage":0.0,"enemies":"Centurion and Healer","floor":29.0,"turns":3.0},{"damage":0.0,"enemies":"Gremlin Leader","floor":33.0,"turns":5.0},{"damage":0.0,"enemies":"Shelled Parasite and Fungi","floor":34.0,"turns":3.0},{"damage":0.0,"enemies":"Snecko","floor":35.0,"turns":4.0},{"damage":0.0,"enemies":"Snake Plant","floor":36.0,"turns":2.0},{"damage":0.0,"enemies":"downfall:Defect","floor":37.0,"turns":7.0},{"damage":0.0,"enemies":"3 Darklings","floor":40.0,"turns":5.0},{"damage":0.0,"enemies":"downfall:FleeingMerchant","floor":41.0,"turns":4.0},{"damage":0.0,"enemies":"3 Shapes","floor":42.0,"turns":3.0},{"damage":0.0,"enemies":"R_Hoarder","floor":46.0,"turns":7.0},{"damage":0.0,"enemies":"conspire:MimicChest","floor":48.0,"turns":4.0},{"damage":0.0,"enemies":"Giant Head","floor":49.0,"turns":7.0},{"damage":0.0,"enemies":"downfall:FleeingMerchant","floor":50.0,"turns":3.0},{"damage":0,"enemies":"Nemesis","floor":51,"turns":7},{"damage":0,"enemies":"Maw","floor":52,"turns":5},{"damage":0,"enemies":"Writhing Mass","floor":53,"turns":4},{"damage":0,"enemies":"downfall:Ironclad","floor":54,"turns":9},{"damage":0,"enemies":"downfall:CharBossMerchant","floor":56,"turns":7},{"damage":0,"enemies":"downfall:NeowBoss","floor":59,"turns":15}],"seed_played":"1617273165696351766","potions_obtained":[{"floor":8.0,"key":"sneckomod:MuddlingPotion"},{"floor":10.0,"key":"Slimebound:SlimyTonguePotion"},{"floor":11.0,"key":"Fire Potion"},{"floor":42.0,"key":"Ancient Potion"},{"floor":49.0,"key":"EssenceOfSteel"}],"is_trial":false,"path_per_floor":["PTL","PTL","R","M","M","?","?","M","T","E","M","M","R","?","M","MIM","M","B",null,"T","?","T","?","?","E","MIM","?","E","?","PTL","PTL","?","E","?","?","?","B",null,"T","?","T","?","?","?","T","E","T","?","E","T","E","?","?","B",null,"E","T","T","B",null],"character_chosen":"SLIMEBOUND","items_purchased":["Apotheosis","Strange Spoon","Unceasing Top","HandDrill","Oddly Smooth Stone"],"campfire_rested":1,"item_purchase_floors":[22,41,50,50,57],"current_hp_per_floor":[60,60,60,53,56,56,56,55,55,50,33,38,59,59,71,78,56,44,84,94,1,1,1,1,1,1,1,1,1,1,1,1,1,1,1,1,1,1,1,1,1,1,1,1,1,1,1,1,1,1,1,1,1,1,1,1,1,1,1],"gold":39,"neow_bonus":"ONE_RANDOM_RARE_CARD","is_daily":false,"chose_seed":false,"campfire_upgraded":4,"win_rate":0.0,"timestamp":1610359139,"path_taken":["PTL","PTL","R","M","M","?","?","M","T","E","?","?","R","?","?","?","M","BOSS","T","?","T","?","?","E","MIM","?","E","?","PTL","PTL","?","E","?","?","?","BOSS","T","?","T","?","?","?","T","E","T","?","E","T","E","?","?","BOSS","E","T","T","BOSS"],"items_purchased_type":["Card","Relic","Relic","Relic","Relic"],"build_version":"2020-12-22","purchased_purges":0,"victory":true,"max_hp_per_floor":[60,60,60,60,60,60,60,60,60,60,66,72,72,72,78,78,81,84,84,94,1,1,1,1,1,1,1,1,1,1,1,1,1,1,1,1,1,1,1,1,1,1,1,1,1,1,1,1,1,1,1,1,1,1,1,1,1,1,1],"card_choices":[{"not_picked":["Slimebound:RejuvenatingLick","Slimebound:SlimeTap"],"picked":"Slimebound:PressTheAttack","floor":4.0},{"not_picked":["Slimebound:SlimeTap","Slimebound:SplitMire"],"picked":"Slimebound:LeechingTouch","floor":5.0},{"not_picked":["Slimebound:HauntingLick","Slimebound:SamplingLick"],"picked":"Slimebound:ServeAndProtect","floor":8.0},{"not_picked":["Slimebound:GrowthPunch","Slimebound:Grow"],"picked":"Slimebound:MassFeed","floor":10.0},{"not_picked":["Slimebound:LivingWall","Slimebound:LeechEnergy","Slimebound:Nibble"],"picked":"SKIP","floor":11.0},{"not_picked":["Slimebound:RollThrough","Slimebound:Prepare"],"picked":"Slimebound:GrowthPunch","floor":12.0},{"not_picked":["Secret Technique","The Bomb"],"picked":"Good Instincts","floor":14.0},{"not_picked":["Slimebound:SplitAcid","Slimebound:DisruptingSlam"],"picked":"Slimebound:SamplingLick","floor":15.0},{"not_picked":["Slimebound:SlimeTap","Slimebound:SlimeSpikes"],"picked":"Slimebound:HauntingLick","floor":16.0},{"not_picked":["Slimebound:LeechingTouch","Slimebound:PressTheAttack"],"picked":"Slimebound:GoopSpray","floor":17.0},{"not_picked":["Slimebound:Overexert","Slimebound:WasteNot"],"picked":"Slimebound:Teamwork","floor":18.0},{"not_picked":["Slimebound:Schlurp","Slimebound:LivingWall","Slimebound:GrowthPunch"],"picked":"SKIP","floor":22.0},{"not_picked":["Slimebound:LeechingTouch","Slimebound:SplitLeeching"],"picked":"Slimebound:LeadByExample+1","floor":23.0},{"not_picked":["Slimebound:Schlurp","Slimebound:RollThrough"],"picked":"Slimebound:ForwardTackle","floor":24.0},{"not_picked":["Slimebound:Equalize","Slimebound:Repurpose"],"picked":"Slimebound:RallyTheTroops","floor":25.0},{"not_picked":["Slimebound:SlimeSpikes+1","Slimebound:Prepare+1"],"picked":"Slimebound:LevelUp","floor":28.0},{"not_picked":["Slimebound:BestDefense+1","Slimebound:ViciousTackle+1","Slimebound:LeechingTouch"],"picked":"SKIP","floor":29.0},{"not_picked":["Slimebound:ItLooksTasty","Slimebound:PrepareCrush","Slimebound:Replication"],"picked":"SKIP","floor":33.0},{"not_picked":["Slimebound:SplitBruiser","Slimebound:Schlurp","Slimebound:GoopTackle+1"],"picked":"SKIP","floor":34.0},{"not_picked":["Slimebound:RollThrough","Slimebound:Nibble","Slimebound:SplitLeeching+1"],"picked":"SKIP","floor":35.0},{"not_picked":["Slimebound:Repurpose","Slimebound:PressTheAttack"],"picked":"Slimebound:SlimeBarrage+1","floor":36.0},{"not_picked":["Slimebound:MinionMaster","Slimebound:TagTeam"],"picked":"Slimebound:SelfFormingGoo","floor":37.0},{"not_picked":["Slimebound:SplitBruiser","Slimebound:Schlurp+1"],"picked":"Slimebound:SplitMire","floor":40.0},{"not_picked":["Slimebound:SamplingLick","Slimebound:ComboTackle"],"picked":"Slimebound:SplitLeeching","floor":41.0},{"not_picked":["Slimebound:ServeAndProtect","Slimebound:RollThrough"],"picked":"Slimebound:HauntingLick+1","floor":42.0},{"not_picked":["Slimebound:SplitMire+1","Slimebound:SplitBruiser"],"picked":"Slimebound:MassRepurpose","floor":46.0},{"not_picked":["Slimebound:SamplingLick","Slimebound:Prepare"],"picked":"Slimebound:LivingWall+1","floor":48.0},{"not_picked":["Slimebound:DisruptingSlam","Slimebound:Schlurp","Slimebound:RollThrough+1"],"picked":"SKIP","floor":49.0},{"not_picked":["Slimebound:ItLooksTasty+1","Slimebound:BestDefense","Slimebound:SlimeSpikes+1"],"picked":"SKIP","floor":51},{"not_picked":["Slimebound:GoopSpray+1","Slimebound:LeechEnergy","Slimebound:FinishingTackle+1"],"picked":"SKIP","floor":52},{"not_picked":["Slimebound:SplitLeeching+1","Slimebound:LeadByExample","Slimebound:SlimeBarrage+1"],"picked":"SKIP","floor":53},{"not_picked":["Slimebound:LeechingTouch","Slimebound:FinishingTackle+1"],"picked":"Slimebound:SplitMire","floor":56}],"player_experience":196706,"relics_obtained":[{"floor":9.0,"key":"halation:PrussianBluePaint"},{"floor":10.0,"key":"Bag of Preparation"},{"floor":25.0,"key":"Bronze Scales"},{"floor":26.0,"key":"Slimebound:MaxSlimesRelic"},{"floor":28.0,"key":"conspire:TopHat"},{"floor":33.0,"key":"conspire:Boomerang"},{"floor":43.0,"key":"Ring of Peace"},{"floor":43.0,"key":"Ring of Chaos"},{"floor":45.0,"key":"Strawberry"},{"floor":46.0,"key":"Eternal Feather"},{"floor":48.0,"key":"StuffTheSpire:Experiment12"},{"floor":49.0,"key":"halation:AfternoonTea"},{"floor":56,"key":"CCEMRelics:OrganicArmor"}],"event_choices":[{"cards_removed":["Slimebound:Strike_Slimebound"],"damage_healed":0.0,"max_hp_gain":0.0,"max_hp_loss":0.0,"gold_gain":0.0,"event_name":"Purifier","player_choice":"Purged","floor":7.0,"gold_loss":0.0,"damage_taken":0.0},{"damage_healed":0.0,"max_hp_gain":0.0,"max_hp_loss":0.0,"gold_gain":1.0,"event_name":"betterStone:BetterStone","player_choice":"1","floor":14.0,"gold_loss":0.0,"damage_taken":0.0},{"damage_healed":0.0,"max_hp_gain":0.0,"max_hp_loss":0.0,"gold_gain":0.0,"event_name":"Ghosts","player_choice":"Ignored","floor":32.0,"gold_loss":0.0,"damage_taken":0.0}],"is_beta":false,"boss_relics":[{"not_picked":["Philosopher\u0027s Stone","hubris:RunicObelisk"],"picked":"Painkiller Herb"},{"not_picked":["Replay:Ancient Bell","hubris:ScarierMask"],"picked":"hubris:GrandSneckoEye"}],"items_purged_floors":[],"is_endless":false,"potions_floor_spawned":[8,10,11,15,17,18,23,24,28,34,36,37,42,46,49],"ascension_level":0}}