{"host":"tgr1xoidyjfo4u0n","time":1610365315,"event":{"mods":["Act Like it!","Alarm Clock","BaseMod","CapriCore","Colored Powertips","GifTheSpireLib","Highlight Path","Minty Spire (QoL Compilation)","StSLib"],"gold_per_floor":[364,364,382,398,415,415,426,426,451,401,427,140,152,163,163,266,266,278,295,308,308,322,322,322],"floor_reached":23,"playtime":932,"items_purged":["Strike_G"],"score":187,"play_id":"1f87b0a6-e1e9-4400-9b99-c92fdaedd380","local_time":"20210111194155","is_ascension_mode":false,"campfire_choices":[{"data":"Prepared","floor":6.0,"key":"SMITH"},{"data":"Neutralize","floor":8.0,"key":"SMITH"},{"data":"Terror","floor":15.0,"key":"SMITH"}],"circlet_count":0,"master_deck":["Strike_G","Defend_G","Defend_G","Defend_G","Defend_G","Defend_G","Survivor","Neutralize+1","Blade Dance","Strike_G","Eviscerate","Prepared+1","Underhanded Strike","Terror+1","Tools of the Trade","Acrobatics","Adrenaline","Cloak And Dagger","PiercingWail","Wraith Form v2"],"relics":["Ring of the Snake","Blood Vial","HoveringKite"],"acts_visited":["Exordium","TheCity"],"potions_floor_usage":[],"damage_taken":[{"damage":0.0,"enemies":"Small Slimes","floor":1.0,"turns":3.0},{"damage":1.0,"enemies":"Cultist","floor":3.0,"turns":3.0},{"damage":4.0,"enemies":"Jaw Worm","floor":4.0,"turns":4.0},{"damage":0.0,"enemies":"Exordium Wildlife","floor":5.0,"turns":4.0},{"damage":2.0,"enemies":"Exordium Thugs","floor":7.0,"turns":6.0},{"damage":0.0,"enemies":"Blue Slaver","floor":13.0,"turns":3.0},{"damage":0.0,"enemies":"Large Slime","floor":14.0,"turns":3.0},{"damage":15.0,"enemies":"Hexaghost","floor":16.0,"turns":6.0},{"damage":13.0,"enemies":"Spheric Guardian","floor":18.0,"turns":4.0},{"damage":7.0,"enemies":"2 Thieves","floor":19.0,"turns":3.0},{"damage":0.0,"enemies":"Snecko","floor":20.0,"turns":3.0},{"damage":4.0,"enemies":"Centurion and Healer","floor":22.0,"turns":6.0},{"damage":0,"enemies":"Gremlin Leader","floor":23,"turns":1}],"seed_played":"-7487587819616370261","potions_obtained":[{"floor":3.0,"key":"Fire Potion"},{"floor":5.0,"key":"SteroidPotion"},{"floor":7.0,"key":"SkillPotion"},{"floor":18.0,"key":"Swift Potion"}],"is_trial":false,"path_per_floor":["M","?","M","M","M","R","M","R","T","?","T","$","M","M","R","B",null,"M","M","M","?","M","E"],"character_chosen":"THE_SILENT","items_purchased":["Terror","Tools of the Trade"],"campfire_rested":0,"item_purchase_floors":[12,12],"current_hp_per_floor":[49,49,48,44,44,44,42,42,42,42,42,42,44,46,46,33,70,57,52,54,54,52,54,54],"gold":322,"neow_bonus":"TWO_FIFTY_GOLD","is_daily":false,"chose_seed":false,"campfire_upgraded":3,"win_rate":0.0,"timestamp":1610365315,"path_taken":["M","?","M","M","?","R","M","R","T","?","?","$","M","M","R","BOSS","M","M","M","?","M","E"],"items_purchased_type":["Card","Card"],"build_version":"2020-12-22","purchased_purges":1,"victory":false,"max_hp_per_floor":[70,70,70,70,70,70,70,70,70,70,70,70,70,70,70,70,70,70,70,70,70,70,70,70],"card_choices":[{"not_picked":["Dodge and Roll","Prepared"],"picked":"Blade Dance","floor":1.0},{"not_picked":["Backstab","Blade Dance"],"picked":"Eviscerate","floor":3.0},{"not_picked":["PiercingWail","Catalyst"],"picked":"Prepared","floor":4.0},{"not_picked":["Caltrops","Glass Knife"],"picked":"Underhanded Strike","floor":5.0},{"not_picked":["Dagger Throw","Deflect","Dagger Spray"],"picked":"SKIP","floor":7.0},{"not_picked":["Deadly Poison","Dagger Throw","Blur"],"picked":"SKIP","floor":13.0},{"not_picked":["Escape Plan","Expertise"],"picked":"Acrobatics","floor":14.0},{"not_picked":["Venomology","A Thousand Cuts"],"picked":"Adrenaline","floor":16.0},{"not_picked":["Deadly Poison","Backstab","Dodge and Roll"],"picked":"SKIP","floor":18.0},{"not_picked":["Poisoned Stab","Well Laid Plans+1"],"picked":"Cloak And Dagger","floor":19.0},{"not_picked":["Sucker Punch","Deflect"],"picked":"PiercingWail","floor":20.0},{"not_picked":["Predator+1","Reflex"],"picked":"Wraith Form v2","floor":22.0}],"player_experience":350035,"relics_obtained":[{"floor":11.0,"key":"Blood Vial"}],"event_choices":[{"cards_removed":["Strike_G"],"damage_healed":0.0,"max_hp_gain":0.0,"max_hp_loss":0.0,"gold_gain":0.0,"event_name":"NoteForYourself","player_choice":"Took Card","floor":2.0,"gold_loss":0.0,"damage_taken":0.0,"cards_obtained":["Strike_G"]},{"cards_removed":["Strike_G"],"damage_healed":0.0,"max_hp_gain":0.0,"max_hp_loss":0.0,"gold_gain":0.0,"event_name":"The Cleric","player_choice":"Card Removal","floor":10.0,"gold_loss":50.0,"damage_taken":0.0},{"cards_removed":["Strike_G"],"damage_healed":0.0,"max_hp_gain":0.0,"max_hp_loss":0.0,"gold_gain":0.0,"event_name":"Back to Basics","player_choice":"Elegance","floor":21.0,"gold_loss":0.0,"damage_taken":0.0}],"is_beta":false,"boss_relics":[{"not_picked":["Busted Crown","Snecko Eye"],"picked":"HoveringKite"}],"items_purged_floors":[12],"is_endless":false,"potions_floor_spawned":[3,5,7,13,16,18],"killed_by":"Gremlin Leader","ascension_level":0}}