{"host":"684z1xpuwaoqmmh1","time":1610409292,"event":{"mods":["Bard","BaseMod","Downfall","Hermit","Jorbs\u0027s Wanderer Trilogy","Marisa????????","Minty Spire (QoL Compilation)","Robot Space Explorer","Shade Mod","StSLib","The Hierophant","The Marked","The Mystic"],"gold_per_floor":[117,117,133,133,18,18,52,65,65,94,94,194,228,128,128,229,229,241,252,252,264,278,309,309,336,336,364,364,364,384,402,402,506,506,519,245,260,260,286,316,331,366,391,391,408,436,436,490,490,490,490,490,127,155,155,155],"floor_reached":55,"playtime":3815,"items_purged":["theMarked:Strike","Regret","theMarked:Strike"],"score":899,"play_id":"c927522a-b540-4e41-a1a7-54253f50fdb8","local_time":"20210112015452","is_ascension_mode":true,"campfire_choices":[{"data":"theMarked:Standoff","floor":6.0,"key":"SMITH"},{"data":"theMarked:Defy","floor":15.0,"key":"SMITH"},{"floor":24.0,"key":"REST"},{"floor":29.0,"key":"REST"},{"data":"theMarked:ComboAttacks","floor":32.0,"key":"SMITH"},{"floor":44.0,"key":"RECALL"},{"floor":49.0,"key":"REST"},{"data":"theMarked:Levitate","floor":52.0,"key":"SMITH"}],"circlet_count":0,"master_deck":["theMarked:Strike+1","theMarked:Strike","theMarked:Defend+1","theMarked:Defend+1","theMarked:SoldierOfQuellstein+1","theMarked:ChainLightning","theMarked:CreepingChasm+1","theMarked:Standoff+1","theMarked:HeightenedSenses","theMarked:Defy+1","theMarked:WardOff","theMarked:FavorableWinds","theMarked:ComboAttacks+1","theMarked:Aftermath+1","theMarked:AttractMetal","theMarked:Improvise+1","theMarked:DeterminationOfTheMarked","theMarked:BanishingStrike+1","theMarked:Standoff+1","theMarked:Overthink","theMarked:Levitate+1","theMarked:ReduceFriction+1","theMarked:ElementalBlade+1","theMarked:MysticalArsenal+1","theMarked:EternalStudent","theMarked:TwofoldDefense+1","theMarked:AttractMetal","theMarked:RogueSparks"],"relics":["theMarked:ArtifactOfAir","Blood Vial","StrikeDummy","Bag of Preparation","theMarked:DemonDagger","Potion Belt","hexamod:BolsterEngine","Empty Cage","StoneCalendar","Tiny Chest","Lizard Tail","Ice Cream","Bottled Flame","theMarked:Eyepatch","Toy Ornithopter","theMarked:SecretDocuments","War Paint","Smiling Mask","Shovel","Turnip","theMarked:VonisonLock","Sundial"],"acts_visited":["Exordium","TheCity","TheBeyond","TheEnding"],"potions_floor_usage":[54],"damage_taken":[{"damage":1.0,"enemies":"Jaw Worm","floor":1.0,"turns":5.0},{"damage":0.0,"enemies":"2 Louse","floor":3.0,"turns":2.0},{"damage":0.0,"enemies":"3 Sentries","floor":7.0,"turns":4.0},{"damage":0.0,"enemies":"Small Slimes","floor":8.0,"turns":2.0},{"damage":10.0,"enemies":"Lagavulin","floor":10.0,"turns":7.0},{"damage":5.0,"enemies":"3 Sentries","floor":13.0,"turns":4.0},{"damage":0.0,"enemies":"Slime Boss","floor":16.0,"turns":5.0},{"damage":6.0,"enemies":"3 Byrds","floor":18.0,"turns":5.0},{"damage":2.0,"enemies":"Shell Parasite","floor":19.0,"turns":5.0},{"damage":7.0,"enemies":"Snecko","floor":21.0,"turns":5.0},{"damage":11.0,"enemies":"Sentry and Sphere","floor":22.0,"turns":7.0},{"damage":21.0,"enemies":"Slavers","floor":23.0,"turns":6.0},{"damage":20.0,"enemies":"Gremlin Leader","floor":25.0,"turns":7.0},{"damage":19.0,"enemies":"Book of Stabbing","floor":27.0,"turns":5.0},{"damage":10.0,"enemies":"Shelled Parasite and Fungi","floor":30.0,"turns":6.0},{"damage":0.0,"enemies":"Cultist and Chosen","floor":31.0,"turns":3.0},{"damage":23.0,"enemies":"Champ","floor":33.0,"turns":10.0},{"damage":14.0,"enemies":"3 Darklings","floor":35.0,"turns":5.0},{"damage":2.0,"enemies":"3 Shapes","floor":37.0,"turns":7.0},{"damage":1.0,"enemies":"Nemesis","floor":40.0,"turns":7.0},{"damage":2.0,"enemies":"Writhing Mass","floor":41.0,"turns":7.0},{"damage":69.0,"enemies":"Reptomancer","floor":42.0,"turns":7.0},{"damage":0.0,"enemies":"Spire Growth","floor":45.0,"turns":6.0},{"damage":8.0,"enemies":"Nemesis","floor":46.0,"turns":7.0},{"damage":31.0,"enemies":"2 Orb Walkers","floor":48.0,"turns":6.0},{"damage":35.0,"enemies":"Donu and Deca","floor":50.0,"turns":10.0},{"damage":29,"enemies":"Shield and Spear","floor":54,"turns":8},{"damage":54,"enemies":"The Heart","floor":55,"turns":9}],"seed_played":"2462212183997580392","potions_obtained":[{"floor":3.0,"key":"ColorlessPotion"},{"floor":8.0,"key":"Dexterity Potion"},{"floor":13.0,"key":"Guardian:BlockOnCardUsePotion"},{"floor":16.0,"key":"ColorlessPotion"},{"floor":21.0,"key":"LiquidBronze"},{"floor":22.0,"key":"SmokeBomb"},{"floor":25.0,"key":"GamblersBrew"},{"floor":31.0,"key":"BlessingOfTheForge"},{"floor":35.0,"key":"BlessingOfTheForge"},{"floor":37.0,"key":"GamblersBrew"},{"floor":48.0,"key":"Energy Potion"},{"floor":54,"key":"Fruit Juice"}],"is_trial":false,"path_per_floor":["M","?","M","?","$","R","E","M","T","E","?","?","E","$","R","B",null,"M","M","T","M","M","E","R","E","T","E","?","R","M","M","R","B",null,"M","$","M","?","T","E","M","E","T","R","M","E","?","?","R","B",null,"R","$","E","B"],"character_chosen":"THE_DEFAULT","items_purchased":["theMarked:Standoff","Toy Ornithopter","theMarked:VonisonLock","theMarked:AttractMetal"],"campfire_rested":3,"item_purchase_floors":[5,36,53,53],"current_hp_per_floor":[69,55,57,57,57,57,59,61,61,53,53,53,50,50,50,52,70,64,64,64,59,50,31,52,34,34,17,17,38,30,32,32,11,70,56,56,56,56,56,67,67,35,35,35,37,36,36,17,38,10,70,70,70,51,0,0],"gold":155,"neow_bonus":"RANDOM_COMMON_RELIC","is_daily":false,"chose_seed":false,"campfire_upgraded":4,"win_rate":0.0,"timestamp":1610409292,"path_taken":["M","?","M","?","?","R","E","M","T","E","?","?","E","$","R","BOSS","M","M","?","M","M","E","R","E","T","E","?","R","M","?","R","BOSS","M","$","M","?","?","E","M","E","T","R","M","E","?","?","R","BOSS","R","$","E","BOSS"],"items_purchased_type":["Card","Relic","Relic","Card"],"build_version":"2020-12-22","purchased_purges":3,"victory":false,"max_hp_per_floor":[70,70,70,70,70,70,70,70,70,70,70,70,70,70,70,70,70,70,70,70,70,70,70,70,70,70,70,70,70,70,70,70,70,70,70,70,70,70,70,70,70,70,70,70,70,70,70,70,70,70,70,70,70,75,75,75],"card_choices":[{"not_picked":["theMarked:Frustration","theMarked:Aftermath"],"picked":"theMarked:ChainLightning","floor":1.0},{"not_picked":["theMarked:ShockingTouch","theMarked:Static"],"picked":"theMarked:CreepingChasm","floor":3.0},{"not_picked":["theMarked:Opportunist","theMarked:ParalyzingBlade"],"picked":"theMarked:HeightenedSenses","floor":7.0},{"not_picked":["theMarked:ParalyzingBlade","theMarked:ShockingTouch","theMarked:Aftermath"],"picked":"SKIP","floor":8.0},{"not_picked":["theMarked:EmpowerWeapon","theMarked:ElectricStrings"],"picked":"theMarked:Defy","floor":10.0},{"not_picked":["theMarked:ResourceFulStrike","theMarked:Static"],"picked":"theMarked:WardOff","floor":13.0},{"not_picked":["theMarked:ThrowWeapon","theMarked:Challenge"],"picked":"theMarked:FavorableWinds","floor":16.0},{"not_picked":["theMarked:RepellingDischarge","theMarked:Overcharge"],"picked":"theMarked:ComboAttacks","floor":18.0},{"not_picked":["theMarked:Parkour","theMarked:HeightenedSenses"],"picked":"theMarked:Aftermath+1","floor":19.0},{"not_picked":["theMarked:ChainLightning","theMarked:ReduceFriction"],"picked":"theMarked:AttractMetal","floor":21.0},{"not_picked":["theMarked:Aftermath+1","theMarked:HeightenedSenses"],"picked":"theMarked:Improvise+1","floor":22.0},{"not_picked":["theMarked:Improvise","theMarked:WardOff"],"picked":"theMarked:DeterminationOfTheMarked","floor":23.0},{"not_picked":["theMarked:ReduceFriction","theMarked:GodGivenPower"],"picked":"theMarked:BanishingStrike+1","floor":25.0},{"not_picked":["theMarked:Electrify","theMarked:RepellingDischarge"],"picked":"theMarked:ChannelForce","floor":27.0},{"not_picked":["theMarked:ShockingTouch","theMarked:Generate"],"picked":"theMarked:Overthink","floor":30.0},{"not_picked":["theMarked:Parkour","theMarked:ResourceFulStrike+1","theMarked:Improvise"],"picked":"SKIP","floor":31.0},{"not_picked":["theMarked:MagicAdept","theMarked:BindingBlade"],"picked":"theMarked:Levitate","floor":33.0},{"not_picked":["theMarked:ElectricStrings+1","theMarked:Static+1"],"picked":"theMarked:ReduceFriction+1","floor":35.0},{"not_picked":["theMarked:ResourceFulStrike+1","theMarked:ElectricStrings+1"],"picked":"theMarked:ElementalBlade+1","floor":37.0},{"not_picked":["theMarked:DeterminationOfTheMarked","theMarked:Reabsorb","theMarked:Improvise"],"picked":"SKIP","floor":40.0},{"not_picked":["theMarked:LightningStrikesTwice","theMarked:ContemptForTheProud"],"picked":"theMarked:MysticalArsenal+1","floor":41.0},{"not_picked":["theMarked:StartUp+1","theMarked:ParalyzingBlade"],"picked":"theMarked:EternalStudent","floor":42.0},{"not_picked":["theMarked:TwofoldDefense","theMarked:Overthink+1","theMarked:Aftermath"],"picked":"SKIP","floor":45.0},{"not_picked":["theMarked:ComboAttacks","theMarked:Static","theMarked:BanishingStrike+1"],"picked":"SKIP","floor":46.0},{"not_picked":["theMarked:ContemptForTheProud","theMarked:RepellingDischarge+1"],"picked":"theMarked:TwofoldDefense+1","floor":48.0},{"not_picked":["theMarked:Aftermath","theMarked:WastefulAttack"],"picked":"theMarked:RogueSparks","floor":54}],"player_experience":2489973,"relics_obtained":[{"floor":7.0,"key":"StrikeDummy"},{"floor":9.0,"key":"Bag of Preparation"},{"floor":10.0,"key":"theMarked:DemonDagger"},{"floor":13.0,"key":"hexamod:BolsterEngine"},{"floor":20.0,"key":"StoneCalendar"},{"floor":23.0,"key":"Tiny Chest"},{"floor":25.0,"key":"Lizard Tail"},{"floor":26.0,"key":"Ice Cream"},{"floor":27.0,"key":"Bottled Flame"},{"floor":40.0,"key":"theMarked:SecretDocuments"},{"floor":42.0,"key":"War Paint"},{"floor":43.0,"key":"Smiling Mask"},{"floor":46.0,"key":"Shovel"},{"floor":48.0,"key":"Turnip"},{"floor":54,"key":"Sundial"}],"event_choices":[{"damage_healed":0.0,"max_hp_gain":0.0,"max_hp_loss":0.0,"gold_gain":0.0,"event_name":"Shining Light","player_choice":"Entered Light","floor":2.0,"gold_loss":0.0,"damage_taken":14.0,"cards_upgraded":["theMarked:SoldierOfQuellstein","theMarked:Strike"]},{"damage_healed":0.0,"max_hp_gain":0.0,"max_hp_loss":0.0,"gold_gain":0.0,"event_name":"Living Wall","player_choice":"Grow","floor":4.0,"gold_loss":0.0,"damage_taken":0.0,"cards_upgraded":["theMarked:CreepingChasm"]},{"damage_healed":0.0,"max_hp_gain":0.0,"max_hp_loss":0.0,"gold_gain":0.0,"event_name":"Big Fish","player_choice":"Box","floor":11.0,"gold_loss":0.0,"damage_taken":0.0,"relics_obtained":["Potion Belt"],"cards_obtained":["Regret"]},{"damage_healed":0.0,"max_hp_gain":0.0,"max_hp_loss":0.0,"gold_gain":100.0,"event_name":"Golden Shrine","player_choice":"Pray","floor":12.0,"gold_loss":0.0,"damage_taken":0.0},{"damage_healed":0.0,"max_hp_gain":0.0,"max_hp_loss":0.0,"gold_gain":0.0,"event_name":"Duplicator","player_choice":"Copied","floor":28.0,"gold_loss":0.0,"damage_taken":0.0,"cards_obtained":["theMarked:Standoff"]},{"cards_removed":["theMarked:Defend"],"damage_healed":0.0,"max_hp_gain":0.0,"max_hp_loss":0.0,"gold_gain":0.0,"event_name":"Purifier","player_choice":"Purged","floor":38.0,"gold_loss":0.0,"damage_taken":0.0},{"cards_removed":["theMarked:ChannelForce"],"damage_healed":0.0,"max_hp_gain":0.0,"max_hp_loss":0.0,"gold_gain":0.0,"event_name":"Falling","player_choice":"Removed Skill","floor":47.0,"gold_loss":0.0,"damage_taken":0.0},{"damage_healed":0.0,"max_hp_gain":0.0,"max_hp_loss":0.0,"gold_gain":0.0,"event_name":"Mysterious Sphere","player_choice":"Fight","floor":48.0,"gold_loss":0.0,"damage_taken":0.0}],"is_beta":false,"boss_relics":[{"not_picked":["Sozu","Ectoplasm"],"picked":"Empty Cage"},{"not_picked":["Tiny House","Astrolabe"],"picked":"theMarked:Eyepatch"}],"items_purged_floors":[5,14,36],"is_endless":false,"potions_floor_spawned":[3,8,13,16,21,22,25,31,35,37,48,54],"killed_by":"The Heart","ascension_level":1}}