{"host":"5jyeqch4fosnsiz2","time":1610399665,"event":{"mods":["BaseMod","Bestiary","Colored Map","Colored Powertips","Filter the Spire","Minty Spire (QoL Compilation)","Relic Stats","StSLib","Waifu the Spire","ojb\u0027s Better Paths Mod","ojb\u0027s Info Mod"],"gold_per_floor":[115,115,128,148,163,178,211,222,222,250,53,71,90,103,103,200,200,220,180,193,208,27,27,57,57,57,90,107,107,107,107],"floor_reached":30,"playtime":1171,"items_purged":[],"score":286,"play_id":"8472f6bf-272d-4845-b358-75c9ae594c74","local_time":"20210111161425","is_ascension_mode":false,"campfire_choices":[{"data":"Immolate","floor":15,"key":"SMITH"},{"data":"Juggernaut","floor":23,"key":"SMITH"},{"data":"Flame Barrier","floor":25,"key":"SMITH"}],"circlet_count":0,"master_deck":["Strike_R","Strike_R","Strike_R","Strike_R","Strike_R","Defend_R","Defend_R","Defend_R","Defend_R","Bash","Cleave","Immolate+1","Feel No Pain","Ghostly Armor","Intimidate","Thunderclap","Armaments","Perfected Strike","Dark Embrace","Pommel Strike","Sword Boomerang","Thunderclap","Flame Barrier+1","Juggernaut+1","Sword Boomerang+1","Bloodletting+1","Bloodletting","The Bomb","DeceiveReality+1","Iron Wave"],"relics":["Burning Blood","MealTicket","Lantern","Bag of Marbles","Boot","Runic Dome","PrismaticShard","Potion Belt","The Courier","MutagenicStrength"],"acts_visited":["Exordium","TheCity"],"potions_floor_usage":[7,7,7,16,20,21,24],"damage_taken":[{"damage":12,"enemies":"2 Louse","floor":1,"turns":3},{"damage":6,"enemies":"Cultist","floor":3,"turns":3},{"damage":10,"enemies":"Jaw Worm","floor":4,"turns":5},{"damage":0,"enemies":"Looter","floor":5,"turns":3},{"damage":7,"enemies":"Blue Slaver","floor":6,"turns":3},{"damage":12,"enemies":"3 Sentries","floor":7,"turns":6},{"damage":0,"enemies":"2 Fungi Beasts","floor":8,"turns":4},{"damage":17,"enemies":"Gremlin Nob","floor":10,"turns":4},{"damage":4,"enemies":"Exordium Thugs","floor":12,"turns":2},{"damage":11,"enemies":"Exordium Wildlife","floor":13,"turns":3},{"damage":0,"enemies":"2 Fungi Beasts","floor":14,"turns":2},{"damage":69,"enemies":"The Guardian","floor":16,"turns":16},{"damage":15,"enemies":"Shell Parasite","floor":18,"turns":3},{"damage":10,"enemies":"Chosen","floor":20,"turns":4},{"damage":23,"enemies":"Sentry and Sphere","floor":21,"turns":4},{"damage":38,"enemies":"Gremlin Leader","floor":24,"turns":7},{"damage":33,"enemies":"Book of Stabbing","floor":27,"turns":5},{"damage":0,"enemies":"Chosen and Byrds","floor":28,"turns":3},{"damage":55,"enemies":"Gremlin Leader","floor":30,"turns":6}],"seed_played":"8997444423563216171","potions_obtained":[{"floor":3,"key":"Energy Potion"},{"floor":4,"key":"AttackPotion"},{"floor":6,"key":"Swift Potion"},{"floor":12,"key":"Dexterity Potion"},{"floor":13,"key":"Regen Potion"},{"floor":19,"key":"LiquidMemories"},{"floor":19,"key":"FairyPotion"},{"floor":19,"key":"Regen Potion"},{"floor":20,"key":"EssenceOfSteel"},{"floor":24,"key":"FearPotion"}],"is_trial":false,"path_per_floor":["M","?","M","M","M","M","E","M","T","E","$","M","M","M","R","B",null,"M","?","M","M","$","R","E","R","T","E","M","?","E"],"character_chosen":"IRONCLAD","items_purchased":["Boot","Sword Boomerang","PrismaticShard","Bloodletting"],"campfire_rested":0,"item_purchase_floors":[11,11,22,22],"current_hp_per_floor":[74,74,74,70,76,75,69,75,75,64,79,80,75,80,80,32,80,71,71,67,50,65,65,48,48,48,21,27,27,0,0],"gold":107,"neow_bonus":"RANDOM_COMMON_RELIC","is_daily":false,"chose_seed":false,"campfire_upgraded":3,"win_rate":0.0,"timestamp":1610399665,"path_taken":["M","?","M","M","?","M","E","?","T","E","?","M","M","M","R","BOSS","M","?","M","M","$","R","E","R","T","E","?","?","E"],"items_purchased_type":["Relic","Card","Relic","Card"],"build_version":"2020-12-22","purchased_purges":0,"victory":false,"max_hp_per_floor":[80,80,80,80,80,80,80,80,80,80,80,80,80,80,80,80,80,80,80,80,80,80,80,80,80,80,80,80,80,80,80],"relic_stats":{"counters":[19,86],"MealTicket":30,"Boot":[102],"obtain_stats":[{"Potion Belt":24,"Runic Dome":17,"Lantern":7,"MutagenicStrength":29,"MealTicket":0,"The Courier":27,"Bag of Marbles":9,"Boot":11,"PrismaticShard":22,"Burning Blood":0},{"Potion Belt":16,"Runic Dome":12,"Lantern":6,"MutagenicStrength":18,"MealTicket":0,"The Courier":17,"Bag of Marbles":7,"Boot":8,"PrismaticShard":15,"Burning Blood":0},{"Potion Belt":72,"Runic Dome":54,"Lantern":23,"MutagenicStrength":80,"MealTicket":0,"The Courier":77,"Bag of Marbles":27,"Boot":31,"PrismaticShard":65,"Burning Blood":0}],"Burning Blood":106},"card_choices":[{"not_picked":["Entrench","Combust"],"picked":"Cleave","floor":1},{"not_picked":["Pommel Strike","Iron Wave"],"picked":"Ghostly Armor","floor":3},{"not_picked":["Headbutt","Clothesline"],"picked":"Intimidate","floor":4},{"not_picked":["Flex","Hemokinesis"],"picked":"Thunderclap","floor":5},{"not_picked":["Clash","Thunderclap"],"picked":"Armaments","floor":6},{"not_picked":["Combust","Clash"],"picked":"Perfected Strike","floor":7},{"not_picked":["Armaments","Flex"],"picked":"Dark Embrace","floor":8},{"not_picked":["Havoc","Feel No Pain"],"picked":"Pommel Strike","floor":10},{"not_picked":["Carnage","Perfected Strike"],"picked":"Thunderclap","floor":12},{"not_picked":["Seeing Red","Sever Soul"],"picked":"Flame Barrier","floor":13},{"not_picked":["Uppercut","Armaments","Whirlwind"],"picked":"SKIP","floor":14},{"not_picked":["Bludgeon","Offering"],"picked":"Juggernaut","floor":16},{"not_picked":["Warcry","Perfected Strike+1"],"picked":"Sword Boomerang+1","floor":18},{"not_picked":["Shrug It Off","Cleave"],"picked":"Bloodletting+1","floor":20},{"not_picked":["Flex","Armaments","Shrug It Off"],"picked":"SKIP","floor":21},{"not_picked":["Flechettes+1","CutThroughFate+1"],"picked":"The Bomb","floor":24},{"not_picked":["CrushJoints","Acrobatics+1"],"picked":"DeceiveReality+1","floor":27},{"not_picked":["Dual Wield","CarveReality+1"],"picked":"Iron Wave","floor":28}],"player_experience":303267,"relics_obtained":[{"floor":7,"key":"Lantern"},{"floor":9,"key":"Bag of Marbles"},{"floor":24,"key":"Potion Belt"},{"floor":27,"key":"The Courier"}],"event_choices":[{"damage_healed":0,"gold_gain":0,"player_choice":"2 cards matched","damage_taken":0,"max_hp_gain":0,"max_hp_loss":0,"event_name":"Match and Keep!","floor":2,"gold_loss":0,"cards_obtained":["Immolate","Feel No Pain"]},{"damage_healed":0,"gold_gain":0,"player_choice":"Bought 3 Potions","damage_taken":0,"max_hp_gain":0,"max_hp_loss":0,"event_name":"The Woman in Blue","floor":19,"gold_loss":0},{"damage_healed":0,"gold_gain":0,"player_choice":"Inject Mutagens","damage_taken":0,"relics_obtained":["MutagenicStrength"],"max_hp_gain":0,"max_hp_loss":0,"event_name":"Drug Dealer","floor":29,"gold_loss":0}],"is_beta":false,"boss_relics":[{"not_picked":["Philosopher\u0027s Stone","Fusion Hammer"],"picked":"Runic Dome"}],"items_purged_floors":[],"is_endless":false,"potions_floor_spawned":[3,4,6,12,13,20,24],"killed_by":"Gremlin Leader","ascension_level":0}}