{"host":"l84l8xigz5v5foa2","time":1610348540,"event":{"mods":["2.2 Compatiblity","AchievementEnabler","BaseMod","Better Note","Better Vampires","Card Filter","Colored Map","DeckTracker","Downfall","Gremlin Skip","Highlight Path","Keyboard Shortcuts","Minty Spire (QoL Compilation)","Permanent Neow","Quick Restart","Relic Filter","Relic Stats","StSLib","SuperFastMode","Transform Curses","Unknown Chances"],"gold_per_floor":[99,119,129,175,185,200,200,110,126,126,160,174,174,190,202,202,202,202],"floor_reached":16,"playtime":573,"items_purged":["hexamod:Strike"],"score":212,"play_id":"24c8de33-c794-4e0c-92f4-2e6267fbbf44","local_time":"20210111160220","is_ascension_mode":true,"campfire_choices":[{"data":"hexamod:Float","floor":1.0,"key":"SMITH"},{"data":"hexamod:GhostOfSpirePast","floor":10,"key":"SMITH"},{"data":"hexamod:RainOfEmbers","floor":13,"key":"SMITH"}],"circlet_count":0,"master_deck":["AscendersBane","hexamod:Strike","hexamod:Strike","hexamod:Defend","hexamod:Defend","hexamod:Defend","hexamod:Sear","hexamod:Float+1","hexamod:HauntingEcho","hexamod:HauntingEcho","hexamod:GhostOfSpirePast+1","hexamod:FastForward","hexamod:EmpoweringStance","hexamod:SwordOfDarkness","hexamod:NightmareGuise+1","hexamod:RainOfEmbers+1","hexamod:PowerFromBeyond+1","hexamod:GhostShield+1"],"relics":["hexamod:SpiritBrand","Nunchaku","Toxic Egg 2","Art of War"],"acts_visited":["Exordium"],"potions_floor_usage":[11],"damage_taken":[{"damage":0.0,"enemies":"Cultist","floor":2.0,"turns":3.0},{"damage":0.0,"enemies":"2 Louse","floor":3.0,"turns":2.0},{"damage":0.0,"enemies":"Small Slimes","floor":5.0,"turns":3.0},{"damage":2,"enemies":"Exordium Wildlife","floor":6,"turns":4},{"damage":4,"enemies":"downfall:FleeingMerchant","floor":8,"turns":4},{"damage":7,"enemies":"Gremlin Gang","floor":9,"turns":4},{"damage":4,"enemies":"3 Sentries","floor":11,"turns":6},{"damage":5,"enemies":"Exordium Thugs","floor":12,"turns":4},{"damage":0,"enemies":"3 Louse","floor":14,"turns":3},{"damage":0,"enemies":"2 Fungi Beasts","floor":15,"turns":3},{"damage":21,"enemies":"downfall:Silent","floor":16,"turns":4}],"seed_played":"6324677514163290524","potions_obtained":[{"floor":6,"key":"Strength Potion"},{"floor":11,"key":"Strength Potion"},{"floor":12,"key":"Fire Potion"},{"floor":14,"key":"Fire Potion"}],"is_trial":false,"path_per_floor":["R","M","M","T","M","M","T","$","M","R","E","M","R","M","M","B"],"character_chosen":"THE_SPIRIT","items_purchased":[],"campfire_rested":0,"item_purchase_floors":[],"current_hp_per_floor":[42,42,42,42,42,40,40,36,29,29,25,20,20,20,20,0,0,0],"gold":202,"neow_bonus":"REMOVE_TWO","is_daily":false,"chose_seed":false,"campfire_upgraded":3,"win_rate":0.0,"timestamp":1610348540,"path_taken":["R","M","?","?","M","M","T","$","?","R","E","M","R","M","M","BOSS"],"items_purchased_type":[],"build_version":"2020-12-22","purchased_purges":1,"victory":false,"max_hp_per_floor":[63,63,63,63,63,63,63,63,63,63,63,63,63,63,63,63,63,63],"relic_stats":{"Nunchaku":[5],"counters":[11,40],"Art of War":[1],"obtain_stats":[{"Nunchaku":4,"Art of War":11,"Toxic Egg 2":7,"hexamod:SpiritBrand":0},{"Nunchaku":2,"Art of War":7,"Toxic Egg 2":4,"hexamod:SpiritBrand":0},{"Nunchaku":5,"Art of War":26,"Toxic Egg 2":12,"hexamod:SpiritBrand":0}]},"card_choices":[{"not_picked":["hexamod:BacktrackSmack","hexamod:ShieldOfDarkness"],"picked":"hexamod:HauntingEcho","floor":2.0},{"not_picked":["hexamod:Hexaguard","hexamod:FastForward"],"picked":"hexamod:HauntingEcho","floor":3.0},{"not_picked":["hexamod:RainOfEmbers","hexamod:RadiantFlame"],"picked":"hexamod:GhostOfSpirePast","floor":5.0},{"not_picked":["hexamod:SkipABeat","hexamod:RecurringNightmare"],"picked":"hexamod:FastForward","floor":6},{"not_picked":["hexamod:Firestarter","hexamod:HauntingEcho"],"picked":"hexamod:EmpoweringStance","floor":8},{"not_picked":["hexamod:FlamesFromBeyond+1","hexamod:RainOfEmbers"],"picked":"hexamod:SwordOfDarkness","floor":9},{"not_picked":["hexamod:FastForward+1","hexamod:GhostShield+1"],"picked":"hexamod:NightmareGuise+1","floor":11},{"not_picked":["hexamod:SwordOfDarkness","hexamod:HeatCrush"],"picked":"hexamod:RainOfEmbers","floor":12},{"not_picked":["hexamod:RecurringNightmare+1","hexamod:ThermalTransfer"],"picked":"hexamod:PowerFromBeyond+1","floor":14},{"not_picked":["hexamod:Hexaguard+1","hexamod:FourthSeal"],"picked":"hexamod:GhostShield+1","floor":15}],"player_experience":3076018,"relics_obtained":[{"floor":4.0,"key":"Nunchaku"},{"floor":7,"key":"Toxic Egg 2"},{"floor":11,"key":"Art of War"}],"event_choices":[],"is_beta":false,"boss_relics":[],"items_purged_floors":[8],"is_endless":false,"potions_floor_spawned":[6,11,12,14,15],"killed_by":"downfall:Silent","ascension_level":20}}