{"host":"rgcz6yx3duq0lh14","time":1610373437,"event":{"mods":["ATMod(à¢‡ıMod)","AchievementEnabler","Act Like it!","Aspiration","Astrologer","BaseMod","CapriCore","Chen","Colored Map","Decade(â§è¨ñæ)","Friendly Minions","Gensokyo","GungeonMod","Hallownest","Hermit","Jedi Mod","KinomotoSakuraMod(ñÿîVñ{?)","Koishi","Mari Mod (Legacy)","Mari\u0027s V1 Patch","MarisaÅiñ∂âJÅ@ñÇóùçπÅj","Minty Spire (QoL Compilation)","MostiFishMod","Pale of the Ancients","Permanent Neow","Potionbrewer","Prisma Mod","Quarter Circle Forward PUNCH!","Quick Restart","ReimuÅiîé??öÎÅj","Replay The Spire","Robot Space Explorer","RumiaBox-òIïƒ?ìIê_îÈ·¥éq","SIMod","Spicy Shops","StSLib","The Alterego","The Animator","The Bug Knight","The Cursed","The Dragon Tamer","The Forsaken","The Gatherer","The Immortal","The Marked","The Mystic","The Poker Player","The Runesmith","The Servant 0.9.4","TheWitcher","Yakumo Yukari mod","YoumuÅiç∞ÈÆódöÎÅj","Åy?ï®?îvÅzREMEMod"],"gold_per_floor":[11,24,40,40,56,56,89,89,112,112,138,158,238,252,252,357,357,373,373,373,373],"floor_reached":20,"playtime":915,"items_purged":[],"score":330,"play_id":"f810579a-537b-4ead-b2c5-586959ae4726","local_time":"20210111215717","is_ascension_mode":true,"campfire_choices":[{"data":"HesitationCuttingSword","floor":6,"key":"SMITH"},{"data":"jedi:RedIncense","floor":10,"key":"SMITH"},{"data":"HumanGodSword","floor":15,"key":"SMITH"}],"circlet_count":0,"master_deck":["Strike_YM","Strike_YM","Strike_YM","Strike_YM","Defend_YM","Defend_YM","Defend_YM","SlashOfPresentWorld","WheelOfPainOfLivingAndDead","MatsuyoiReflectingSatelliteSlash","AT_DivineConfetti","jedi:RedIncense+1","SwordOfBindingDesires","LotusPostureSlash","HesitationCuttingSword+1","GhostSword","BizarrenessOfSixRealms","SwordExtraction","HumanGodSword+1","WickedSoul"],"relics":["HalfPhantom","AT_ATBox","DaveBox","REME_ComplimentaryCards","SynthV:TestCard","Replay:PocketPolymizer","Toy Ornithopter","DemoMod:GlassGuonStoneRelic","GodSword3","jedi:hotpepper","aspiration:HiddenCompartment"],"acts_visited":["Exordium","Gensokyo:Gensokyo"],"potions_floor_usage":[2,5,7],"damage_taken":[{"damage":11,"enemies":"Gensokyo:2_Kodama","floor":1,"turns":5},{"damage":0,"enemies":"Gensokyo:Gryphon","floor":2,"turns":3},{"damage":0,"enemies":"Gensokyo:Python","floor":3,"turns":3},{"damage":18,"enemies":"Gensokyo:Kitsune","floor":5,"turns":4},{"damage":15,"enemies":"Gensokyo:Cirno","floor":7,"turns":7},{"damage":17,"enemies":"Gensokyo:Mamizou","floor":11,"turns":7},{"damage":0,"enemies":"Gensokyo:CorruptedTreant","floor":12,"turns":2},{"damage":0,"enemies":"Gensokyo:VengefulSpirit","floor":14,"turns":3},{"damage":0,"enemies":"Gensokyo:Reimu","floor":16,"turns":6},{"damage":0,"enemies":"Gensokyo:Chomper","floor":18,"turns":2}],"seed_played":"2787791028561764252","potions_obtained":[{"floor":1,"key":"BlessingOfTheForge"},{"floor":2,"key":"potionbrewer:InfectionPotion"},{"floor":3,"key":"SteroidPotion"},{"floor":5,"key":"potionbrewer:CleansingPotion"},{"floor":16,"key":"potionbrewer:CleansingPotion"}],"is_trial":false,"path_per_floor":["M","M","M","COS","M","R","E","?","T","R","E","M","?","M","R","B",null,"M","?","?"],"character_chosen":"YOUMU","items_purchased":[],"campfire_rested":0,"item_purchase_floors":[],"current_hp_per_floor":[57,57,57,57,39,39,24,24,24,24,7,7,7,7,7,7,44,44,44,31,31],"gold":373,"neow_bonus":"THREE_RARE_CARDS","is_daily":false,"chose_seed":false,"campfire_upgraded":3,"win_rate":0.0,"timestamp":1610373437,"path_taken":["M","M","M","COS","M","R","E","?","T","R","E","M","?","M","R","BOSS","M","?","?"],"items_purchased_type":[],"build_version":"2020-12-22","purchased_purges":0,"victory":false,"max_hp_per_floor":[75,75,75,75,75,75,75,75,75,75,75,75,75,75,75,75,56,56,52,52,52],"card_choices":[{"not_picked":["SlashOfSaigyouSpringWind","GreatEnlightenmentAppearingAndDisappearing"],"picked":"MatsuyoiReflectingSatelliteSlash","floor":0},{"not_picked":["PretaSword","ObsessionWithThePresentWorld"],"picked":"SwordOfBindingDesires","floor":1},{"not_picked":["HiganSword","SanzenSekai","SwordOfBindingDesires","TwoHundredYojanaInOneSlash"],"picked":"LotusPostureSlash","floor":2},{"not_picked":["ConstancyOfTheConventionalTruth","SpiderLilyBurial","TwoHundredYojanaInOneSlash","DispleasureOfTheSevenHakus","CherryBlossomFlashing"],"picked":"SKIP","floor":3},{"not_picked":["SpiritMediumsBind","SwordOfBindingDesires","SlashOfDepartureFromHesitation","SlashOfMeditation"],"picked":"HesitationCuttingSword","floor":5},{"not_picked":["RapidSlash","FourBirthsSword","CherryBlossomFlashing","SpiritCuttingSword"],"picked":"GhostSword","floor":7},{"not_picked":["CelestialStarSword","ThoughtCuttingSword","ThreeKonsSevenHakus","FlashingScatteredFlowers"],"picked":"BizarrenessOfSixRealms","floor":11},{"not_picked":["LightFlashOfTheNetherworld","CherryBlossomFlashing","LowerRealmReflectionSlash","PhosphoricSlash"],"picked":"SwordExtraction","floor":12},{"not_picked":["SlashClearingTheSixSenses","FlashingScatteredFlowers","EchoesOfTheInclemencyOfAllBeings","HumanKnowledgeSword"],"picked":"HumanGodSword","floor":14},{"not_picked":["StrangeHalfBody","FastingOfTheYoungPreta","CherryBlossomSword","GreatEnlightenmentAppearingAndDisappearing"],"picked":"WickedSoul","floor":16},{"not_picked":["DispleasureOfTheSevenHakus+1","SwordOfBindingDesires","LifeCuttingSword","SwordExtraction+1","CrescentMoonSlash"],"picked":"SKIP","floor":18}],"player_experience":946984,"relics_obtained":[{"floor":1,"key":"SynthV:TestCard"},{"floor":7,"key":"Replay:PocketPolymizer"},{"floor":9,"key":"Toy Ornithopter"},{"floor":11,"key":"GodSword3"}],"event_choices":[],"is_beta":false,"boss_relics":[{"not_picked":["Replay:Ancient Bell","Cursed Key"],"picked":"jedi:hotpepper"}],"items_purged_floors":[],"is_endless":false,"potions_floor_spawned":[1,2,3,5,16],"ascension_level":9}}