{"host":"6ve8qn5s1am4lo6s","time":1610323420,"event":{"mods":["100% Spire Juice","AchievementEnabler","BaseMod","Better Altar","Better Match","Better Note","Better Vampires","BetterRewards","CapriCore","Displayed Cursed Tome","Evolution","Minty Spire (QoL Compilation)","Permanent Neow","Relic Stats","StSLib"],"gold_per_floor":[110,110,129,129,147,27,50,50,50,71,71,71,114,137,137,260,20,34,34,34,34,34,34,54,54,54,71,105,124,37,57,57,156,36,55,71,71,88,88,88,13,13,13,13,13,26,26,43,43,43,43,43,43,73,73,73],"floor_reached":55,"playtime":5031,"items_purged":["Moonworks:Defend"],"score":782,"play_id":"dd83f54c-be51-4c36-9ea8-e3d78b4b6f87","local_time":"20210110190340","is_ascension_mode":false,"campfire_choices":[{"data":"Moonworks:Accelerator","floor":6,"key":"SMITH"},{"data":"Moonworks:BackdoorTrade","floor":8,"key":"SMITH"},{"floor":15,"key":"RECALL"},{"data":"Moonworks:JonathanRush","floor":23,"key":"SMITH"},{"data":"Moonworks:ImOnFire","floor":25,"key":"SMITH"},{"data":"Moonworks:Dinner","floor":32,"key":"SMITH"},{"data":"Moonworks:MetallicMonocoque","floor":40,"key":"SMITH"},{"data":"Moonworks:CloudOfSeagulls","floor":42,"key":"SMITH"},{"data":"Moonworks:Dash","floor":45,"key":"SMITH"},{"data":"Moonworks:ScrambledEve","floor":49,"key":"SMITH"},{"data":"Moonworks:JonathanRush","floor":52,"key":"SMITH"}],"circlet_count":0,"master_deck":["Moonworks:Defend","Moonworks:Defend","Moonworks:Defend","Moonworks:Ambush","Moonworks:LongDistanceShot","Moonworks:Accelerator+1","Moonworks:Dinner+1","Moonworks:ImOnFire+1","Moonworks:SakisCookie","Moonworks:BackdoorTrade+1","Moonworks:SakisCookie","Moonworks:Dash+1","Moonworks:JonathanRush+1","Moonworks:PlushieMaster","Moonworks:CloudOfSeagulls+1","Moonworks:ScrambledEve+1","Moonworks:JonathanRush+1","Moonworks:JonathanRush","Moonworks:FullSpeedAlicianrone+1","Moonworks:WindyEnchantment+1","Moonworks:MetallicMonocoque+1","Moonworks:BigMagnum+1","Moonworks:ScrambledEve+1","Moonworks:AngelHand+1","Moonworks:WindyEnchantment","Moonworks:CloudOfSeagulls+1","Finesse","Moonworks:WindyEnchantment+1","Moonworks:LulusLuckyEgg+1","Moonworks:EvilSpyWorkPreparation+1","Moonworks:JonathanRush+1"],"relics":["Moonworks:BrokenBomb","Moonworks:Homemark","EVO:Axolotl","Bloody Idol","CultistMask","Kunai","SlaversCollar","MutagenicStrength","Moonworks:LittleGull","Lantern","Pen Nib","Astrolabe","Torii","Blue Candle","Bottled Flame"],"acts_visited":["Exordium","TheCity","TheBeyond","TheEnding"],"potions_floor_usage":[13,16,28,28,30,55,55],"damage_taken":[{"damage":1,"enemies":"Jaw Worm","floor":1,"turns":4},{"damage":1,"enemies":"Cultist","floor":3,"turns":3},{"damage":8,"enemies":"Small Slimes","floor":5,"turns":4},{"damage":18,"enemies":"Exordium Thugs","floor":7,"turns":6},{"damage":7,"enemies":"Red Slaver","floor":10,"turns":3},{"damage":20,"enemies":"Lagavulin","floor":13,"turns":6},{"damage":0,"enemies":"Blue Slaver","floor":14,"turns":4},{"damage":39,"enemies":"The Guardian","floor":16,"turns":11},{"damage":18,"enemies":"Spheric Guardian","floor":18,"turns":4},{"damage":26,"enemies":"3 Byrds","floor":24,"turns":6},{"damage":0,"enemies":"Centurion and Healer","floor":27,"turns":5},{"damage":27,"enemies":"Gremlin Leader","floor":28,"turns":5},{"damage":15,"enemies":"Sentry and Sphere","floor":29,"turns":5},{"damage":37,"enemies":"Slavers","floor":30,"turns":5},{"damage":17,"enemies":"Shelled Parasite and Fungi","floor":31,"turns":4},{"damage":7,"enemies":"Automaton","floor":33,"turns":5},{"damage":6,"enemies":"Orb Walker","floor":35,"turns":2},{"damage":2,"enemies":"3 Darklings","floor":36,"turns":4},{"damage":21,"enemies":"Writhing Mass","floor":38,"turns":4},{"damage":0,"enemies":"4 Shapes","floor":46,"turns":3},{"damage":3,"enemies":"Maw","floor":48,"turns":3},{"damage":6,"enemies":"Awakened One","floor":50,"turns":4},{"damage":12,"enemies":"Shield and Spear","floor":54,"turns":4},{"damage":89,"enemies":"The Heart","floor":55,"turns":5}],"seed_played":"6254988287766574267","potions_obtained":[{"floor":1,"key":"Ancient Potion"},{"floor":3,"key":"GamblersBrew"},{"floor":10,"key":"SteroidPotion"},{"floor":27,"key":"LiquidBronze"},{"floor":29,"key":"AttackPotion"},{"floor":30,"key":"SpeedPotion"},{"floor":31,"key":"FairyPotion"},{"floor":38,"key":"GamblersBrew"}],"is_trial":false,"path_per_floor":["M","?","M","?","M","R","M","R","T","M","$","?","E","M","R","B",null,"M","?","$","?","?","R","M","R","T","M","E","M","E","M","R","B",null,"M","M","?","M","T","R","$","R","T","?","R","M","$","M","R","B",null,"R","$","E","B"],"character_chosen":"THE_STARBREAKER","items_purchased":[],"campfire_rested":0,"item_purchase_floors":[],"current_hp_per_floor":[59,44,48,48,46,46,36,36,36,31,31,24,14,28,28,1,60,46,46,46,45,45,45,43,43,43,60,52,52,36,37,37,53,60,60,60,60,52,52,52,52,52,52,52,52,60,60,60,60,60,60,60,60,60,0,0],"gold":73,"neow_bonus":"ONE_RANDOM_RARE_CARD","is_daily":false,"chose_seed":false,"campfire_upgraded":10,"win_rate":0.0,"timestamp":1610323420,"path_taken":["M","?","M","?","M","R","?","R","T","M","?","?","E","?","R","BOSS","M","?","$","?","?","R","M","R","T","M","E","?","E","M","R","BOSS","M","M","?","M","?","R","$","R","T","?","R","M","$","?","R","BOSS","R","$","E","BOSS"],"items_purchased_type":[],"build_version":"2020-12-22","purchased_purges":1,"victory":false,"max_hp_per_floor":[60,60,60,60,60,60,60,60,60,60,60,60,60,60,60,60,60,60,60,60,60,60,60,60,60,60,60,60,60,60,60,60,60,60,60,60,60,60,60,60,60,60,60,60,60,60,60,60,60,60,60,60,60,60,60,60],"relic_stats":{"Torii":0,"counters":[24,108],"Bloody Idol":43,"Astrolabe":["Moonworks:BigMagnum","Moonworks:ScrambledEve","Moonworks:AngelHand"],"Blue Candle":[0],"Pen Nib":[15],"Kunai":[61],"obtain_stats":[{"Lantern":28,"Moonworks:LittleGull":26,"Torii":39,"Golden Idol":2,"Astrolabe":34,"Blue Candle":43,"Pen Nib":30,"EVO:Axolotl":0,"SlaversCollar":17,"Bottled Flame":54,"Moonworks:Homemark":0,"Bloody Idol":21,"MutagenicStrength":22,"CultistMask":4,"Kunai":13,"Moonworks:BrokenBomb":0},{"Lantern":12,"Moonworks:LittleGull":10,"Torii":19,"Golden Idol":1,"Astrolabe":16,"Blue Candle":19,"Pen Nib":14,"EVO:Axolotl":0,"SlaversCollar":8,"Bottled Flame":23,"Moonworks:Homemark":0,"Bloody Idol":9,"MutagenicStrength":9,"CultistMask":2,"Kunai":6,"Moonworks:BrokenBomb":0},{"Lantern":61,"Moonworks:LittleGull":51,"Torii":90,"Golden Idol":4,"Astrolabe":80,"Blue Candle":90,"Pen Nib":71,"EVO:Axolotl":0,"SlaversCollar":41,"Bottled Flame":103,"Moonworks:Homemark":0,"Bloody Idol":45,"MutagenicStrength":45,"CultistMask":7,"Kunai":26,"Moonworks:BrokenBomb":0}]},"card_choices":[{"not_picked":["Moonworks:DeployBits","Moonworks:ImOnFire"],"picked":"Moonworks:Dinner","floor":1},{"not_picked":["Moonworks:SealedMemories","Moonworks:RedAndBlue"],"picked":"Moonworks:ImOnFire","floor":3},{"not_picked":["Moonworks:UnluckyCharm","Moonworks:Assault"],"picked":"Moonworks:SakisCookie","floor":5},{"not_picked":["Moonworks:SelfDestruct","Moonworks:JonathanRush"],"picked":"Moonworks:BackdoorTrade","floor":7},{"not_picked":["Moonworks:DeployBits","Moonworks:JonathanRush"],"picked":"Moonworks:SakisCookie","floor":10},{"not_picked":["Moonworks:CloudOfSeagulls","Moonworks:RagingMadness"],"picked":"Moonworks:Dash","floor":13},{"not_picked":["Moonworks:NicePresent","Moonworks:x16BigRocket"],"picked":"Moonworks:JonathanRush","floor":14},{"not_picked":["Moonworks:Wanted","Moonworks:ShieldCounter"],"picked":"Moonworks:PlushieMaster","floor":16},{"not_picked":["Moonworks:WindyEnchantment","Moonworks:ImOnFire"],"picked":"Moonworks:CloudOfSeagulls+1","floor":18},{"not_picked":["Moonworks:CloudOfSeagulls","Moonworks:NicePresent"],"picked":"Moonworks:ScrambledEve","floor":24},{"not_picked":["Moonworks:NicePresent+1","Moonworks:EvilSpyWorkPreparation+1"],"picked":"Moonworks:JonathanRush","floor":27},{"not_picked":["Moonworks:EvilMastermind","Moonworks:IndiscriminateFireSupport","Moonworks:SelfDestruct"],"picked":"SKIP","floor":28},{"not_picked":["Moonworks:LuckyCharm","Moonworks:IndiscriminateFireSupport"],"picked":"Moonworks:JonathanRush","floor":29},{"not_picked":["Moonworks:Assault","Moonworks:LuckyCharm"],"picked":"Moonworks:FullSpeedAlicianrone+1","floor":30},{"not_picked":["Moonworks:MixPhenomenon","Moonworks:NicePresent"],"picked":"Moonworks:WindyEnchantment+1","floor":31},{"not_picked":["Moonworks:Wanted","Moonworks:LeapThroughSpace"],"picked":"Moonworks:MetallicMonocoque","floor":33},{"not_picked":["Moonworks:BigMagnum","Moonworks:BeyondHell+1"],"picked":"Moonworks:WindyEnchantment","floor":35},{"not_picked":["Moonworks:Heat300Percent","Moonworks:BigMagnum"],"picked":"Moonworks:CloudOfSeagulls","floor":36},{"not_picked":["Deep Breath","Purity"],"picked":"Finesse","floor":37},{"not_picked":["Moonworks:CloudOfSeagulls+1","Moonworks:Accelerator"],"picked":"Moonworks:WindyEnchantment+1","floor":38},{"not_picked":["Moonworks:NicePresent+1","Moonworks:ImOnFire"],"picked":"Moonworks:LulusLuckyEgg+1","floor":46},{"not_picked":["Moonworks:BigMagnum","Moonworks:ImOnFire+1"],"picked":"Moonworks:EvilSpyWorkPreparation+1","floor":48},{"not_picked":["Moonworks:CastOff+1","Moonworks:DeployBits+1"],"picked":"Moonworks:JonathanRush+1","floor":54}],"player_experience":234260,"relics_obtained":[{"floor":13,"key":"Kunai"},{"floor":26,"key":"Moonworks:LittleGull"},{"floor":28,"key":"Lantern"},{"floor":30,"key":"Pen Nib"},{"floor":39,"key":"Torii"},{"floor":43,"key":"Blue Candle"},{"floor":54,"key":"Bottled Flame"}],"event_choices":[{"damage_healed":0,"gold_gain":0,"player_choice":"Take Damage","damage_taken":15,"relics_obtained":["Golden Idol"],"max_hp_gain":0,"max_hp_loss":0,"event_name":"Golden Idol","floor":2,"gold_loss":0},{"damage_healed":0,"gold_gain":0,"player_choice":"Trade","damage_taken":0,"relics_obtained":["CultistMask"],"max_hp_gain":0,"max_hp_loss":0,"event_name":"FaceTrader","floor":4,"gold_loss":0},{"cards_removed":["Moonworks:Strike"],"damage_healed":0,"gold_gain":0,"player_choice":"Card Removal","damage_taken":7,"max_hp_gain":0,"max_hp_loss":0,"event_name":"Golden Wing","floor":12,"gold_loss":0},{"cards_removed":["Moonworks:Strike"],"damage_healed":0,"gold_gain":0,"player_choice":"Give","damage_taken":0,"max_hp_gain":0,"max_hp_loss":0,"event_name":"betterNote:BetterNote","floor":19,"gold_loss":0,"cards_obtained":["None"]},{"damage_healed":0,"gold_gain":0,"player_choice":" GoldIdol ","damage_taken":1,"relics_obtained":["Bloody Idol"],"max_hp_gain":46,"max_hp_loss":45,"event_name":"betterAltar:BetterAltar","floor":21,"potions_obtained":[],"relics_lost":["Golden Idol"],"gold_loss":0},{"damage_healed":0,"gold_gain":0,"player_choice":"Inject Mutagens","damage_taken":0,"relics_obtained":["MutagenicStrength"],"max_hp_gain":0,"max_hp_loss":0,"event_name":"Drug Dealer","floor":22,"gold_loss":0},{"damage_healed":0,"gold_gain":0,"player_choice":"Memory 1","damage_taken":0,"max_hp_gain":0,"max_hp_loss":0,"event_name":"SensoryStone","floor":37,"gold_loss":0},{"damage_healed":0,"gold_gain":0,"player_choice":"Ignored","damage_taken":0,"max_hp_gain":0,"max_hp_loss":0,"event_name":"SecretPortal","floor":44,"gold_loss":0}],"is_beta":false,"boss_relics":[{"not_picked":["Cursed Key","Coffee Dripper"],"picked":"SlaversCollar"},{"not_picked":["Calling Bell","Fusion Hammer"],"picked":"Astrolabe"}],"items_purged_floors":[41],"is_endless":false,"potions_floor_spawned":[1,3,10,27,29,30,31,38,46,54],"killed_by":"The Heart","ascension_level":0}}