{"host":"jepbxlyr671awj3c","time":1610325179,"event":{"mods":["100% Spire Juice","A Magickal Journey","AchievementEnabler","Act Like it!","Astrologer","Bard","BaseMod","BetterRewards","Colored Map","Conjunction","Conspire","Decade(???)","Downfall","Downfall-Rebalance","Duelist Mod","Fireblade Mod","GifTheSpireLib","HololiveMod","Hubris","Hyrulean Relics","Infinite Spire","Ironclad Rager","Mimic Mod","Minty Spire (QoL Compilation)","MostiFishMod","Pale of the Ancients","Potionbrewer","Prisma Mod","Quarter Circle Forward PUNCH!","Quick Restart","RNG Fix","Random Character Button","Replay The Spire","Reworked Bosses","Shade Mod","Small Relic Pack","Somnambulant","Spicy Shops","StSLib","The Blackbeard","The Caster","The Clintock","The Construct","The Dragon Tamer","The Gatherer","The Sage","TheSwordswoman"],"gold_per_floor":[117,117,12,22,39,39,39,87,87,98,124,152,152,170,170,275,275,302,302,326,350,350,350,365,365,365,365,395,417,417,439,439,451,451],"floor_reached":33,"playtime":2296,"items_purged":[],"score":251,"play_id":"4ee8eea9-8643-4ef6-b98b-34087dbb770c","local_time":"20210110183258","is_ascension_mode":false,"metric_token":3027,"campfire_choices":[{"floor":7,"key":"RECALL"},{"floor":13,"key":"REST"},{"floor":15,"key":"REST"},{"data":"DTMod:BuildUp","floor":23,"key":"SMITH"},{"floor":25,"key":"REST"},{"data":"DTMod:BurningEnergy","floor":27,"key":"SMITH"}],"dtmod_dragon_data":[31,50,1,-1,12,0],"circlet_count":0,"master_deck":["DTMod:Strike","DTMod:Strike","DTMod:DoubleHit+1","DTMod:TargetDefense","DTMod:TargetDefense","DTMod:BlazingStrike","DTMod:BlueScale","DTMod:DragonDance+1","DTMod:BurningEnergy+1","DTMod:Harmonize","DTMod:ShadowImage","DTMod:ComboAttack+1","DTMod:BuildUp+1","relicPack:TruthCard","somnambulantmod: LoseForm","PrismaMod:ChloeCarnivalAOEAttack","FireBladeMod:HellFire","DTMod:Training+1","DTMod:MagicField","DTMod:MaximumCharge+1","DTMod:Overwhelm"],"relics":["DTMod:PactStone","DaveBox","RhineSuit","SynthV:TestCard","hubris:TenFootPole","Replay:Bandana","HereWithMe","hubris:EmptyBottle","Kintsugi","relicPack:EdsArm","qcfpunch:Wild_Herbs_Ointment"],"acts_visited":["Exordium","TheCity"],"potions_floor_usage":[5,10,10,10,16,21,21,28,28,29,29,33,33],"damage_taken":[{"damage":0,"enemies":"2 Louse","floor":1,"turns":2},{"damage":0,"enemies":"conspire:RoseBush","floor":4,"turns":2},{"damage":6,"enemies":"Cultist","floor":5,"turns":4},{"damage":0,"enemies":"Exordium Thugs","floor":10,"turns":3},{"damage":19,"enemies":"3 Sentries","floor":11,"turns":7},{"damage":0,"enemies":"2 Fungi Beasts","floor":12,"turns":3},{"damage":0,"enemies":"Blue Slaver","floor":14,"turns":4},{"damage":9,"enemies":"The Guardian","floor":16,"turns":8},{"damage":5,"enemies":"Shell Parasite","floor":18,"turns":3},{"damage":0,"enemies":"Chosen","floor":20,"turns":3},{"damage":35,"enemies":"Shelled Parasite and Fungi","floor":21,"turns":4},{"damage":1,"enemies":"Snake Plant","floor":24,"turns":2},{"damage":0,"enemies":"Centurion and Healer","floor":28,"turns":4},{"damage":0,"enemies":"3 Cultists","floor":29,"turns":3},{"damage":1,"enemies":"Snake Plant","floor":31,"turns":2},{"damage":29,"enemies":"conspire:MysteriousRune","floor":33,"turns":6}],"seed_played":"1116092346409365134","potions_obtained":[{"floor":4,"key":"potionbrewer:AcidPotion"},{"floor":5,"key":"Fruit Juice"},{"floor":8,"key":"SteroidPotion"},{"floor":8,"key":"Toxic Potion"},{"floor":11,"key":"Death Potion"},{"floor":18,"key":"construct:ShiftPotion"},{"floor":24,"key":"sneckomod:MuddlingPotion"},{"floor":28,"key":"infinitespire:BlackPotion"},{"floor":29,"key":"Explosive Potion"}],"is_trial":false,"path_per_floor":["M","?","$","M","M","?","R","?","T","M","E","M","R","M","R","B",null,"M","AVR","M","M","?","R","M","R","T","R","M","M","?","M","R_BF","B"],"character_chosen":"THE_DT","items_purchased":["SkillPotion","DTMod:BlueScale"],"campfire_rested":3,"item_purchase_floors":[3,3],"current_hp_per_floor":[49,49,49,49,43,43,43,43,43,48,29,29,45,45,54,45,54,49,49,49,14,14,14,13,27,27,27,27,27,27,26,26,0,0],"gold":451,"neow_bonus":"TEN_PERCENT_HP_BONUS","is_daily":false,"chose_seed":false,"campfire_upgraded":2,"win_rate":0.0,"timestamp":1610325178,"path_taken":["M","?","$","M","M","?","R","?","T","M","E","M","R","M","R","BOSS","M","AVR","?","M","?","R","M","R","T","R","M","M","?","M","R_BF","BOSS"],"items_purchased_type":["Potion","Card"],"build_version":"2020-12-22","purchased_purges":0,"victory":false,"max_hp_per_floor":[49,49,49,49,49,49,49,49,49,54,54,54,54,54,54,54,54,54,54,54,54,49,49,49,49,49,49,49,49,49,49,49,49,49],"card_choices":[{"not_picked":["DTMod:BreakAttack","DTMod:PurifyingFlame"],"picked":"DTMod:BlazingStrike","floor":1},{"not_picked":["DTMod:Conduct","DTMod:Hide","DTMod:BalancedStrike","DTMod:BurningForce"],"picked":"DTMod:DragonDance","floor":4},{"not_picked":["DTMod:HeatWave","DTMod:RecklessFlurry","DTMod:LastStand","DTMod:CleansingStrike"],"picked":"DTMod:BalancedStrike","floor":5},{"not_picked":["DTMod:Conduct","DTMod:WarmUp","DTMod:HeatWave","DTMod:LastStand"],"picked":"DTMod:BurningEnergy","floor":8},{"not_picked":["DTMod:Dissolve","DTMod:Weaken","DTMod:TauntingStrike","DTMod:Cover"],"picked":"DTMod:RecklessFlurry","floor":10},{"not_picked":["DTMod:Overwhelm","DTMod:RunningTactic","DTMod:BurningEnergy","DTMod:TagTeam"],"picked":"DTMod:Harmonize","floor":11},{"not_picked":["DTMod:BuildUp","DTMod:RunningTactic","DTMod:Cover","DTMod:Punisher"],"picked":"DTMod:Threaten","floor":12},{"not_picked":["DTMod:BreakAttack","DTMod:MagicField","DTMod:Feint","DTMod:DragonDance"],"picked":"DTMod:TagTeam","floor":14},{"not_picked":["DTMod:GearUp","DTMod:TriAttack","DTMod:SealedStrike","DTMod:ExcessFootwork"],"picked":"DTMod:ShadowImage","floor":16},{"not_picked":["DTMod:Overwhelm","DTMod:Threaten","DTMod:Training","DTMod:Feint"],"picked":"DTMod:FlameSlash","floor":18},{"not_picked":["DTMod:Cover+1","DTMod:CalculatedDefense","DTMod:MasterPlan","DTMod:Threaten"],"picked":"DTMod:ComboAttack+1","floor":20},{"not_picked":["DTMod:Observe","DTMod:BreakAttack","DTMod:Overwhelm","DTMod:FlameSlash"],"picked":"DTMod:BuildUp","floor":21},{"not_picked":["DTMod:ShieldDrain+1","DTMod:TagTeam","DTMod:InvisibleFlame","DTMod:LightShield"],"picked":"DTMod:Training+1","floor":24},{"not_picked":["DTMod:Threaten","DTMod:BizarreTactic","DTMod:BuildUp+1","DTMod:GhostSkin"],"picked":"DTMod:MagicField","floor":28},{"not_picked":["DTMod:Cover","DTMod:BurningEnergy","DTMod:BuildUp","DTMod:BlueScale"],"picked":"DTMod:MaximumCharge+1","floor":29},{"not_picked":["DTMod:Cover","DTMod:BuildUp+1","DTMod:Harmonize","DTMod:Threaten"],"picked":"DTMod:Feint+1","floor":31}],"player_experience":153144,"relics_obtained":[{"floor":1,"key":"SynthV:TestCard"},{"floor":8,"key":"hubris:TenFootPole"},{"floor":11,"key":"Replay:Bandana"},{"floor":26,"key":"qcfpunch:Wild_Herbs_Ointment"}],"event_choices":[{"damage_healed":0,"gold_gain":0,"player_choice":"Grow","damage_taken":0,"max_hp_gain":0,"max_hp_loss":0,"event_name":"Living Wall","floor":6,"gold_loss":0,"cards_upgraded":["DTMod:DragonDance"]},{"cards_removed":["Looming Evil"],"damage_healed":0,"gold_gain":0,"player_choice":"Purged","damage_taken":0,"max_hp_gain":0,"max_hp_loss":0,"event_name":"Purifier","floor":30,"gold_loss":0}],"is_beta":false,"boss_relics":[{"not_picked":["GreenFoldingFan","SacredBark"],"picked":"HereWithMe"}],"items_purged_floors":[],"is_endless":false,"potions_floor_spawned":[4,5,11,18,24,28,29],"killed_by":"conspire:MysteriousRune","ascension_level":0}}