{"host":"byizzf0lry06owoh","time":1610360320,"event":{"mods":["Act Like it!","Aspiration","BaseMod","BetterRewards","Card Forge","Conspire","Downfall","Friendly Minions","GifTheSpireLib","Hallownest","Hubris","Infinite Spire","Minty Spire (QoL Compilation)","Relic Sorter","Replay The Spire","StSLib","Wandering Minibosses"],"gold_per_floor":[99,99,99,274,274,299,323,423,438,458,458,490,490,235,253,349,349,349,349],"floor_reached":17,"playtime":1113,"items_purged":["Doubt"],"score":186,"play_id":"9d4a58d9-ec81-423a-80e4-a63d95805349","local_time":"20210111021840","is_ascension_mode":false,"campfire_choices":[{"data":"Slimebound:Split","floor":1,"key":"SMITH"},{"data":"Slimebound:Gluttony","floor":11,"key":"SMITH"},{"data":"Slimebound:SplitBruiser","floor":13,"key":"SMITH"}],"circlet_count":0,"master_deck":["Slimebound:Strike_Slimebound","Slimebound:Tackle","Slimebound:Defend_Slimebound","Slimebound:Defend_Slimebound","Slimebound:Defend_Slimebound","Slimebound:Defend_Slimebound","Slimebound:Split+1","Slimebound:CorrosiveSpit","Slimebound:Gluttony+1","Slimebound:SplitBruiser+1","Slimebound:FirmFortitude","Slimebound:RainOfGoop","Slimebound:ItLooksTasty","Slimebound:SlimeTap","Slimebound:ItLooksTasty","Slimebound:Prepare","CommonCold","Slimebound:SplitBruiser","Slimebound:RainOfGoop","Slimebound:Overexert"],"relics":["Slimebound:AbsorbEndCombat","Seething Fire","Hammer of Thor","Anvil of the Gods","downfall:HeartsMalice","ReplayTheSpireMod:Ring of Challenge","ReplayTheSpireMod:Ring of Addiction","Potion Belt","White Beast Statue","infinitespire:FocusingShard","Gremlin Food","downfall:CloakOfManyFaces","CultistMask","FaceOfCleric","NlothsMask","GremlinMask","SsserpentHead","Pen Nib","infinitespire:Bottled Soul","ReplayTheSpireMod:CursedCoin","hubris:VirtuousBlindfold"],"acts_visited":["Exordium","TheCity"],"potions_floor_usage":[10,12,14],"damage_taken":[{"damage":0,"enemies":"Jaw Worm","floor":2,"turns":1},{"damage":0,"enemies":"Small Slimes","floor":3,"turns":1},{"damage":0,"enemies":"Lagavulin","floor":6,"turns":1},{"damage":27,"enemies":"downfall:FaceTrader","floor":8,"turns":7},{"damage":0,"enemies":"Cultist","floor":9,"turns":3},{"damage":8,"enemies":"3 Louse","floor":10,"turns":3},{"damage":32,"enemies":"3 Sentries","floor":12,"turns":8},{"damage":16,"enemies":"downfall:FleeingMerchant","floor":14,"turns":4},{"damage":28,"enemies":"Blue Slaver","floor":15,"turns":3},{"damage":49,"enemies":"downfall:Watcher","floor":16,"turns":5}],"seed_played":"2786411668617273184","potions_obtained":[{"floor":5,"key":"SteroidPotion"},{"floor":5,"key":"Ancient Potion"},{"floor":5,"key":"Block Potion"},{"floor":6,"key":"EntropicBrew"},{"floor":8,"key":"Doom Potion"},{"floor":10,"key":"PowerPotion"},{"floor":12,"key":"Energy Potion"},{"floor":14,"key":"Adrenaline Potion"},{"floor":15,"key":"ColorlessPotion"}],"is_trial":false,"path_per_floor":["R","M","M","?","?","E","T","?","M","M","R","E","R","$","M","B",null],"character_chosen":"SLIMEBOUND","items_purchased":["infinitespire:Bottled Soul","ReplayTheSpireMod:CursedCoin","Slimebound:SplitBruiser"],"campfire_rested":0,"item_purchase_floors":[14,14,14],"current_hp_per_floor":[60,60,60,60,60,60,60,60,59,60,60,59,59,62,51,51,64,64,64],"gold":349,"neow_bonus":"THREE_ENEMY_KILL","is_daily":false,"chose_seed":false,"campfire_upgraded":3,"win_rate":0.0,"timestamp":1610360320,"path_taken":["R","M","M","?","?","E","T","?","M","M","R","E","R","$","M","BOSS"],"items_purchased_type":["Relic","Relic","Card"],"build_version":"2020-12-22","purchased_purges":1,"victory":false,"max_hp_per_floor":[60,60,60,60,60,60,60,60,59,60,60,61,61,62,63,64,64,64,64],"card_choices":[{"not_picked":["Slimebound:ProtectTheBoss","Slimebound:ViciousTackle"],"picked":"Slimebound:Gluttony","floor":2},{"not_picked":["Slimebound:Repurpose","Slimebound:LeechingTouch"],"picked":"Slimebound:SplitBruiser","floor":3},{"not_picked":["Slimebound:Replication","Slimebound:Equalize"],"picked":"Slimebound:FirmFortitude","floor":6},{"not_picked":["Slimebound:LeechEnergy","Slimebound:RollThrough"],"picked":"Slimebound:RainOfGoop","floor":8},{"not_picked":["Slimebound:AcidTongue","Slimebound:GoopSpray"],"picked":"Slimebound:ItLooksTasty","floor":9},{"not_picked":["Slimebound:BestDefense","Slimebound:Schlurp"],"picked":"Slimebound:SlimeTap","floor":10},{"not_picked":["Slimebound:ForwardTackle","Slimebound:SamplingLick"],"picked":"Slimebound:ItLooksTasty","floor":12},{"not_picked":["Slimebound:SamplingLick","Slimebound:SlimeTap"],"picked":"Slimebound:Prepare","floor":14},{"not_picked":["Slimebound:LeechEnergy","Slimebound:Schlurp"],"picked":"Slimebound:RainOfGoop","floor":15},{"not_picked":["Slimebound:RallyTheTroops","Slimebound:SelfFormingGoo"],"picked":"Slimebound:Overexert","floor":16}],"player_experience":71555,"relics_obtained":[{"floor":5,"key":"ReplayTheSpireMod:Ring of Challenge"},{"floor":5,"key":"ReplayTheSpireMod:Ring of Addiction"},{"floor":5,"key":"Potion Belt"},{"floor":5,"key":"White Beast Statue"},{"floor":6,"key":"infinitespire:FocusingShard"},{"floor":7,"key":"Gremlin Food"},{"floor":8,"key":"downfall:CloakOfManyFaces"},{"floor":12,"key":"Pen Nib"}],"event_choices":[],"is_beta":false,"boss_relics":[{"not_picked":["Fusion Hammer","conspire:SeveredTorchhead"],"picked":"hubris:VirtuousBlindfold"}],"items_purged_floors":[14],"is_endless":false,"potions_floor_spawned":[6,8,9,10,12,14,15,16],"ascension_level":0}}