{"host":"z8n47vy4vaymw9pl","time":1610333863,"event":{"mods":["Act Like it!","Always Whale","BaseMod","Better Altar","Better Match","Better Note","Better Sensory Stone","Better Skull","Better Third Choice","Colored Map","Colored Powertips","Defuse TimeMaze Blight","Downfall","Elementarium","Energized Spire","Hermit","Hubris","Menagerie","Minty Spire (QoL Compilation)","Replay The Spire","StSLib","The Blue Laboratory","The Witch","TheFirefly","Unceasing Turn Reminder"],"gold_per_floor":[99,119,119,136,153,167,194,205,255,180,51,51,81,100,116,211,211,61,80,96,125,43,58,58,58,43,43,75,93,93,338,354,449,449,449,461,481,509,71,71,71,171,189,213,254,254,254,129,150,150,150,150,150,150],"floor_reached":52,"playtime":6347,"items_purged":["Injury","hexamod:Strike","hexamod:Strike"],"score":756,"play_id":"29aa961f-3da0-4011-adc5-c4174114dfac","local_time":"20210110185743","is_ascension_mode":false,"campfire_choices":[{"data":"hexamod:SoulSteal","floor":1,"key":"SMITH"},{"floor":10,"key":"RECALL"},{"data":"Apotheosis","floor":18,"key":"SMITH"},{"data":"hexamod:VolcanoVisage","floor":27,"key":"SMITH"},{"data":"hexamod:PhantomCloak","floor":27,"key":"SMITH"},{"data":"hexamod:ExtraCrispy","floor":30,"key":"SMITH"},{"data":"hexamod:Float","floor":30,"key":"SMITH"},{"data":"hexamod:RadiantFlame","floor":35,"key":"SMITH"},{"data":"hexamod:ChargedBarrage","floor":35,"key":"SMITH"},{"data":"hexamod:HexaLevel","floor":40,"key":"SMITH"},{"data":"hexamod:SkipABeat","floor":40,"key":"SMITH"},{"floor":47,"key":"REST"}],"circlet_count":0,"master_deck":["hexamod:Strike+1","hexamod:Defend+1","hexamod:Defend","hexamod:Defend","hexamod:Defend","hexamod:Sear","hexamod:Float+1","hexamod:SoulSteal+1","hexamod:ExtraCrispy+1","hexamod:SkipABeat+1","hexamod:ThermalTransfer","hexamod:RadiantFlame+1","hexamod:ThermalTransfer","Apotheosis+1","hexamod:PhantomCloak+1","hexamod:SpectralSpark","hexamod:VolcanoVisage+1","hexamod:ChargedBarrage+1","hexamod:RainOfEmbers+1","hexamod:PhantomFireball","hexamod:ThermalTransfer","hexamod:HeatCrush+1","hexamod:ChargedBarrage+1","hexamod:PowerFromBeyond+1","hexamod:HexaLevel+1"],"relics":["hexamod:SpiritBrand","hexamod:MatchstickCase","Akabeko","downfall:HeartBlessingBlue","ReplayTheSpireMod:CursedCoin","Replay:Bottled Steam","hexamod:IceCube","downfall:HeartBlessingRed","downfall:HeartBlessingGreen","Replay:Arrowhead","Counterbalance","Letter Opener","energizedSpire:RedRose","Thread and Needle","Replay:Mystery Machine","Torii","hexamod:TheBrokenSeal"],"acts_visited":["Menagerie:Menagerie","Elementarium:Elementarium","TheBeyond","TheEnding"],"potions_floor_usage":[13,21,21,33,36,49],"damage_taken":[{"damage":0,"enemies":"Menagerie:StygianBoar","floor":2,"turns":3},{"damage":0,"enemies":"Menagerie:2_RABBITS","floor":4,"turns":4},{"damage":0,"enemies":"Menagerie:MonstrousExperiment","floor":5,"turns":3},{"damage":0,"enemies":"Menagerie:DREAD_MOTH_AND_GRAFTED_WORMS","floor":6,"turns":3},{"damage":0,"enemies":"Menagerie:BEAST_MAGE_AND_PROWLING_AMALGAM","floor":8,"turns":6},{"damage":0,"enemies":"downfall:FleeingMerchant","floor":11,"turns":4},{"damage":0,"enemies":"Menagerie:MaskedSummoner","floor":13,"turns":8},{"damage":11,"enemies":"Menagerie:3_RABBITS","floor":14,"turns":6},{"damage":6,"enemies":"Menagerie:DREAD_MOTH_AND_GRAFTED_WORMS","floor":15,"turns":3},{"damage":12,"enemies":"downfall:Silent","floor":16,"turns":9},{"damage":1,"enemies":"Elementarium:2_ELEMENTALS","floor":19,"turns":4},{"damage":0,"enemies":"Elementarium:VoidCorruption","floor":20,"turns":4},{"damage":0,"enemies":"Gremlin Leader","floor":21,"turns":5},{"damage":0,"enemies":"downfall:FleeingMerchant","floor":22,"turns":4},{"damage":7,"enemies":"Elementarium:CYCLONE_AND_ORB_OF_FIRE","floor":23,"turns":5},{"damage":0,"enemies":"downfall:FleeingMerchant","floor":26,"turns":4},{"damage":9,"enemies":"Elementarium:FIRE_NOBILITY","floor":28,"turns":6},{"damage":11,"enemies":"Elementarium:Hydrostalker","floor":29,"turns":5},{"damage":0,"enemies":"downfall:FleeingMerchant","floor":31,"turns":4},{"damage":10,"enemies":"Elementarium:STONE_GOLEMS","floor":32,"turns":3},{"damage":24,"enemies":"downfall:Defect","floor":33,"turns":6},{"damage":8,"enemies":"3 Shapes","floor":36,"turns":4},{"damage":3,"enemies":"Orb Walker","floor":37,"turns":3},{"damage":14,"enemies":"4 Shapes","floor":38,"turns":6},{"damage":7,"enemies":"3 Darklings","floor":43,"turns":4},{"damage":25,"enemies":"Jaw Worm Horde","floor":44,"turns":5},{"damage":11,"enemies":"R_Hoarder","floor":45,"turns":8},{"damage":75,"enemies":"Transient","floor":49,"turns":5},{"damage":1,"enemies":"downfall:Watcher","floor":50,"turns":5},{"damage":107,"enemies":"downfall:CharBossMerchant","floor":52,"turns":7}],"seed_played":"-6852959452899183944","potions_obtained":[{"floor":2,"key":"blueLaboratory:BottleOfVodka"},{"floor":5,"key":"Toxic Potion"},{"floor":16,"key":"LifebloodPotion"},{"floor":20,"key":"blueLaboratory:HummingbirdPotion"},{"floor":23,"key":"blueLaboratory:PyrophylliteBrew"},{"floor":29,"key":"blueLaboratory:PyrophylliteBrew"},{"floor":32,"key":"Fire Potion"},{"floor":33,"key":"Fire Potion"},{"floor":36,"key":"blueLaboratory:FruitPreserves"}],"is_trial":false,"path_per_floor":["R","M","?","M","M","M","T","M","T","R","$","?","E","M","M","B",null,"R","M","M","?","$","M","T","?","$","R","E","M","R","$","M","B",null,"R","M","M","M","$","R","T","?","M","M","E","?","R","$","M","B",null,"E"],"character_chosen":"THE_SPIRIT","items_purchased":["ReplayTheSpireMod:CursedCoin","Apotheosis","hexamod:PhantomFireball","hexamod:HexaLevel","Thread and Needle"],"campfire_rested":1,"item_purchase_floors":[11,11,22,39,39],"current_hp_per_floor":[70,70,70,70,70,70,70,70,70,80,80,80,80,69,63,51,80,80,79,79,79,79,72,72,80,80,80,71,60,60,60,50,26,88,88,80,77,63,63,63,63,63,56,38,41,41,67,67,71,70,98,0,0,0],"gold":150,"neow_bonus":"TRANSFORM_CARD","is_daily":false,"chose_seed":false,"campfire_upgraded":10,"win_rate":0.0,"timestamp":1610333863,"path_taken":["R","M","?","?","M","M","T","M","?","R","$","?","E","M","M","BOSS","R","M","M","?","$","M","T","?","$","R","E","M","R","$","M","BOSS","R","M","M","M","$","R","T","?","M","?","E","?","R","$","M","BOSS","E"],"items_purchased_type":["Relic","Card","Card","Card","Relic"],"build_version":"2020-12-22","purchased_purges":3,"victory":false,"max_hp_per_floor":[70,70,70,70,70,70,70,70,70,80,80,80,80,80,80,80,80,80,80,80,80,80,80,80,88,88,88,88,88,88,88,88,88,88,88,88,88,88,88,88,88,88,88,88,88,88,88,88,98,98,98,98,98,98],"card_choices":[{"not_picked":["hexamod:DynamicBlow","hexamod:AdvancingGuard"],"picked":"hexamod:ExtraCrispy","floor":2},{"not_picked":["hexamod:HeatShield","hexamod:HauntingEcho"],"picked":"hexamod:SkipABeat","floor":4},{"not_picked":["hexamod:HauntingEcho","hexamod:NightmareGuise"],"picked":"hexamod:ThermalTransfer","floor":5},{"not_picked":["hexamod:HauntingEcho","hexamod:ShieldOfDarkness"],"picked":"hexamod:RadiantFlame","floor":6},{"not_picked":["hexamod:HauntingEcho","hexamod:SwordOfDarkness"],"picked":"hexamod:ThermalTransfer","floor":8},{"not_picked":["hexamod:ThermalTransfer","hexamod:RecurringNightmare","hexamod:Hexaguard"],"picked":"SKIP","floor":11},{"not_picked":["hexamod:ParanormalForm","hexamod:ExtraCrispy"],"picked":"hexamod:PhantomCloak","floor":13},{"not_picked":["hexamod:FourthSeal","hexamod:GhostLash","hexamod:SwordOfDarkness"],"picked":"SKIP","floor":14},{"not_picked":["hexamod:InspiringFlames","hexamod:SpectersWail"],"picked":"hexamod:SpectralSpark","floor":15},{"not_picked":["hexamod:ApocalypticArmor","hexamod:TimeOfNeed"],"picked":"hexamod:VolcanoVisage","floor":16},{"not_picked":["hexamod:PhantomCloak","hexamod:CatchUp","hexamod:HeatShield"],"picked":"SKIP","floor":19},{"not_picked":["hexamod:Hexaguard","hexamod:StepThrough"],"picked":"hexamod:ChargedBarrage+1","floor":20},{"not_picked":["hexamod:GhostShield","hexamod:InspiringFlames"],"picked":"hexamod:RainOfEmbers","floor":21},{"not_picked":["hexamod:RadiantFlame","hexamod:BurningTouch","hexamod:Firestarter"],"picked":"SKIP","floor":22},{"not_picked":["hexamod:RainOfEmbers+1","hexamod:RecurringNightmare","hexamod:GhostShield"],"picked":"SKIP","floor":23},{"not_picked":["hexamod:FourthSeal","hexamod:SwordOfDarkness+1","hexamod:SixthSeal"],"picked":"SKIP","floor":26},{"not_picked":["hexamod:SpectralSpark","hexamod:GhostShield","hexamod:InspiringFlames"],"picked":"SKIP","floor":28},{"not_picked":["hexamod:BurningTouch","hexamod:Rewind"],"picked":"hexamod:ThermalTransfer","floor":29},{"not_picked":["hexamod:ThermalTransfer","hexamod:AdvancingGuard+1"],"picked":"hexamod:HeatCrush+1","floor":31},{"not_picked":["hexamod:Hexaguard+1","hexamod:FirstSeal"],"picked":"hexamod:ChargedBarrage","floor":32},{"not_picked":["hexamod:ApocalypticArmor","hexamod:GhostflameInferno"],"picked":"hexamod:FifthSeal","floor":33},{"not_picked":["hexamod:SwordOfDarkness+1","hexamod:RainOfEmbers+1","hexamod:SuperheatedStrike"],"picked":"SKIP","floor":36},{"not_picked":["hexamod:ThirdSeal","hexamod:SixthSeal"],"picked":"hexamod:SecondSeal","floor":37},{"not_picked":["hexamod:HauntingEcho+1","hexamod:ChargedBarrage","hexamod:FastForward"],"picked":"SKIP","floor":37},{"not_picked":["hexamod:ThirdSeal","hexamod:SecondSeal"],"picked":"hexamod:SixthSeal","floor":38},{"not_picked":["hexamod:SecondSeal","hexamod:SpectersWail+1"],"picked":"hexamod:PowerFromBeyond+1","floor":38},{"not_picked":["hexamod:ThirdSeal","hexamod:FourthSeal"],"picked":"hexamod:FirstSeal","floor":43},{"not_picked":["hexamod:HauntingEcho+1","hexamod:BacktrackSmack","hexamod:FastForward+1"],"picked":"SKIP","floor":43},{"not_picked":["hexamod:FirstSeal","hexamod:SixthSeal"],"picked":"hexamod:ThirdSeal","floor":44},{"not_picked":["hexamod:BacktrackSmack","hexamod:NightmareStrike","hexamod:GhostOfSpirePast+1"],"picked":"SKIP","floor":44},{"not_picked":["hexamod:ThirdSeal","hexamod:FirstSeal"],"picked":"hexamod:FourthSeal","floor":45},{"not_picked":["hexamod:FastForward","hexamod:SpectersWail+1","hexamod:ThirdSeal"],"picked":"SKIP","floor":45},{"not_picked":["hexamod:GhostLash","hexamod:InspiringFlames+1","hexamod:TimeWarp"],"picked":"SKIP","floor":45},{"not_picked":["hexamod:ThirdSeal","hexamod:FirstSeal","hexamod:SecondSeal"],"picked":"SKIP","floor":49},{"not_picked":["hexamod:InspiringFlames+1","hexamod:DynamicBlow+1","hexamod:HeatShield"],"picked":"SKIP","floor":49}],"player_experience":620716,"relics_obtained":[{"floor":9,"key":"Akabeko"},{"floor":13,"key":"Replay:Bottled Steam"},{"floor":21,"key":"Replay:Arrowhead"},{"floor":24,"key":"Counterbalance"},{"floor":28,"key":"Letter Opener"},{"floor":41,"key":"Replay:Mystery Machine"},{"floor":45,"key":"Torii"}],"event_choices":[{"damage_healed":0,"gold_gain":0,"player_choice":"Lion","damage_taken":0,"relics_obtained":["hexamod:MatchstickCase"],"max_hp_gain":0,"max_hp_loss":0,"event_name":"Menagerie:ThreeAnimals","floor":3,"gold_loss":0,"cards_obtained":["Injury"]},{"cards_removed":["Injury"],"damage_healed":0,"gold_gain":0,"player_choice":"Wisdom","damage_taken":0,"max_hp_gain":0,"max_hp_loss":0,"event_name":"Menagerie:CloudVision","floor":12,"gold_loss":0},{"damage_healed":0,"gold_gain":0,"player_choice":"Enter","damage_taken":0,"max_hp_gain":0,"max_hp_loss":0,"event_name":"Elementarium:OtherworldlyPassage","floor":21,"gold_loss":0},{"damage_healed":0,"gold_gain":0,"player_choice":"Graft","damage_taken":0,"max_hp_gain":8,"max_hp_loss":0,"event_name":"Elementarium:SculptureGarden","floor":25,"gold_loss":0},{"damage_healed":0,"gold_gain":0,"player_choice":"Upgraded","damage_taken":0,"max_hp_gain":0,"max_hp_loss":0,"event_name":"Upgrade Shrine","floor":46,"gold_loss":0,"cards_upgraded":["hexamod:RainOfEmbers"]}],"is_beta":false,"boss_relics":[{"not_picked":["Replay:Drink Me","ReplayTheSpireMod:DimensionalGlitch"],"picked":"hexamod:IceCube"},{"not_picked":["energizedSpire:MagnifyingGlass","hubris:BlackHole"],"picked":"energizedSpire:RedRose"}],"items_purged_floors":[11,31,48],"is_endless":false,"potions_floor_spawned":[2,5,16,20,23,29,32,33,36,45],"killed_by":"downfall:CharBossMerchant","ascension_level":0}}