{"host":"qdfumeom6htv8yxl","time":1610382766,"event":{"mods":["AchievementEnabler","BaseMod","Bestiary","Block Reminder","Minty Spire (QoL Compilation)","Quick Restart","Relic Stats"],"gold_per_floor":[119,119,44,119,137,171,171,171,171,171,190,15,15,25,25,101,101,112,112,112,130,76,76,76,76],"floor_reached":24,"playtime":693,"items_purged":["Regret"],"score":326,"play_id":"87396c9c-d9d1-4ddc-ab54-37056c837c0e","local_time":"20210111103246","is_ascension_mode":true,"campfire_choices":[{"data":"Beam Cell","floor":7.0,"key":"SMITH"},{"data":"Zap","floor":10.0,"key":"SMITH"},{"data":"Apotheosis","floor":13,"key":"SMITH"},{"data":"Reboot","floor":15,"key":"SMITH"},{"floor":23,"key":"REST"}],"circlet_count":0,"master_deck":["AscendersBane","Strike_B","Strike_B","Strike_B","Defend_B","Defend_B","Defend_B","Defend_B","Zap","Dualcast","Rip and Tear","Go for the Eyes","Beam Cell+1","Ball Lightning","Zap+1","Consume","Apotheosis+1","Reboot+1","Multi-Cast","Cold Snap","Conserve Battery"],"relics":["Cracked Core","Blood Vial","Mango","Pen Nib","SlaversCollar"],"acts_visited":["TheCity"],"potions_floor_usage":[],"damage_taken":[{"damage":0.0,"enemies":"Cultist","floor":1.0,"turns":3.0},{"damage":0.0,"enemies":"2 Louse","floor":5.0,"turns":2.0},{"damage":32.0,"enemies":"3 Sentries","floor":6.0,"turns":8.0},{"damage":9.0,"enemies":"Small Slimes","floor":11.0,"turns":2.0},{"damage":3,"enemies":"Looter","floor":14,"turns":2},{"damage":18,"enemies":"Hexaghost","floor":16,"turns":7},{"damage":12,"enemies":"Chosen","floor":18,"turns":3},{"damage":22,"enemies":"2 Thieves","floor":21,"turns":3},{"damage":0,"enemies":"Gremlin Leader","floor":24,"turns":1}],"seed_played":"-3289924235528641660","potions_obtained":[{"floor":5.0,"key":"FearPotion"},{"floor":6.0,"key":"SneckoOil"},{"floor":11.0,"key":"Dexterity Potion"},{"floor":16,"key":"SpeedPotion"}],"is_trial":false,"path_per_floor":["M","?","$","?","M","E","R","?","T","R","M","$","R","M","R","B",null,"M","?","?","M","$","R","E"],"character_chosen":"DEFECT","items_purchased":["Apotheosis","Conserve Battery"],"campfire_rested":1,"item_purchase_floors":[12,22],"current_hp_per_floor":[64,64,64,53,55,39,39,39,39,39,32,32,32,31,31,15,68,58,58,58,38,38,63,65,65],"gold":76,"neow_bonus":"THREE_CARDS","is_daily":false,"chose_seed":false,"campfire_upgraded":4,"win_rate":0.0,"timestamp":1610382766,"path_taken":["M","?","$","?","M","E","R","?","T","R","M","$","R","M","R","BOSS","M","?","?","?","?","R","E"],"items_purchased_type":["Card","Card"],"build_version":"2020-12-22","purchased_purges":1,"victory":false,"max_hp_per_floor":[71,71,71,71,71,85,85,85,85,85,85,85,85,85,85,85,85,85,85,85,85,85,85,85,85],"relic_stats":{"Blood Vial":16,"counters":[9,31],"Pen Nib":[3],"obtain_stats":[{"Blood Vial":2,"SlaversCollar":17,"Mango":6,"Pen Nib":9,"Cracked Core":0},{"Blood Vial":1,"SlaversCollar":6,"Mango":3,"Pen Nib":3,"Cracked Core":0},{"Blood Vial":3,"SlaversCollar":24,"Mango":13,"Pen Nib":13,"Cracked Core":0}]},"card_choices":[{"not_picked":["Conserve Battery","Steam"],"picked":"Rip and Tear","floor":0.0},{"not_picked":["Barrage","Redo"],"picked":"Go for the Eyes","floor":1.0},{"not_picked":["Ball Lightning","Streamline"],"picked":"Beam Cell","floor":5.0},{"not_picked":["Turbo","Heatsinks"],"picked":"Ball Lightning","floor":6.0},{"not_picked":["Sweeping Beam","Rebound"],"picked":"Consume","floor":11.0},{"not_picked":["Skim","Reinforced Body"],"picked":"Reboot","floor":14},{"not_picked":["Buffer","All For One"],"picked":"Multi-Cast","floor":16},{"not_picked":["Scrape","Sweeping Beam","Lockon+1"],"picked":"SKIP","floor":18},{"not_picked":["Gash","Stack"],"picked":"Cold Snap","floor":21}],"player_experience":1784817,"relics_obtained":[{"floor":6.0,"key":"Mango"},{"floor":9.0,"key":"Pen Nib"}],"event_choices":[{"damage_healed":0.0,"max_hp_gain":0.0,"max_hp_loss":0.0,"gold_gain":0.0,"event_name":"Big Fish","player_choice":"Box","floor":2.0,"gold_loss":0.0,"damage_taken":0.0,"relics_obtained":["Blood Vial"],"cards_obtained":["Regret"]},{"damage_healed":0.0,"max_hp_gain":0.0,"max_hp_loss":0.0,"gold_gain":75.0,"event_name":"World of Goop","player_choice":"Gather Gold","floor":4.0,"gold_loss":0.0,"damage_taken":11.0},{"damage_healed":0.0,"max_hp_gain":0.0,"max_hp_loss":0.0,"gold_gain":0.0,"event_name":"Match and Keep!","player_choice":"1 cards matched","floor":8.0,"gold_loss":0.0,"damage_taken":0.0,"cards_obtained":["Zap"]},{"damage_healed":0,"gold_gain":0,"player_choice":"Ignored","damage_taken":0,"max_hp_gain":0,"max_hp_loss":0,"event_name":"Ghosts","floor":19,"gold_loss":0},{"cards_removed":["Strike_B"],"damage_healed":0,"gold_gain":0,"player_choice":"Purged","damage_taken":0,"max_hp_gain":0,"max_hp_loss":0,"event_name":"Purifier","floor":20,"gold_loss":0}],"is_beta":false,"boss_relics":[{"not_picked":["Velvet Choker","Coffee Dripper"],"picked":"SlaversCollar"}],"items_purged_floors":[3],"is_endless":false,"potions_floor_spawned":[5,6,11,16,21],"killed_by":"Gremlin Leader","ascension_level":14}}