{"host":"1mv6gj0zv8k9e9tz","time":1610379107,"event":{"mods":["AchievementEnabler","BaseMod","Better Third Choice","Colored Map","KOR Keyword Fix","Minty Spire (QoL Compilation)","Permanent Neow","Rare Cards Sparkle","StSLib"],"gold_per_floor":[109,120,131,143,143,143,177,177,177,127,154,10,10,29,29,29,29],"floor_reached":16,"playtime":646,"items_purged":["Defend_P"],"score":132,"play_id":"06210d5c-a95d-4397-a0ff-39bc2f040358","local_time":"20210112003147","is_ascension_mode":true,"campfire_choices":[{"data":"Eruption","floor":6,"key":"SMITH"},{"data":"SashWhip","floor":8,"key":"SMITH"},{"data":"FollowUp","floor":13,"key":"SMITH"},{"data":"MentalFortress","floor":15,"key":"SMITH"}],"circlet_count":0,"master_deck":["Strike_P","Strike_P","Strike_P","Defend_P","Defend_P","Eruption+1","Vigilance","FollowUp+1","Halt","SashWhip+1","MentalFortress+1","FearNoEvil"],"relics":["PureWater","TeardropLocket","Sundial","Question Card"],"acts_visited":["Exordium"],"potions_floor_usage":[7,14],"damage_taken":[{"damage":3,"enemies":"Small Slimes","floor":1,"turns":4},{"damage":2,"enemies":"Jaw Worm","floor":2,"turns":4},{"damage":0,"enemies":"Cultist","floor":3,"turns":2},{"damage":10,"enemies":"Large Slime","floor":4,"turns":7},{"damage":25,"enemies":"3 Sentries","floor":7,"turns":4},{"damage":18,"enemies":"Lagavulin","floor":11,"turns":8},{"damage":0,"enemies":"Exordium Wildlife","floor":14,"turns":2},{"damage":11,"enemies":"The Guardian","floor":16,"turns":7}],"seed_played":"6885429731273182894","potions_obtained":[{"floor":1,"key":"SpeedPotion"},{"floor":4,"key":"AttackPotion"}],"is_trial":false,"path_per_floor":["M","M","M","M","?","R","E","R","T","?","E","$","R","M","R","B"],"character_chosen":"WATCHER","items_purchased":["MentalFortress"],"campfire_rested":0,"item_purchase_floors":[12],"current_hp_per_floor":[69,67,67,57,57,57,32,32,32,32,14,14,14,14,14,3,3],"gold":29,"neow_bonus":"REMOVE_CARD","is_daily":false,"chose_seed":false,"campfire_upgraded":4,"win_rate":0.0,"timestamp":1610379107,"path_taken":["M","M","M","M","?","R","E","R","T","?","E","?","R","M","R","BOSS"],"items_purchased_type":["Card"],"build_version":"2020-12-22","purchased_purges":1,"victory":false,"max_hp_per_floor":[72,72,72,72,72,72,72,72,72,72,72,72,72,72,72,72,72],"card_choices":[{"not_picked":["SignatureMove","Prostrate","Evaluate"],"picked":"SKIP","floor":1},{"not_picked":["ClearTheMind","Evaluate"],"picked":"FollowUp","floor":2},{"not_picked":["CarveReality","ClearTheMind"],"picked":"Halt","floor":3},{"not_picked":["EmptyFist","Evaluate"],"picked":"SashWhip","floor":4},{"not_picked":["Blasphemy","FollowUp","WindmillStrike"],"picked":"SKIP","floor":7},{"not_picked":["Vengeance","CrushJoints","BowlingBash"],"picked":"SKIP","floor":11},{"not_picked":["LikeWater","CutThroughFate","ClearTheMind"],"picked":"FearNoEvil","floor":14}],"player_experience":516150,"relics_obtained":[{"floor":7,"key":"TeardropLocket"},{"floor":9,"key":"Sundial"},{"floor":11,"key":"Question Card"}],"event_choices":[{"damage_healed":0,"gold_gain":0,"player_choice":"Ignored","damage_taken":143,"max_hp_gain":0,"max_hp_loss":0,"event_name":"betterThird:BetterSerpent","floor":5,"gold_loss":0},{"cards_removed":["Strike_P"],"damage_healed":0,"gold_gain":0,"player_choice":"Card Removal","damage_taken":0,"max_hp_gain":0,"max_hp_loss":0,"event_name":"The Cleric","floor":10,"gold_loss":50}],"is_beta":false,"boss_relics":[],"items_purged_floors":[12],"is_endless":false,"potions_floor_spawned":[1,4],"killed_by":"The Guardian","ascension_level":4}}