{"host":"4cz9gr89nglr7k8k","time":1610394340,"event":{"mods":["BaseMod","Minty Spire (QoL Compilation)","Relic Stats","Slay-I"],"gold_per_floor":[110,35,85,105,123,123,153,166,192,192,192,203,99,114,114,114,114],"floor_reached":16,"playtime":400,"items_purged":["Shame"],"score":204,"play_id":"e8467bfc-8309-42a2-a5e4-f30d43ec87d6","local_time":"20210111204540","is_ascension_mode":true,"campfire_choices":[{"floor":6,"key":"REST"},{"floor":10,"key":"REST"},{"floor":15,"key":"REST"}],"circlet_count":0,"master_deck":["AscendersBane","Strike_R","Strike_R","Strike_R","Strike_R","Strike_R","Defend_R","Defend_R","Defend_R","Defend_R","Bash","Immolate","Perfected Strike","Clash","Sword Boomerang","Clash","Flex","Twin Strike","Thunderclap","Clash"],"relics":["Burning Blood","Strawberry","Regal Pillow"],"acts_visited":["Exordium"],"potions_floor_usage":[16],"damage_taken":[{"damage":10,"enemies":"Small Slimes","floor":1,"turns":3},{"damage":11,"enemies":"Cultist","floor":4,"turns":4},{"damage":8,"enemies":"2 Louse","floor":5,"turns":2},{"damage":30,"enemies":"3 Sentries","floor":7,"turns":6},{"damage":0,"enemies":"Large Slime","floor":8,"turns":2},{"damage":0,"enemies":"2 Fungi Beasts","floor":12,"turns":2},{"damage":21,"enemies":"3 Louse","floor":14,"turns":3},{"damage":83,"enemies":"The Guardian","floor":16,"turns":8}],"seed_played":"8968916815126413553","potions_obtained":[{"floor":1,"key":"ElixirPotion"},{"floor":14,"key":"DuplicationPotion"}],"is_trial":false,"path_per_floor":["M","$","?","M","M","R","E","M","T","R","?","M","$","M","R","B"],"character_chosen":"IRONCLAD","items_purchased":["Thunderclap","Fire Potion"],"campfire_rested":3,"item_purchase_floors":[13,13],"current_hp_per_floor":[64,64,57,52,50,72,55,61,61,82,82,82,82,67,82,0,0],"gold":114,"neow_bonus":"THREE_RARE_CARDS","is_daily":false,"chose_seed":false,"campfire_upgraded":0,"win_rate":0.0,"timestamp":1610394340,"path_taken":["M","$","?","?","M","R","E","?","T","R","?","M","$","M","R","BOSS"],"items_purchased_type":["Card","Potion"],"build_version":"2020-12-22","purchased_purges":1,"victory":false,"max_hp_per_floor":[75,75,75,75,75,75,82,82,82,82,82,82,82,82,82,82,82],"relic_stats":{"Regal Pillow":0,"counters":[8,30],"obtain_stats":[{"Regal Pillow":9,"Strawberry":7,"Burning Blood":0},{"Regal Pillow":5,"Strawberry":4,"Burning Blood":0},{"Regal Pillow":17,"Strawberry":15,"Burning Blood":0}],"Burning Blood":36},"card_choices":[{"not_picked":["Exhume","Fiend Fire"],"picked":"Immolate","floor":0},{"not_picked":["Dark Embrace","Hemokinesis"],"picked":"Perfected Strike","floor":1},{"not_picked":["Iron Wave","Cleave"],"picked":"Clash","floor":4},{"not_picked":["Fire Breathing","True Grit"],"picked":"Sword Boomerang","floor":5},{"not_picked":["Armaments","Hemokinesis"],"picked":"Clash","floor":7},{"not_picked":["Perfected Strike","Disarm"],"picked":"Flex","floor":8},{"not_picked":["Intimidate","Warcry"],"picked":"Twin Strike","floor":12},{"not_picked":["Heavy Blade","True Grit"],"picked":"Clash","floor":14}],"player_experience":1487516,"relics_obtained":[{"floor":7,"key":"Strawberry"},{"floor":9,"key":"Regal Pillow"}],"event_choices":[{"damage_healed":0,"gold_gain":50,"player_choice":"Touch","damage_taken":7,"max_hp_gain":0,"max_hp_loss":0,"event_name":"FaceTrader","floor":3,"gold_loss":0},{"damage_healed":0,"gold_gain":0,"player_choice":"Searched \u00271\u0027 times","damage_taken":0,"max_hp_gain":0,"max_hp_loss":0,"event_name":"Dead Adventurer","floor":11,"gold_loss":0}],"is_beta":false,"boss_relics":[],"items_purged_floors":[2],"is_endless":false,"potions_floor_spawned":[1,14],"killed_by":"The Guardian","ascension_level":20}}