{"host":"vfg9szunmpjwj08o","time":1610368381,"event":{"mods":["Act Like it!","BaseMod","Challenge The Spire","Colored Map","Colored Powertips","Minty Spire (QoL Compilation)","StSLib","Waifu the Spire"],"gold_per_floor":[111,111,123,133,283,283,315,315,315,315,331,331,61,71,71,71,71],"floor_reached":16,"playtime":359,"items_purged":["Strike_B"],"score":195,"play_id":"39134c71-2933-4ae1-8777-349e78825692","local_time":"20210111133301","is_ascension_mode":true,"campfire_choices":[{"data":"Zap","floor":6,"key":"SMITH"},{"data":"Dualcast","floor":8,"key":"SMITH"},{"floor":12,"key":"RECALL"},{"floor":15,"key":"REST"}],"circlet_count":0,"master_deck":["AscendersBane","Strike_B","Strike_B","Defend_B","Defend_B","Defend_B","Defend_B","Zap+1","Dualcast+1","Compile Driver","Undo","Sweeping Beam","Doubt","Glacier","Go for the Eyes+1","Compile Driver+1"],"relics":["Cracked Core","NeowsBlessing","HornCleat","Molten Egg 2","Strange Spoon"],"acts_visited":["Exordium"],"potions_floor_usage":[14,16],"damage_taken":[{"damage":0,"enemies":"Jaw Worm","floor":1,"turns":1},{"damage":0,"enemies":"Cultist","floor":3,"turns":1},{"damage":0,"enemies":"2 Louse","floor":4,"turns":1},{"damage":32,"enemies":"3 Sentries","floor":7,"turns":6},{"damage":15,"enemies":"Large Slime","floor":11,"turns":5},{"damage":0,"enemies":"Lots of Slimes","floor":14,"turns":1},{"damage":47,"enemies":"Slime Boss","floor":16,"turns":6}],"seed_played":"7497070748937420690","potions_obtained":[{"floor":7,"key":"PowerPotion"},{"floor":14,"key":"PowerPotion"}],"is_trial":false,"path_per_floor":["M","?","M","M","?","R","E","R","T","?","M","R","$","M","R","B"],"character_chosen":"DEFECT","items_purchased":["Strange Spoon","Compile Driver+1"],"campfire_rested":1,"item_purchase_floors":[13,13],"current_hp_per_floor":[64,64,64,64,64,64,32,32,32,28,13,13,13,13,34,0,0],"gold":71,"neow_bonus":"THREE_ENEMY_KILL","is_daily":false,"chose_seed":false,"campfire_upgraded":2,"win_rate":0.0,"timestamp":1610368381,"path_taken":["M","?","M","?","?","R","E","R","T","?","?","R","$","?","R","BOSS"],"items_purchased_type":["Relic","Card"],"build_version":"2020-12-22","purchased_purges":1,"victory":false,"max_hp_per_floor":[71,71,71,71,71,71,71,71,71,71,71,71,71,71,71,71,71],"card_choices":[{"not_picked":["Beam Cell","Melter"],"picked":"Compile Driver","floor":1},{"not_picked":["Steam","Compile Driver"],"picked":"Undo","floor":3},{"not_picked":["Undo","Turbo"],"picked":"Sweeping Beam","floor":4},{"not_picked":["Undo","Consume"],"picked":"Glacier","floor":7},{"not_picked":["Turbo","Steam"],"picked":"Go for the Eyes+1","floor":11},{"not_picked":["Darkness","Beam Cell+1","Steam"],"picked":"SKIP","floor":14}],"player_experience":1051725,"relics_obtained":[{"floor":7,"key":"HornCleat"},{"floor":9,"key":"Molten Egg 2"}],"event_choices":[{"cards_removed":["Strike_B"],"damage_healed":0,"gold_gain":0,"player_choice":"Offered Basic","damage_taken":0,"max_hp_gain":0,"max_hp_loss":0,"event_name":"Bonfire Elementals","floor":2,"gold_loss":0},{"damage_healed":0,"gold_gain":150,"player_choice":"AGREE","damage_taken":0,"max_hp_gain":0,"max_hp_loss":0,"event_name":"Liars Game","floor":5,"gold_loss":0,"cards_obtained":["Doubt"]},{"damage_healed":0,"gold_gain":0,"player_choice":"Bought 0 Potions","damage_taken":0,"max_hp_gain":0,"max_hp_loss":0,"event_name":"The Woman in Blue","floor":10,"gold_loss":0}],"is_beta":false,"boss_relics":[],"items_purged_floors":[13],"is_endless":false,"potions_floor_spawned":[7,14],"killed_by":"Slime Boss","ascension_level":19}}