{"host":"8lgo2trwv2o0qyml","time":1610383187,"event":{"mods":["BaseMod","Colored Map","Colored Powertips","DeckTracker","Highlight Path","Hubris","Infinite Spire","Minty Spire (QoL Compilation)","Quick Restart","Random Character Button","Relic Sorter","Replay The Spire","StSLib","SuperFastMode","Synergy Search"],"gold_per_floor":[110,110,130,130,0,26,42,57,136,155,181,31,31,31,31,31,31],"floor_reached":16,"playtime":723,"items_purged":[],"score":110,"play_id":"62acc19c-9b6c-4df4-86cd-b2f7a9d314bd","local_time":"20210111113947","is_ascension_mode":false,"campfire_choices":[{"floor":15,"key":"REST"}],"circlet_count":0,"master_deck":["Strike_B","Strike_B","Strike_B","Defend_B","Defend_B","Defend_B","Defend_B","Zap","Dualcast","Chaos","FIFO Queue","Scrape","Cold Snap","Aggregate","Rip and Tear","BasicCrystalCard","Time Bomb","Redo","Seek"],"relics":["Replay:M_StaffOfTheSnake","Vajra","infinitespire:Freezer","Bottled Flame","Replay:Bottled Snecko","hubris:SphereOfDissonance","infinitespire:Cubic Diamond"],"acts_visited":["Exordium"],"potions_floor_usage":[6],"damage_taken":[{"damage":2,"enemies":"Jaw Worm","floor":1,"turns":4},{"damage":0,"enemies":"2 Louse","floor":3,"turns":2},{"damage":12,"enemies":"3 Sentries","floor":6,"turns":9},{"damage":5,"enemies":"Small Slimes","floor":7,"turns":4},{"damage":7,"enemies":"Looter","floor":8,"turns":4},{"damage":0,"enemies":"3 Louse","floor":10,"turns":3},{"damage":24,"enemies":"Gremlin Nob","floor":11,"turns":4},{"damage":40,"enemies":"Fading Forest","floor":16,"turns":7}],"seed_played":"-4584594219753863303","potions_obtained":[{"floor":1,"key":"Fire Potion"},{"floor":8,"key":"GamblersBrew"},{"floor":11,"key":"AttackPotion"}],"is_trial":false,"path_per_floor":["M","?","M","?","$","E","M","M","T","M","E","$","?","$","R","B"],"character_chosen":"DEFECT","items_purchased":["Scrape","Cold Snap","Seek"],"campfire_rested":1,"item_purchase_floors":[5,5,12],"current_hp_per_floor":[73,61,61,54,54,42,37,30,30,30,6,6,6,6,28,0,0],"gold":31,"neow_bonus":"RANDOM_COMMON_RELIC","is_daily":false,"chose_seed":false,"campfire_upgraded":0,"win_rate":0.0,"timestamp":1610383187,"path_taken":["M","?","M","?","$","E","M","M","T","M","E","$","?","$","R","BOSS"],"items_purchased_type":["Card","Card","Card"],"build_version":"2020-12-22","purchased_purges":0,"victory":false,"max_hp_per_floor":[75,75,75,75,75,75,75,75,75,75,75,75,75,75,75,75,75],"card_choices":[{"not_picked":["Barrage","Defragment"],"picked":"Chaos","floor":1},{"not_picked":["Steam","Streamline"],"picked":"FIFO Queue","floor":3},{"not_picked":["ReplayGash","Aggregate","Double Energy"],"picked":"SKIP","floor":6},{"not_picked":["ReplayGash","Double Energy"],"picked":"Aggregate","floor":6},{"not_picked":["ReplayTheSpireMod:GoodbyeWorld","Panic Button"],"picked":"Rip and Tear","floor":7},{"not_picked":["Conserve Battery","Blizzard"],"picked":"BasicCrystalCard","floor":8},{"not_picked":["Stack","ReplayTheSpireMod:Calculation Training"],"picked":"Time Bomb","floor":10},{"not_picked":["Streamline","Undo"],"picked":"Redo","floor":11}],"player_experience":49065,"relics_obtained":[{"floor":6,"key":"Bottled Flame"},{"floor":9,"key":"Replay:Bottled Snecko"},{"floor":11,"key":"hubris:SphereOfDissonance"}],"event_choices":[{"damage_healed":0,"gold_gain":0,"player_choice":"Success","damage_taken":12,"relics_obtained":["infinitespire:Freezer"],"max_hp_gain":0,"max_hp_loss":0,"event_name":"Scrap Ooze","floor":2,"gold_loss":0},{"cards_removed":["Strike_B"],"damage_healed":0,"gold_gain":0,"player_choice":"Card Removal","damage_taken":7,"max_hp_gain":0,"max_hp_loss":0,"event_name":"Golden Wing","floor":4,"gold_loss":0}],"is_beta":false,"boss_relics":[],"items_purged_floors":[],"is_endless":false,"potions_floor_spawned":[1,8,11],"killed_by":"Fading Forest","ascension_level":0}}