{"host":"49c2zf0lajbcs427","time":1610339158,"event":{"mods":["AchievementEnabler","BaseMod","Colored Map","Colored Powertips","Highlight Path","Key Reminder","Minty Spire (QoL Compilation)","Relic Stats","StSLib"],"gold_per_floor":[211,211,98,173,173,173,201,201,225,225,225,225,225,239,239,316,316,327,361,381,381,381,381,381],"floor_reached":23,"playtime":1169,"items_purged":[],"score":396,"play_id":"4055b331-aa0b-4e45-ad28-90a9f6dba738","local_time":"20210111172558","is_ascension_mode":true,"campfire_choices":[{"data":"Footwork","floor":6,"key":"SMITH"},{"data":"Malaise","floor":8,"key":"SMITH"},{"floor":10,"key":"REST"},{"data":"Bouncing Flask","floor":12,"key":"SMITH"},{"data":"Neutralize","floor":15,"key":"SMITH"}],"circlet_count":0,"master_deck":["AscendersBane","Strike_G","Strike_G","Strike_G","Strike_G","Defend_G","Defend_G","Defend_G","Defend_G","Defend_G","Survivor","Neutralize+1","Predator+1","Bouncing Flask+1","Footwork+1","Malaise+1","Backflip","Malaise","Poisoned Stab+1","PiercingWail","After Image+1"],"relics":["Ring of the Snake","Akabeko","Juzu Bracelet","Frozen Egg 2","Snecko Eye","Red Mask","Pen Nib"],"acts_visited":["Exordium","TheCity"],"potions_floor_usage":[19,19,20],"damage_taken":[{"damage":1,"enemies":"2 Louse","floor":1,"turns":3},{"damage":26,"enemies":"Gremlin Nob","floor":7,"turns":5},{"damage":0,"enemies":"Small Slimes","floor":14,"turns":3},{"damage":0,"enemies":"The Guardian","floor":16,"turns":9},{"damage":10,"enemies":"Spheric Guardian","floor":18,"turns":4},{"damage":30,"enemies":"Masked Bandits","floor":19,"turns":8},{"damage":0,"enemies":"3 Byrds","floor":20,"turns":6},{"damage":41,"enemies":"Slavers","floor":23,"turns":5}],"seed_played":"-3371588921980805662","potions_obtained":[{"floor":7,"key":"PowerPotion"},{"floor":18,"key":"SpeedPotion"},{"floor":19,"key":"Regen Potion"}],"is_trial":false,"path_per_floor":["M","?","$","?","?","R","E","R","T","R","?","R","?","M","R","B",null,"M","?","M","?","?","E"],"character_chosen":"THE_SILENT","items_purchased":["Bouncing Flask","Footwork"],"campfire_rested":1,"item_purchase_floors":[3,3],"current_hp_per_floor":[58,63,63,52,52,52,26,26,26,47,40,40,40,40,40,40,63,53,23,38,38,38,0,0],"gold":381,"neow_bonus":"HUNDRED_GOLD","is_daily":false,"chose_seed":false,"campfire_upgraded":4,"win_rate":0.0,"timestamp":1610339158,"path_taken":["M","?","$","?","?","R","E","R","T","R","?","R","?","M","R","BOSS","M","?","M","?","?","E"],"items_purchased_type":["Card","Card"],"build_version":"2020-12-22","purchased_purges":0,"victory":false,"max_hp_per_floor":[66,71,71,71,71,71,71,71,71,71,71,71,71,71,71,71,71,71,71,71,71,71,71,71],"relic_stats":{"counters":[8,43],"Snecko Eye":[47,37,50,46],"Pen Nib":[0],"Juzu Bracelet":1,"obtain_stats":[{"Snecko Eye":17,"Pen Nib":21,"Juzu Bracelet":9,"Red Mask":19,"Frozen Egg 2":13,"Akabeko":7,"Ring of the Snake":0},{"Snecko Eye":4,"Pen Nib":7,"Juzu Bracelet":2,"Red Mask":6,"Frozen Egg 2":2,"Akabeko":2,"Ring of the Snake":0},{"Snecko Eye":20,"Pen Nib":38,"Juzu Bracelet":8,"Red Mask":32,"Frozen Egg 2":8,"Akabeko":8,"Ring of the Snake":0}],"Ring of the Snake":[16]},"card_choices":[{"not_picked":["Blade Dance","Expertise"],"picked":"Predator","floor":1},{"not_picked":["Masterful Stab","Flying Knee"],"picked":"Malaise","floor":7},{"not_picked":["Quick Slash","Outmaneuver"],"picked":"Backflip","floor":14},{"not_picked":["Phantasmal Killer","Envenom+1"],"picked":"Malaise","floor":16},{"not_picked":["Outmaneuver","Dagger Spray"],"picked":"Poisoned Stab+1","floor":18},{"not_picked":["Poisoned Stab","Backflip"],"picked":"PiercingWail","floor":19},{"not_picked":["Choke","Quick Slash"],"picked":"After Image+1","floor":20}],"player_experience":2296014,"relics_obtained":[{"floor":7,"key":"Akabeko"},{"floor":9,"key":"Juzu Bracelet"},{"floor":19,"key":"Red Mask"}],"event_choices":[{"damage_healed":0,"gold_gain":0,"player_choice":"Donut","damage_taken":0,"max_hp_gain":5,"max_hp_loss":0,"event_name":"Big Fish","floor":2,"gold_loss":0},{"damage_healed":0,"gold_gain":75,"player_choice":"Gather Gold","damage_taken":11,"max_hp_gain":0,"max_hp_loss":0,"event_name":"World of Goop","floor":4,"gold_loss":0},{"damage_healed":0,"gold_gain":0,"player_choice":"Grow","damage_taken":0,"max_hp_gain":0,"max_hp_loss":0,"event_name":"Living Wall","floor":5,"gold_loss":0,"cards_upgraded":["Predator"]},{"cards_removed":["Strike_G"],"damage_healed":0,"gold_gain":0,"player_choice":"Card Removal","damage_taken":7,"max_hp_gain":0,"max_hp_loss":0,"event_name":"Golden Wing","floor":11,"gold_loss":0},{"damage_healed":0,"gold_gain":0,"player_choice":"Searched \u00271\u0027 times","damage_taken":0,"relics_obtained":["Frozen Egg 2"],"max_hp_gain":0,"max_hp_loss":0,"event_name":"Dead Adventurer","floor":13,"gold_loss":0},{"damage_healed":0,"gold_gain":0,"player_choice":"Fought Bandits","damage_taken":0,"max_hp_gain":0,"max_hp_loss":0,"event_name":"Masked Bandits","floor":19,"gold_loss":0},{"damage_healed":0,"gold_gain":0,"player_choice":"Opened","damage_taken":0,"relics_obtained":["Pen Nib"],"max_hp_gain":0,"max_hp_loss":0,"event_name":"The Mausoleum","floor":21,"gold_loss":0},{"damage_healed":0,"gold_gain":0,"player_choice":"Ignored","damage_taken":0,"max_hp_gain":0,"max_hp_loss":0,"event_name":"Ghosts","floor":22,"gold_loss":0}],"is_beta":false,"boss_relics":[{"not_picked":["Fusion Hammer","Velvet Choker"],"picked":"Snecko Eye"}],"items_purged_floors":[],"is_endless":false,"potions_floor_spawned":[7,18,19],"killed_by":"Slavers","ascension_level":14}}