{"host":"inzxg65gu6nvov1v","time":1610395571,"event":{"mods":["AchievementEnabler","Act Like it!","Aspiration","BaseMod","Better Third Choice","CapriCore","Card Forge","Colored Map","Colored Powertips","Conspire","Downfall","Duelist Mod","Energized Spire","Gensokyo","Hallownest","Hermit","Highlight Path","Hubris","Infinite Spire","Jedi Mod","Koishi","Lobotomy","LobotomyExtend","Marisa????????","Mimic Mod","Minty Spire (QoL Compilation)","Reimu??????","Remilia??????","Replay The Spire","Spicy Shops","StSLib","Td1madao Mod","The Administrix","The Bug Knight","The Construct","The Cursed","The Disciple","The Elementalist","The Gatherer","The Hierophant","The Immortal","The Jungle","The Mystic","The Necromancer","The Runesmith","The Servant 0.9.4","Wandering Minibosses","Yakumo Yukari mod","Youmu??????"],"gold_per_floor":[114,168,184,200,200,200,231,231,270,280,300,350,369,369,369,369,369],"floor_reached":16,"playtime":1531,"items_purged":[],"score":107,"play_id":"c330ce69-dded-4024-bcf0-64b8e3dcd625","local_time":"20210111220611","is_ascension_mode":true,"campfire_choices":[{"data":"HollowMod:FocusHealStart","floor":6,"key":"SMITH"},{"floor":8,"key":"RECALL"},{"floor":15,"key":"DIG"}],"circlet_count":0,"master_deck":["HollowMod:NailStrikeStart","HollowMod:NailStrikeStart","HollowMod:NailStrikeStart","HollowMod:NailStrikeStart","HollowMod:QuickDashStart","HollowMod:QuickDashStart","HollowMod:QuickDashStart","HollowMod:FocusHealStart+1","HollowMod:PogoStrike","HollowMod:SoulVessel","HollowMod:PureNailStrike","HollowMod:SoulShaman"],"relics":["HollowMod:VesselMask","Hammer of Thor","Seething Fire","Anvil of the Gods","Pet Ghost","infinitespire:PuzzleCube","conspire:TopHat"],"acts_visited":["Hallownest:Greenpath"],"potions_floor_usage":[10],"damage_taken":[{"damage":1,"enemies":"2_ Uuma","floor":1,"turns":5},{"damage":10,"enemies":"Hallownest:monsterHuskGuard","floor":3,"turns":4},{"damage":0,"enemies":"Hallownest:2_MossCreeps","floor":4,"turns":7},{"damage":28,"enemies":"Hallownest:eliteVengeflyKing","floor":7,"turns":16},{"damage":4,"enemies":"Hallownest:Wandering_and_Horned","floor":9,"turns":10},{"damage":20,"enemies":"Hallownest:Wandering_and_Horned","floor":10,"turns":3},{"damage":34,"enemies":"Hallownest:1_Ooma_and_2_Uuma","floor":11,"turns":11},{"damage":7,"enemies":"Hallownest:Guard_and_Warrior","floor":13,"turns":9},{"damage":42,"enemies":"Hallownest:BossHornet","floor":16,"turns":7}],"seed_played":"1609633761376705142","potions_obtained":[{"floor":4,"key":"GamblersBrew"},{"floor":7,"key":"Death Potion"}],"is_trial":false,"path_per_floor":["M","T","M","M","$","R","E","R","MIM","M","M","?","M","?","R_BF","B"],"character_chosen":"THE_BUGKNIGHT","items_purchased":[],"campfire_rested":0,"item_purchase_floors":[],"current_hp_per_floor":[75,75,65,75,75,75,57,57,65,45,23,23,26,30,30,0,0],"gold":369,"neow_bonus":"REMOVE_CARD","is_daily":false,"chose_seed":false,"campfire_upgraded":1,"win_rate":0.0,"timestamp":1610395571,"path_taken":["M","?","M","M","$","R","E","R","MIM","M","M","?","M","?","R_BF","BOSS"],"items_purchased_type":[],"build_version":"2020-12-22","purchased_purges":0,"victory":false,"max_hp_per_floor":[75,75,75,75,75,75,75,75,75,75,75,75,75,75,75,75,75],"card_choices":[{"not_picked":["HollowMod:InfectedAttack","HollowMod:ShadowDash"],"picked":"HollowMod:SoulVessel","floor":1},{"not_picked":["HollowMod:GoodIntentions","HollowMod:CycloneSlash","HollowMod:CrystalDash"],"picked":"SKIP","floor":3},{"not_picked":["HollowMod:DreamGate","HollowMod:VengefulVoid","HollowMod:ShadowDash"],"picked":"SKIP","floor":4},{"not_picked":["HollowMod:VengefulVoid","HollowMod:BrokenVessel","HollowMod:WraithStrike"],"picked":"SKIP","floor":7},{"not_picked":["HollowMod:DescendingDark","HollowMod:SiblingsSouls"],"picked":"HollowMod:PureNailStrike","floor":10},{"not_picked":["HollowMod:TaintedHusks","HollowMod:DashSlash","HollowMod:DescendingDark"],"picked":"SKIP","floor":11},{"not_picked":["HollowMod:InfectedCysts","HollowMod:HeavyBlow"],"picked":"HollowMod:SoulShaman","floor":13}],"player_experience":162427,"relics_obtained":[{"floor":2,"key":"Pet Ghost"},{"floor":7,"key":"infinitespire:PuzzleCube"},{"floor":15,"key":"conspire:TopHat"}],"event_choices":[],"is_beta":false,"boss_relics":[],"items_purged_floors":[],"is_endless":false,"potions_floor_spawned":[4,7],"killed_by":"Hallownest:BossHornet","ascension_level":1}}