{"host":"an6uhul3yec8m0jh","time":1610334245,"event":{"mods":["ATMod(阿瑾Mod)","Act Like it!","BaseMod","Colored Map","Colored Powertips","Gensokyo","Highlight Path","Minty Spire (QoL Compilation)","MostiFishMod","Pale of the Ancients","Quick Restart","StSLib","TestMod","UnlockEverythingMod","Waifu the Spire","noobMod"],"gold_per_floor":[213,138,138,31,46,72,72,72,72,72,72,72,72,72,146,146,158,158,58,58,58,91,1090,803,803,818,818,698,698,972,972,986,986,1002,564,564,598,624,624,670,695,695,725,725,757,757,757,757,768,785,785,785,785,785,785],"floor_reached":57,"playtime":2599,"items_purged":["Defend_P","Defend_P","testmod-Lust"],"score":2887,"play_id":"2852acfa-0b84-4c83-87e4-72f236af0e14","local_time":"20210111110405","is_ascension_mode":true,"campfire_choices":[{"data":"Eruption","floor":7.0,"key":"SMITH"},{"data":"Adaptation","floor":10.0,"key":"SMITH"},{"floor":12.0,"key":"RECALL"},{"data":"Wallop","floor":15.0,"key":"SMITH"},{"data":"Vigilance","floor":28.0,"key":"SMITH"},{"data":"InnerPeace","floor":32.0,"key":"SMITH"},{"data":"Gensokyo:ShootingStar","floor":47.0,"key":"SMITH"},{"data":"MostiFishMod:SparklingWater","floor":49.0,"key":"SMITH"},{"data":"MostiFishMod:TheEndOfMoonlight","floor":56.0,"key":"SMITH"}],"circlet_count":0,"master_deck":["AscendersBane","Strike_P","Strike_P","Strike_P","Strike_P","Defend_P+1","Defend_P","Eruption+1","Vigilance+1","Pride","testmod-Wrath","testmod-Sloth","testmod-Envy","testmod-Greed","testmod-Gluttony","testmod-Gluttony","AT_FamilyPortrait+1","Adaptation+1","testmod-Gluttony","testmod-Gluttony","Wallop+1","Clumsy","testmod-Gluttony","testmod-Gluttony","AT_RealColorLess+1","testmod-Gluttony","InnerPeace+1","testmod-Gluttony","testmod-Gluttony","testmod-Gluttony","testmod-Gluttony","testmod-Gluttony","testmod-Gluttony","testmod-Gluttony","testmod-Gluttony","testmod-Gluttony","testmod-Gluttony","testmod-Gluttony","testmod-Gluttony","CutThroughFate","testmod-Gluttony","testmod-Gluttony","Gensokyo:ShootingStar+1","Ragnarok+1","MostiFishMod:Neptune","MostiFishMod:TheEndOfMoonlight+1","MostiFishMod:SparklingWater+1","MostiFishMod:FantasySummer","MostiFishMod:NightSea+1","testmod-Gluttony","MostiFishMod:Speedup","testmod-Gluttony","Wish+1","testmod-Gluttony","testmod-Gluttony","Gensokyo:MedicineKit","testmod-Gluttony","testmod-Gluttony","testmod-Gluttony"],"relics":["PureWater","ice","testmod-TestBox","AT_ATBox","BrkXgEgg","testmod-SevenDeadlySins","Du-Vu Doll","Darkstone Periapt","Blue Candle","SynthV:TestCard","Gensokyo:PortableGap","Shuriken","Bottled Tornado","testmod-EqualTreatment","Gensokyo:NagashiBinaDoll","ShadowXiaoBlade","Gensokyo:RedStar","testmod-Alchemist","testmod-Déjàvu","MetatronsCube","Medical Kit","Gensokyo:MosesMiracle","Gensokyo:MaskOfHope","MoonlightInvasionPlan","RhineSuit","BirthdayGift-Icosahedron","TimeFreeze","ChiLing","Chi","Ling","Juzu Bracelet","Incense Burner","Strawberry","AT_TimeSand","War Paint","paleoftheancients:Timepiece","paleoftheancients:KeyRelic","Letter Opener","CultistMask","DaveBox","DiscerningMonocle","Dodecahedron","AT_ChloranthyRing","Pantograph"],"acts_visited":["Gensokyo:Gensokyo","Gensokyo:Gensokyoer","Gensokyo:Gensokyoest","paleoftheancients:PaleOfTheAncients"],"potions_floor_usage":[],"damage_taken":[{"damage":0.0,"enemies":"Gensokyo:Python","floor":1.0,"turns":2.0},{"damage":30.0,"enemies":"Gensokyo:3_Fairies","floor":5.0,"turns":8.0},{"damage":164.0,"enemies":"Gensokyo:Aya","floor":6.0,"turns":7.0},{"damage":1.0,"enemies":"Gensokyo:Reimu","floor":16.0,"turns":4.0},{"damage":20.0,"enemies":"Gensokyo:2_Gloops","floor":18.0,"turns":4.0},{"damage":200.0,"enemies":"Gensokyo:Tenshi","floor":23.0,"turns":6.0},{"damage":1.0,"enemies":"Gensokyo:Chomper","floor":29.0,"turns":1.0},{"damage":1.0,"enemies":"Gensokyo:Eiki","floor":33.0,"turns":2.0},{"damage":0.0,"enemies":"Gensokyo:3_Boulders","floor":35.0,"turns":1.0},{"damage":26.0,"enemies":"Gensokyo:3_Bats","floor":37.0,"turns":3.0},{"damage":1.0,"enemies":"Gensokyo:Marisa","floor":40.0,"turns":1.0},{"damage":0.0,"enemies":"Gensokyo:Kasen","floor":41.0,"turns":2.0},{"damage":0.0,"enemies":"Gensokyo:Marisa","floor":44.0,"turns":1.0},{"damage":1.0,"enemies":"Gensokyo:Doremy","floor":46.0,"turns":2.0},{"damage":0.0,"enemies":"Gensokyo:Kasen","floor":48.0,"turns":1.0},{"damage":0.0,"enemies":"Gensokyo:Scarlet_Devils","floor":50.0,"turns":1.0},{"damage":1.0,"enemies":"Gensokyo:Yuyuko","floor":51.0,"turns":2.0},{"damage":1.0,"enemies":"Gensokyo:Yuyuko","floor":52.0,"turns":2.0},{"damage":0.0,"enemies":"Gensokyo:Yuyuko","floor":53.0,"turns":2.0},{"damage":0,"enemies":"","floor":57,"turns":1}],"seed_played":"8253020050683934407","potions_obtained":[{"floor":6.0,"key":"Fruit Juice"},{"floor":18.0,"key":"SteroidPotion"},{"floor":29.0,"key":"Fire Potion"}],"is_trial":false,"path_per_floor":["M","$","?","COS","M","E","R","T","T","R","?","R","$","R","B",null,"M","?","$","?","?","E","?","COS","R","M","?","?","R","B",null,"M","$","M","COS","$","E","E","?","T","E","?","E","R","E","R","B","B","M","M","?","$","R","M"],"character_chosen":"WATCHER","items_purchased":["Dodecahedron","AT_ChloranthyRing","Pantograph"],"campfire_rested":0,"item_purchase_floors":[55,55,55],"current_hp_per_floor":[109,109,99,99,69,113,113,113,113,113,125,122,119,119,124,126,112,112,112,112,112,164,164,164,164,172,172,172,172,225,225,225,225,236,233,233,241,249,200,200,255,255,209,209,220,220,231,231,231,242,242,242,242,242,242],"gold":785,"neow_bonus":"HUNDRED_GOLD","is_daily":false,"chose_seed":false,"campfire_upgraded":8,"win_rate":0.0,"timestamp":1610334245,"path_taken":["M","$","?","COS","?","E","R","?","T","R","?","R","?","R","BOSS","M","?","?","?","?","E","?","COS","R","?","?","?","R","BOSS","M","$","?","COS","?","E","E","?","T","E","?","E","R","E","R","BOSS","BOSS","M","M","?","$","R","M"],"items_purchased_type":["Relic","Relic","Relic"],"build_version":"2020-12-22","purchased_purges":3,"victory":false,"max_hp_per_floor":[116,116,99,99,99,113,113,113,113,113,125,122,119,119,126,126,133,133,133,130,130,211,208,208,208,208,208,208,208,225,225,225,225,236,233,233,241,249,249,246,267,264,209,209,220,220,231,231,231,242,242,242,242,242,242],"card_choices":[{"not_picked":["Evaluate","WaveOfTheHand","EmptyBody"],"picked":"SKIP","floor":1.0},{"not_picked":["FlyingSleeves","EmptyBody","BowlingBash","ClearTheMind"],"picked":"Adaptation","floor":5.0},{"not_picked":["Prostrate","AT_RealFormLess","ReachHeaven","Pray"],"picked":"Wallop","floor":6.0},{"not_picked":["Brilliance+1","MostiFishMod:OutWit+1","Establishment+1","Omniscience+1"],"picked":"AT_RealColorLess+1","floor":16.0},{"not_picked":["SashWhip+1","EmptyBody","Study","PathToVictory","SignatureMove"],"picked":"SKIP","floor":18.0},{"not_picked":["Evaluate+1","MostiFishMod:FlowState","ClearTheMind","FlyingSleeves","Blasphemy+1"],"picked":"SKIP","floor":23.0},{"not_picked":["Meditate","ClearTheMind","BowlingBash","FlurryOfBlows"],"picked":"CutThroughFate","floor":29.0},{"not_picked":[],"picked":"Gensokyo:ShootingStar","floor":33.0},{"not_picked":["MostiFishMod:DisColor+1","MostiFishMod:Adaptation+1","MostiFishMod:DustFall+1","MostiFishMod:StarOceanP+1"],"picked":"Ragnarok+1","floor":33.0},{"not_picked":["EmptyFist","Worship","EmptyBody","PathToVictory+1","FlyingSleeves"],"picked":"SKIP","floor":35.0},{"not_picked":["FlurryOfBlows","AT_RealFormLess","CrushJoints","Wireheading"],"picked":"MostiFishMod:Speedup","floor":37.0},{"not_picked":["ClearTheMind+1","FlyingSleeves+1","MostiFishMod:StarHerder+1","Halt+1"],"picked":"Wish+1","floor":40.0},{"not_picked":["Protect","EmptyMind","SashWhip","Evaluate+1","Crescendo"],"picked":"SKIP","floor":41.0},{"not_picked":["MostiFishMod:Adaptation+1","CutThroughFate+1","CrushJoints","EmptyFist","AT_SoftenMuscles"],"picked":"SKIP","floor":44.0},{"not_picked":["SashWhip","Sanctity","MostiFishMod:Pointsdynamics+1","Halt","SignatureMove"],"picked":"SKIP","floor":46.0},{"not_picked":["BattleHymn","Sanctity","Establishment+1","CrushJoints+1","Vengeance"],"picked":"SKIP","floor":48.0},{"not_picked":["Protect+1","EmptyFist+1","Nirvana+1","Collect","Pray+1"],"picked":"SKIP","floor":52.0},{"not_picked":["EmptyBody","ClearTheMind+1","PathToVictory","Worship","ForeignInfluence"],"picked":"SKIP","floor":53.0}],"player_experience":220909,"relics_obtained":[{"floor":1.0,"key":"SynthV:TestCard"},{"floor":6.0,"key":"Shuriken"},{"floor":8.0,"key":"Bottled Tornado"},{"floor":9.0,"key":"testmod-EqualTreatment"},{"floor":23.0,"key":"testmod-Déjàvu"},{"floor":37.0,"key":"Gensokyo:MosesMiracle"},{"floor":40.0,"key":"Juzu Bracelet"},{"floor":41.0,"key":"Incense Burner"},{"floor":44.0,"key":"Strawberry"},{"floor":46.0,"key":"AT_TimeSand"},{"floor":48.0,"key":"War Paint"}],"event_choices":[{"damage_healed":0.0,"max_hp_gain":0.0,"max_hp_loss":0.0,"gold_gain":999.0,"event_name":"恩洛斯的盘子","player_choice":"Sell","floor":25.0,"relics_lost":["testmod-Nine"],"gold_loss":0.0,"damage_taken":0.0},{"damage_healed":0.0,"max_hp_gain":0.0,"max_hp_loss":0.0,"gold_gain":0.0,"event_name":"给自己的盒子","player_choice":"Swap Relic","floor":54.0,"relics_lost":["DaveBox"],"gold_loss":0.0,"damage_taken":0.0,"relics_obtained":["DaveBox"]}],"is_beta":false,"boss_relics":[{"not_picked":["Velvet Choker","Fusion Hammer"],"picked":"testmod-Nine"},{"not_picked":["DiscerningMonocle","Busted Crown"],"picked":"RhineSuit"}],"items_purged_floors":[2,20,55],"is_endless":false,"potions_floor_spawned":[6,18,29,44,46,48,53],"killed_by":"","ascension_level":20}}