{"host":"52jmisti11ysmja4","time":1610406680,"event":{"mods":["Aspiration","BaseMod","Better Third Choice","Minty Spire (QoL Compilation)","Remove Card Discount Mod","StSLib"],"gold_per_floor":[110,127,127,138,153,153,185,185,208,239,254,269,280,280,280],"floor_reached":14,"playtime":958,"items_purged":[],"score":187,"play_id":"d38b5ca8-acf5-4f26-9b22-b7c8535c02d1","local_time":"20210111151120","is_ascension_mode":true,"campfire_choices":[{"data":"Bane","floor":6,"key":"SMITH"},{"floor":8,"key":"REST"}],"circlet_count":0,"master_deck":["AscendersBane","Strike_G","Strike_G","Strike_G","Strike_G","Strike_G","Defend_G","Defend_G","Defend_G","Defend_G","Defend_G","Survivor","Neutralize","Noxious Fumes","Bane+1","Dodge and Roll","Noxious Fumes","After Image","Poisoned Stab","Quick Slash","Finisher","Poisoned Stab"],"relics":["Ring of the Snake","NeowsBlessing","Tiny Chest","Art of War","Ginger"],"acts_visited":["Exordium"],"potions_floor_usage":[7,7,12,13],"damage_taken":[{"damage":0,"enemies":"Jaw Worm","floor":1,"turns":1},{"damage":0,"enemies":"Cultist","floor":2,"turns":1},{"damage":0,"enemies":"Small Slimes","floor":4,"turns":1},{"damage":9,"enemies":"Looter","floor":5,"turns":5},{"damage":11,"enemies":"Gremlin Nob","floor":7,"turns":5},{"damage":14,"enemies":"3 Sentries","floor":10,"turns":7},{"damage":14,"enemies":"3 Louse","floor":11,"turns":4},{"damage":11,"enemies":"Gremlin Gang","floor":12,"turns":6},{"damage":7,"enemies":"Exordium Thugs","floor":13,"turns":5},{"damage":10,"enemies":"Gremlin Nob","floor":14,"turns":3}],"seed_played":"-823934275886865216","potions_obtained":[{"floor":1,"key":"Energy Potion"},{"floor":5,"key":"SpeedPotion"},{"floor":11,"key":"ColorlessPotion"},{"floor":12,"key":"EssenceOfSteel"}],"is_trial":false,"path_per_floor":["M","M","?","M","M","R","E","R","T","E","M","M","M","E"],"character_chosen":"THE_SILENT","items_purchased":[],"campfire_rested":1,"item_purchase_floors":[],"current_hp_per_floor":[59,59,55,55,46,46,35,54,54,40,26,15,8,0,0],"gold":280,"neow_bonus":"THREE_ENEMY_KILL","is_daily":false,"chose_seed":false,"campfire_upgraded":1,"win_rate":0.0,"timestamp":1610406680,"path_taken":["M","M","?","?","M","R","E","R","T","E","M","M","M","E"],"items_purchased_type":[],"build_version":"2020-12-22","purchased_purges":0,"victory":false,"max_hp_per_floor":[66,66,66,66,66,66,66,66,66,66,66,66,66,66,66],"card_choices":[{"not_picked":["Choke","Dagger Throw"],"picked":"Noxious Fumes","floor":1},{"not_picked":["Escape Plan","Dagger Spray"],"picked":"Bane","floor":2},{"not_picked":["Skewer","Leg Sweep"],"picked":"Dodge and Roll","floor":4},{"not_picked":["Tools of the Trade","Expertise"],"picked":"Noxious Fumes","floor":5},{"not_picked":["Sucker Punch","Quick Slash"],"picked":"After Image","floor":7},{"not_picked":["Expertise","Underhanded Strike"],"picked":"Poisoned Stab","floor":10},{"not_picked":["Infinite Blades","Crippling Poison"],"picked":"Quick Slash","floor":11},{"not_picked":["Skewer","Endless Agony"],"picked":"Finisher","floor":12},{"not_picked":["Sucker Punch","Dash"],"picked":"Poisoned Stab","floor":13}],"player_experience":476686,"relics_obtained":[{"floor":7,"key":"Tiny Chest"},{"floor":9,"key":"Art of War"},{"floor":10,"key":"Ginger"}],"event_choices":[{"damage_healed":0,"gold_gain":0,"player_choice":"Bought 0 Potions","damage_taken":0,"max_hp_gain":0,"max_hp_loss":0,"event_name":"The Woman in Blue","floor":3,"gold_loss":0}],"is_beta":false,"boss_relics":[],"items_purged_floors":[],"is_endless":false,"potions_floor_spawned":[1,5,11,12],"killed_by":"Gremlin Nob","ascension_level":16}}