{"host":"tmzq6unyecs2p367","time":1610392748,"event":{"mods":["BaseMod","Koishi","Minty Spire (QoL Compilation)","StSLib","The Bug Knight","The Dragon Tamer","The Juggle","The Senshi"],"gold_per_floor":[359,359,359,284,308,308,308,308],"floor_reached":6,"playtime":129,"items_purged":[],"score":37,"play_id":"82835c04-f927-4db7-a71c-ea37ba9e5932","local_time":"20210111201908","is_ascension_mode":true,"metric_token":531,"campfire_choices":[],"dtmod_dragon_data":[50,50,-1,-1,0,0],"circlet_count":0,"master_deck":["DTMod:Strike+1","DTMod:Strike","DTMod:Strike","DTMod:Strike","DTMod:DoubleHit","DTMod:TargetDefense+1","DTMod:TargetDefense","DTMod:TargetDefense","DTMod:TargetDefense","DTMod:SwitchingTactic","DTMod:CleansingStrike","DTMod:Dissolve"],"relics":["DTMod:PactStone","Golden Idol","The Courier"],"acts_visited":["Exordium"],"potions_floor_usage":[],"damage_taken":[{"damage":2,"enemies":"Jaw Worm","floor":1,"turns":3},{"damage":0,"enemies":"Small Slimes","floor":5,"turns":3},{"damage":11,"enemies":"Gremlin Nob","floor":6,"turns":4}],"seed_played":"-1214471540840370145","potions_obtained":[],"is_trial":false,"path_per_floor":["M","?","?","?","M","E"],"character_chosen":"THE_DT","items_purchased":[],"campfire_rested":0,"item_purchase_floors":[],"current_hp_per_floor":[31,20,11,11,11,0,0,0],"gold":308,"neow_bonus":"TWO_FIFTY_GOLD","is_daily":false,"chose_seed":false,"campfire_upgraded":0,"win_rate":0.0,"timestamp":1610392748,"path_taken":["M","?","?","?","?","E"],"items_purchased_type":[],"build_version":"2020-12-22","purchased_purges":0,"victory":false,"max_hp_per_floor":[45,45,45,45,45,45,45,45],"card_choices":[{"not_picked":["DTMod:GhostSkin","DTMod:Conduct"],"picked":"DTMod:CleansingStrike","floor":1},{"not_picked":["DTMod:GhostSkin","DTMod:FlameSlash"],"picked":"DTMod:Dissolve","floor":5}],"player_experience":1822530,"relics_obtained":[],"event_choices":[{"damage_healed":0,"gold_gain":0,"player_choice":"Take Damage","damage_taken":11,"relics_obtained":["Golden Idol"],"max_hp_gain":0,"max_hp_loss":0,"event_name":"Golden Idol","floor":2,"gold_loss":0},{"damage_healed":0,"gold_gain":0,"player_choice":"Entered Light","damage_taken":9,"max_hp_gain":0,"max_hp_loss":0,"event_name":"Shining Light","floor":3,"gold_loss":0,"cards_upgraded":["DTMod:TargetDefense","DTMod:Strike"]},{"damage_healed":0,"gold_gain":0,"player_choice":"Paid Gold","damage_taken":0,"relics_obtained":["The Courier"],"max_hp_gain":0,"max_hp_loss":0,"event_name":"WeMeetAgain","floor":4,"gold_loss":75}],"is_beta":false,"boss_relics":[],"items_purged_floors":[],"is_endless":false,"potions_floor_spawned":[],"killed_by":"Gremlin Nob","ascension_level":2}}