{"host":"2lo6hma6kymb0g9i","time":1610344197,"event":{"mods":["BaseMod","Colored Map","DeckTracker","Minty Spire (QoL Compilation)"],"gold_per_floor":[110,130,55,55,55,89,89,122,149,165,165,184,184,51,51,51,51],"floor_reached":16,"playtime":679,"items_purged":["Strike_B","Strike_B"],"score":178,"play_id":"7191b412-7c69-4e0f-a281-7d3868d01a8a","local_time":"20210111144957","is_ascension_mode":true,"campfire_choices":[{"data":"Redo","floor":7,"key":"SMITH"},{"floor":13,"key":"REST"},{"data":"FTL","floor":15,"key":"SMITH"}],"circlet_count":0,"master_deck":["AscendersBane","Strike_B","Strike_B","Defend_B","Defend_B","Defend_B","Defend_B","Zap+1","Dualcast","Go for the Eyes","Gash","Redo+1","Darkness","Compile Driver","Gash","FTL+1"],"relics":["Cracked Core","GremlinMask","Strawberry","Pen Nib","Bag of Marbles"],"acts_visited":["Exordium"],"potions_floor_usage":[12,12],"damage_taken":[{"damage":1,"enemies":"Cultist","floor":1,"turns":3},{"damage":4,"enemies":"Small Slimes","floor":2,"turns":3},{"damage":40,"enemies":"3 Sentries","floor":6,"turns":8},{"damage":20,"enemies":"Lagavulin","floor":8,"turns":7},{"damage":0,"enemies":"2 Louse","floor":10,"turns":2},{"damage":11,"enemies":"Lots of Slimes","floor":12,"turns":3},{"damage":32,"enemies":"The Guardian","floor":16,"turns":5}],"seed_played":"8705316177926358324","potions_obtained":[{"floor":1,"key":"Strength Potion"},{"floor":8,"key":"SkillPotion"}],"is_trial":false,"path_per_floor":["M","M","$","?","?","E","R","E","T","M","?","M","R","$","R","B"],"character_chosen":"DEFECT","items_purchased":["FTL"],"campfire_rested":1,"item_purchase_floors":[14],"current_hp_per_floor":[67,63,63,68,68,35,35,15,15,15,15,4,30,30,30,0,0],"gold":51,"neow_bonus":"UPGRADE_CARD","is_daily":false,"chose_seed":false,"campfire_upgraded":2,"win_rate":0.0,"timestamp":1610344197,"path_taken":["M","?","$","?","?","E","R","E","T","?","?","M","R","?","R","BOSS"],"items_purchased_type":["Card"],"build_version":"2020-12-22","purchased_purges":2,"victory":false,"max_hp_per_floor":[75,75,75,80,80,87,87,87,87,87,87,87,87,87,87,87,87],"card_choices":[{"not_picked":["Rip and Tear","Gash"],"picked":"Go for the Eyes","floor":1},{"not_picked":["Hologram","Consume"],"picked":"Gash","floor":2},{"not_picked":["Stack","Go for the Eyes"],"picked":"Redo","floor":6},{"not_picked":["BootSequence","Reprogram"],"picked":"Darkness","floor":8},{"not_picked":["Consume","Go for the Eyes"],"picked":"Compile Driver","floor":10},{"not_picked":["Beam Cell","Hello World"],"picked":"Gash","floor":12}],"player_experience":1020628,"relics_obtained":[{"floor":6,"key":"Strawberry"},{"floor":8,"key":"Pen Nib"},{"floor":9,"key":"Bag of Marbles"}],"event_choices":[{"damage_healed":0,"gold_gain":0,"player_choice":"Donut","damage_taken":0,"max_hp_gain":5,"max_hp_loss":0,"event_name":"Big Fish","floor":4,"gold_loss":0},{"damage_healed":0,"gold_gain":0,"player_choice":"Trade","damage_taken":0,"relics_obtained":["GremlinMask"],"max_hp_gain":0,"max_hp_loss":0,"event_name":"FaceTrader","floor":5,"gold_loss":0},{"damage_healed":0,"gold_gain":0,"player_choice":"Ignored","damage_taken":0,"max_hp_gain":0,"max_hp_loss":0,"event_name":"Liars Game","floor":11,"gold_loss":0}],"is_beta":false,"boss_relics":[],"items_purged_floors":[3,14],"is_endless":false,"potions_floor_spawned":[1,8,10],"killed_by":"The Guardian","ascension_level":13}}