{"host":"1c17lcvl7acx821p","time":1610393966,"event":{"mods":["AchievementEnabler","BaseMod","Colored Map","Minty Spire (QoL Compilation)","StSLib"],"gold_per_floor":[116,131,150,162,162,162,196,196,223,235,277,289,321,348,360,474,486,518,546,558,586,598,610,642,674,768,390,390,423,423,423,423,524,574,592,607,172,172,189,220,220,56,83,98,98,147,161,179,179,179],"floor_reached":51,"playtime":2749,"items_purged":["Strike_B","Strike_B"],"score":784,"play_id":"cafbdde7-41df-4801-8b13-fd22d236a394","local_time":"20210111213926","is_ascension_mode":false,"campfire_choices":[{"data":"Reinforced Body","floor":6,"key":"SMITH"},{"data":"Hologram","floor":8,"key":"SMITH"},{"data":"Gash","floor":10,"key":"SMITH"},{"floor":12,"key":"REST"},{"floor":15,"key":"REST"},{"data":"Seek","floor":23,"key":"SMITH"},{"data":"Coolheaded","floor":28,"key":"SMITH"},{"floor":32,"key":"REST"},{"data":"Coolheaded","floor":41,"key":"SMITH"},{"data":"Machine Learning","floor":49,"key":"SMITH"}],"circlet_count":0,"master_deck":["Strike_B","Strike_B","Defend_B","Defend_B","Defend_B","Zap","Dualcast+1","Gash+1","Hologram+1","Reinforced Body+1","All For One","Coolheaded+1","Steam","Seek+1","Chill+1","Go for the Eyes","Steam","Steam+1","Gash","Coolheaded+1","Loop","Hologram+1","Machine Learning+1","Finesse","Secret Technique+1","All For One","Beam Cell+1","Coolheaded+1"],"relics":["Cracked Core","Unceasing Top","Omamori","MawBank","Bag of Marbles","Busted Crown","Enchiridion","White Beast Statue","Frozen Eye","Bag of Preparation","Regal Pillow","Question Card","Tiny House","Bottled Lightning","Toxic Egg 2","Juzu Bracelet","Thread and Needle"],"acts_visited":["Exordium","TheCity","TheBeyond"],"potions_floor_usage":[7,16,29,33,39,46,50,50,50],"damage_taken":[{"damage":1,"enemies":"Jaw Worm","floor":1,"turns":3},{"damage":0,"enemies":"Cultist","floor":2,"turns":2},{"damage":11,"enemies":"2 Louse","floor":3,"turns":3},{"damage":0,"enemies":"Exordium Wildlife","floor":4,"turns":3},{"damage":7,"enemies":"3 Sentries","floor":7,"turns":7},{"damage":21,"enemies":"Gremlin Nob","floor":11,"turns":5},{"damage":8,"enemies":"3 Louse","floor":13,"turns":2},{"damage":0,"enemies":"2 Fungi Beasts","floor":14,"turns":2},{"damage":23,"enemies":"Slime Boss","floor":16,"turns":12},{"damage":7,"enemies":"Shell Parasite","floor":18,"turns":4},{"damage":1,"enemies":"Spheric Guardian","floor":19,"turns":4},{"damage":0,"enemies":"Shelled Parasite and Fungi","floor":21,"turns":6},{"damage":2,"enemies":"Centurion and Healer","floor":24,"turns":7},{"damage":15,"enemies":"Cultist and Chosen","floor":25,"turns":9},{"damage":7,"enemies":"Slavers","floor":29,"turns":8},{"damage":0,"enemies":"Collector","floor":33,"turns":7},{"damage":0,"enemies":"3 Shapes","floor":35,"turns":5},{"damage":0,"enemies":"Orb Walker","floor":36,"turns":2},{"damage":0,"enemies":"Sphere and 2 Shapes","floor":39,"turns":5},{"damage":0,"enemies":"Reptomancer","floor":40,"turns":6},{"damage":4,"enemies":"Writhing Mass","floor":44,"turns":6},{"damage":1,"enemies":"2 Orb Walkers","floor":46,"turns":5},{"damage":0,"enemies":"4 Shapes","floor":47,"turns":3},{"damage":2,"enemies":"3 Darklings","floor":48,"turns":6},{"damage":11,"enemies":"Awakened One","floor":50,"turns":10}],"seed_played":"8556943926141578832","potions_obtained":[{"floor":1,"key":"DuplicationPotion"},{"floor":3,"key":"PowerPotion"},{"floor":14,"key":"SpeedPotion"},{"floor":16,"key":"PowerPotion"},{"floor":19,"key":"FairyPotion"},{"floor":29,"key":"AttackPotion"},{"floor":33,"key":"BlessingOfTheForge"},{"floor":36,"key":"PowerPotion"},{"floor":39,"key":"SkillPotion"},{"floor":46,"key":"PotionOfCapacity"}],"is_trial":false,"path_per_floor":["M","M","M","M","?","R","E","R","T","R","E","R","M","M","R","B",null,"M","M","?","M","?","R","M","M","T","$","R","E","T","?","R","B",null,"M","M","$","?","M","E","R","$","T","M","?","?","M","M","R","B",null],"character_chosen":"DEFECT","items_purchased":["Gash","Coolheaded","Loop","Frozen Eye","Finesse","Bottled Lightning","Secret Technique+1"],"campfire_rested":3,"item_purchase_floors":[27,27,27,27,37,37,42],"current_hp_per_floor":[53,53,42,42,42,42,35,35,35,35,14,36,28,28,50,27,75,68,67,67,67,51,51,49,34,34,34,34,27,27,27,64,64,80,80,80,80,76,76,76,76,76,76,72,72,71,71,69,69,58],"gold":179,"neow_bonus":"ONE_RARE_RELIC","is_daily":false,"chose_seed":false,"campfire_upgraded":7,"win_rate":0.0,"timestamp":1610393966,"path_taken":["M","M","M","M","?","R","E","R","T","R","E","R","?","M","R","BOSS","M","M","?","?","?","R","M","M","T","$","R","E","?","?","R","BOSS","M","M","$","?","M","E","R","$","T","M","?","?","M","M","R","BOSS"],"items_purchased_type":["Card","Card","Card","Relic","Card","Relic","Card"],"build_version":"2020-12-22","purchased_purges":2,"victory":true,"max_hp_per_floor":[75,75,75,75,75,75,75,75,75,75,75,75,75,75,75,75,75,75,75,75,75,75,75,75,75,75,75,75,75,75,75,75,75,80,80,80,80,76,76,76,76,76,76,76,76,76,76,76,76,76],"card_choices":[{"not_picked":["Doom and Gloom","Leap"],"picked":"Gash","floor":1},{"not_picked":["Stack","Compile Driver","Auto Shields"],"picked":"SKIP","floor":2},{"not_picked":["Redo","Blizzard"],"picked":"Hologram","floor":3},{"not_picked":["Undo","Hologram"],"picked":"Reinforced Body","floor":4},{"not_picked":["Darkness","Steam"],"picked":"All For One","floor":7},{"not_picked":["Redo","Skim","Steam"],"picked":"SKIP","floor":11},{"not_picked":["Leap","Steam"],"picked":"Coolheaded","floor":13},{"not_picked":["Sweeping Beam","Undo"],"picked":"Steam","floor":14},{"not_picked":["Electrodynamics","Biased Cognition"],"picked":"Seek","floor":16},{"not_picked":[],"picked":"Chill+1","floor":18},{"not_picked":[],"picked":"Go for the Eyes","floor":19},{"not_picked":[],"picked":"Steam+1","floor":21},{"not_picked":["Rebound"],"picked":"SKIP","floor":24},{"not_picked":["Leap"],"picked":"SKIP","floor":25},{"not_picked":[],"picked":"Hologram+1","floor":29},{"not_picked":["Multi-Cast"],"picked":"Machine Learning","floor":33},{"not_picked":["Genetic Algorithm+1","Barrage"],"picked":"SKIP","floor":35},{"not_picked":["Blizzard+1","Sweeping Beam"],"picked":"SKIP","floor":36},{"not_picked":["Steam","Double Energy"],"picked":"SKIP","floor":39},{"not_picked":["Reprogram+1","Ball Lightning+1"],"picked":"SKIP","floor":40},{"not_picked":["Barrage+1","Aggregate+1"],"picked":"SKIP","floor":44},{"not_picked":["Conserve Battery+1"],"picked":"Beam Cell+1","floor":46},{"not_picked":["Darkness+1"],"picked":"Coolheaded+1","floor":47},{"not_picked":["Compile Driver","Rip and Tear+1"],"picked":"SKIP","floor":48}],"player_experience":52262,"relics_obtained":[{"floor":7,"key":"Omamori"},{"floor":9,"key":"MawBank"},{"floor":11,"key":"Bag of Marbles"},{"floor":22,"key":"Enchiridion"},{"floor":26,"key":"White Beast Statue"},{"floor":29,"key":"Bag of Preparation"},{"floor":30,"key":"Regal Pillow"},{"floor":40,"key":"Toxic Egg 2"},{"floor":43,"key":"Juzu Bracelet"},{"floor":46,"key":"Thread and Needle"}],"event_choices":[{"cards_removed":["Defend_B"],"damage_healed":0,"gold_gain":0,"player_choice":"Offered Basic","damage_taken":0,"max_hp_gain":0,"max_hp_loss":0,"event_name":"Bonfire Elementals","floor":5,"gold_loss":0},{"damage_healed":0,"gold_gain":0,"player_choice":"2 cards matched","damage_taken":0,"max_hp_gain":0,"max_hp_loss":0,"event_name":"Match and Keep!","floor":20,"gold_loss":0,"cards_obtained":["Decay","Steam"]},{"damage_healed":0,"gold_gain":0,"player_choice":"Obtained Book","damage_taken":16,"max_hp_gain":0,"max_hp_loss":0,"event_name":"Cursed Tome","floor":22,"gold_loss":0},{"damage_healed":0,"gold_gain":0,"player_choice":"Opened","damage_taken":0,"relics_obtained":["Question Card"],"max_hp_gain":0,"max_hp_loss":0,"event_name":"The Mausoleum","floor":31,"gold_loss":0,"cards_obtained":["Writhe"]},{"damage_healed":0,"gold_gain":0,"player_choice":"Max HP","damage_taken":0,"max_hp_gain":0,"max_hp_loss":4,"event_name":"Winding Halls","floor":38,"gold_loss":0},{"damage_healed":0,"gold_gain":0,"player_choice":"Copied","damage_taken":0,"max_hp_gain":0,"max_hp_loss":0,"event_name":"Duplicator","floor":45,"gold_loss":0,"cards_obtained":["All For One"]},{"damage_healed":0,"gold_gain":0,"player_choice":"Fight","damage_taken":0,"max_hp_gain":0,"max_hp_loss":0,"event_name":"Mysterious Sphere","floor":46,"gold_loss":0}],"is_beta":false,"boss_relics":[{"not_picked":["Coffee Dripper","Snecko Eye"],"picked":"Busted Crown"},{"not_picked":["Velvet Choker","Runic Dome"],"picked":"Tiny House"}],"items_purged_floors":[27,37],"is_endless":false,"potions_floor_spawned":[1,3,14,16,19,21,29,33,35,36,39,40,44,46,47,48],"ascension_level":0}}