{"host":"k4et7hlhlqy8fuoz","time":1610392435,"event":{"mods":["2.2 Compatiblity","AchievementEnabler","BaseMod","Colored Map","DeckTracker","Highlight Path","Minty Spire (QoL Compilation)","Random Character Button","Rare Cards Sparkle"],"gold_per_floor":[114,129,204,219,105,105,135,135,185,200,25,25,40,40,40,140,140,155,170,85,85,85],"floor_reached":21,"playtime":1493,"items_purged":[],"score":179,"play_id":"f2060401-e677-4427-8985-dae57eb98c90","local_time":"20210111201355","daily_mods":["Allstar","ControlledChaos","Lethality"],"is_ascension_mode":false,"campfire_choices":[{"data":"Apotheosis","floor":6,"key":"SMITH"},{"data":"Mayhem","floor":8,"key":"SMITH"},{"data":"Enlightenment","floor":12,"key":"SMITH"},{"data":"Anger","floor":15,"key":"SMITH"}],"circlet_count":0,"master_deck":["Strike_R","Strike_R","Strike_R","Strike_R","Strike_R","Defend_R","Defend_R","Defend_R","Defend_R","Bash","Mayhem+1","Panacea","Apotheosis+1","Good Instincts","Metamorphosis","Anger+1","Headbutt","Intimidate","Enlightenment+1","Pommel Strike","Twin Strike","Iron Wave","Thunderclap","Anger","Bludgeon","CurseOfTheBell","Clash","Twin Strike"],"relics":["Burning Blood","Frozen Eye","Magic Flower","Potion Belt","Lee\u0027s Waffle","Calling Bell","Akabeko","Sundial","Unceasing Top","Frozen Egg 2"],"acts_visited":["Exordium","TheCity"],"potions_floor_usage":[16],"damage_taken":[{"damage":3,"enemies":"Jaw Worm","floor":1,"turns":3},{"damage":14,"enemies":"2 Louse","floor":2,"turns":3},{"damage":0,"enemies":"Small Slimes","floor":4,"turns":3},{"damage":9,"enemies":"Gremlin Nob","floor":7,"turns":3},{"damage":11,"enemies":"Red Slaver","floor":10,"turns":4},{"damage":3,"enemies":"Looter","floor":13,"turns":3},{"damage":88,"enemies":"Hexaghost","floor":16,"turns":7},{"damage":16,"enemies":"Chosen","floor":18,"turns":4},{"damage":59,"enemies":"3 Byrds","floor":19,"turns":5},{"damage":41,"enemies":"Snake Plant","floor":21,"turns":3}],"seed_played":"2608465768335268498","potions_obtained":[{"floor":2,"key":"GamblersBrew"},{"floor":4,"key":"DuplicationPotion"},{"floor":7,"key":"Regen Potion"},{"floor":19,"key":"SkillPotion"}],"is_trial":false,"path_per_floor":["M","M","?","M","$","R","E","R","T","M","$","R","M","?","R","B",null,"M","M","?","M"],"character_chosen":"IRONCLAD","items_purchased":["Enlightenment","Pommel Strike","Lee\u0027s Waffle","Thunderclap"],"campfire_rested":0,"item_purchase_floors":[5,5,11,11],"current_hp_per_floor":[80,72,61,67,67,67,64,64,64,62,87,87,87,92,92,29,92,85,35,35,0,0],"gold":85,"neow_bonus":"","is_daily":true,"chose_seed":false,"campfire_upgraded":4,"win_rate":0.0,"timestamp":1610392435,"path_taken":["M","M","?","M","$","R","E","R","T","M","$","R","M","?","R","BOSS","M","M","?","M"],"items_purchased_type":["Card","Card","Relic","Card"],"build_version":"2020-12-22","purchased_purges":0,"victory":false,"max_hp_per_floor":[80,80,80,80,80,80,80,80,80,80,87,87,87,92,92,92,92,92,92,92,92,92],"card_choices":[{"not_picked":["Warcry","Sword Boomerang"],"picked":"Anger","floor":1},{"not_picked":["Metallicize","Warcry"],"picked":"Headbutt","floor":2},{"not_picked":["Cleave","Flex"],"picked":"Intimidate","floor":4},{"not_picked":["Evolve","Metallicize"],"picked":"Twin Strike","floor":7},{"not_picked":["Body Slam","Power Through"],"picked":"Iron Wave","floor":10},{"not_picked":["True Grit","Second Wind"],"picked":"Anger","floor":13},{"not_picked":["Limit Break","Exhume"],"picked":"Bludgeon","floor":16},{"not_picked":["Intimidate+1","Thunderclap"],"picked":"Clash","floor":18},{"not_picked":["Body Slam","Flex"],"picked":"Twin Strike","floor":19}],"player_experience":104587,"relics_obtained":[{"floor":7,"key":"Magic Flower"},{"floor":9,"key":"Potion Belt"},{"floor":17,"key":"Akabeko"},{"floor":17,"key":"Sundial"},{"floor":17,"key":"Unceasing Top"}],"event_choices":[{"damage_healed":0,"gold_gain":75,"player_choice":"Gather Gold","damage_taken":11,"max_hp_gain":0,"max_hp_loss":0,"event_name":"World of Goop","floor":3,"gold_loss":0},{"damage_healed":0,"gold_gain":0,"player_choice":"Donut","damage_taken":0,"max_hp_gain":5,"max_hp_loss":0,"event_name":"Big Fish","floor":14,"gold_loss":0},{"damage_healed":0,"gold_gain":0,"player_choice":"Obtained Relic","damage_taken":0,"relics_obtained":["Frozen Egg 2"],"max_hp_gain":0,"max_hp_loss":0,"event_name":"Addict","floor":20,"gold_loss":85}],"is_beta":false,"boss_relics":[{"not_picked":["Runic Dome","Fusion Hammer"],"picked":"Calling Bell"}],"items_purged_floors":[],"is_endless":false,"potions_floor_spawned":[2,4,7,19],"killed_by":"Snake Plant","ascension_level":0}}