{"host":"mtg945c5jssv10ty","time":1610383122,"event":{"mods":["Ascension Unlocker","BaseMod","Downfall","Minty Spire (QoL Compilation)","StSLib"],"gold_per_floor":[99,117,130,130,190,225,293,193,207,207,236,386,386,463,477,477,477],"floor_reached":16,"playtime":663,"items_purged":[],"score":113,"play_id":"1b13db0b-363b-4a42-897a-7bf26042a479","local_time":"20210111113842","is_ascension_mode":true,"campfire_choices":[{"data":"bronze:Goto","floor":1,"key":"SMITH"},{"data":"bronze:BitShift","floor":8,"key":"SMITH"},{"data":"bronze:BitShift","floor":10,"key":"SMITH"},{"floor":13,"key":"REST"}],"circlet_count":0,"master_deck":["bronze:Strike","bronze:Strike","bronze:Strike","bronze:Strike","bronze:Defend","bronze:Defend","bronze:Defend","bronze:Defend","bronze:Replicate","bronze:Goto+1","bronze:Boost","bronze:BitShift+1","bronze:BitShift+1","bronze:BronzeOrb","bronze:FineTuning","bronze:FollowUp","downfall:Icky","bronze:Iterate"],"relics":["bronze:BronzeCore","WingedGreaves","downfall:BrokenWingStatue","Kunai","Bag of Preparation","downfall:HeartBlessingBlue","bronze:BronzeIdol","Sundial"],"acts_visited":["Exordium"],"potions_floor_usage":[5,11,16],"damage_taken":[{"damage":0,"enemies":"2 Louse","floor":2,"turns":2},{"damage":0,"enemies":"Small Slimes","floor":3,"turns":3},{"damage":17,"enemies":"Gremlin Nob","floor":5,"turns":5},{"damage":12,"enemies":"Lagavulin","floor":6,"turns":6},{"damage":0,"enemies":"Jaw Worm","floor":9,"turns":4},{"damage":26,"enemies":"Gremlin Nob","floor":11,"turns":5},{"damage":3,"enemies":"2 Fungi Beasts","floor":15,"turns":4},{"damage":40,"enemies":"ArchetypeAct1Statuses","floor":16,"turns":8}],"seed_played":"1743309465591755903","potions_obtained":[{"floor":2,"key":"AttackPotion"},{"floor":6,"key":"EssenceOfSteel"},{"floor":11,"key":"Weak Potion"}],"is_trial":false,"path_per_floor":["R","M","M","?","?","E","T","R","M","R","E","?","R","T","M","B"],"character_chosen":"THE_AUTOMATON","items_purchased":[],"campfire_rested":1,"item_purchase_floors":[],"current_hp_per_floor":[63,63,63,63,46,34,34,44,44,44,18,18,39,39,36,0,0],"gold":477,"neow_bonus":"ONE_RARE_RELIC","is_daily":false,"chose_seed":false,"campfire_upgraded":3,"win_rate":0.0,"timestamp":1610383122,"path_taken":["R","M","M","?","?","E","T","R","M","R","E","?","R","?","M","BOSS"],"items_purchased_type":[],"build_version":"2020-12-22","purchased_purges":0,"victory":false,"max_hp_per_floor":[63,63,63,63,63,63,63,73,73,73,73,73,73,73,73,73,73],"card_choices":[{"not_picked":["bronze:Repulsor","bronze:Frontload"],"picked":"bronze:Boost","floor":2},{"not_picked":["bronze:Turbo","bronze:BugBarrage"],"picked":"bronze:BitShift","floor":3},{"not_picked":["bronze:BugBarrage","bronze:DelayedSlice"],"picked":"bronze:BitShift","floor":5},{"not_picked":["bronze:WildBeam","bronze:ShipIt"],"picked":"bronze:BronzeOrb","floor":6},{"not_picked":["bronze:CutThrough","bronze:Overheat"],"picked":"bronze:FineTuning","floor":9},{"not_picked":["bronze:Mutator","bronze:BuggyMess"],"picked":"bronze:FollowUp","floor":11},{"not_picked":["bronze:Overheat","bronze:OilSpill"],"picked":"bronze:Iterate","floor":15}],"player_experience":213373,"relics_obtained":[{"floor":6,"key":"Bag of Preparation"},{"floor":11,"key":"bronze:BronzeIdol"},{"floor":14,"key":"Sundial"}],"event_choices":[],"is_beta":false,"boss_relics":[],"items_purged_floors":[],"is_endless":false,"potions_floor_spawned":[2,6,11],"killed_by":"ArchetypeAct1Statuses","ascension_level":1}}