{"host":"7r6bd5ce6zscnmwq","time":1610339196,"event":{"mods":["BaseMod","Better Altar","Better Match","Better Note","Better Sensory Stone","Better Skull","Better Third Choice","Better Vampires","Block Reminder","Colored Powertips","Displayed Cursed Tome","Minty Spire (QoL Compilation)","Permanent Neow","Quick Restart","Shop Mod","Spicy Shops","StSLib","The Disciple","The Hayseed"],"gold_per_floor":[113,38,38,38,55,55,65,65,89,89,89,89,89,18,18,120,120,139,139,139,150,150,150,182,182,182,207,34,34,34,52,52,155,155,166,166,166,166],"floor_reached":39,"playtime":5671,"items_purged":["Defend_Br","Defend_Br"],"score":674,"play_id":"1a1e4798-723c-41b2-a78a-f587c95681cb","local_time":"20210111132636","is_ascension_mode":false,"campfire_choices":[{"data":"SlimeSpray","floor":6,"key":"SMITH"},{"data":"TickedOff","floor":8,"key":"SMITH"},{"data":"LockedAnchor","floor":11,"key":"SMITH"},{"data":"Accruing","floor":15,"key":"SMITH"},{"floor":23,"key":"REST"},{"data":"BiteCommand","floor":25,"key":"SMITH"},{"floor":29,"key":"REST"},{"data":"Facsimile","floor":32,"key":"SMITH"}],"circlet_count":0,"master_deck":["SecondHand+1","PatternShift","BackFourSeconds+1","SlimeSpray+1","TickedOff+1","LockedAnchor+1","Accruing+1","LockedFlame+1","LockedUrn+1","Echonomics+1","DaylightSavings+12","Goo+20","VestedLegacy+1","BiteCommand+1","Facsimile+1","RageCommand"],"relics":["Chronometer","Juzu Bracelet","Bronze Scales","Frozen Egg 2","Astrolabe","Strawberry","Meat on the Bone","Kunai","ClockworkSouvenir","Art of War","Empty Cage"],"acts_visited":["Exordium","TheCity","TheBeyond"],"potions_floor_usage":[18,27,38,38],"damage_taken":[{"damage":0,"enemies":"Jaw Worm","floor":1,"turns":5},{"damage":1,"enemies":"Cultist","floor":5,"turns":4},{"damage":2,"enemies":"2 Louse","floor":7,"turns":3},{"damage":23,"enemies":"Hexaghost","floor":16,"turns":12},{"damage":14,"enemies":"2 Thieves","floor":18,"turns":5},{"damage":20,"enemies":"Spheric Guardian","floor":21,"turns":5},{"damage":51,"enemies":"Book of Stabbing","floor":24,"turns":6},{"damage":58,"enemies":"Gremlin Leader","floor":27,"turns":8},{"damage":0,"enemies":"Snecko","floor":31,"turns":3},{"damage":1,"enemies":"Collector","floor":33,"turns":9},{"damage":10,"enemies":"3 Darklings","floor":35,"turns":5},{"damage":55,"enemies":"Awakened One","floor":38,"turns":11}],"seed_played":"4139810810810629850","potions_obtained":[{"floor":16,"key":"FearPotion"},{"floor":21,"key":"Fruit Juice"},{"floor":24,"key":"SpeedPotion"},{"floor":27,"key":"SneckoOil"},{"floor":31,"key":"Weak Potion"}],"is_trial":false,"path_per_floor":["M","$","?","$","M","R","M","R","T","?","R","T","?","$","R","B",null,"M","?","?","M","?","R","E","R","T","E","$","R","T","M","R","B",null,"M","?","?","B",null],"character_chosen":"CHRONO_CLASS","items_purchased":["Accruing","ClockworkSouvenir"],"campfire_rested":2,"item_purchase_floors":[14,28],"current_hp_per_floor":[65,65,65,65,64,64,63,63,63,63,63,63,63,63,63,45,65,57,57,57,54,54,65,49,49,49,24,24,47,47,56,56,61,77,73,73,73,42],"gold":166,"neow_bonus":"ONE_RANDOM_RARE_CARD","is_daily":false,"chose_seed":false,"campfire_upgraded":6,"win_rate":0.0,"timestamp":1610339196,"path_taken":["M","$","?","?","M","R","M","R","T","?","R","?","?","?","R","BOSS","M","?","?","M","?","R","E","R","T","E","?","R","?","M","R","BOSS","M","?","?","BOSS"],"items_purchased_type":["Card","Relic"],"build_version":"2020-12-22","purchased_purges":2,"victory":true,"max_hp_per_floor":[65,65,65,65,65,65,65,65,65,65,65,65,65,65,65,65,65,65,65,65,65,65,65,72,72,72,77,77,77,77,77,77,77,77,77,73,73,73],"card_choices":[{"not_picked":["ExoVibe","LockedAnchor"],"picked":"SlimeSpray","floor":1},{"not_picked":["LockedTornado","Tempo"],"picked":"TickedOff","floor":5},{"not_picked":["LockedBlood","LockedAnchor","LockedCalendar"],"picked":"SKIP","floor":7},{"not_picked":["LockedAstrolabe+1","LockedBell+1"],"picked":"LockedFlame+1","floor":16},{"not_picked":["SlimeSpray","WakeUpCall"],"picked":"Goo","floor":18},{"not_picked":["PrimeTime","Engulf"],"picked":"VestedLegacy+1","floor":21},{"not_picked":["LockedWarPaint+1","LockedAnchor+1"],"picked":"BiteCommand","floor":24},{"not_picked":["ShortSighted+1","BiteCommand","WindUp"],"picked":"SKIP","floor":27},{"not_picked":["ExoVibe+1","BlueShift"],"picked":"Facsimile","floor":31},{"not_picked":["Echonomics","LockedBell+1"],"picked":"RageCommand","floor":33},{"not_picked":["LockedWhetstone+1","Parity+1","Accruing"],"picked":"SKIP","floor":35}],"player_experience":601586,"relics_obtained":[{"floor":9,"key":"Juzu Bracelet"},{"floor":12,"key":"Bronze Scales"},{"floor":24,"key":"Strawberry"},{"floor":26,"key":"Meat on the Bone"},{"floor":27,"key":"Kunai"},{"floor":30,"key":"Art of War"}],"event_choices":[{"damage_healed":0,"gold_gain":0,"player_choice":"Upgraded","damage_taken":0,"max_hp_gain":0,"max_hp_loss":0,"event_name":"Upgrade Shrine","floor":3,"gold_loss":0,"cards_upgraded":["SecondHand"]},{"damage_healed":0,"gold_gain":0,"cards_transformed":["Strike_Br"],"player_choice":"Transformed","damage_taken":0,"max_hp_gain":0,"max_hp_loss":0,"event_name":"Transmorgrifier","floor":10,"gold_loss":0,"cards_obtained":["LockedAnchor"]},{"damage_healed":0,"gold_gain":0,"player_choice":"Searched \u00271\u0027 times","damage_taken":0,"relics_obtained":["Frozen Egg 2"],"max_hp_gain":0,"max_hp_loss":0,"event_name":"Dead Adventurer","floor":13,"gold_loss":0},{"damage_healed":0,"gold_gain":0,"player_choice":"Upgraded","damage_taken":0,"max_hp_gain":0,"max_hp_loss":0,"event_name":"Upgrade Shrine","floor":19,"gold_loss":0,"cards_upgraded":["Goo"]},{"damage_healed":0,"gold_gain":0,"player_choice":"Forge","damage_taken":0,"max_hp_gain":0,"max_hp_loss":0,"event_name":"Accursed Blacksmith","floor":20,"gold_loss":0,"cards_upgraded":["BackFourSeconds"]},{"cards_removed":["BackFourSeconds"],"damage_healed":0,"gold_gain":0,"player_choice":"Give","damage_taken":0,"max_hp_gain":0,"max_hp_loss":0,"event_name":"betterNote:BetterNote","floor":22,"gold_loss":0,"cards_obtained":["None"]},{"damage_healed":0,"gold_gain":0,"player_choice":"Max HP","damage_taken":0,"max_hp_gain":0,"max_hp_loss":4,"event_name":"Winding Halls","floor":36,"gold_loss":0},{"damage_healed":0,"gold_gain":0,"player_choice":"Portal","damage_taken":0,"max_hp_gain":0,"max_hp_loss":0,"event_name":"betterThird:BetterPortal","floor":37,"gold_loss":0}],"is_beta":false,"boss_relics":[{"not_picked":["Fusion Hammer","Coffee Dripper"],"picked":"Astrolabe"},{"not_picked":["Runic Dome","Calling Bell"],"picked":"Empty Cage"}],"items_purged_floors":[2,28],"is_endless":false,"potions_floor_spawned":[16,21,24,27,31],"ascension_level":0}}