{"host":"i838i4v0j45fzwgz","time":1610328629,"event":{"mods":["BaseMod","Better Third Choice","BetterRewards","Card Forge","Hubris","Infinite Spire","Minty Spire (QoL Compilation)","Replay The Spire","Shop Mod","Spicy Shops","StSLib","vexMod"],"gold_per_floor":[116,127,46,96,0,35,35,47,47,47,61,75,75,91,91,189,189,199,213,105,124,124,157,181,196,222,240,256,272,272,322,322,425,425,437,28,43,55,65,93,103,130,130,159,14,14,14,32,32,32],"floor_reached":51,"playtime":5537,"items_purged":[],"score":1038,"play_id":"d333415f-bc42-4d74-9d1e-1221de4620ef","local_time":"20210110193029","is_ascension_mode":false,"campfire_choices":[{"data":"Heatsinks","floor":7.0,"key":"SMITH"},{"floor":13.0,"key":"REST"},{"data":"Zap","floor":15.0,"key":"SMITH"},{"floor":30.0,"key":"REST"},{"floor":32.0,"key":"REST"},{"floor":47,"key":"REST"},{"floor":49,"key":"REST"}],"circlet_count":0,"master_deck":["Strike_B+1","Strike_B+1","Strike_B+1","Strike_B+1","Defend_B+1","Defend_B+1","Defend_B+1","Defend_B+1","Zap+1","Dualcast+1","Barrage+1","Hologram+1","Sweeping Beam+1","Loop+1","Heatsinks+1","Ball Lightning+1","White Noise+1","ReplaySolidLightProjector+1","Auto Shields+1","Time Bomb+1","Sunder+1","Storm+1","Stack+1","Self Repair+1","Skim+1","Seek+1","hubris:SpecializedCircuitry+1","Reboot+1","Machine Learning+1","Loop+1","Hello World+1","Heatsinks+1","FIFO Queue+1","Genetic Algorithm+1","Electrodynamics+1","Creative AI+1","Capacitor+1","Biased Cognition+1","Aggregate+1","Sweeping Beam+1","Mirror Shield+1","hubris:Ukulele+1","Skim+1","Panic Button+1","Storm+1","Sweeping Beam+1","Gash+1","Rebound+1","ReplaySort+1","Gash+1","White Noise+1","Hologram+1","White Noise+1","Force Field+1","Gash+1","Rebound+1","Defragment+1","Streamline+1","Rebound+1","Streamline+1","Sweeping Beam+1","Loop+1","Sweeping Beam+1","Force Field+1","hubris:PowerSurge+1","Hologram+1","Beam Cell+1","Replay:Fractal Strike+1","Redo+1","Rainbow+1","Amplify+1","Gash+1","Gash+1","FTL+1","Force Field+1","Sweeping Beam+1","Consume+1","Double Energy+1","Self Repair+1","Sweeping Beam+1","Aggregate+1","Genetic Algorithm+1","Stack+1","Gash+1","ReplayGash+1","Rebound+1","Storm+1","Static Discharge+1","hubris:PowerSurge+1","Consume+1","Ball Lightning+1","Hologram+1","Rebound+1","Redo+1","Gash+1","ReplayTheSpireMod:??????????????????????+1","hubris:PowerSurge+1","Hologram+1","Ball Lightning+1","FTL+1","Heatsinks+1","hubris:DoWhile","Sweeping Beam+1","ReplayTheSpireMod:Calculation Training","Self Repair+1","Static Discharge+1","Steam Power+1","Heatsinks+1","White Noise+1","Gash+1"],"relics":["Cracked Core","Hammer of Thor","Seething Fire","Anvil of the Gods","NeowsBlessing","Garlic","Question Card","Tiny Chest","Black Star","Prayer Wheel","Prayer Wheel","Prayer Wheel","Centennial Puzzle","hubris:BundleOfHerbs","Bag of Preparation","Prayer Wheel","Blue Doll","Tiny House","Dream Catcher","Prayer Wheel","hubris:ScarierMask","hubris:BallOfYels","Frozen Egg 2","Carrot","hubris:ToyBattleship","Onion Ring","Juzu Bracelet","Replay:Bottled Eggs","hubris:Zylophone","Pen Nib","vexMod:MemoryStick","Iron Hammer"],"acts_visited":["Exordium","TheCity","TheBeyond"],"potions_floor_usage":[],"damage_taken":[{"damage":0.0,"enemies":"Cultist","floor":1.0,"turns":1.0},{"damage":0.0,"enemies":"Small Slimes","floor":2.0,"turns":1.0},{"damage":0.0,"enemies":"Lagavulin","floor":6.0,"turns":1.0},{"damage":6.0,"enemies":"Jaw Worm","floor":8.0,"turns":3.0},{"damage":10.0,"enemies":"2 Fungi Beasts","floor":11.0,"turns":3.0},{"damage":7.0,"enemies":"Exordium Wildlife","floor":12.0,"turns":4.0},{"damage":10.0,"enemies":"3 Louse","floor":14.0,"turns":4.0},{"damage":32.0,"enemies":"Fading Forest","floor":16.0,"turns":11.0},{"damage":31.0,"enemies":"3 Byrds","floor":18.0,"turns":3.0},{"damage":15.0,"enemies":"Shell Parasite","floor":19.0,"turns":4.0},{"damage":3.0,"enemies":"Centurion and Healer","floor":21.0,"turns":5.0},{"damage":14.0,"enemies":"Nightmare","floor":23.0,"turns":13.0},{"damage":14.0,"enemies":"Snecko","floor":25.0,"turns":4.0},{"damage":4.0,"enemies":"Chosen and Byrds","floor":27.0,"turns":3.0},{"damage":0.0,"enemies":"3 Cultists","floor":28.0,"turns":2.0},{"damage":5.0,"enemies":"Snecko","floor":29.0,"turns":3.0},{"damage":27.0,"enemies":"hubris:MusketHawk","floor":33.0,"turns":5.0},{"damage":18,"enemies":"3 Shapes","floor":35,"turns":2},{"damage":4,"enemies":"3 Darklings","floor":37,"turns":2},{"damage":0,"enemies":"Jaw Worm Horde","floor":38,"turns":2},{"damage":10,"enemies":"4 Shapes","floor":39,"turns":2},{"damage":0,"enemies":"Nightmare","floor":40,"turns":2},{"damage":0,"enemies":"Sphere and 2 Shapes","floor":41,"turns":1},{"damage":0,"enemies":"Reptomancer","floor":42,"turns":3},{"damage":24,"enemies":"Nemesis","floor":44,"turns":3},{"damage":0,"enemies":"Transient","floor":48,"turns":3},{"damage":27,"enemies":"Time Eater","floor":50,"turns":4}],"seed_played":"3053486333675236722","potions_obtained":[{"floor":4.0,"key":"infinitespire:BlackPotion"},{"floor":6.0,"key":"Fire Potion"},{"floor":11.0,"key":"ColorlessPotion"},{"floor":14.0,"key":"Ancient Potion"},{"floor":23.0,"key":"Energy Potion"},{"floor":25.0,"key":"Explosive Potion"},{"floor":28.0,"key":"FocusPotion"},{"floor":31.0,"key":"Death Potion"},{"floor":35,"key":"DistilledChaos"}],"is_trial":false,"path_per_floor":["M","M","$","?","?","E","R","M","T","?","M","M","R","M","R","B",null,"M","M","$","M","?","NM","T","M","T","M","M","M","R","AVR","R","B",null,"M","$","M","M","M","NM","M","E","T","E","$","T","R","M","R","B",null],"character_chosen":"DEFECT","items_purchased":["Sweeping Beam","Panic Button","hubris:BallOfYels","Frozen Egg 2","vexMod:MemoryStick"],"campfire_rested":5,"item_purchase_floors":[3,20,36,36,45],"current_hp_per_floor":[75,75,75,57,63,63,63,57,57,57,47,40,64,54,54,22,81,50,35,35,42,81,77,77,63,63,59,59,64,81,86,86,69,86,68,68,74,74,64,64,64,74,74,50,50,50,75,75,86,69],"gold":32,"neow_bonus":"THREE_ENEMY_KILL","is_daily":false,"chose_seed":false,"campfire_upgraded":2,"win_rate":0.0,"timestamp":1610328629,"path_taken":["M","M","$","?","?","E","R","M","T","?","M","?","R","M","R","BOSS","M","M","$","M","?","NM","?","?","T","M","M","M","R","AVR","R","BOSS","M","$","M","M","?","NM","M","E","T","E","?","?","R","M","R","BOSS"],"items_purchased_type":["Card","Card","Relic","Relic","Relic"],"build_version":"2020-12-22","purchased_purges":0,"victory":true,"max_hp_per_floor":[75,75,75,75,81,81,81,81,81,81,81,81,81,81,81,81,81,81,81,81,81,81,81,81,81,81,81,81,81,81,86,86,86,86,86,86,86,86,86,86,86,86,86,86,86,86,86,86,86,86],"card_choices":[{"not_picked":["Streamline","FTL"],"picked":"Barrage","floor":1.0},{"not_picked":["Streamline","Panic Button"],"picked":"Hologram","floor":2.0},{"not_picked":["Aggregate","ReplayTheSpireMod:GoodbyeWorld"],"picked":"Loop","floor":4.0},{"not_picked":["ReplayTheSpireMod:Repulse","Hello World"],"picked":"Heatsinks","floor":6.0},{"not_picked":["hubris:Ukulele","Panic Button","Leap"],"picked":"Ball Lightning","floor":8.0},{"not_picked":["Conserve Battery","ReplaySolidLightProjector","Steam"],"picked":"White Noise","floor":11.0},{"not_picked":["Compile Driver","hubris:SpecializedCircuitry","Cold Snap"],"picked":"ReplaySolidLightProjector","floor":12.0},{"not_picked":["Hologram","Coolheaded","Cold Snap"],"picked":"Auto Shields","floor":14.0},{"not_picked":["Reboot","ReplayRNGCard","Echo Form"],"picked":"ReplayTheSpireMod:Fabricate Wheel","floor":16.0},{"not_picked":["FIFO Queue","Leap","BasicCrystalCard"],"picked":"Sweeping Beam","floor":18.0},{"not_picked":["Static Discharge","Coolheaded","Reinforced Body"],"picked":"hubris:Ukulele","floor":19.0},{"not_picked":["Leap+1","BasicCrystalCard","Redo"],"picked":"Skim+1","floor":19.0},{"not_picked":["Chaos","Rebound+1","Time Bomb"],"picked":"Storm+1","floor":21.0},{"not_picked":["Panic Button","ReplayTheSpireMod:Repulse","hubris:Ukulele"],"picked":"Sweeping Beam","floor":21.0},{"not_picked":["Undo+1","ReplayTheSpireMod:Reroute Power+1","Cold Snap"],"picked":"Gash","floor":23.0},{"not_picked":["Reprogram","BootSequence","Barrage"],"picked":"Rebound+1","floor":25.0},{"not_picked":["Steam Power","Force Field","FIFO Queue+1"],"picked":"ReplaySort","floor":25.0},{"not_picked":["Redo","Barrage","Steam+1"],"picked":"Gash","floor":25.0},{"not_picked":["BasicCrystalCard","Beam Cell","Darkness"],"picked":"ReplayTheSpireMod:Fabricate Wheel","floor":25.0},{"not_picked":["Ball Lightning","Steam+1","Self Repair"],"picked":"White Noise","floor":25.0},{"not_picked":["Scrape","Barrage","Tempest+1"],"picked":"Hologram","floor":27.0},{"not_picked":["Rebound","Hologram","Skim"],"picked":"White Noise","floor":27.0},{"not_picked":["Leap","Barrage+1","Go for the Eyes"],"picked":"Force Field+1","floor":27.0},{"not_picked":["Streamline","Tempest","Cold Snap"],"picked":"Gash","floor":27.0},{"not_picked":["Capacitor+1","FTL+1","Heatsinks+1"],"picked":"Rebound+1","floor":27.0},{"not_picked":["Redo+1","BasicCrystalCard","Reprogram"],"picked":"Defragment","floor":28.0},{"not_picked":["Steam+1","Echo Form","Reprogram"],"picked":"Streamline","floor":28.0},{"not_picked":["Hologram","ReplayTheSpireMod:Calculation Training","Cold Snap"],"picked":"Rebound","floor":28.0},{"not_picked":["Leap","Barrage","BasicCrystalCard"],"picked":"Streamline+1","floor":28.0},{"not_picked":["Force Field+1","Scrape","ReplayTheSpireMod:Calculation Training+1"],"picked":"Sweeping Beam","floor":28.0},{"not_picked":["ReplaySort","ReplayTheSpireMod:Calculation Training","Stack"],"picked":"Loop+1","floor":29.0},{"not_picked":["Electrodynamics","Chill","BasicCrystalCard"],"picked":"Sweeping Beam+1","floor":29.0},{"not_picked":["Time Bomb","Barrage+1","ReplaySolidLightProjector"],"picked":"Force Field+1","floor":29.0},{"not_picked":["Stack+1","Doom and Gloom","Ball Lightning"],"picked":"hubris:PowerSurge","floor":29.0},{"not_picked":["Go for the Eyes","Steam","Streamline"],"picked":"Hologram+1","floor":29.0},{"not_picked":["Melter","Ball Lightning+1","Stack"],"picked":"Beam Cell+1","floor":31.0},{"not_picked":["Panic Button+1","Hologram","Time Bomb"],"picked":"Redo","floor":32.0},{"not_picked":["Buffer","ReplayTheSpireMod:Omega Cannon","hubris:DoWhile"],"picked":"Amplify","floor":33.0},{"not_picked":["Skim","Hologram+1","FIFO Queue+1"],"picked":"Gash","floor":35},{"not_picked":["Ball Lightning+1","Streamline+1","Conserve Battery+1"],"picked":"Gash+1","floor":35},{"not_picked":["Compile Driver+1","Darkness","BasicCrystalCard+1"],"picked":"FTL+1","floor":35},{"not_picked":["Static Discharge+1","Hologram+1","Electrodynamics"],"picked":"Force Field","floor":35},{"not_picked":["Cold Snap+1","Coolheaded+1","Genetic Algorithm+1"],"picked":"Sweeping Beam+1","floor":35},{"not_picked":["ReplayTheSpireMod:Repulse","Doom and Gloom","Steam Power"],"picked":"Consume","floor":35},{"not_picked":["Panic Button","Stack+1","Hologram"],"picked":"Double Energy","floor":37},{"not_picked":["ReplayTheSpireMod:GoodbyeWorld+1","Force Field+1","Defragment+1"],"picked":"Self Repair+1","floor":37},{"not_picked":["Panic Button+1","Tempest+1","Stack"],"picked":"Sweeping Beam+1","floor":37},{"not_picked":["Stack","Barrage+1","hubris:Ukulele+1"],"picked":"Aggregate","floor":37},{"not_picked":["Chill+1","Stack","BootSequence"],"picked":"Genetic Algorithm","floor":37},{"not_picked":["Reprogram+1","Fusion+1","Hello World+1"],"picked":"Stack+1","floor":37},{"not_picked":["Heatsinks+1","Barrage","Time Bomb+1"],"picked":"Gash+1","floor":38},{"not_picked":["Compile Driver","Redo","Self Repair+1"],"picked":"ReplayGash+1","floor":38},{"not_picked":["Redo","Cold Snap+1","Panic Button"],"picked":"Rebound","floor":38},{"not_picked":["Blizzard+1","BasicCrystalCard","Defragment+1"],"picked":"Storm+1","floor":38},{"not_picked":["Rebound","Cold Snap+1","FTL"],"picked":"Static Discharge+1","floor":38},{"not_picked":["Panic Button+1","Darkness","Coolheaded","Steam Power"],"picked":"SKIP","floor":38},{"not_picked":["Melter","Fission","Rebound+1"],"picked":"hubris:PowerSurge+1","floor":39},{"not_picked":["ReplaySort","Steam+1","Stack"],"picked":"Consume+1","floor":39},{"not_picked":["Glacier","Go for the Eyes","Hello World+1"],"picked":"Ball Lightning","floor":39},{"not_picked":["Streamline+1","ReplayTheSpireMod:Calculation Training+1","Panic Button+1"],"picked":"Hologram+1","floor":39},{"not_picked":["Hologram","Auto Shields","Steam"],"picked":"Rebound+1","floor":39},{"not_picked":["Sweeping Beam","BasicCrystalCard+1","Lockon+1"],"picked":"Redo+1","floor":39},{"not_picked":["Auto Shields+1","Echo Form+1","Scrape+1"],"picked":"Gash+1","floor":40},{"not_picked":["infinitespire:Menacing","infinitespire:SealOfDarkness+"],"picked":"ReplayTheSpireMod:??????????????????????","floor":40},{"not_picked":["Auto Shields+1","Leap+1","Streamline"],"picked":"hubris:PowerSurge+1","floor":41},{"not_picked":["Streamline","Leap","Reprogram"],"picked":"Hologram+1","floor":41},{"not_picked":["Beam Cell+1","Fission","Go for the Eyes"],"picked":"Ball Lightning+1","floor":41},{"not_picked":["Doom and Gloom","BasicCrystalCard+1","Hello World+1"],"picked":"FTL+1","floor":41},{"not_picked":["BasicCrystalCard+1","Undo","Compile Driver","Fusion+1"],"picked":"SKIP","floor":41},{"not_picked":["Reinforced Body+1","Hologram+1","Streamline+1","Reboot"],"picked":"SKIP","floor":41},{"not_picked":["Storm+1","Hologram+1","Redo"],"picked":"Heatsinks+1","floor":42},{"not_picked":["Reprogram","Coolheaded+1","Melter+1"],"picked":"hubris:DoWhile","floor":44},{"not_picked":["Heatsinks+1","Double Energy+1","ReplaySort"],"picked":"Sweeping Beam+1","floor":47},{"not_picked":["Cold Snap+1","Panic Button+1","Streamline"],"picked":"ReplayTheSpireMod:Calculation Training","floor":48},{"not_picked":["Beam Cell+1","Go for the Eyes+1","hubris:Ukulele"],"picked":"Self Repair+1","floor":48},{"not_picked":["Barrage","Stack+1","Cold Snap"],"picked":"Static Discharge+1","floor":48},{"not_picked":["ReplaySolidLightProjector","Cold Snap+1","FTL"],"picked":"Steam Power+1","floor":48},{"not_picked":["Cold Snap+1","ReplayTheSpireMod:Repulse","Sweeping Beam+1"],"picked":"Heatsinks+1","floor":48},{"not_picked":["hubris:Ukulele+1","Cold Snap","ReplayTheSpireMod:Reroute Power"],"picked":"White Noise+1","floor":48},{"not_picked":["Steam+1","hubris:Ukulele+1","Barrage+1"],"picked":"Gash","floor":49}],"player_experience":97974,"relics_obtained":[{"floor":4.0,"key":"Garlic"},{"floor":6.0,"key":"Question Card"},{"floor":9.0,"key":"Tiny Chest"},{"floor":23.0,"key":"Centennial Puzzle"},{"floor":23.0,"key":"hubris:BundleOfHerbs"},{"floor":24.0,"key":"Bag of Preparation"},{"floor":26.0,"key":"Blue Doll"},{"floor":40,"key":"Carrot"},{"floor":40,"key":"hubris:ToyBattleship"},{"floor":42,"key":"Onion Ring"},{"floor":42,"key":"Juzu Bracelet"},{"floor":43,"key":"Replay:Bottled Eggs"},{"floor":44,"key":"hubris:Zylophone"},{"floor":44,"key":"Pen Nib"},{"floor":46,"key":"Iron Hammer"}],"event_choices":[{"damage_healed":0.0,"max_hp_gain":0.0,"max_hp_loss":0.0,"gold_gain":0.0,"event_name":"betterThird:BetterSerpent","player_choice":"RENOUNCE","floor":5.0,"gold_loss":96.0,"damage_taken":96.0,"cards_obtained":["Enlightenment"]},{"cards_removed":["Enlightenment"],"damage_healed":39.0,"max_hp_gain":0.0,"max_hp_loss":0.0,"gold_gain":0.0,"event_name":"Bonfire Elementals","player_choice":"Offered Uncommon","floor":22.0,"gold_loss":0.0,"damage_taken":0.0}],"is_beta":false,"boss_relics":[{"not_picked":["Runic Pyramid","Inserter"],"picked":"Black Star"},{"not_picked":["Runic Dome","hubris:GrandSneckoEye"],"picked":"hubris:ScarierMask"}],"items_purged_floors":[],"is_endless":false,"potions_floor_spawned":[6,11,14,23,25,27,28,35,38,40,48],"ascension_level":0}}