{"host":"bzg9y3flbaqjj1j7","time":1610335679,"event":{"mods":["100% Spire Juice","AchievementEnabler","Act Like it!","Aspiration","Astrologer","BaseMod","Challenge The Spire","Dark Map","Elementarium","Gensokyo","Hallownest","Hubris","Infinite Spire","Lobotomy","LobotomyExtend","Marisa????????","Marked Mod","Minty Spire (QoL Compilation)","Permanent Neow","Poor People Problems","Prisma Mod","Quick Restart","Rare Cards Sparkle","Reimu??????","Remilia??????","Replay The Spire","RumiaBox-????????","Shop Mod","Spicy Shops","StSLib","The Animator","The Blue Laboratory","The Bug Knight","Waifu the Spire","vexMod"],"gold_per_floor":[109,109,123,123,143,178,178,196,264,276,276,286,286,305,305,406,506,522,534,534,548,503,503,423,423,423,458,458,510,523,523,523],"floor_reached":31,"playtime":3393,"items_purged":[],"score":259,"play_id":"72309959-dc6b-4881-b7eb-9101c24a01fc","local_time":"20210110235759","is_ascension_mode":false,"campfire_choices":[{"data":"HollowMod:GrimmsGift","floor":11.0,"key":"SMITH"},{"data":"HollowMod:MantisMark","floor":15.0,"key":"SMITH"},{"floor":23.0,"key":"REST"},{"data":"Hallownest:skillCityofTearsMap","floor":25.0,"key":"SMITH"},{"floor":28.0,"key":"REST"}],"circlet_count":1,"master_deck":["HollowMod:NailStrikeStart","HollowMod:NailStrikeStart","HollowMod:NailStrikeStart","HollowMod:NailStrikeStart","HollowMod:QuickDashStart","HollowMod:QuickDashStart","HollowMod:QuickDashStart","HollowMod:QuickDashStart","HollowMod:FocusHealStart","HollowMod:PogoStrike","HollowMod:GrimmsGift+1","HollowMod:BlackTendrils","HollowMod:SoulEater+1","HollowMod:CloakDash","HollowMod:VengefulVoid","HollowMod:MantisMark+1","HollowMod:ElderbugsWisdom+1","HollowMod:SharpenedShadows","HollowMod:LifebloodCocoon","Hallownest:skillCityofTearsMap+1","HollowMod:SlysStrikes+1","HollowMod:NewLittleFool","HollowMod:SiblingsShadow"],"relics":["HollowMod:VesselMask","hubris:Towel","Black Star","LetterFromLob","Hallownest:DreamNailRelic","Circlet","Toy Ornithopter","Vajra","LaetitiaHeart","vexMod:InvisibilityCloak","Replay:Wanted Poster","aspiration:AnachronicSnailShell","Frozen Egg 2","HollowMod:MillibellesNoteRelic"],"acts_visited":["Exordium","Hallownest:Greenpath"],"potions_floor_usage":[],"damage_taken":[{"damage":5.0,"enemies":"2_ Uuma","floor":1.0,"turns":4.0},{"damage":5.0,"enemies":"Hallownest:monsterHuskWarrior","floor":3.0,"turns":6.0},{"damage":2.0,"enemies":"Hallownest:monsterHuskGuard","floor":5.0,"turns":3.0},{"damage":30.0,"enemies":"Hallownest:eliteVengeflyKing","floor":6.0,"turns":9.0},{"damage":0.0,"enemies":"Hallownest:monsterAspidMother","floor":7.0,"turns":9.0},{"damage":1.0,"enemies":"Hallownest:monsterAspidMother","floor":8.0,"turns":4.0},{"damage":3.0,"enemies":"Hallownest:monsterFoolEater","floor":10.0,"turns":4.0},{"damage":2.0,"enemies":"Hallownest:Wandering_and_Horned","floor":12.0,"turns":5.0},{"damage":1.0,"enemies":"Hallownest:monsterMossCharger","floor":14.0,"turns":2.0},{"damage":59.0,"enemies":"Hallownest:BossHornet","floor":16.0,"turns":13.0},{"damage":18.0,"enemies":"Hallownest:2_Mistakes","floor":18.0,"turns":7.0},{"damage":18.0,"enemies":"Hallownest:Flukemon_and_Top","floor":19.0,"turns":6.0},{"damage":15.0,"enemies":"Hallownest:monsterShrumalOgre","floor":21.0,"turns":5.0},{"damage":63.0,"enemies":"Hallownest:eliteWatcherKnight","floor":27.0,"turns":12.0},{"damage":30.0,"enemies":"Hallownest:Glutton_and_Coward","floor":29.0,"turns":4.0},{"damage":7,"enemies":"Hallownest:Warrior_and_Youth","floor":30,"turns":5},{"damage":21,"enemies":"Hallownest:Master_and_Novice","floor":31,"turns":4}],"seed_played":"-1590409703891345753","potions_obtained":[{"floor":1.0,"key":"Swift Potion"},{"floor":8.0,"key":"Block Potion"},{"floor":14.0,"key":"blueLaboratory:BottleOfVodka"},{"floor":16.0,"key":"GrandPatriotsElixir:ReiMu"},{"floor":19.0,"key":"ColorlessPotion"},{"floor":21.0,"key":"Reflective Coating"},{"floor":27.0,"key":"ZuzhouPotion:ReiMu"}],"is_trial":false,"path_per_floor":["M","?","M","?","M","E","M","M","T","M","R","M","?","M","R","B",null,"M","M","?","M","?","R","?","R","T","E","R","M","M","M"],"character_chosen":"THE_BUGKNIGHT","items_purchased":[],"campfire_rested":2,"item_purchase_floors":[],"current_hp_per_floor":[74,74,75,75,73,55,55,56,56,61,61,61,61,62,62,22,75,57,47,47,35,35,57,57,57,57,24,46,19,13,0,0],"gold":523,"neow_bonus":"RANDOM_EVENT","is_daily":false,"chose_seed":false,"campfire_upgraded":3,"win_rate":0.0,"timestamp":1610335679,"path_taken":["M","?","M","?","M","E","?","M","T","M","R","?","?","M","R","BOSS","M","?","?","M","?","R","?","R","T","E","R","M","M","?"],"items_purchased_type":[],"build_version":"2020-12-22","purchased_purges":0,"victory":false,"max_hp_per_floor":[75,75,75,75,75,75,75,75,75,75,75,75,75,75,75,75,75,75,75,75,75,75,75,75,75,75,75,75,75,75,75,75],"card_choices":[{"not_picked":["HollowMod:RecoilStrike","HollowMod:VengefulSpirit"],"picked":"HollowMod:GrimmsGift","floor":1.0},{"not_picked":["HollowMod:CloakDash","HollowMod:DescendingDark"],"picked":"HollowMod:HuntersJournal","floor":3.0},{"not_picked":["HollowMod:PerfectDash","HollowMod:GoodIntentions"],"picked":"HollowMod:BlackTendrils","floor":5.0},{"not_picked":["HollowMod:SiblingsSouls","HollowMod:DoubleDash"],"picked":"HollowMod:SoulEater","floor":6.0},{"not_picked":["HollowMod:PureNailStrike","HollowMod:InfectedCysts"],"picked":"HollowMod:CloakDash","floor":8.0},{"not_picked":["HollowMod:SoulEater","HollowMod:InfectedCysts","HollowMod:PerfectDash"],"picked":"SKIP","floor":10.0},{"not_picked":["HollowMod:CloakDash","HollowMod:SiblingsSouls"],"picked":"HollowMod:VengefulVoid","floor":12.0},{"not_picked":["HollowMod:ShapeofUnn","HollowMod:NewLittleFool"],"picked":"HollowMod:MantisMark","floor":14.0},{"not_picked":["HollowMod:VoidDash","HollowMod:Hiveblood"],"picked":"HollowMod:ElderbugsWisdom","floor":16.0},{"not_picked":["HollowMod:CornifersMapStart+1","HollowMod:SiblingsShadow"],"picked":"HollowMod:SharpenedShadows","floor":18.0},{"not_picked":["HollowMod:HeavyBlow","HollowMod:WraithStrike"],"picked":"HollowMod:LifebloodCocoon","floor":19.0},{"not_picked":["HollowMod:CycloneSlash","HollowMod:TaintedHusks","HollowMod:SoulEater+1"],"picked":"SKIP","floor":21.0},{"not_picked":["HollowMod:GrimmsGift","HollowMod:InfectionAssault"],"picked":"HollowMod:SlysStrikes+1","floor":27.0},{"not_picked":["HollowMod:HuntersJournal","HollowMod:FallenFury"],"picked":"HollowMod:NewLittleFool","floor":29.0},{"not_picked":["HollowMod:SoulSplash","HollowMod:SharpenedShadows+1"],"picked":"HollowMod:SiblingsShadow","floor":30}],"player_experience":175347,"relics_obtained":[{"floor":1.0,"key":"Black Star"},{"floor":1.0,"key":"LetterFromLob"},{"floor":6.0,"key":"Toy Ornithopter"},{"floor":6.0,"key":"Vajra"},{"floor":9.0,"key":"vexMod:InvisibilityCloak"},{"floor":26.0,"key":"aspiration:AnachronicSnailShell"},{"floor":27.0,"key":"Frozen Egg 2"},{"floor":27.0,"key":"HollowMod:MillibellesNoteRelic"}],"event_choices":[],"is_beta":false,"boss_relics":[{"not_picked":["Kintsugi","vexMod:ImprovementManual"],"picked":"Replay:Wanted Poster"}],"items_purged_floors":[],"is_endless":false,"potions_floor_spawned":[1,7,8,14,16,19,21,27],"killed_by":"Hallownest:Master_and_Novice","ascension_level":0}}