{"host":"cbu6enf2xtq4r7r3","time":1610385567,"event":{"mods":["2.2 Compatiblity","AlwaysNeverKeys","BaseMod","Better Match","Better Note","Better Sensory Stone","Better Skull","Better Third Choice","Colored Map","Colored Powertips","Defuse TimeMaze Blight","Emptier Cage","Minty Spire (QoL Compilation)","Permanent Neow","Quick Restart","Random Character Button","Relic Sorter","Reorder Act Four","Shop Mod","StSLib"],"gold_per_floor":[217,217,17,32,46,73,73,98,98,98,131,131,150,1,1,98,98,112,112,221,233,233],"floor_reached":21,"playtime":660,"items_purged":["Strike_B"],"score":234,"play_id":"fa689595-4ba9-4880-98df-afaae3e65803","local_time":"20210111181927","is_ascension_mode":true,"campfire_choices":[{"data":"Dualcast","floor":7,"key":"SMITH"},{"data":"Beam Cell","floor":10,"key":"SMITH"},{"data":"Gash","floor":12,"key":"SMITH"},{"data":"Gash","floor":15,"key":"SMITH"}],"circlet_count":0,"master_deck":["Strike_B","Strike_B","Strike_B","Defend_B+1","Defend_B+1","Defend_B","Defend_B","Zap+1","Dualcast+1","Go for the Eyes","Gash+1","Cold Snap","Beam Cell+1","Gash+1","Coolheaded","Skim","All For One","Skim"],"relics":["Cracked Core","Sling","War Paint","Question Card","MealTicket","Akabeko","SlaversCollar","MawBank"],"acts_visited":["Exordium","TheCity"],"potions_floor_usage":[4,6,18,21],"damage_taken":[{"damage":9,"enemies":"Small Slimes","floor":1,"turns":4},{"damage":0,"enemies":"2 Louse","floor":4,"turns":2},{"damage":0,"enemies":"Cultist","floor":5,"turns":3},{"damage":12,"enemies":"Gremlin Nob","floor":6,"turns":3},{"damage":18,"enemies":"Lagavulin","floor":8,"turns":4},{"damage":10,"enemies":"3 Sentries","floor":11,"turns":6},{"damage":0,"enemies":"Red Slaver","floor":13,"turns":2},{"damage":29,"enemies":"Slime Boss","floor":16,"turns":13},{"damage":2,"enemies":"Shell Parasite","floor":18,"turns":3},{"damage":7,"enemies":"3 Byrds","floor":21,"turns":3}],"seed_played":"-228093901129210740","potions_obtained":[{"floor":1,"key":"ColorlessPotion"},{"floor":5,"key":"DistilledChaos"},{"floor":16,"key":"DistilledChaos"},{"floor":18,"key":"PotionOfCapacity"},{"floor":19,"key":"Dexterity Potion"},{"floor":19,"key":"EssenceOfDarkness"}],"is_trial":false,"path_per_floor":["M","?","$","M","M","E","R","E","T","R","E","R","M","$","R","B",null,"M","?","?","M"],"character_chosen":"DEFECT","items_purchased":["Sling","Go for the Eyes","Skim"],"campfire_rested":0,"item_purchase_floors":[3,3,14],"current_hp_per_floor":[66,66,66,66,66,54,54,36,36,36,26,26,26,41,41,12,75,73,73,49,42,42],"gold":233,"neow_bonus":"HUNDRED_GOLD","is_daily":false,"chose_seed":false,"campfire_upgraded":4,"win_rate":0.0,"timestamp":1610385567,"path_taken":["M","?","$","M","M","E","R","E","T","R","E","R","M","$","R","BOSS","M","?","?","M"],"items_purchased_type":["Relic","Card","Card"],"build_version":"2020-12-22","purchased_purges":1,"victory":false,"max_hp_per_floor":[75,75,75,75,75,75,75,75,75,75,75,75,75,75,75,75,75,75,75,75,75,75],"card_choices":[{"not_picked":["Steam Power","Conserve Battery","Steam"],"picked":"SKIP","floor":1},{"not_picked":["Turbo","Stack"],"picked":"Gash","floor":4},{"not_picked":["Auto Shields","Rebound"],"picked":"Cold Snap","floor":5},{"not_picked":["Aggregate","Fusion"],"picked":"Beam Cell","floor":6},{"not_picked":["Hologram","Auto Shields","Turbo"],"picked":"SKIP","floor":8},{"not_picked":["Streamline","Conserve Battery","Steam"],"picked":"Gash","floor":11},{"not_picked":["Beam Cell","White Noise","Self Repair"],"picked":"Coolheaded","floor":13},{"not_picked":["Multi-Cast","Seek","Reboot"],"picked":"All For One","floor":16},{"not_picked":["Ball Lightning","Sweeping Beam","Cold Snap"],"picked":"Skim","floor":18}],"player_experience":89599,"relics_obtained":[{"floor":6,"key":"War Paint"},{"floor":8,"key":"Question Card"},{"floor":9,"key":"MealTicket"},{"floor":11,"key":"Akabeko"}],"event_choices":[{"damage_healed":0,"gold_gain":0,"player_choice":"Grow","damage_taken":0,"max_hp_gain":0,"max_hp_loss":0,"event_name":"Living Wall","floor":2,"gold_loss":0,"cards_upgraded":["Zap"]},{"damage_healed":0,"gold_gain":0,"player_choice":"Got Potions","damage_taken":0,"max_hp_gain":0,"max_hp_loss":0,"event_name":"Lab","floor":19,"gold_loss":0},{"damage_healed":0,"gold_gain":109,"player_choice":"GO RE ","damage_taken":27,"relics_obtained":["MawBank"],"max_hp_gain":0,"max_hp_loss":0,"event_name":"betterSkull:BetterSkull","floor":20,"gold_loss":0,"cards_upgraded":[]}],"is_beta":false,"boss_relics":[{"not_picked":["Fusion Hammer","Velvet Choker"],"picked":"SlaversCollar"}],"items_purged_floors":[14],"is_endless":false,"potions_floor_spawned":[1,5,16,18],"killed_by":"3 Byrds","ascension_level":4}}