{"host":"t7mx8yfj1no5p62f","time":1610334847,"event":{"mods":["BaseMod","Bestiary","Colored Map","Colored Powertips","Minty Spire (QoL Compilation)","Relic Stats","StSLib"],"gold_per_floor":[16,28,48,48,48,48,81,142,187,187,216,227,72,97,97,176,176,187,102,117,117,17,17,43,54,133,167,167,183,195,221,221,221,221],"floor_reached":33,"playtime":1241,"items_purged":["Strike_R","Strike_R"],"score":646,"play_id":"d2682feb-c3ff-4d6e-858e-27d0f431983d","local_time":"20210110221407","is_ascension_mode":true,"campfire_choices":[{"data":"Bash","floor":6,"key":"SMITH"},{"floor":10,"key":"REST"},{"data":"Flame Barrier","floor":15,"key":"SMITH"},{"data":"Immolate","floor":23,"key":"SMITH"},{"data":"Combust","floor":28,"key":"SMITH"},{"floor":32,"key":"REST"}],"circlet_count":0,"master_deck":["AscendersBane","Strike_R","Strike_R+1","Strike_R","Defend_R+1","Defend_R","Defend_R+1","Defend_R","Bash+1","Anger+1","Thunderclap","Twin Strike","Flame Barrier+1","Combust+1","Evolve","Immolate+1","Disarm","Battle Trance","Metallicize","Headbutt","True Grit+1","Dual Wield+1","Pummel"],"relics":["Burning Blood","Magic Flower","Bag of Marbles","Orichalcum","War Paint","WingedGreaves","Matryoshka","Velvet Choker","Toy Ornithopter","Bag of Preparation","Toxic Egg 2","The Courier","Smiling Mask","Happy Flower"],"acts_visited":["Exordium","TheCity"],"potions_floor_usage":[8,11,14,16,24,29,31,33],"damage_taken":[{"damage":5,"enemies":"Small Slimes","floor":1,"turns":4},{"damage":3,"enemies":"2 Louse","floor":2,"turns":3},{"damage":2,"enemies":"Jaw Worm","floor":3,"turns":3},{"damage":35,"enemies":"3 Sentries","floor":7,"turns":8},{"damage":20,"enemies":"3 Sentries","floor":8,"turns":6},{"damage":4,"enemies":"Gremlin Nob","floor":11,"turns":3},{"damage":0,"enemies":"Exordium Wildlife","floor":12,"turns":2},{"damage":6,"enemies":"3 Sentries","floor":14,"turns":5},{"damage":55,"enemies":"Hexaghost","floor":16,"turns":9},{"damage":13,"enemies":"Shell Parasite","floor":18,"turns":4},{"damage":5,"enemies":"Chosen","floor":20,"turns":4},{"damage":12,"enemies":"Gremlin Leader","floor":24,"turns":4},{"damage":0,"enemies":"Centurion and Healer","floor":25,"turns":4},{"damage":25,"enemies":"Book of Stabbing","floor":27,"turns":5},{"damage":31,"enemies":"Shelled Parasite and Fungi","floor":29,"turns":5},{"damage":10,"enemies":"Chosen and Byrds","floor":30,"turns":4},{"damage":38,"enemies":"Slavers","floor":31,"turns":4},{"damage":68,"enemies":"Collector","floor":33,"turns":7}],"seed_played":"671012779818208605","potions_obtained":[{"floor":3,"key":"SkillPotion"},{"floor":7,"key":"AttackPotion"},{"floor":8,"key":"SteroidPotion"},{"floor":11,"key":"SpeedPotion"},{"floor":16,"key":"Energy Potion"},{"floor":18,"key":"ColorlessPotion"},{"floor":25,"key":"DuplicationPotion"},{"floor":31,"key":"CultistPotion"}],"is_trial":false,"path_per_floor":["M","M","M","?","?","R","E","?","T","R","E","M","$","E","R","B",null,"M","?","M","?","$","R","E","M","T","E","R","M","M","E","R","B"],"character_chosen":"IRONCLAD","items_purchased":["Combust"],"campfire_rested":2,"item_purchase_floors":[13],"current_hp_per_floor":[72,75,75,52,57,57,31,20,20,44,49,58,58,61,61,15,64,60,60,64,64,64,64,69,78,78,62,62,48,47,26,50,0,0],"gold":221,"neow_bonus":"ONE_RARE_RELIC","is_daily":false,"chose_seed":false,"campfire_upgraded":4,"win_rate":0.0,"timestamp":1610334847,"path_taken":["M","M","M","?","?","R","E","?","T","R","E","M","$","E","R","BOSS","M","?","M","?","?","R","E","M","T","E","R","?","M","E","R","BOSS"],"items_purchased_type":["Card"],"build_version":"2020-12-22","purchased_purges":2,"victory":false,"max_hp_per_floor":[75,75,75,75,80,80,80,80,80,80,80,80,80,80,80,80,80,80,80,80,80,80,80,80,80,80,80,80,80,80,80,80,80,80],"relic_stats":{"Happy Flower":[2],"counters":[18,84],"Magic Flower":[57],"Bag of Preparation":[12],"Orichalcum":[144],"War Paint":["Defend_R","Defend_R"],"Smiling Mask":0,"obtain_stats":[{"Happy Flower":31,"Magic Flower":0,"Velvet Choker":17,"The Courier":26,"Bag of Preparation":24,"Orichalcum":8,"War Paint":9,"Smiling Mask":27,"Burning Blood":0,"Matryoshka":14,"WingedGreaves":11,"Bag of Marbles":7,"Toxic Egg 2":26,"Toy Ornithopter":19},{"Happy Flower":17,"Magic Flower":0,"Velvet Choker":9,"The Courier":13,"Bag of Preparation":12,"Orichalcum":5,"War Paint":5,"Smiling Mask":14,"Burning Blood":0,"Matryoshka":8,"WingedGreaves":6,"Bag of Marbles":4,"Toxic Egg 2":13,"Toy Ornithopter":10},{"Happy Flower":77,"Magic Flower":0,"Velvet Choker":43,"The Courier":59,"Bag of Preparation":55,"Orichalcum":24,"War Paint":24,"Smiling Mask":64,"Burning Blood":0,"Matryoshka":34,"WingedGreaves":27,"Bag of Marbles":18,"Toxic Egg 2":59,"Toy Ornithopter":47}],"Burning Blood":143,"Toy Ornithopter":32},"card_choices":[{"not_picked":["Sword Boomerang","Clothesline"],"picked":"Anger","floor":1},{"not_picked":["Seeing Red","Infernal Blade"],"picked":"Thunderclap","floor":2},{"not_picked":["Body Slam","Thunderclap","Clash"],"picked":"SKIP","floor":3},{"not_picked":["Intimidate","Bloodletting"],"picked":"Twin Strike","floor":7},{"not_picked":["Headbutt","Second Wind"],"picked":"Flame Barrier","floor":8},{"not_picked":["Whirlwind","Heavy Blade","Bloodletting"],"picked":"SKIP","floor":11},{"not_picked":["Pummel","Infernal Blade","Iron Wave"],"picked":"SKIP","floor":12},{"not_picked":["Seeing Red","Entrench"],"picked":"Evolve","floor":14},{"not_picked":["Limit Break","Bludgeon"],"picked":"Immolate","floor":16},{"not_picked":["Anger","Pummel","Havoc"],"picked":"SKIP","floor":18},{"not_picked":["Bloodletting+1","Entrench+1"],"picked":"Disarm","floor":20},{"not_picked":["Wild Strike","Searing Blow"],"picked":"Metallicize","floor":24},{"not_picked":["Wild Strike","Iron Wave"],"picked":"Headbutt","floor":25},{"not_picked":["Cleave","Reckless Charge+1","Wild Strike"],"picked":"SKIP","floor":27},{"not_picked":["Hemokinesis","Immolate"],"picked":"True Grit+1","floor":29},{"not_picked":["Pummel","Flame Barrier+1"],"picked":"Dual Wield+1","floor":30},{"not_picked":["Anger","Iron Wave"],"picked":"Pummel","floor":31}],"player_experience":1718018,"relics_obtained":[{"floor":7,"key":"Bag of Marbles"},{"floor":8,"key":"Orichalcum"},{"floor":9,"key":"War Paint"},{"floor":11,"key":"WingedGreaves"},{"floor":14,"key":"Matryoshka"},{"floor":24,"key":"Bag of Preparation"},{"floor":26,"key":"Toxic Egg 2"},{"floor":26,"key":"The Courier"},{"floor":27,"key":"Smiling Mask"},{"floor":31,"key":"Happy Flower"}],"event_choices":[{"damage_healed":0,"gold_gain":0,"player_choice":"Entered Light","damage_taken":23,"max_hp_gain":0,"max_hp_loss":0,"event_name":"Shining Light","floor":4,"gold_loss":0,"cards_upgraded":["Strike_R","Anger"]},{"damage_healed":0,"gold_gain":0,"player_choice":"Donut","damage_taken":0,"max_hp_gain":5,"max_hp_loss":0,"event_name":"Big Fish","floor":5,"gold_loss":0},{"damage_healed":0,"gold_gain":30,"player_choice":"Searched \u00272\u0027 times","damage_taken":0,"max_hp_gain":0,"max_hp_loss":0,"event_name":"Dead Adventurer","floor":8,"gold_loss":0},{"damage_healed":0,"gold_gain":0,"player_choice":"Obtained Relic","damage_taken":0,"relics_obtained":["Toy Ornithopter"],"max_hp_gain":0,"max_hp_loss":0,"event_name":"Addict","floor":19,"gold_loss":85},{"damage_healed":0,"gold_gain":0,"player_choice":"Read","damage_taken":0,"max_hp_gain":0,"max_hp_loss":0,"event_name":"The Library","floor":21,"gold_loss":0,"cards_obtained":["Battle Trance"]}],"is_beta":false,"boss_relics":[{"not_picked":["Busted Crown","Empty Cage"],"picked":"Velvet Choker"}],"items_purged_floors":[13,22],"is_endless":false,"potions_floor_spawned":[3,7,8,11,16,18,25,27,31],"killed_by":"Collector","ascension_level":20}}