{"host":"dpbezu80jg8zk7un","time":1610363964,"event":{"mods":["BaseMod","Colored Map","Colored Powertips","Custom Start","DeckTracker","Minty Spire (QoL Compilation)","Quick Restart","StSLib","SuperFastMode"],"gold_per_floor":[30,68,102,102,102,102,153,153,177,102,102,102,145,60,60,159,159,204,296,75,75,140,193,193,553,578,614,377,337,337,397,397,501,501,538,538,638,676,676,731,731,783,810,846,846,900,501,568,568,618,668,668,668,31,115,140],"floor_reached":57,"playtime":2397,"items_purged":["Defend_P","Strike_P","Strike_P","DeusExMachina","Defend_P+1"],"score":2927,"play_id":"b2044f7d-d238-4bb6-ac3a-f92370504396","local_time":"20210111201924","is_ascension_mode":true,"campfire_choices":[{"data":"Eruption","floor":6.0,"key":"SMITH"},{"floor":8.0,"key":"REST"},{"data":"Adaptation","floor":15.0,"key":"SMITH"},{"data":"Adaptation","floor":24.0,"key":"SMITH"},{"floor":30.0,"key":"REST"},{"floor":32.0,"key":"REST"},{"floor":41.0,"key":"REST"},{"floor":45.0,"key":"REST"},{"floor":49.0,"key":"RECALL"},{"data":"MentalFortress","floor":53.0,"key":"SMITH"}],"circlet_count":0,"master_deck":["AscendersBane","Eruption+1","Vigilance","HandOfGreed+1","EmptyBody","MentalFortress+1","Adaptation+1","Adaptation+1","Tantrum","Meditate","Halt+1","DeusExMachina+1","WaveOfTheHand+1","Madness","Madness","InnerPeace"],"relics":["HolyWater","Happy Flower","Pen Nib","Centennial Puzzle","Question Card","Lantern","Old Coin","Bag of Marbles","Astrolabe","Lizard Tail","Strawberry","Anchor","Smiling Mask","Bottled Tornado","OrangePellets","Oddly Smooth Stone","Kunai","Sundial"],"acts_visited":["Exordium","TheCity","TheBeyond","TheEnding"],"potions_floor_usage":[56],"damage_taken":[{"damage":4.0,"enemies":"Jaw Worm","floor":1.0,"turns":2.0},{"damage":2.0,"enemies":"Small Slimes","floor":2.0,"turns":6.0},{"damage":0.0,"enemies":"2 Louse","floor":3.0,"turns":3.0},{"damage":26.0,"enemies":"Gremlin Nob","floor":7.0,"turns":4.0},{"damage":1.0,"enemies":"Looter","floor":13.0,"turns":4.0},{"damage":7.0,"enemies":"Hexaghost","floor":16.0,"turns":12.0},{"damage":0.0,"enemies":"Chosen","floor":18.0,"turns":2.0},{"damage":17.0,"enemies":"3 Byrds","floor":19.0,"turns":7.0},{"damage":0.0,"enemies":"Centurion and Healer","floor":22.0,"turns":3.0},{"damage":0.0,"enemies":"Slavers","floor":23.0,"turns":3.0},{"damage":17.0,"enemies":"Gremlin Leader","floor":25.0,"turns":3.0},{"damage":4.0,"enemies":"Snake Plant","floor":27.0,"turns":2.0},{"damage":13.0,"enemies":"Cultist and Chosen","floor":31.0,"turns":5.0},{"damage":77.0,"enemies":"Collector","floor":33.0,"turns":9.0},{"damage":0.0,"enemies":"Orb Walker","floor":35.0,"turns":3.0},{"damage":0.0,"enemies":"Mind Bloom Boss Battle","floor":37.0,"turns":6.0},{"damage":0.0,"enemies":"3 Darklings","floor":38.0,"turns":2.0},{"damage":13.0,"enemies":"Reptomancer","floor":40.0,"turns":5.0},{"damage":17.0,"enemies":"Nemesis","floor":42.0,"turns":3.0},{"damage":21.0,"enemies":"Spire Growth","floor":44.0,"turns":3.0},{"damage":0.0,"enemies":"Giant Head","floor":46.0,"turns":5.0},{"damage":0.0,"enemies":"4 Shapes","floor":48.0,"turns":4.0},{"damage":28.0,"enemies":"Donu and Deca","floor":50.0,"turns":5.0},{"damage":5.0,"enemies":"Awakened One","floor":51.0,"turns":4.0},{"damage":24.0,"enemies":"Shield and Spear","floor":55.0,"turns":8.0},{"damage":28,"enemies":"The Heart","floor":56,"turns":6}],"seed_played":"1550078925344718079","potions_obtained":[{"floor":1.0,"key":"LiquidMemories"},{"floor":7.0,"key":"SkillPotion"},{"floor":13.0,"key":"Block Potion"},{"floor":22.0,"key":"Strength Potion"},{"floor":23.0,"key":"SpeedPotion"},{"floor":27.0,"key":"BottledMiracle"},{"floor":29.0,"key":"EntropicBrew"},{"floor":35.0,"key":"FearPotion"},{"floor":38.0,"key":"LiquidMemories"},{"floor":42.0,"key":"Block Potion"}],"is_trial":false,"path_per_floor":["M","M","M","?","?","R","E","R","T","$","?","T","M","$","R","B",null,"M","M","$","?","M","E","R","E","T","M","$","?","R","M","R","B",null,"M","?","?","M","?","E","R","E","T","M","R","E","$","M","R","B","B",null,"R","$","E","B",null],"character_chosen":"WATCHER","items_purchased":["Adaptation","Adaptation","DistilledChaos","FairyPotion","InnerPeace","Bottled Tornado","OrangePellets","Oddly Smooth Stone","Kunai"],"campfire_rested":5,"item_purchase_floors":[14,20,20,28,47,47,54,54,54],"current_hp_per_floor":[57,55,55,55,37,37,11,31,31,31,11,11,10,10,10,3,52,52,35,35,35,35,35,35,18,18,14,14,14,34,21,41,20,56,56,56,56,56,44,38,60,43,43,22,44,44,44,44,44,16,11,59,59,59,35,7],"gold":140,"neow_bonus":"RANDOM_COLORLESS_2","is_daily":false,"chose_seed":false,"campfire_upgraded":4,"win_rate":0.0,"timestamp":1610363964,"path_taken":["M","M","M","?","?","R","E","R","T","$","?","?","M","$","R","BOSS","M","M","$","?","?","E","R","E","T","M","$","?","R","?","R","BOSS","M","?","?","M","?","E","R","E","T","M","R","E","$","M","R","BOSS","BOSS","R","$","E","BOSS"],"items_purchased_type":["Card","Card","Potion","Potion","Card","Relic","Relic","Relic","Relic"],"build_version":"2020-12-22","purchased_purges":5,"victory":true,"max_hp_per_floor":[68,68,68,68,68,68,68,68,68,68,68,68,68,68,68,68,68,68,68,68,68,68,68,68,68,68,68,68,68,68,68,68,68,68,68,68,68,68,68,75,75,75,75,75,75,75,75,75,75,75,75,75,75,75,75,75],"card_choices":[{"not_picked":["Violence","Metamorphosis"],"picked":"HandOfGreed","floor":0.0},{"not_picked":["Consecrate","FlyingSleeves","Protect"],"picked":"SKIP","floor":1.0},{"not_picked":["BowlingBash","Protect","Indignation"],"picked":"SKIP","floor":2.0},{"not_picked":["Perseverance","SignatureMove"],"picked":"EmptyBody","floor":3.0},{"not_picked":["Halt","BowlingBash","PathToVictory"],"picked":"SKIP","floor":7.0},{"not_picked":["WreathOfFlame","Study","EmptyBody"],"picked":"MentalFortress","floor":13.0},{"not_picked":["DevaForm","SpiritShield","MasterReality"],"picked":"DeusExMachina","floor":16.0},{"not_picked":["Prostrate","FlurryOfBlows","ClearTheMind","SashWhip"],"picked":"SKIP","floor":18.0},{"not_picked":["SandsOfTime+1","EmptyFist+1","Pray","BowlingBash+1"],"picked":"SKIP","floor":19.0},{"not_picked":["Halt","WaveOfTheHand","Consecrate"],"picked":"Tantrum","floor":22.0},{"not_picked":["SandsOfTime","FollowUp","Brilliance","DeusExMachina"],"picked":"SKIP","floor":23.0},{"not_picked":["CrushJoints","Crescendo","SashWhip","EmptyFist"],"picked":"SKIP","floor":25.0},{"not_picked":["Wallop","Perseverance","TalkToTheHand"],"picked":"Meditate","floor":27.0},{"not_picked":["SashWhip","EmptyBody","Protect","Sanctity"],"picked":"SKIP","floor":31.0},{"not_picked":["Prostrate","Indignation","BowlingBash","EmptyBody"],"picked":"SKIP","floor":35.0},{"not_picked":["EmptyBody","SashWhip","LikeWater","ClearTheMind"],"picked":"SKIP","floor":38.0},{"not_picked":["LikeWater","WreathOfFlame","Wallop","PathToVictory+1"],"picked":"SKIP","floor":40.0},{"not_picked":["JustLucky+1","ForeignInfluence+1","DeceiveReality","Swivel"],"picked":"SKIP","floor":42.0},{"not_picked":["JustLucky","MentalFortress+1","Evaluate+1","Ragnarok"],"picked":"SKIP","floor":44.0},{"not_picked":["CutThroughFate","Prostrate","WreathOfFlame","Wireheading"],"picked":"SKIP","floor":46.0},{"not_picked":["ThirdEye","Protect","Worship","EmptyFist"],"picked":"SKIP","floor":48.0},{"not_picked":["DeceiveReality","BowlingBash","FollowUp+1","BattleHymn"],"picked":"SKIP","floor":55.0}],"player_experience":2861523,"relics_obtained":[{"floor":7.0,"key":"Pen Nib"},{"floor":9.0,"key":"Centennial Puzzle"},{"floor":12.0,"key":"Question Card"},{"floor":23.0,"key":"Lantern"},{"floor":25.0,"key":"Old Coin"},{"floor":26.0,"key":"Bag of Marbles"},{"floor":37.0,"key":"Lizard Tail"},{"floor":40.0,"key":"Strawberry"},{"floor":42.0,"key":"Anchor"},{"floor":46.0,"key":"Smiling Mask"},{"floor":55.0,"key":"Sundial"}],"event_choices":[{"damage_healed":0.0,"max_hp_gain":0.0,"max_hp_loss":0.0,"gold_gain":0.0,"event_name":"Liars Game","player_choice":"Ignored","floor":4.0,"gold_loss":0.0,"damage_taken":0.0},{"damage_healed":0.0,"max_hp_gain":0.0,"max_hp_loss":0.0,"gold_gain":0.0,"event_name":"Scrap Ooze","player_choice":"Success","floor":5.0,"gold_loss":0.0,"damage_taken":18.0,"relics_obtained":["Happy Flower"]},{"damage_healed":0.0,"max_hp_gain":0.0,"max_hp_loss":0.0,"gold_gain":0.0,"event_name":"Shining Light","player_choice":"Entered Light","floor":11.0,"gold_loss":0.0,"damage_taken":20.0,"cards_upgraded":["Defend_P","HandOfGreed"]},{"cards_removed":["Defend_P"],"damage_healed":0.0,"max_hp_gain":0.0,"max_hp_loss":0.0,"gold_gain":0.0,"event_name":"Purifier","player_choice":"Purged","floor":21.0,"gold_loss":0.0,"damage_taken":0.0},{"damage_healed":0.0,"max_hp_gain":0.0,"max_hp_loss":0.0,"gold_gain":0.0,"event_name":"The Woman in Blue","player_choice":"Bought 3 Potions","floor":29.0,"gold_loss":0.0,"damage_taken":0.0},{"damage_healed":0.0,"max_hp_gain":0.0,"max_hp_loss":0.0,"gold_gain":0.0,"event_name":"SensoryStone","player_choice":"Memory 1","floor":36.0,"gold_loss":0.0,"damage_taken":0.0},{"damage_healed":0.0,"max_hp_gain":0.0,"max_hp_loss":0.0,"gold_gain":0.0,"event_name":"MindBloom","player_choice":"Fight","floor":37.0,"gold_loss":0.0,"damage_taken":0.0},{"damage_healed":0.0,"max_hp_gain":0.0,"max_hp_loss":0.0,"gold_gain":0.0,"event_name":"Winding Halls","player_choice":"Embrace Madness","floor":39.0,"gold_loss":0.0,"damage_taken":12.0,"cards_obtained":["Madness","Madness"]}],"is_beta":false,"boss_relics":[{"not_picked":["Cursed Key","Calling Bell"],"picked":"HolyWater"},{"not_picked":["Runic Dome","Fusion Hammer"],"picked":"Astrolabe"}],"items_purged_floors":[10,20,28,47,54],"is_endless":false,"potions_floor_spawned":[1,7,13,22,23,27,35,38,42],"ascension_level":20}}