{"host":"ep8kbvo88bv3k2ot","time":1610386699,"event":{"mods":["AchievementEnabler","BaseMod","Better Note","Colored Powertips","Minty Spire (QoL Compilation)","Permanent Neow","StSLib"],"gold_per_floor":[215,231,231,250,0,35,35,35,35],"floor_reached":8,"playtime":563,"items_purged":["Strike_B"],"score":73,"play_id":"6a918c66-ffd5-4797-83a2-ed72bd2bf9e0","local_time":"20210111183819","is_ascension_mode":true,"campfire_choices":[],"circlet_count":0,"master_deck":["Strike_B","Strike_B","Strike_B","Defend_B","Defend_B","Defend_B","Defend_B","Zap","Dualcast","Capacitor","Static Discharge+1","Loop"],"relics":["Cracked Core","Orichalcum","Lantern"],"acts_visited":["Exordium"],"potions_floor_usage":[6,6,8],"damage_taken":[{"damage":1,"enemies":"Cultist","floor":1,"turns":3},{"damage":4,"enemies":"Jaw Worm","floor":2,"turns":4},{"damage":8,"enemies":"2 Louse","floor":4,"turns":3},{"damage":25,"enemies":"Lagavulin","floor":6,"turns":7},{"damage":23,"enemies":"3 Sentries","floor":8,"turns":4}],"seed_played":"-8928723744768756670","potions_obtained":[],"is_trial":false,"path_per_floor":["M","M","?","M","$","E","?","E"],"character_chosen":"DEFECT","items_purchased":["Static Discharge","EntropicBrew"],"campfire_rested":0,"item_purchase_floors":[5,5],"current_hp_per_floor":[67,63,60,52,52,27,27,4,4],"gold":35,"neow_bonus":"HUNDRED_GOLD","is_daily":false,"chose_seed":false,"campfire_upgraded":0,"win_rate":0.0,"timestamp":1610386699,"path_taken":["M","?","?","M","$","E","?","E"],"items_purchased_type":["Card","Potion"],"build_version":"2020-12-22","purchased_purges":1,"victory":false,"max_hp_per_floor":[75,75,75,75,75,75,75,75,75],"card_choices":[{"not_picked":["Rebound","Compile Driver"],"picked":"Capacitor","floor":1},{"not_picked":["Rebound","Coolheaded","Compile Driver"],"picked":"SKIP","floor":2},{"not_picked":["Force Field","White Noise","Heatsinks"],"picked":"SKIP","floor":4},{"not_picked":["Self Repair","Beam Cell"],"picked":"Loop","floor":6}],"player_experience":463889,"relics_obtained":[{"floor":6,"key":"Lantern"}],"event_choices":[{"damage_healed":0,"gold_gain":0,"player_choice":"Success","damage_taken":3,"relics_obtained":["Orichalcum"],"max_hp_gain":0,"max_hp_loss":0,"event_name":"Scrap Ooze","floor":3,"gold_loss":0},{"damage_healed":0,"gold_gain":0,"player_choice":"Upgraded","damage_taken":0,"max_hp_gain":0,"max_hp_loss":0,"event_name":"Upgrade Shrine","floor":7,"gold_loss":0,"cards_upgraded":["Static Discharge"]}],"is_beta":false,"boss_relics":[],"items_purged_floors":[5],"is_endless":false,"potions_floor_spawned":[],"killed_by":"3 Sentries","ascension_level":6}}