{"host":"h4lp0eeso8a0ssq0","time":1610354969,"event":{"mods":["2.2 Compatiblity","AchievementEnabler","BaseMod","CapriCore","Colored Map","Minty Spire (QoL Compilation)","StSLib","SuperFastMode"],"gold_per_floor":[20,20,30,43,60,95,95,127,163,175,202,314,340,366,378,495,507,447,447,447,148,148,148,148,148,148],"floor_reached":25,"playtime":2307,"items_purged":["Strike_G"],"score":315,"play_id":"06ec42b1-131b-416e-9984-f687686f0bed","local_time":"20210111174929","is_ascension_mode":true,"campfire_choices":[{"data":"Blade Dance","floor":7,"key":"SMITH"},{"data":"Cloak And Dagger","floor":10,"key":"SMITH"},{"floor":15,"key":"REST"},{"data":"Prepared","floor":23,"key":"SMITH"}],"circlet_count":0,"master_deck":["Strike_G","Strike_G","Strike_G","Defend_G","Defend_G","Defend_G","Defend_G","Defend_G","Survivor","Neutralize","PiercingWail","Blade Dance+1","Cloak And Dagger+1","Footwork","Reflex","Dagger Throw","Prepared+1","Well Laid Plans","Die Die Die","Acrobatics","Ghostly","Ghostly","Ghostly","Ghostly","Ghostly","Footwork","Blade Dance"],"relics":["Ring of the Snake","Tingsha","Singing Bowl","MawBank","Nunchaku","Ectoplasm","Juzu Bracelet"],"acts_visited":["Exordium","TheCity"],"potions_floor_usage":[6,6,8,16,16],"damage_taken":[{"damage":2.0,"enemies":"Cultist","floor":1.0,"turns":4.0},{"damage":0.0,"enemies":"2 Louse","floor":3.0,"turns":4.0},{"damage":0.0,"enemies":"Small Slimes","floor":4.0,"turns":3.0},{"damage":0.0,"enemies":"Looter","floor":5.0,"turns":3.0},{"damage":17,"enemies":"Gremlin Nob","floor":6,"turns":5},{"damage":5,"enemies":"Lagavulin","floor":8,"turns":11},{"damage":10,"enemies":"3 Louse","floor":11,"turns":3},{"damage":7,"enemies":"Exordium Wildlife","floor":13,"turns":4},{"damage":10,"enemies":"Exordium Thugs","floor":14,"turns":5},{"damage":22,"enemies":"The Guardian","floor":16,"turns":13},{"damage":3,"enemies":"2 Thieves","floor":18,"turns":4},{"damage":7,"enemies":"3 Byrds","floor":22,"turns":6},{"damage":1,"enemies":"Shelled Parasite and Fungi","floor":24,"turns":7},{"damage":10,"enemies":"Centurion and Healer","floor":25,"turns":6}],"seed_played":"1084693450763123462","potions_obtained":[{"floor":4.0,"key":"EntropicBrew"},{"floor":6,"key":"GamblersBrew"},{"floor":8,"key":"Poison Potion"},{"floor":13,"key":"Strength Potion"},{"floor":18,"key":"GamblersBrew"},{"floor":22,"key":"SkillPotion"}],"is_trial":false,"path_per_floor":["M","?","M","M","M","E","R","E","T","R","M","?","M","M","R","B",null,"M","?","?","$","M","R","M","M"],"character_chosen":"THE_SILENT","items_purchased":["Footwork","Juzu Bracelet"],"campfire_rested":1,"item_purchase_floors":[21,21],"current_hp_per_floor":[61,61,61,61,61,44,44,39,39,39,31,31,24,14,35,13,57,54,41,38,38,33,33,32,22,22],"gold":148,"neow_bonus":"ONE_RARE_RELIC","is_daily":false,"chose_seed":false,"campfire_upgraded":3,"win_rate":0.0,"timestamp":1610354969,"path_taken":["M","?","M","?","M","E","R","E","T","R","M","?","?","M","R","BOSS","M","?","?","$","M","R","M","M"],"items_purchased_type":["Card","Relic"],"build_version":"2020-12-22","purchased_purges":1,"victory":false,"max_hp_per_floor":[70,70,70,70,70,70,70,70,70,70,72,72,72,72,72,72,72,72,77,38,38,40,40,40,40,40],"card_choices":[{"not_picked":["Dodge and Roll","Sucker Punch"],"picked":"PiercingWail","floor":1.0},{"not_picked":["Dodge and Roll","Prepared"],"picked":"Blade Dance","floor":3.0},{"not_picked":["Flechettes","Concentrate"],"picked":"Cloak And Dagger","floor":4.0},{"not_picked":["Prepared","Caltrops"],"picked":"Footwork","floor":5.0},{"not_picked":["Dash","Endless Agony"],"picked":"Reflex","floor":6},{"not_picked":["Eviscerate","Outmaneuver"],"picked":"Dagger Throw","floor":8},{"not_picked":["Endless Agony","Catalyst","Flying Knee"],"picked":"Singing Bowl","floor":11},{"not_picked":["Flechettes","Cloak And Dagger"],"picked":"Prepared","floor":13},{"not_picked":["Deadly Poison","Slice"],"picked":"Well Laid Plans","floor":14},{"not_picked":["Night Terror","Bullet Time"],"picked":"Die Die Die","floor":16},{"not_picked":["Flying Knee","Leg Sweep"],"picked":"Acrobatics","floor":18},{"not_picked":["Eviscerate","Bouncing Flask","Caltrops"],"picked":"Singing Bowl","floor":22},{"not_picked":["Quick Slash","Malaise"],"picked":"Blade Dance","floor":24}],"player_experience":128703,"relics_obtained":[{"floor":6,"key":"Singing Bowl"},{"floor":8,"key":"MawBank"},{"floor":9,"key":"Nunchaku"}],"event_choices":[{"cards_removed":["Strike_G"],"damage_healed":0.0,"max_hp_gain":0.0,"max_hp_loss":0.0,"gold_gain":0.0,"event_name":"Purifier","player_choice":"Purged","floor":2.0,"gold_loss":0.0,"damage_taken":0.0},{"damage_healed":0,"gold_gain":100,"player_choice":"Gold","damage_taken":0,"max_hp_gain":0,"max_hp_loss":0,"event_name":"Wheel of Change","floor":12,"gold_loss":0},{"damage_healed":0,"gold_gain":0,"player_choice":"Shed Blood","damage_taken":18,"max_hp_gain":5,"max_hp_loss":0,"event_name":"Forgotten Altar","floor":19,"gold_loss":0},{"damage_healed":0,"gold_gain":0,"player_choice":"Became a Ghost","damage_taken":0,"max_hp_gain":0,"max_hp_loss":39,"event_name":"Ghosts","floor":20,"gold_loss":0,"cards_obtained":["Ghostly","Ghostly","Ghostly","Ghostly","Ghostly"]}],"is_beta":false,"boss_relics":[{"not_picked":["Empty Cage","Tiny House"],"picked":"Ectoplasm"}],"items_purged_floors":[21],"is_endless":false,"potions_floor_spawned":[4,6,8,13,14,18,22],"killed_by":"Centurion and Healer","ascension_level":7}}