{"host":"bf9sa99gaumonoeu","time":1610368637,"event":{"mods":["AchievementEnabler","Act Like it!","BaseMod","Better Sensory Stone","Colored Map","Colored Powertips","Fox Events","Friendly Minions","Gensokyo","GifTheSpireLib","Googly Eyes","Hallownest","Hermit","Hubris","Jorbs\u0027s Wanderer Trilogy","KinomotoSakuraMod(????)","Koishi","Lobotomy","Marisa????????","Minty Spire (QoL Compilation)","Rare Cards Sparkle","Reimu??????","Relic Stats","Remilia??????","Replay The Spire","StSLib","The Administrix","The Animator","The Bug Knight","The Construct","The Cursed","The Disciple","The Hierophant","The Mystic","The Necromancer","The Poker Player","The Runesmith","The Senshi","The Servant 0.9.4","TheLocksmith","Yakumo Yukari mod","thorton"],"gold_per_floor":[113,123,138,152,11,11,11],"floor_reached":6,"playtime":381,"items_purged":[],"score":72,"play_id":"86e6d365-fa87-47ad-a47b-772d835900db","local_time":"20210111103717","is_ascension_mode":true,"campfire_choices":[],"circlet_count":0,"master_deck":["AscendersBane","Strike_G","Strike_G","Strike_G","Defend_G","Defend_G","Defend_G","Defend_G","Survivor","Neutralize","Concentrate+1","Noxious Fumes+1","Night Terror+1","Toxin Wave","PiercingWail","Crippling Poison","Crippling Poison","Footwork"],"relics":["Astrolabe"],"acts_visited":["Exordium"],"potions_floor_usage":[4,6],"damage_taken":[{"damage":15,"enemies":"Small Slimes","floor":1,"turns":6},{"damage":0,"enemies":"Cultist","floor":2,"turns":4},{"damage":1,"enemies":"2 Louse","floor":3,"turns":3},{"damage":25,"enemies":"Exordium Thugs","floor":4,"turns":5},{"damage":19,"enemies":"Gremlin Nob","floor":6,"turns":3}],"seed_played":"-1472975954544297822","potions_obtained":[{"floor":3,"key":"DuplicationPotion"},{"floor":4,"key":"SteroidPotion"}],"is_trial":false,"path_per_floor":["M","M","M","M","$","E"],"character_chosen":"THE_SILENT","items_purchased":["Footwork","BlessingOfTheForge"],"campfire_rested":0,"item_purchase_floors":[5,5],"current_hp_per_floor":[44,44,43,18,18,0,0],"gold":11,"neow_bonus":"BOSS_RELIC","is_daily":false,"chose_seed":false,"campfire_upgraded":0,"win_rate":0.0,"timestamp":1610368637,"path_taken":["M","M","M","M","$","E"],"items_purchased_type":["Card","Potion"],"build_version":"2020-12-22","purchased_purges":0,"victory":false,"max_hp_per_floor":[66,66,66,66,66,66,66],"relic_stats":{"counters":[5,21],"Astrolabe":["Concentrate","Noxious Fumes","Night Terror"],"obtain_stats":[{"Astrolabe":0,"Ring of the Snake":0},{"Astrolabe":0,"Ring of the Snake":0},{"Astrolabe":0,"Ring of the Snake":0}]},"card_choices":[{"not_picked":["Underhanded Strike","Slice"],"picked":"Toxin Wave","floor":1},{"not_picked":["Blade Dance","Underhanded Strike"],"picked":"PiercingWail","floor":2},{"not_picked":["Slice","Dagger Throw"],"picked":"Crippling Poison","floor":3},{"not_picked":["Skewer","Dagger Spray"],"picked":"Crippling Poison","floor":4}],"player_experience":893652,"relics_obtained":[],"event_choices":[],"is_beta":false,"boss_relics":[],"items_purged_floors":[],"is_endless":false,"potions_floor_spawned":[3,4],"killed_by":"Gremlin Nob","ascension_level":18}}