{"host":"kwvcf9gzgu4x9g41","time":1610328640,"event":{"mods":["AchievementEnabler","AlwaysNeverKeys","BaseMod","BetterRewards","Block Reminder","Colored Map","Colored Powertips","Custom Start","Highlight Path","Keyboard Shortcuts","Minty Spire (QoL Compilation)","Permanent Neow","Rare Cards Sparkle","Relic Stats","Spicy Shops","StSLib","The Cursed","The Servant 0.9.4"],"gold_per_floor":[112,33,48,48,65,97,114,140,140,140,140,0,0,0,0,126,126,140,140,164,164,188,222,222,253,253,23,23,23,57,21,21,149,149,174,174,174,194,46,46,64,64,64,85,85,85,85,105,105,105,105,105,35,73,73,73],"floor_reached":55,"playtime":4193,"items_purged":["Strike_G","Defend_G","Strike_G","Strike_G"],"score":1224,"play_id":"a82b0f3a-3e07-44a5-8ae8-e0b8c7fa9945","local_time":"20210110193040","is_ascension_mode":true,"campfire_choices":[{"data":"Accuracy","floor":10,"key":"SMITH"},{"floor":15,"key":"REST"},{"floor":24,"key":"REST"},{"data":"Noxious Fumes","floor":28,"key":"SMITH"},{"data":"Noxious Fumes","floor":32,"key":"SMITH"},{"data":"Accuracy","floor":40,"key":"SMITH"},{"data":"Caltrops","floor":46,"key":"SMITH"},{"data":"Neutralize","floor":49,"key":"SMITH"},{"floor":52,"key":"REST"}],"circlet_count":0,"master_deck":["Strike_G+1","Strike_G","Defend_G","Defend_G+1","Defend_G","Defend_G","Survivor","Neutralize+1","Corpse Explosion+1","Bouncing Flask+1","Accuracy+1","Blur+1","Poisoned Stab+1","Blade Dance+1","Catalyst+1","Blade Dance+1","Crippling Poison+1","Finisher","Burst+1","Leg Sweep+1","Cloak And Dagger+1","Accuracy+1","Noxious Fumes+1","Slice+1","Caltrops+1","Accuracy+1","Noxious Fumes+1","Catalyst+1","Storm of Steel+1","Deadly Poison+1","Deflect+1","Setup+1"],"relics":["Ring of the Snake","Toxic Egg 2","MealTicket","Bird Faced Urn","Toy Ornithopter","Meat on the Bone","Ancient Tea Set","Bronze Scales","Golden Idol","Runic Pyramid","HornCleat","Regal Pillow","Happy Flower","CaptainsWheel","WristBlade","Bag of Preparation","Darkstone Periapt","Mango","Mercury Hourglass"],"acts_visited":["Exordium","TheCity","TheBeyond","TheEnding"],"potions_floor_usage":[50],"damage_taken":[{"damage":7,"enemies":"Jaw Worm","floor":1,"turns":3},{"damage":4,"enemies":"Small Slimes","floor":3,"turns":3},{"damage":0,"enemies":"Cultist","floor":5,"turns":3},{"damage":14,"enemies":"Lagavulin","floor":6,"turns":5},{"damage":8,"enemies":"3 Louse","floor":7,"turns":3},{"damage":22,"enemies":"3 Sentries","floor":8,"turns":3},{"damage":15,"enemies":"The Guardian","floor":16,"turns":5},{"damage":0,"enemies":"Spheric Guardian","floor":18,"turns":2},{"damage":11,"enemies":"2 Thieves","floor":20,"turns":3},{"damage":14,"enemies":"3 Cultists","floor":22,"turns":5},{"damage":32,"enemies":"Gremlin Leader","floor":23,"turns":5},{"damage":1,"enemies":"Book of Stabbing","floor":25,"turns":3},{"damage":0,"enemies":"Gremlin Leader","floor":30,"turns":3},{"damage":0,"enemies":"Champ","floor":33,"turns":2},{"damage":17,"enemies":"3 Darklings","floor":35,"turns":3},{"damage":17,"enemies":"3 Shapes","floor":38,"turns":2},{"damage":25,"enemies":"3 Darklings","floor":41,"turns":3},{"damage":8,"enemies":"Maw","floor":44,"turns":5},{"damage":0,"enemies":"Transient","floor":48,"turns":5},{"damage":68,"enemies":"Awakened One","floor":50,"turns":8},{"damage":71,"enemies":"Shield and Spear","floor":54,"turns":5},{"damage":67,"enemies":"The Heart","floor":55,"turns":5}],"seed_played":"8592084174577309168","potions_obtained":[{"floor":1,"key":"SkillPotion"},{"floor":5,"key":"AttackPotion"},{"floor":7,"key":"SneckoOil"},{"floor":22,"key":"FairyPotion"},{"floor":38,"key":"Explosive Potion"},{"floor":41,"key":"Fruit Juice"}],"is_trial":false,"path_per_floor":["M","$","M","$","M","E","M","E","T","R","?","$","?","?","R","B",null,"M","$","M","?","M","E","R","E","T","$","R","?","E","$","R","B",null,"M","?","$","M","$","R","M","?","T","M","$","R","?","M","R","B",null,"R","$","E","B"],"character_chosen":"THE_SILENT","items_purchased":["Toxic Egg 2","MealTicket","Corpse Explosion+1","Bird Faced Urn","Toy Ornithopter","Bouncing Flask+1","Accuracy","Blur+1","Crippling Poison+1","Finisher","Accuracy","Catalyst+1","Bag of Preparation","Mango"],"campfire_rested":3,"item_purchase_floors":[0,0,0,0,0,0,0,2,12,12,27,31,39,53],"current_hp_per_floor":[63,70,66,70,70,56,50,42,42,42,42,57,57,44,63,50,61,61,65,56,56,46,30,49,50,50,65,65,65,65,65,65,65,65,54,54,62,47,62,62,37,37,37,41,56,56,56,62,62,21,56,67,81,26,0,0],"gold":73,"neow_bonus":"","is_daily":false,"chose_seed":false,"campfire_upgraded":6,"win_rate":0.0,"timestamp":1610328640,"path_taken":["M","$","M","$","M","E","M","E","T","R","?","$","?","?","R","BOSS","M","$","M","?","?","E","R","E","T","$","R","?","E","$","R","BOSS","M","?","$","M","$","R","M","?","T","?","?","R","?","M","R","BOSS","R","$","E","BOSS"],"items_purchased_type":["Relic","Relic","Card","Relic","Relic","Card","Card","Card","Card","Card","Card","Card","Relic","Relic"],"build_version":"2020-12-22","purchased_purges":4,"victory":false,"max_hp_per_floor":[70,70,70,70,70,70,70,70,70,70,70,70,65,65,65,65,65,65,65,65,65,65,65,65,65,65,65,65,65,65,65,65,65,65,65,62,62,62,62,62,62,62,62,62,62,62,62,62,62,67,67,67,81,81,81,81],"relic_stats":{"Darkstone Periapt":0,"Regal Pillow":0,"Happy Flower":[13],"counters":[43,112],"Golden Idol":139,"Bag of Preparation":[12],"Mercury Hourglass":[15],"Bird Faced Urn":[72],"Bronze Scales":[253],"MealTicket":83,"obtain_stats":[{"TwistedFunnel":0,"Ice Cream":20,"CeramicFish":40,"Whetstone":44,"Sling":36,"Old Coin":29,"Blood Vial":0,"HornCleat":23,"MealTicket":8,"Kunai":25,"Toxic Egg 2":44,"Pear":27,"Happy Flower":26,"Oddly Smooth Stone":31,"Eternal Feather":42,"Pen Nib":41,"War Paint":29,"Question Card":42,"OrangePellets":0,"Bird Faced Urn":0,"Bronze Scales":9,"Molten Egg 2":30,"Black Star":0,"Meat on the Bone":6,"Darkstone Periapt":27,"Lantern":23,"Regal Pillow":25,"Singing Bowl":12,"SacredBark":0,"Mango":53,"Snake Skull":0,"Bag of Preparation":0,"Juzu Bracelet":10,"Incense Burner":12,"Cursed Key":17,"Ancient Tea Set":36,"Burning Blood":0,"Dream Catcher":10,"Tough Bandages":31,"WristBlade":0,"Ninja Scroll":0,"Gambling Chip":46,"Ring of the Snake":0,"Runic Pyramid":17,"Potion Belt":0,"The Specimen":0,"Golden Idol":13,"PreservedInsect":36,"Orichalcum":9,"Frozen Egg 2":40,"White Beast Statue":0,"Mercury Hourglass":54,"Anchor":13,"CaptainsWheel":30,"Busted Crown":34,"Bag of Marbles":25,"Toy Ornithopter":0,"TungstenRod":8,"FossilizedHelix":23},{"TwistedFunnel":0,"Ice Cream":8,"CeramicFish":16,"Whetstone":19,"Sling":15,"Old Coin":12,"Blood Vial":0,"HornCleat":32,"MealTicket":3,"Kunai":10,"Toxic Egg 2":19,"Pear":11,"Happy Flower":33,"Oddly Smooth Stone":13,"Eternal Feather":18,"Pen Nib":17,"War Paint":12,"Question Card":18,"OrangePellets":0,"Bird Faced Urn":0,"Bronze Scales":27,"Molten Egg 2":12,"Black Star":0,"Meat on the Bone":25,"Darkstone Periapt":11,"Lantern":9,"Regal Pillow":33,"Singing Bowl":5,"SacredBark":0,"Mango":41,"Snake Skull":0,"Bag of Preparation":0,"Juzu Bracelet":4,"Incense Burner":5,"Cursed Key":7,"Ancient Tea Set":15,"Burning Blood":0,"Dream Catcher":4,"Tough Bandages":13,"WristBlade":0,"Ninja Scroll":0,"Gambling Chip":20,"Ring of the Snake":0,"Runic Pyramid":28,"Potion Belt":0,"The Specimen":0,"Golden Idol":27,"PreservedInsect":15,"Orichalcum":3,"Frozen Egg 2":16,"White Beast Statue":0,"Mercury Hourglass":42,"Anchor":5,"CaptainsWheel":34,"Busted Crown":14,"Bag of Marbles":10,"Toy Ornithopter":0,"TungstenRod":3,"FossilizedHelix":9},{"TwistedFunnel":0,"Ice Cream":12,"CeramicFish":20,"Whetstone":23,"Sling":19,"Old Coin":16,"Blood Vial":0,"HornCleat":68,"MealTicket":3,"Kunai":14,"Toxic Egg 2":23,"Pear":15,"Happy Flower":71,"Oddly Smooth Stone":17,"Eternal Feather":22,"Pen Nib":21,"War Paint":16,"Question Card":22,"OrangePellets":0,"Bird Faced Urn":0,"Bronze Scales":48,"Molten Egg 2":16,"Black Star":0,"Meat on the Bone":42,"Darkstone Periapt":15,"Lantern":13,"Regal Pillow":71,"Singing Bowl":6,"SacredBark":0,"Mango":102,"Snake Skull":0,"Bag of Preparation":0,"Juzu Bracelet":5,"Incense Burner":6,"Cursed Key":10,"Ancient Tea Set":19,"Burning Blood":0,"Dream Catcher":5,"Tough Bandages":17,"WristBlade":0,"Ninja Scroll":0,"Gambling Chip":24,"Ring of the Snake":0,"Runic Pyramid":53,"Potion Belt":0,"The Specimen":0,"Golden Idol":48,"PreservedInsect":19,"Orichalcum":3,"Frozen Egg 2":20,"White Beast Statue":0,"Mercury Hourglass":107,"Anchor":6,"CaptainsWheel":74,"Busted Crown":18,"Bag of Marbles":14,"Toy Ornithopter":0,"TungstenRod":3,"FossilizedHelix":13}],"Toy Ornithopter":0,"Ring of the Snake":[86],"Meat on the Bone":48},"card_choices":[{"not_picked":["Slice","PiercingWail+1","Quick Slash"],"picked":"SKIP","floor":1},{"not_picked":["Choke","Dodge and Roll+1"],"picked":"Poisoned Stab","floor":3},{"not_picked":["Footwork","Slice"],"picked":"Blade Dance+1","floor":5},{"not_picked":["Dagger Spray","Terror+1"],"picked":"Catalyst+1","floor":6},{"not_picked":["Calculated Gamble+1","Flying Knee"],"picked":"Blade Dance+1","floor":7},{"not_picked":["Expertise+1","Finisher","Endless Agony"],"picked":"SKIP","floor":8},{"not_picked":["Tools of the Trade","Doppelganger+1"],"picked":"Burst+1","floor":16},{"not_picked":["Masterful Stab","Flying Knee"],"picked":"Leg Sweep+1","floor":18},{"not_picked":["All Out Attack+1","Quick Slash"],"picked":"Cloak And Dagger+1","floor":20},{"not_picked":["Poisoned Stab","Underhanded Strike"],"picked":"Noxious Fumes","floor":22},{"not_picked":["Riddle With Holes","Doppelganger+1"],"picked":"Slice+1","floor":23},{"not_picked":["Backflip+1","Expertise+1"],"picked":"Caltrops","floor":25},{"not_picked":["Endless Agony+1","Sucker Punch+1"],"picked":"Noxious Fumes","floor":30},{"not_picked":["Corpse Explosion+1","Malaise+1"],"picked":"Storm of Steel+1","floor":33},{"not_picked":["Distraction+1","Bane+1"],"picked":"Deadly Poison+1","floor":35},{"not_picked":["Skewer+1","Distraction+1"],"picked":"Deflect+1","floor":38},{"not_picked":["Predator+1","Crippling Poison+1","Bane+1"],"picked":"SKIP","floor":41},{"not_picked":["Dodge and Roll+1","Adrenaline+1"],"picked":"Setup+1","floor":44},{"not_picked":["Choke+1","Dodge and Roll+1","Poisoned Stab+1"],"picked":"SKIP","floor":48},{"not_picked":["Flying Knee+1","Dagger Spray","Phantasmal Killer+1"],"picked":"SKIP","floor":54}],"player_experience":345796,"relics_obtained":[{"floor":6,"key":"Meat on the Bone"},{"floor":8,"key":"Ancient Tea Set"},{"floor":9,"key":"Bronze Scales"},{"floor":23,"key":"HornCleat"},{"floor":25,"key":"Regal Pillow"},{"floor":26,"key":"Happy Flower"},{"floor":30,"key":"CaptainsWheel"},{"floor":43,"key":"Darkstone Periapt"},{"floor":54,"key":"Mercury Hourglass"}],"event_choices":[{"damage_healed":0,"gold_gain":0,"player_choice":"Grow","damage_taken":0,"max_hp_gain":0,"max_hp_loss":0,"event_name":"Living Wall","floor":11,"gold_loss":0,"cards_upgraded":["Poisoned Stab"]},{"damage_healed":0,"gold_gain":0,"player_choice":"Lose Max HP","damage_taken":0,"relics_obtained":["Golden Idol"],"max_hp_gain":0,"max_hp_loss":5,"event_name":"Golden Idol","floor":13,"gold_loss":0},{"damage_healed":0,"gold_gain":0,"player_choice":"Entered Light","damage_taken":13,"max_hp_gain":0,"max_hp_loss":0,"event_name":"Shining Light","floor":14,"gold_loss":0,"cards_upgraded":["Strike_G","Defend_G"]},{"damage_healed":0,"gold_gain":0,"player_choice":"Copied","damage_taken":0,"max_hp_gain":0,"max_hp_loss":0,"event_name":"Duplicator","floor":21,"gold_loss":0,"cards_obtained":["Accuracy"]},{"damage_healed":0,"gold_gain":0,"player_choice":"Ignored","damage_taken":0,"max_hp_gain":0,"max_hp_loss":0,"event_name":"Cursed Tome","floor":29,"gold_loss":0},{"damage_healed":0,"gold_gain":0,"player_choice":"Max HP","damage_taken":0,"max_hp_gain":0,"max_hp_loss":3,"event_name":"Winding Halls","floor":36,"gold_loss":0},{"damage_healed":0,"gold_gain":0,"player_choice":"Ignored","damage_taken":0,"max_hp_gain":0,"max_hp_loss":0,"event_name":"Mysterious Sphere","floor":42,"gold_loss":0},{"damage_healed":0,"gold_gain":0,"player_choice":"Ignored","damage_taken":0,"max_hp_gain":0,"max_hp_loss":0,"event_name":"Tomb of Lord Red Mask","floor":47,"gold_loss":0}],"is_beta":false,"boss_relics":[{"not_picked":["HoveringKite","Runic Dome"],"picked":"Runic Pyramid"},{"not_picked":["Velvet Choker","Coffee Dripper"],"picked":"WristBlade"}],"items_purged_floors":[0,0,0,27],"is_endless":false,"potions_floor_spawned":[1,5,7,8,20,22,30,38,41,48],"killed_by":"The Heart","ascension_level":5}}