{"host":"07e1k1rk6c4zn0bu","time":1610325949,"event":{"mods":["AchievementEnabler","BaseMod","Bestiary","Colored Map","Colored Powertips","DeckTracker","Minty Spire (QoL Compilation)"],"gold_per_floor":[117,192,211,229,229,229,2,17,17,36,36,36,55,67,67,166,166,181,4,4,4,24,24,24,24],"floor_reached":24,"playtime":1366,"items_purged":[],"score":188,"play_id":"d3f8c1a3-1d4d-468e-8ad6-867c49b8f826","local_time":"20210110194549","is_ascension_mode":false,"campfire_choices":[{"floor":6,"key":"REST"},{"floor":15,"key":"REST"},{"floor":23,"key":"REST"}],"circlet_count":0,"master_deck":["Strike_G","Strike_G","Strike_G","Strike_G","Strike_G","Defend_G+1","Defend_G","Defend_G","Defend_G","Defend_G","Survivor","Neutralize","Phantasmal Killer+1","Flying Knee","Poisoned Stab","Noxious Fumes","Deflect","Dagger Throw","Tactician","Bouncing Flask","Outmaneuver","Dash","Burst","Poisoned Stab+1","Noxious Fumes","Deep Breath","Writhe"],"relics":["Ring of the Snake","Centennial Puzzle","War Paint","Bottled Lightning","Sozu","Snake Skull"],"acts_visited":["Exordium","TheCity"],"potions_floor_usage":[14,16,16],"damage_taken":[{"damage":12,"enemies":"2 Louse","floor":1,"turns":3},{"damage":6,"enemies":"Cultist","floor":3,"turns":5},{"damage":10,"enemies":"Small Slimes","floor":4,"turns":3},{"damage":1,"enemies":"3 Louse","floor":8,"turns":3},{"damage":23,"enemies":"Gremlin Gang","floor":10,"turns":4},{"damage":0,"enemies":"Exordium Wildlife","floor":13,"turns":2},{"damage":15,"enemies":"3 Louse","floor":14,"turns":3},{"damage":19,"enemies":"The Guardian","floor":16,"turns":7},{"damage":26,"enemies":"2 Thieves","floor":18,"turns":5},{"damage":23,"enemies":"3 Byrds","floor":22,"turns":4},{"damage":55,"enemies":"Slavers","floor":24,"turns":3}],"seed_played":"-7614683086980327061","potions_obtained":[{"floor":1,"key":"DistilledChaos"},{"floor":4,"key":"DuplicationPotion"},{"floor":8,"key":"Regen Potion"},{"floor":11,"key":"FairyPotion"},{"floor":14,"key":"BlessingOfTheForge"},{"floor":16,"key":"Block Potion"}],"is_trial":false,"path_per_floor":["M","?","M","M","?","R","$","M","T","M","?","$","M","M","R","B",null,"M","$","?","?","M","R","E"],"character_chosen":"THE_SILENT","items_purchased":["Deflect","War Paint","Dagger Throw","Noxious Fumes","Deep Breath"],"campfire_rested":3,"item_purchase_floors":[7,7,7,19,19],"current_hp_per_floor":[58,51,45,35,17,38,38,37,37,14,14,14,14,11,32,13,70,44,44,44,31,8,30,0,0],"gold":24,"neow_bonus":"ONE_RANDOM_RARE_CARD","is_daily":false,"chose_seed":false,"campfire_upgraded":0,"win_rate":0.0,"timestamp":1610325949,"path_taken":["M","?","M","?","?","R","$","M","T","M","?","$","?","M","R","BOSS","M","$","?","?","M","R","E"],"items_purchased_type":["Card","Relic","Card","Card","Card"],"build_version":"2020-12-22","purchased_purges":0,"victory":false,"max_hp_per_floor":[70,70,70,70,70,70,70,70,70,70,70,70,70,70,70,70,70,70,70,70,75,75,75,75,75],"card_choices":[{"not_picked":["Accuracy","Dagger Spray"],"picked":"Flying Knee","floor":1},{"not_picked":["Reflex","All Out Attack"],"picked":"Poisoned Stab","floor":3},{"not_picked":["Infinite Blades","Prepared"],"picked":"Noxious Fumes","floor":4},{"not_picked":["Blade Dance","Cloak And Dagger"],"picked":"Tactician","floor":8},{"not_picked":["Distraction","Heel Hook"],"picked":"Bouncing Flask","floor":10},{"not_picked":["Quick Slash","Slice"],"picked":"Outmaneuver","floor":13},{"not_picked":["Glass Knife","Acrobatics"],"picked":"Dash","floor":14},{"not_picked":["Venomology","Bullet Time"],"picked":"Burst","floor":16},{"not_picked":["Reflex+1","Slice+1"],"picked":"Poisoned Stab+1","floor":18},{"not_picked":["Slice","Heel Hook","Sucker Punch"],"picked":"SKIP","floor":22}],"player_experience":31509,"relics_obtained":[{"floor":9,"key":"Bottled Lightning"}],"event_choices":[{"damage_healed":0,"gold_gain":75,"player_choice":"Touch","damage_taken":7,"max_hp_gain":0,"max_hp_loss":0,"event_name":"FaceTrader","floor":2,"gold_loss":0},{"damage_healed":0,"gold_gain":0,"player_choice":"Success","damage_taken":18,"relics_obtained":["Centennial Puzzle"],"max_hp_gain":0,"max_hp_loss":0,"event_name":"Scrap Ooze","floor":5,"gold_loss":0},{"damage_healed":0,"gold_gain":0,"player_choice":"Got Potions","damage_taken":0,"max_hp_gain":0,"max_hp_loss":0,"event_name":"Lab","floor":11,"gold_loss":0},{"damage_healed":0,"gold_gain":0,"player_choice":"Opened","damage_taken":0,"relics_obtained":["Snake Skull"],"max_hp_gain":0,"max_hp_loss":0,"event_name":"The Mausoleum","floor":20,"gold_loss":0,"cards_obtained":["Writhe"]},{"damage_healed":0,"gold_gain":0,"player_choice":"Shed Blood","damage_taken":18,"max_hp_gain":5,"max_hp_loss":0,"event_name":"Forgotten Altar","floor":21,"gold_loss":0}],"is_beta":false,"boss_relics":[{"not_picked":["Runic Dome","Snecko Eye"],"picked":"Sozu"}],"items_purged_floors":[],"is_endless":false,"potions_floor_spawned":[1,4,8,14,16,22],"killed_by":"Slavers","ascension_level":0}}