{"host":"jggt5i9rbuoqvque","time":1610326650,"event":{"mods":["BaseMod","Minty Spire (QoL Compilation)","StSLib"],"gold_per_floor":[109,123,141,160,5,38,59,73,98,98,116,116,129,147,147,147,147],"floor_reached":16,"playtime":707,"items_purged":["Strike_R"],"score":143,"play_id":"b3cf24ef-205d-4974-bf06-b177099e8d82","local_time":"20210111095730","is_ascension_mode":true,"campfire_choices":[{"floor":10,"key":"REST"},{"data":"Pommel Strike","floor":12,"key":"SMITH"},{"data":"Metallicize","floor":15,"key":"SMITH"}],"circlet_count":0,"master_deck":["Strike_R","Strike_R","Strike_R","Strike_R","Defend_R","Defend_R","Defend_R","Defend_R","Bash","Flash of Steel","Thunderclap","Metallicize+1","Pommel Strike+1","Seeing Red"],"relics":["Burning Blood","Self Forming Clay","Odd Mushroom","MealTicket"],"acts_visited":["Exordium"],"potions_floor_usage":[11,16,16],"damage_taken":[{"damage":1.0,"enemies":"Cultist","floor":1.0,"turns":3.0},{"damage":11.0,"enemies":"Small Slimes","floor":2.0,"turns":4.0},{"damage":3.0,"enemies":"2 Louse","floor":3.0,"turns":3.0},{"damage":16.0,"enemies":"2 Fungi Beasts","floor":4.0,"turns":3.0},{"damage":20.0,"enemies":"3 Sentries","floor":6.0,"turns":7.0},{"damage":24,"enemies":"The Mushroom Lair","floor":7,"turns":6},{"damage":21,"enemies":"Exordium Thugs","floor":8,"turns":6},{"damage":1,"enemies":"Large Slime","floor":11,"turns":5},{"damage":8,"enemies":"Gremlin Gang","floor":13,"turns":6},{"damage":0,"enemies":"Blue Slaver","floor":14,"turns":5},{"damage":68,"enemies":"Hexaghost","floor":16,"turns":13}],"seed_played":"6899147502132997581","potions_obtained":[{"floor":1.0,"key":"Strength Potion"},{"floor":3.0,"key":"PowerPotion"},{"floor":6.0,"key":"Regen Potion"},{"floor":8,"key":"Dexterity Potion"},{"floor":14,"key":"DistilledChaos"}],"is_trial":false,"path_per_floor":["M","M","M","M","$","E","?","M","T","R","M","R","M","M","R","B"],"character_chosen":"IRONCLAD","items_purchased":["Metallicize"],"campfire_rested":1,"item_purchase_floors":[5],"current_hp_per_floor":[77,72,75,65,65,51,33,18,18,42,61,61,59,65,65,0,0],"gold":147,"neow_bonus":"RANDOM_COLORLESS","is_daily":false,"chose_seed":false,"campfire_upgraded":2,"win_rate":0.0,"timestamp":1610326650,"path_taken":["M","M","M","M","$","E","?","M","T","R","M","R","M","M","R","BOSS"],"items_purchased_type":["Card"],"build_version":"2020-12-22","purchased_purges":1,"victory":false,"max_hp_per_floor":[80,80,80,80,80,80,80,80,80,80,80,80,80,80,80,80,80],"card_choices":[{"not_picked":["Dramatic Entrance","Impatience"],"picked":"Flash of Steel","floor":0.0},{"not_picked":["Flex","Shrug It Off","Rupture"],"picked":"SKIP","floor":1.0},{"not_picked":["Twin Strike","Pummel"],"picked":"Thunderclap","floor":2.0},{"not_picked":["Fire Breathing","Warcry","Power Through"],"picked":"SKIP","floor":3.0},{"not_picked":["True Grit","Flex","Iron Wave"],"picked":"SKIP","floor":4.0},{"not_picked":["Shockwave","Headbutt"],"picked":"Pommel Strike","floor":6.0},{"not_picked":["Twin Strike","Bludgeon","Warcry"],"picked":"SKIP","floor":8},{"not_picked":["True Grit","Rage","Iron Wave"],"picked":"SKIP","floor":11},{"not_picked":["Headbutt","Dark Embrace","Thunderclap"],"picked":"SKIP","floor":13},{"not_picked":["Wild Strike","Shrug It Off"],"picked":"Seeing Red","floor":14}],"player_experience":318669,"relics_obtained":[{"floor":6.0,"key":"Self Forming Clay"},{"floor":7,"key":"Odd Mushroom"},{"floor":9,"key":"MealTicket"}],"event_choices":[{"damage_healed":0,"gold_gain":0,"player_choice":"Fought Mushrooms","damage_taken":0,"max_hp_gain":0,"max_hp_loss":0,"event_name":"Mushrooms","floor":7,"gold_loss":0}],"is_beta":false,"boss_relics":[],"items_purged_floors":[5],"is_endless":false,"potions_floor_spawned":[1,3,6,8,14],"killed_by":"Hexaghost","ascension_level":7}}