{"host":"zksvs3x2ysy9npnz","time":1610405459,"event":{"mods":["Aspiration","BaseMod","Beaked The Cultist","BetterRewards","Clockwork Mod","Colored Map","Conspire","Downfall","Duelist Mod","Ekko","Energized Spire","Fiend Mod","Halation","Highlight Path","Hubris","Hunter ??","Infinite Spire","Jedi Mod","JesterMod","Magitek Elite","Minty Spire (QoL Compilation)","Permanent Neow","Quick Restart","Relic Stats","Replay The Spire","Retaliation","Shade Mod","Shop Mod","StSLib","The Construct","The Poker Player","The Runesmith","The Witch","thorton"],"gold_per_floor":[130,157,57,57,87,126,126,126,149,149,35,110,80,80,80,100,100],"floor_reached":16,"playtime":654,"items_purged":["Normality"],"score":120,"play_id":"56fda55d-da8f-41cc-a411-e48ee773edba","local_time":"20210111235059","is_ascension_mode":true,"campfire_choices":[{"floor":7,"key":"REST"},{"floor":10,"key":"REST"},{"data":"thethorton:Demotion","floor":15,"key":"SMITH"}],"circlet_count":0,"master_deck":["thethorton:Strike","thethorton:Strike","thethorton:Strike","thethorton:Strike","thethorton:Defend","thethorton:Defend","thethorton:Defend","thethorton:Defend","thethorton:CreditCard","thethorton:GoldBuffer","thethorton:CannonShot","Ghostly+1","thethorton:Demotion+1","thethorton:Investment","thethorton:RunningFeint+1","thethorton:GoldBuffer","thethorton:GoldBuffer"],"relics":["thethorton:CouragePotion","aspiration:Nostalgia","BlackCat","conspire:DecoderRing","Letter Opener","Juzu Bracelet"],"acts_visited":["Exordium"],"potions_floor_usage":[6,16],"damage_taken":[{"damage":12,"enemies":"conspire:RoseBush","floor":1,"turns":8},{"damage":0,"enemies":"2 Louse","floor":2,"turns":3},{"damage":22,"enemies":"Cultist","floor":5,"turns":6},{"damage":28,"enemies":"Replay:BlueRogue","floor":6,"turns":8},{"damage":64,"enemies":"Fading Forest","floor":16,"turns":7}],"seed_played":"1133654290861384479","potions_obtained":[{"floor":5,"key":"jedi:tentaclejuice"},{"floor":6,"key":"GamblersBrew"},{"floor":13,"key":"jedi:hoardpotion"},{"floor":13,"key":"jedi:hoardpotion"}],"is_trial":false,"path_per_floor":["M","M","?","?","M","E","R","?","T","R","$","?","?","?","R","B"],"character_chosen":"THE_THORT","items_purchased":["thethorton:GoldBuffer"],"campfire_rested":2,"item_purchase_floors":[11],"current_hp_per_floor":[56,56,56,56,34,6,26,26,26,46,46,40,40,40,40,0,0],"gold":100,"neow_bonus":"NOSTALGIA","is_daily":false,"chose_seed":false,"campfire_upgraded":1,"win_rate":0.0,"timestamp":1610405459,"path_taken":["M","M","?","?","M","E","R","?","T","R","$","?","?","?","R","BOSS"],"items_purchased_type":["Card"],"build_version":"2020-12-22","purchased_purges":1,"victory":false,"max_hp_per_floor":[68,68,68,68,68,68,68,68,68,68,68,68,68,68,68,68,68],"relic_stats":{"counters":[5,32],"Juzu Bracelet":2,"Letter Opener":[47],"obtain_stats":[{"aspiration:Nostalgia":0,"conspire:DecoderRing":4,"thethorton:CouragePotion":0,"Juzu Bracelet":9,"Letter Opener":6,"BlackCat":0},{"aspiration:Nostalgia":0,"conspire:DecoderRing":2,"thethorton:CouragePotion":0,"Juzu Bracelet":4,"Letter Opener":4,"BlackCat":0},{"aspiration:Nostalgia":0,"conspire:DecoderRing":11,"thethorton:CouragePotion":0,"Juzu Bracelet":25,"Letter Opener":25,"BlackCat":0}]},"card_choices":[{"not_picked":["thethorton:PocketChange","thethorton:CashBash"],"picked":"thethorton:GoldBuffer","floor":1},{"not_picked":["thethorton:WhirlingBriefcase","thethorton:BattleTrash"],"picked":"thethorton:CannonShot","floor":2},{"not_picked":["thethorton:Distance","thethorton:SicklyRun"],"picked":"thethorton:Demotion","floor":5},{"not_picked":["thethorton:BusinessBash","thethorton:ShoutAndRun"],"picked":"thethorton:Investment","floor":6}],"player_experience":2467114,"relics_obtained":[{"floor":6,"key":"Letter Opener"},{"floor":9,"key":"Juzu Bracelet"}],"event_choices":[{"damage_healed":0,"gold_gain":0,"player_choice":"Argue","damage_taken":0,"max_hp_gain":0,"max_hp_loss":0,"event_name":"conspire:LoneGhost","floor":3,"gold_loss":0},{"damage_healed":0,"gold_gain":75,"player_choice":"Touch","damage_taken":6,"max_hp_gain":0,"max_hp_loss":0,"event_name":"FaceTrader","floor":12,"gold_loss":0},{"damage_healed":0,"gold_gain":0,"player_choice":"Bought 2 Potions","damage_taken":0,"max_hp_gain":0,"max_hp_loss":0,"event_name":"The Woman in Blue","floor":13,"gold_loss":0},{"damage_healed":0,"gold_gain":0,"player_choice":"Forge","damage_taken":0,"max_hp_gain":0,"max_hp_loss":0,"event_name":"Accursed Blacksmith","floor":14,"gold_loss":0,"cards_upgraded":["Ghostly"]}],"is_beta":false,"boss_relics":[],"items_purged_floors":[11],"is_endless":false,"potions_floor_spawned":[5,6],"killed_by":"Fading Forest","ascension_level":5}}