{"host":"egwexuw5uvnxf11j","time":1610349669,"event":{"mods":["2.2 Compatiblity","Aspiration","BaseMod","Better Altar","Better Note","Better Sensory Stone","Better Third Choice","Displayed Cursed Tome","Downfall","Hermit","Key Reminder","Koishi","Marisa????????","Minty Spire (QoL Compilation)","Quick Restart","Shade Mod","Spicy Shops","StSLib","The Construct","The Cursed","The Hierophant","The Runesmith","The Senshi","The Servant 0.9.4","Transform Curses"],"gold_per_floor":[119,130,140,140,154,154,184,359,408,16,16,29,29,49,49,154,154,168,168,185,185,29,29,29],"floor_reached":23,"playtime":1078,"items_purged":["Doubt"],"score":201,"play_id":"dbd6419c-e038-4b38-856a-9d806644947f","local_time":"20210111022109","is_ascension_mode":true,"campfire_choices":[{"floor":6,"key":"DIG"},{"floor":13,"key":"REST"},{"floor":15,"key":"DIG"}],"circlet_count":0,"master_deck":["hermit:Strike_Hermit","hermit:Strike_Hermit","hermit:Strike_Hermit","hermit:Strike_Hermit","hermit:Defend_Hermit+1","hermit:Defend_Hermit","hermit:Defend_Hermit+1","hermit:Defend_Hermit","hermit:Snapshot","hermit:Covet","hermit:Determination","hermit:Deadeye","hermit:Showdown","Regret","hermit:ShadowCloak","hermit:BigShot","hermit:Shortfuse","Injury","Parasite","hermit:Vantage","hermit:Malice","hermit:RoundhouseKick","hermit:Determination+1","hermit:PistolWhip+1","Panacea","expansioncontent:CaCaw","hermit:Ricochet","hermit:Scavenge"],"relics":["hermit:Momento","Shovel","War Paint","Nunchaku","keyreminder:keyreminder","Regal Pillow","Membership Card","Gremlin Horn","Pen Nib","TheAbacus","Anchor","SacredBark","HandDrill","Orichalcum"],"acts_visited":["Exordium","TheCity"],"potions_floor_usage":[7,7,7,16],"damage_taken":[{"damage":15,"enemies":"Jaw Worm","floor":1,"turns":4},{"damage":0,"enemies":"Small Slimes","floor":2,"turns":4},{"damage":0,"enemies":"2 Louse","floor":3,"turns":2},{"damage":10,"enemies":"Looter","floor":5,"turns":3},{"damage":15,"enemies":"Lagavulin","floor":7,"turns":4},{"damage":12,"enemies":"2 Fungi Beasts","floor":12,"turns":4},{"damage":7,"enemies":"Blue Slaver","floor":14,"turns":4},{"damage":40,"enemies":"Hexaghost","floor":16,"turns":11},{"damage":42,"enemies":"3 Byrds","floor":18,"turns":6},{"damage":14,"enemies":"Spheric Guardian","floor":20,"turns":6},{"damage":46,"enemies":"Book of Stabbing","floor":23,"turns":5}],"seed_played":"6347139708534775308","potions_obtained":[{"floor":0,"key":"ColorlessPotion"},{"floor":0,"key":"hexamod:EctoCoolerPotion"},{"floor":0,"key":"Fire Potion"},{"floor":5,"key":"Strength Potion"},{"floor":12,"key":"Strength Potion"}],"is_trial":false,"path_per_floor":["M","M","M","?","M","R","E","?","T","$","?","M","R","M","R","B",null,"M","?","M","?","$","E"],"character_chosen":"HERMIT","items_purchased":["Membership Card","hermit:Shortfuse","Gremlin Horn","Pen Nib","TheAbacus","HandDrill","Orichalcum","hermit:Ricochet","hermit:Scavenge"],"campfire_rested":1,"item_purchase_floors":[10,10,10,10,10,22,22,22,22],"current_hp_per_floor":[60,60,60,60,50,50,35,35,35,35,53,41,75,68,68,28,75,33,58,44,44,44,0,0],"gold":29,"neow_bonus":"THREE_SMALL_POTIONS","is_daily":false,"chose_seed":false,"campfire_upgraded":0,"win_rate":0.0,"timestamp":1610349669,"path_taken":["M","M","M","?","M","R","E","?","T","$","?","M","R","M","R","BOSS","M","?","M","?","$","E"],"items_purchased_type":["Relic","Card","Relic","Relic","Relic","Relic","Relic","Card","Card"],"build_version":"2020-12-22","purchased_purges":1,"victory":false,"max_hp_per_floor":[75,75,75,75,75,75,75,75,75,75,75,75,75,75,75,75,75,75,75,75,75,75,75,75],"card_choices":[{"not_picked":["hermit:Desperado","hermit:Roulette"],"picked":"hermit:Determination","floor":1},{"not_picked":["hermit:TrackingShot","hermit:CursedWeapon"],"picked":"hermit:Deadeye","floor":2},{"not_picked":["hermit:WideOpen","hermit:Roulette"],"picked":"hermit:Showdown","floor":3},{"not_picked":["hermit:LuckOfTheDraw","hermit:BodyArmor"],"picked":"hermit:ShadowCloak","floor":5},{"not_picked":["hermit:CursedWeapon","hermit:Dive"],"picked":"hermit:BigShot","floor":7},{"not_picked":["hermit:Glare","hermit:Coalescence"],"picked":"hermit:Vantage","floor":12},{"not_picked":["hermit:TakeAim","hermit:FatalDesire"],"picked":"hermit:Malice","floor":14},{"not_picked":["hermit:Gambit","hermit:BlackWind"],"picked":"hermit:RoundhouseKick","floor":16},{"not_picked":["hermit:Deadeye","hermit:Vantage"],"picked":"hermit:Determination+1","floor":18},{"not_picked":["hermit:Dive","hermit:WideOpen"],"picked":"hermit:PistolWhip+1","floor":20},{"not_picked":["expansioncontent:GoopSpray","Discovery"],"picked":"Panacea","floor":21},{"not_picked":["expansioncontent:Corrupt","expansioncontent:QuickStudy"],"picked":"expansioncontent:CaCaw","floor":21}],"player_experience":2193398,"relics_obtained":[{"floor":6,"key":"War Paint"},{"floor":7,"key":"Nunchaku"},{"floor":9,"key":"Regal Pillow"},{"floor":15,"key":"Anchor"}],"event_choices":[{"damage_healed":0,"gold_gain":0,"player_choice":"Box","damage_taken":0,"relics_obtained":["Shovel"],"max_hp_gain":0,"max_hp_loss":0,"event_name":"Big Fish","floor":4,"gold_loss":0,"cards_obtained":["Regret"]},{"damage_healed":0,"gold_gain":175,"player_choice":"AGREE","damage_taken":184,"max_hp_gain":0,"max_hp_loss":0,"event_name":"betterThird:BetterSerpent","floor":8,"gold_loss":0},{"damage_healed":18,"gold_gain":0,"player_choice":"Healed and dodged fight","damage_taken":0,"max_hp_gain":0,"max_hp_loss":0,"event_name":"Mushrooms","floor":11,"gold_loss":0,"cards_obtained":["Parasite"]},{"damage_healed":25,"gold_gain":0,"player_choice":"Heal","damage_taken":0,"max_hp_gain":0,"max_hp_loss":0,"event_name":"The Library","floor":19,"gold_loss":0},{"damage_healed":0,"gold_gain":2,"player_choice":"1","damage_taken":0,"max_hp_gain":0,"max_hp_loss":0,"event_name":"betterStone:BetterStone","floor":21,"gold_loss":0}],"is_beta":false,"boss_relics":[{"not_picked":["Runic Dome","Coffee Dripper"],"picked":"SacredBark"}],"items_purged_floors":[10],"is_endless":false,"potions_floor_spawned":[1,5,12],"killed_by":"Book of Stabbing","ascension_level":1}}