{"host":"7xbu8gt067z192g2","time":1610326005,"event":{"mods":["BaseMod","Better Note","Colored Map","Colored Powertips","Googly Eyes","Highlight Path","Minty Spire (QoL Compilation)","Rare Cards Sparkle","Replay The Spire","StSLib","The Bladedancer","The Cursed","The Hierophant","The Valiant","The Wild Card"],"gold_per_floor":[116,66,80,100,100,130,145,145,145,145,145,145,175,189,189,286,286,303,243,243,266,281,281,314,349,423,436,469,97,115,170,170,275,375,390,665,161,161,383,383,411,424,503,532,551,551,581,594,594,594,594,594,317,351,351],"floor_reached":56,"playtime":4271,"items_purged":["Hallucinations","Regret","Rage+1"],"score":1702,"play_id":"dd8490d6-7ea3-4100-9021-ef7b04d013a7","local_time":"20210110194645","is_ascension_mode":true,"campfire_choices":[{"data":"Corruption","floor":10.0,"key":"SMITH"},{"data":"Dark Embrace","floor":12.0,"key":"SMITH"},{"floor":15.0,"key":"REST"},{"data":"Havoc","floor":23.0,"key":"SMITH"},{"data":"Feel No Pain","floor":32.0,"key":"SMITH"},{"data":"Barricade","floor":40.0,"key":"SMITH"},{"data":"Burning Pact","floor":46.0,"key":"SMITH"},{"floor":49.0,"key":"RECALL"},{"data":"Fiend Fire","floor":52.0,"key":"SMITH"}],"circlet_count":0,"master_deck":["Bash","Feed+1","Exhume+1","Double Tap","Corruption+1","Pommel Strike+1","Headbutt","Havoc+1","Shrug It Off","Dark Embrace+1","Anger","Power Through+1","Reaper+1","Feel No Pain+1","Feel No Pain+1","Barricade+1","Burning Pact+1","Battle Trance+1","Seeing Red+1","True Grit+1","Fiend Fire+1"],"relics":["Pandora\u0027s Box","Pear","Replay:Bottled Flurry","ReplayTheSpireMod:Ring of Addiction","SacredBark","Chameleon Ring","Ring of Searing","White Beast Statue","Electric Blood","Juzu Bracelet","Orichalcum","Red Mask","Mercury Hourglass","Strawberry","War Paint","Guide Book","InkBottle","Replay:Wanted Poster","Snack Pack","Frozen Eye","Replay:Rubber Ducky","MealTicket","Vajra","Brimstone","Red Skull"],"acts_visited":["Exordium","TheCity","TheBeyond","TheEnding"],"potions_floor_usage":[55,55],"damage_taken":[{"damage":14.0,"enemies":"Small Slimes","floor":1.0,"turns":3.0},{"damage":7.0,"enemies":"2 Louse","floor":3.0,"turns":2.0},{"damage":4.0,"enemies":"Jaw Worm","floor":4.0,"turns":3.0},{"damage":62.0,"enemies":"Lagavulin","floor":6.0,"turns":7.0},{"damage":5.0,"enemies":"Blue Slaver","floor":7.0,"turns":4.0},{"damage":20.0,"enemies":"3 Sentries","floor":13.0,"turns":4.0},{"damage":0.0,"enemies":"Exordium Thugs","floor":14.0,"turns":3.0},{"damage":31.0,"enemies":"The Guardian","floor":16.0,"turns":5.0},{"damage":37.0,"enemies":"2 Thieves","floor":18.0,"turns":3.0},{"damage":21.0,"enemies":"Spheric Guardian","floor":22.0,"turns":3.0},{"damage":23.0,"enemies":"Book of Stabbing","floor":24.0,"turns":4.0},{"damage":15.0,"enemies":"Masked Bandits","floor":25.0,"turns":4.0},{"damage":9.0,"enemies":"Snecko","floor":27.0,"turns":3.0},{"damage":14.0,"enemies":"Gremlin Leader","floor":28.0,"turns":6.0},{"damage":20.0,"enemies":"Centurion and Healer","floor":30.0,"turns":3.0},{"damage":23.0,"enemies":"Pondfish","floor":33.0,"turns":6.0},{"damage":28.0,"enemies":"3 Darklings","floor":35.0,"turns":4.0},{"damage":44.0,"enemies":"R_Hoarder","floor":41.0,"turns":6.0},{"damage":14.0,"enemies":"3 Shapes","floor":42.0,"turns":3.0},{"damage":10.0,"enemies":"Reptomancer","floor":44.0,"turns":5.0},{"damage":15.0,"enemies":"Transient","floor":45.0,"turns":5.0},{"damage":21.0,"enemies":"Giant Head","floor":47.0,"turns":7.0},{"damage":20.0,"enemies":"Spire Growth","floor":48.0,"turns":4.0},{"damage":27.0,"enemies":"Replay:Hell Engine","floor":50.0,"turns":7.0},{"damage":49.0,"enemies":"Shield and Spear","floor":54.0,"turns":4.0},{"damage":219,"enemies":"The Heart","floor":55,"turns":6}],"seed_played":"7398285604232917861","potions_obtained":[{"floor":3.0,"key":"ElixirPotion"},{"floor":4.0,"key":"BloodPotion"},{"floor":11.0,"key":"Languid Potion"},{"floor":11.0,"key":"LiquidMemories"},{"floor":11.0,"key":"Doom Potion"},{"floor":14.0,"key":"Weak Potion"},{"floor":16.0,"key":"Weak Potion"},{"floor":18.0,"key":"Energy Potion"},{"floor":22.0,"key":"BloodPotion"},{"floor":24.0,"key":"LiquidBronze"},{"floor":25.0,"key":"EssenceOfSteel"},{"floor":27.0,"key":"Toxic Potion"},{"floor":33.0,"key":"DuplicationPotion"},{"floor":35.0,"key":"Fire Potion"},{"floor":41.0,"key":"FearPotion"},{"floor":44.0,"key":"SkillPotion"},{"floor":47.0,"key":"AttackPotion"},{"floor":48.0,"key":"BlessingOfTheForge"}],"is_trial":false,"path_per_floor":["M","?","M","M","?","E","M","?","T","R","?","R","E","M","R","B",null,"M","?","?","T","M","R","E","?","T","M","E","$","M","?","R","B",null,"M","?","$","?","?","R","E","M","T","E","M","R","E","M","R","B",null,"R","$","E","B",null],"character_chosen":"IRONCLAD","items_purchased":["War Paint","Guide Book","Snack Pack","Frozen Eye","Brimstone"],"campfire_rested":1,"item_purchase_floors":[29,29,37,37,53],"current_hp_per_floor":[66,66,62,58,58,25,23,23,23,23,23,23,9,15,48,20,114,104,104,104,104,86,86,76,61,61,59,81,81,79,79,79,72,139,121,121,121,121,121,121,98,96,96,113,111,111,119,119,119,120,159,157,157,118,11],"gold":351,"neow_bonus":"BOSS_RELIC","is_daily":false,"chose_seed":false,"campfire_upgraded":7,"win_rate":0.0,"timestamp":1610326005,"path_taken":["M","?","M","M","?","E","M","?","T","R","?","R","E","M","R","BOSS","M","?","?","?","M","R","E","?","T","M","E","$","M","?","R","BOSS","M","?","$","?","?","R","E","M","T","E","M","R","E","M","R","BOSS","R","$","E","BOSS"],"items_purchased_type":["Relic","Relic","Relic","Relic","Relic"],"build_version":"2020-12-22","purchased_purges":3,"victory":true,"max_hp_per_floor":[80,80,83,83,83,96,99,99,99,99,99,99,105,111,111,114,114,117,117,117,117,118,118,121,121,121,124,131,129,137,137,135,139,139,143,143,141,141,141,139,143,151,151,151,151,151,155,159,159,159,159,157,157,157,157],"card_choices":[{"not_picked":["Sword Boomerang","Power Through"],"picked":"Shrug It Off","floor":1.0},{"not_picked":["ReplayTheSpireMod:Corrosion Curse","Warcry"],"picked":"Dark Embrace","floor":3.0},{"not_picked":["Havoc","Perfected Strike","Clash"],"picked":"SKIP","floor":4.0},{"not_picked":["Body Slam","ReplayTheSpireMod:Corrosion Curse"],"picked":"Anger","floor":6.0},{"not_picked":["Havoc","Disarm","Iron Wave"],"picked":"SKIP","floor":7.0},{"not_picked":["Searing Blow","Disarm"],"picked":"Power Through","floor":13.0},{"not_picked":["Replay:Undeath\u0027s Touch","Hemogenesis","Twin Strike"],"picked":"SKIP","floor":14.0},{"not_picked":["Replay:Many Hands","Corruption"],"picked":"Reaper","floor":16.0},{"not_picked":["Replay:Undeath\u0027s Touch","ReplayTheSpireMod:LeadingStrike","Intimidate"],"picked":"SKIP","floor":18.0},{"not_picked":["Ghostly Armor","Sever Soul+1"],"picked":"Feel No Pain+1","floor":22.0},{"not_picked":["Uppercut","Flex"],"picked":"Rage+1","floor":24.0},{"not_picked":["Life Link","Clash","ReplayTheSpireMod:Stacked"],"picked":"SKIP","floor":27.0},{"not_picked":["Power Through","Body Slam+1","ReplayTheSpireMod:Limb From Limb+1"],"picked":"SKIP","floor":28.0},{"not_picked":["Wild Strike","ReplayTheSpireMod:Strike From Hell+1"],"picked":"Feel No Pain","floor":30.0},{"not_picked":["Fiend Fire","Immolate"],"picked":"Barricade","floor":33.0},{"not_picked":["ReplayTheSpireMod:Stacked+1","Cleave+1","Warcry+1"],"picked":"SKIP","floor":35.0},{"not_picked":["Impervious","Flex"],"picked":"Burning Pact","floor":41.0},{"not_picked":["Clothesline","Flex+1"],"picked":"Battle Trance+1","floor":42.0},{"not_picked":["Fire Breathing+1","Twin Strike","Clash"],"picked":"SKIP","floor":44.0},{"not_picked":["Perfected Strike","Armaments"],"picked":"Seeing Red+1","floor":45.0},{"not_picked":["Second Wind","Shrug It Off+1"],"picked":"True Grit+1","floor":47.0},{"not_picked":["Sword Boomerang+1","True Grit+1"],"picked":"Fiend Fire","floor":48.0},{"not_picked":["Warcry","Seeing Red+1","Clash"],"picked":"SKIP","floor":54.0}],"player_experience":179430,"relics_obtained":[{"floor":6.0,"key":"Pear"},{"floor":9.0,"key":"Replay:Bottled Flurry"},{"floor":11.0,"key":"ReplayTheSpireMod:Ring of Addiction"},{"floor":11.0,"key":"SacredBark"},{"floor":11.0,"key":"Chameleon Ring"},{"floor":11.0,"key":"Ring of Searing"},{"floor":13.0,"key":"White Beast Statue"},{"floor":21.0,"key":"Orichalcum"},{"floor":25.0,"key":"Red Mask"},{"floor":26.0,"key":"Mercury Hourglass"},{"floor":28.0,"key":"Strawberry"},{"floor":31.0,"key":"InkBottle"},{"floor":41.0,"key":"Replay:Rubber Ducky"},{"floor":44.0,"key":"MealTicket"},{"floor":47.0,"key":"Vajra"},{"floor":54.0,"key":"Red Skull"}],"event_choices":[{"cards_removed":["Intimidate"],"damage_healed":0.0,"max_hp_gain":0.0,"max_hp_loss":0.0,"gold_gain":0.0,"event_name":"The Cleric","player_choice":"Card Removal","floor":2.0,"gold_loss":50.0,"damage_taken":0.0},{"damage_healed":0.0,"max_hp_gain":0.0,"max_hp_loss":0.0,"gold_gain":0.0,"event_name":"Liars Game","player_choice":"Ignored","floor":5.0,"gold_loss":0.0,"damage_taken":0.0},{"damage_healed":0.0,"max_hp_gain":0.0,"max_hp_loss":0.0,"gold_gain":0.0,"event_name":"The Mausoleum","player_choice":"Opened","floor":20.0,"gold_loss":0.0,"damage_taken":0.0,"relics_obtained":["Juzu Bracelet"]},{"damage_healed":0.0,"max_hp_gain":0.0,"max_hp_loss":0.0,"gold_gain":0.0,"event_name":"Masked Bandits","player_choice":"Fought Bandits","floor":25.0,"gold_loss":0.0,"damage_taken":0.0},{"damage_healed":0.0,"max_hp_gain":0.0,"max_hp_loss":0.0,"gold_gain":275.0,"event_name":"Golden Shrine","player_choice":"Desecrate","floor":36.0,"gold_loss":0.0,"damage_taken":0.0,"cards_obtained":["Regret"]},{"cards_removed":["Defy Death"],"damage_healed":0.0,"max_hp_gain":0.0,"max_hp_loss":0.0,"gold_gain":0.0,"event_name":"Purifier","player_choice":"Purged","floor":38.0,"gold_loss":0.0,"damage_taken":0.0},{"damage_healed":0.0,"max_hp_gain":0.0,"max_hp_loss":0.0,"gold_gain":222.0,"event_name":"Tomb of Lord Red Mask","player_choice":"Wore Mask","floor":39.0,"gold_loss":0.0,"damage_taken":0.0}],"is_beta":false,"boss_relics":[{"not_picked":["Painkiller Herb","Coffee Dripper"],"picked":"Electric Blood"},{"not_picked":["ChewingGum","ReplayTheSpireMod:DimensionalGlitch"],"picked":"Replay:Wanted Poster"}],"items_purged_floors":[29,37,53],"is_endless":false,"potions_floor_spawned":[3,4,14,16,18,22,24,25,27,28,30,33,35,41,42,44,45,47,48,54],"ascension_level":4}}