{"host":"nrxstibvl428zo7h","time":1610335297,"event":{"mods":["AchievementEnabler","BaseMod","Colored Map","Dark Map","Minty Spire (QoL Compilation)","StSLib"],"gold_per_floor":[117,130,130,130,34,34,50,60,60,80,90,90,90,108,108,208,208,223,235,235,120,35,35,35,46,73,73,84,136,11,21,21,121,121,133,133,133,13,28,60,60,74,99,99,117,117,132,132,132,132,132],"floor_reached":50,"playtime":1686,"items_purged":["Pain"],"score":514,"play_id":"e503bf62-6cb4-422a-9ce0-e044b01ea0fb","local_time":"20210110192137","is_ascension_mode":false,"campfire_choices":[{"floor":6,"key":"REST"},{"floor":12,"key":"RECALL"},{"floor":15,"key":"REST"},{"floor":27,"key":"REST"},{"floor":32,"key":"REST"},{"floor":41,"key":"REST"},{"floor":44,"key":"REST"},{"floor":46,"key":"REST"},{"floor":49,"key":"REST"}],"circlet_count":0,"master_deck":["Strike_B","Strike_B","Strike_B","Strike_B","Defend_B","Defend_B","Defend_B+1","Defend_B","Zap+1","Dualcast","Undo","Consume","Finesse","Streamline","Redo","Steam","Biased Cognition","Ball Lightning","Fission","Loop+1","Turbo","Ghostly","Ghostly","Ghostly","Ghostly","Ghostly+1","Doom and Gloom","Darkness","RitualDagger","Static Discharge+1","Rebound","Self Repair","Static Discharge","Rainbow","FTL","Chrysalis+1","Self Repair","Cold Snap","Glacier","Reboot","Auto Shields+1","Parasite","Consume+1","Conserve Battery+1","Madness","Madness"],"relics":["Fusion Hammer","Pear","Mercury Hourglass","Inserter","Meat on the Bone","WarpedTongs","Strawberry","Smiling Mask","Sozu","War Paint"],"acts_visited":["Exordium","TheCity","TheBeyond"],"potions_floor_usage":[],"damage_taken":[{"damage":0,"enemies":"Small Slimes","floor":1,"turns":3},{"damage":0,"enemies":"2 Louse","floor":2,"turns":3},{"damage":0,"enemies":"Jaw Worm","floor":7,"turns":4},{"damage":0,"enemies":"3 Louse","floor":8,"turns":3},{"damage":2,"enemies":"2 Fungi Beasts","floor":10,"turns":3},{"damage":0,"enemies":"Looter","floor":11,"turns":3},{"damage":2,"enemies":"Exordium Thugs","floor":14,"turns":4},{"damage":6,"enemies":"Slime Boss","floor":16,"turns":9},{"damage":15,"enemies":"Shell Parasite","floor":18,"turns":5},{"damage":0,"enemies":"Chosen","floor":19,"turns":4},{"damage":15,"enemies":"Snecko","floor":25,"turns":6},{"damage":3,"enemies":"Sentry and Sphere","floor":28,"turns":5},{"damage":11,"enemies":"Snake Plant","floor":31,"turns":2},{"damage":23,"enemies":"Automaton","floor":33,"turns":8},{"damage":15,"enemies":"Orb Walker","floor":35,"turns":5},{"damage":6,"enemies":"3 Shapes","floor":39,"turns":3},{"damage":25,"enemies":"Nemesis","floor":40,"turns":7},{"damage":3,"enemies":"Maw","floor":42,"turns":6},{"damage":0,"enemies":"Writhing Mass","floor":45,"turns":8},{"damage":18,"enemies":"Jaw Worm Horde","floor":47,"turns":4},{"damage":50,"enemies":"Awakened One","floor":50,"turns":10}],"seed_played":"6059836487877098935","potions_obtained":[{"floor":1,"key":"Weak Potion"},{"floor":7,"key":"BlessingOfTheForge"},{"floor":8,"key":"Strength Potion"}],"is_trial":false,"path_per_floor":["M","M","?","?","$","R","M","M","T","M","M","R","?","M","R","B",null,"M","M","?","$","?","?","?","M","T","R","M","T","$","M","R","B",null,"M","?","?","$","M","E","R","M","T","R","M","R","M","?","R","B"],"character_chosen":"DEFECT","items_purchased":["Finesse","Doom and Gloom","Darkness","Self Repair","Self Repair","Cold Snap"],"campfire_rested":8,"item_purchase_floors":[5,21,21,30,38,38],"current_hp_per_floor":[75,75,82,65,65,85,85,85,85,83,83,83,83,81,85,79,85,70,70,42,42,42,36,36,33,40,49,46,46,46,42,49,33,49,34,24,24,24,37,38,49,49,49,49,49,49,41,35,49,0,0],"gold":132,"neow_bonus":"BOSS_RELIC","is_daily":false,"chose_seed":false,"campfire_upgraded":0,"win_rate":0.0,"timestamp":1610335297,"path_taken":["M","M","?","?","?","R","M","M","T","M","M","R","?","M","R","BOSS","M","M","?","$","?","?","?","?","T","R","M","?","$","?","R","BOSS","M","?","?","$","M","E","R","M","T","R","M","R","M","?","R","BOSS"],"items_purchased_type":["Card","Card","Card","Card","Card","Card"],"build_version":"2020-12-22","purchased_purges":1,"victory":false,"max_hp_per_floor":[75,75,85,85,85,85,85,85,85,85,85,85,85,85,85,85,85,85,85,42,42,42,42,42,42,49,49,49,49,49,49,49,49,49,49,49,49,49,49,49,49,49,49,49,49,49,49,49,49,49,49],"card_choices":[{"not_picked":["Beam Cell","Cold Snap"],"picked":"Undo","floor":1},{"not_picked":["Gash","Capacitor"],"picked":"Consume","floor":2},{"not_picked":["Rebound","Reprogram"],"picked":"Streamline","floor":7},{"not_picked":["Sweeping Beam","Double Energy"],"picked":"Redo","floor":8},{"not_picked":["Hologram","Heatsinks"],"picked":"Steam","floor":10},{"not_picked":["Auto Shields","Go for the Eyes"],"picked":"Steam","floor":11},{"not_picked":["White Noise","Defragment"],"picked":"Ball Lightning","floor":14},{"not_picked":["Reboot","Seek"],"picked":"Fission","floor":16},{"not_picked":["Cold Snap","Hologram"],"picked":"Loop+1","floor":18},{"not_picked":["Stack+1","Steam"],"picked":"Turbo","floor":19},{"not_picked":["Tempest","Reboot"],"picked":"Static Discharge+1","floor":25},{"not_picked":["Ball Lightning","Stack+1"],"picked":"Rebound","floor":28},{"not_picked":["Steam","Compile Driver"],"picked":"Static Discharge","floor":31},{"not_picked":["Buffer","Hyperbeam"],"picked":"Rainbow","floor":33},{"not_picked":["Compile Driver","Stack"],"picked":"FTL","floor":35},{"not_picked":["Flash of Steel","Forethought"],"picked":"Chrysalis","floor":36},{"not_picked":["Hologram+1","Beam Cell+1"],"picked":"Glacier","floor":39},{"not_picked":["Stack+1","Beam Cell"],"picked":"Reboot","floor":40},{"not_picked":["Barrage","Rebound+1"],"picked":"Auto Shields+1","floor":42},{"not_picked":["Reprogram+1","FTL"],"picked":"Consume+1","floor":45},{"not_picked":["Go for the Eyes+1","Cold Snap"],"picked":"Conserve Battery+1","floor":47}],"player_experience":74194,"relics_obtained":[{"floor":9,"key":"Mercury Hourglass"},{"floor":26,"key":"Strawberry"},{"floor":29,"key":"Smiling Mask"},{"floor":40,"key":"War Paint"}],"event_choices":[{"damage_healed":0,"gold_gain":0,"player_choice":"Success","damage_taken":3,"relics_obtained":["Pear"],"max_hp_gain":0,"max_hp_loss":0,"event_name":"Scrap Ooze","floor":3,"gold_loss":0},{"damage_healed":0,"gold_gain":0,"player_choice":"Entered Light","damage_taken":17,"max_hp_gain":0,"max_hp_loss":0,"event_name":"Shining Light","floor":4,"gold_loss":0,"cards_upgraded":["Defend_B","Zap"]},{"damage_healed":0,"gold_gain":0,"cards_transformed":["Steam"],"player_choice":"Change","damage_taken":0,"max_hp_gain":0,"max_hp_loss":0,"event_name":"Living Wall","floor":13,"gold_loss":0,"cards_obtained":["Biased Cognition"]},{"damage_healed":0,"gold_gain":0,"player_choice":"Became a Ghost","damage_taken":0,"max_hp_gain":0,"max_hp_loss":43,"event_name":"Ghosts","floor":20,"gold_loss":0,"cards_obtained":["Ghostly","Ghostly","Ghostly","Ghostly","Ghostly"]},{"damage_healed":0,"gold_gain":0,"player_choice":"Obtained Relic","damage_taken":0,"relics_obtained":["Meat on the Bone"],"max_hp_gain":0,"max_hp_loss":0,"event_name":"Addict","floor":22,"gold_loss":85},{"damage_healed":0,"gold_gain":0,"player_choice":"Joined the Cult","damage_taken":6,"max_hp_gain":0,"max_hp_loss":0,"event_name":"Nest","floor":23,"gold_loss":0,"cards_obtained":["RitualDagger"]},{"damage_healed":0,"gold_gain":0,"player_choice":"Rummage","damage_taken":0,"relics_obtained":["WarpedTongs"],"max_hp_gain":0,"max_hp_loss":0,"event_name":"Accursed Blacksmith","floor":24,"gold_loss":0,"cards_obtained":["Pain"]},{"damage_healed":0,"gold_gain":0,"player_choice":"Memory 3","damage_taken":10,"max_hp_gain":0,"max_hp_loss":0,"event_name":"SensoryStone","floor":36,"gold_loss":0},{"damage_healed":0,"gold_gain":0,"player_choice":"Ignored","damage_taken":0,"max_hp_gain":0,"max_hp_loss":0,"event_name":"Mysterious Sphere","floor":37,"gold_loss":0},{"damage_healed":0,"gold_gain":0,"player_choice":"Embrace Madness","damage_taken":6,"max_hp_gain":0,"max_hp_loss":0,"event_name":"Winding Halls","floor":48,"gold_loss":0,"cards_obtained":["Madness","Madness"]}],"is_beta":false,"boss_relics":[{"not_picked":["Snecko Eye","SacredBark"],"picked":"Inserter"},{"not_picked":["Runic Pyramid","Coffee Dripper"],"picked":"Sozu"}],"items_purged_floors":[30],"is_endless":false,"potions_floor_spawned":[1,7,8,25,31,33,40,42,45,47],"killed_by":"Awakened One","ascension_level":0}}