{"host":"o5or1zybx7au40zl","time":1610375834,"event":{"mods":["Act Like it!","BaseMod","Better Third Choice","Conspire","Dota2Spire","GungeonMod","Hubris","Minty Spire (QoL Compilation)","Replay The Spire","StSLib","The Jungle"],"gold_per_floor":[119,119,119,4,24,56,69,108,160,172,191,201,476,491,491,588,588,613,129,229,251,261,289,299,299,299,299,324,349,369,387,424,424,424,424,424],"floor_reached":35,"playtime":1049,"items_purged":["Regret"],"score":322,"play_id":"ab9752f4-927f-47f9-9b28-5e04c483534f","local_time":"20210111153714","is_ascension_mode":false,"campfire_choices":[{"floor":15,"key":"RECALL"},{"floor":25,"key":"REST"},{"data":"DemoMod:ShadowBullets","floor":27,"key":"SMITH"},{"floor":33,"key":"REST"}],"circlet_count":0,"master_deck":["DemoMod:Strike_Huntress","DemoMod:Strike_Huntress","DemoMod:Strike_Huntress","DemoMod:Defend_Huntress","DemoMod:Defend_Huntress","DemoMod:Defend_Huntress","DemoMod:Defend_Huntress","DemoMod:Roll","DemoMod:ManualReload","DemoMod:RustySidearm","DemoMod:CrossBow","DemoMod:HungryBullets","DemoMod:BulletBore","DemoMod:Unity","DemoMod:Evolver","DemoMod:ShadowBullets+1","DemoMod:FinishedGun","DemoMod:AWP","DemoMod:Slinger","DemoMod:SuppressiveFire","DemoMod:Camera+1","DemoMod:TeaPot","DemoMod:Desperate","DemoMod:ChanceBullets+1","DemoMod:DirectionalPad+1","DemoMod:TeaPot"],"relics":["DemoMod:Dog","NeowsBlessing","Dota2Spire:Butterfly","DemoMod:Plus1Bullets","DemoMod:MeatBun","Onion Ring","hubris:Zylophone","Blue Doll","Cursed Key","Dota2Spire:CrimsonGuard","Lee\u0027s Waffle","Dota2Spire:Vanguard"],"acts_visited":["Exordium","Exordium","theJungle:Jungle"],"potions_floor_usage":[21,23,31,34,34],"damage_taken":[{"damage":0,"enemies":"Jaw Worm","floor":1,"turns":1},{"damage":0,"enemies":"Cultist","floor":5,"turns":1},{"damage":0,"enemies":"Lagavulin","floor":6,"turns":1},{"damage":2,"enemies":"conspire:RoseBush","floor":7,"turns":1},{"damage":16,"enemies":"Replay:BlueRogue","floor":8,"turns":5},{"damage":3,"enemies":"Gremlin Gang","floor":10,"turns":2},{"damage":0,"enemies":"2 Fungi Beasts","floor":11,"turns":2},{"damage":3,"enemies":"Large Slime","floor":12,"turns":2},{"damage":6,"enemies":"Lots of Slimes","floor":14,"turns":4},{"damage":31,"enemies":"Fading Forest","floor":16,"turns":11},{"damage":9,"enemies":"theJungle:MUSHROOMGANG","floor":18,"turns":3},{"damage":8,"enemies":"theJungle:Flameango_and_Byrd","floor":21,"turns":2},{"damage":15,"enemies":"Snake Plant","floor":22,"turns":4},{"damage":20,"enemies":"theJungle:2_Phrogs","floor":23,"turns":5},{"damage":6,"enemies":"theJungle:Snecko_Cultist_And_Trap","floor":24,"turns":3},{"damage":0,"enemies":"DemoMod:4_Bullet_Kins","floor":28,"turns":3},{"damage":2,"enemies":"DemoMod:2_Veteran_bullet_kins_and_red_shotgun_kin","floor":29,"turns":3},{"damage":28,"enemies":"DemoMod:2_Mousers","floor":30,"turns":3},{"damage":15,"enemies":"DemoMod:Red_and_blue_shotgun_kin_with_gunsinger","floor":31,"turns":3},{"damage":10,"enemies":"DemoMod:Veteran_shot_gun_kin_and_blue_shotgun_kin","floor":32,"turns":2},{"damage":22,"enemies":"DemoMod:ResourcefulRat","floor":35,"turns":2}],"seed_played":"5475117911677629589","potions_obtained":[{"floor":6,"key":"Fire Potion"},{"floor":7,"key":"DemoMod:LeadSkinPotion"},{"floor":10,"key":"Block Potion"},{"floor":24,"key":"Regen Potion"},{"floor":28,"key":"PowerPotion"}],"is_trial":false,"path_per_floor":["M","?","$","$","M","E","M","E","T","M","M","M","?","M","R","B",null,"M","$","?","M","M","E","M","R","T","R","M","M","M","M","M","R","B","B"],"character_chosen":"HUNTRESS","items_purchased":["DemoMod:Plus1Bullets","DemoMod:MeatBun","DemoMod:GnawedKey","Dota2Spire:CrimsonGuard","Lee\u0027s Waffle"],"campfire_rested":2,"item_purchase_floors":[3,3,4,19,19],"current_hp_per_floor":[70,70,64,64,64,64,62,46,46,43,43,40,40,34,34,19,70,61,77,72,64,49,29,23,46,77,77,77,75,47,32,22,45,18,0,0],"gold":424,"neow_bonus":"THREE_ENEMY_KILL","is_daily":false,"chose_seed":false,"campfire_upgraded":1,"win_rate":0.0,"timestamp":1610375834,"path_taken":["M","?","?","$","M","E","M","E","T","M","M","M","?","?","R","BOSS","M","$","?","M","M","E","M","R","T","R","M","M","M","M","M","R","BOSS","BOSS"],"items_purchased_type":["Relic","Relic","Relic","Relic","Relic"],"build_version":"2020-12-22","purchased_purges":1,"victory":false,"max_hp_per_floor":[70,70,70,70,70,70,70,70,70,70,70,70,70,70,70,70,70,70,77,77,77,77,77,77,77,77,77,77,77,77,77,77,77,77,77,77],"card_choices":[{"not_picked":["DemoMod:PotionOfGunFriendShip","DemoMod:Ejector"],"picked":"DemoMod:HungryBullets","floor":1},{"not_picked":["DemoMod:EasyReloadBullets","DemoMod:FeignSurrender"],"picked":"DemoMod:BulletBore","floor":5},{"not_picked":["DemoMod:HuntsMan","DemoMod:SAA"],"picked":"DemoMod:Unity","floor":6},{"not_picked":["DemoMod:BattleInHaste","DemoMod:Casey"],"picked":"DemoMod:Evolver","floor":7},{"not_picked":["DemoMod:AC15","DemoMod:SAA","DemoMod:JK47"],"picked":"SKIP","floor":8},{"not_picked":["DemoMod:TeaPot","DemoMod:FeignSurrender"],"picked":"DemoMod:ShadowBullets","floor":10},{"not_picked":["DemoMod:DoubleSwitch","DemoMod:TeaPot"],"picked":"DemoMod:FinishedGun","floor":11},{"not_picked":["DemoMod:DoubleSwitch","DemoMod:ConditionalReflex"],"picked":"DemoMod:AWP","floor":12},{"not_picked":["DemoMod:LifeOrb","DemoMod:JK47","DemoMod:BoxingGlove"],"picked":"SKIP","floor":12},{"not_picked":["DemoMod:HuntsMan","DemoMod:PotionOfGunFriendShip"],"picked":"DemoMod:Slinger","floor":14},{"not_picked":["DemoMod:MachoBrace","DemoMod:ConditionalReflex","DemoMod:Casey"],"picked":"SKIP","floor":14},{"not_picked":["DemoMod:DarkMarker","DemoMod:BlankBullets"],"picked":"DemoMod:SuppressiveFire","floor":16},{"not_picked":["DemoMod:BattleInHaste+1","DemoMod:TableSutra","DemoMod:HungryBullets"],"picked":"SKIP","floor":18},{"not_picked":["DemoMod:RadGun","DemoMod:Replace"],"picked":"DemoMod:Camera+1","floor":21},{"not_picked":["DemoMod:Replace","DemoMod:ConditionalReflex","DemoMod:SAA+1"],"picked":"SKIP","floor":22},{"not_picked":["DemoMod:MachoBrace","DemoMod:Camera"],"picked":"DemoMod:TeaPot","floor":23},{"not_picked":["DemoMod:Replace+1","DemoMod:GunstockTap","DemoMod:BattleInHaste"],"picked":"SKIP","floor":24},{"not_picked":["DemoMod:Replace","DemoMod:TableSutra"],"picked":"DemoMod:Desperate","floor":28},{"not_picked":["DemoMod:StickyCrossBow","DemoMod:SkilledReload"],"picked":"DemoMod:ChanceBullets+1","floor":29},{"not_picked":["DemoMod:SpreadAmmo","DemoMod:Unmoved"],"picked":"DemoMod:DirectionalPad+1","floor":30},{"not_picked":["DemoMod:BoxingGlove+1","DemoMod:ChanceBullets","DemoMod:Unmoved"],"picked":"SKIP","floor":31},{"not_picked":["DemoMod:Camera","DemoMod:GunstockTap"],"picked":"DemoMod:TeaPot","floor":32}],"player_experience":951362,"relics_obtained":[{"floor":2,"key":"Dota2Spire:Butterfly"},{"floor":5,"key":"Onion Ring"},{"floor":6,"key":"hubris:Zylophone"},{"floor":8,"key":"Blue Doll"},{"floor":23,"key":"Dota2Spire:Vanguard"}],"event_choices":[{"damage_healed":0,"gold_gain":0,"player_choice":"Relic","damage_taken":0,"max_hp_gain":0,"max_hp_loss":0,"event_name":"Wheel of Change","floor":2,"gold_loss":0},{"damage_healed":0,"gold_gain":275,"player_choice":"Desecrate","damage_taken":0,"max_hp_gain":0,"max_hp_loss":0,"event_name":"Golden Shrine","floor":13,"gold_loss":0,"cards_obtained":["Regret"]}],"is_beta":false,"boss_relics":[{"not_picked":["Abe\u0027s Treasure","DemoMod:ElasticCartridgeClip"],"picked":"Cursed Key"}],"items_purged_floors":[19],"is_endless":false,"potions_floor_spawned":[6,7,10,14,16,24,28,30],"killed_by":"DemoMod:ResourcefulRat","ascension_level":0}}