{"host":"flm17o2q7bfjyna6","time":1610381927,"event":{"mods":["2.2 Compatiblity","Act Like it!","BaseMod","Better Altar","Better Match","Better Note","Better Sensory Stone","Better Skull","Better Third Choice","Better Vampires","Colored Map","Colored Powertips","DeckTracker","Hermit","Minty Spire (QoL Compilation)","Quick Restart","Replay The Spire","Reworked Bosses","Spicy Shops","StSLib","Wandering Minibosses"],"gold_per_floor":[134,209,209,244,59,109,159,159,209,209,15,45,45,45,45,170,170,185,215,490,34,89,119,174,174,224,254,304,334,334,334,334,334,334],"floor_reached":33,"playtime":1960,"items_purged":["Looming Evil"],"score":452,"play_id":"bb7648c7-dcc5-44d4-a2fb-df15ec989fca","local_time":"20210111111847","daily_mods":["Allstar","Flight","Lethality"],"is_ascension_mode":false,"campfire_choices":[{"data":"HandOfGreed","floor":8,"key":"SMITH"},{"floor":13,"key":"REST"},{"data":"hermit:Vantage","floor":15,"key":"SMITH"},{"floor":25,"key":"REST"},{"data":"hermit:HighCaliber","floor":30,"key":"SMITH"},{"floor":32,"key":"DIG"}],"circlet_count":0,"master_deck":["hermit:Strike_Hermit","hermit:Strike_Hermit","hermit:Strike_Hermit","hermit:Strike_Hermit","hermit:Defend_Hermit","hermit:Defend_Hermit","hermit:Defend_Hermit","hermit:Defend_Hermit","hermit:Snapshot","hermit:Covet","Sadistic Nature","Panacea","Thinking Ahead","Good Instincts","HandOfGreed+1","Pain","hermit:Enervate","hermit:HighCaliber+1","hermit:Glare+1","hermit:Vantage+1","Amnesia","hermit:DeadOrAlive","AbeCurse","Pain","hermit:ItchyTrigger+1","Regret","hermit:Spite","hermit:GhostlyPresence+1","hermit:FinalCanter","hermit:Deadeye","hermit:ShadowCloak+1","hermit:FullyLoaded+1","hermit:WideOpen+1"],"relics":["hermit:Momento","Replay:Accelerometer","Quantum Egg","Toy Ornithopter","Blue Candle","Replay:Bottled Snecko","Happy Flower","PreservedInsect","Replay:Mystery Machine","Replay:Ancient Bell","Blue Doll","Iron Hammer","TungstenRod","White Beast Statue","Durian","Bronze Scales","Bottled Lightning","Red Mask","Replay:Wax Seal","Replay:Kaleidoscope"],"acts_visited":["Exordium","TheCity"],"potions_floor_usage":[7,10,10,18,22,24,24,28,28,33],"damage_taken":[{"damage":3,"enemies":"Jaw Worm","floor":1,"turns":2},{"damage":4,"enemies":"2 Louse","floor":4,"turns":3},{"damage":29,"enemies":"Gremlin Nob","floor":6,"turns":4},{"damage":20,"enemies":"Replay:BlueRogue","floor":7,"turns":5},{"damage":11,"enemies":"Lagavulin","floor":10,"turns":3},{"damage":15,"enemies":"Gremlin Nob","floor":12,"turns":3},{"damage":57,"enemies":"Hexaghost","floor":16,"turns":8},{"damage":49,"enemies":"3 Byrds","floor":18,"turns":6},{"damage":0,"enemies":"Spheric Guardian","floor":19,"turns":2},{"damage":12,"enemies":"Shelled Parasite and Fungi","floor":22,"turns":4},{"damage":10,"enemies":"Book of Stabbing","floor":23,"turns":2},{"damage":21,"enemies":"Sentry and Sphere","floor":24,"turns":8},{"damage":15,"enemies":"Replay:Snechameleon","floor":27,"turns":3},{"damage":0,"enemies":"Masked Bandits","floor":28,"turns":3},{"damage":4,"enemies":"Book of Stabbing","floor":29,"turns":3},{"damage":37,"enemies":"bossMod:newCollector","floor":33,"turns":5}],"seed_played":"2608465768335268498","potions_obtained":[{"floor":4,"key":"Regen Potion"},{"floor":6,"key":"BlessingOfTheForge"},{"floor":7,"key":"SmokeBomb"},{"floor":16,"key":"ColorlessPotion"},{"floor":19,"key":"Swift Potion"},{"floor":22,"key":"Toxic Potion"},{"floor":23,"key":"hermit:Tonic"},{"floor":24,"key":"PowerPotion"},{"floor":27,"key":"PowerPotion"},{"floor":28,"key":"DuplicationPotion"},{"floor":29,"key":"hermit:BlackBile"}],"is_trial":false,"path_per_floor":["M","?","?","M","$","E","E","R","T","E","$","E","R","?","R","B",null,"M","M","?","$","M","E","M","R","T","E","?","E","R","?","R_BF","B"],"character_chosen":"HERMIT","items_purchased":["Quantum Egg","Toy Ornithopter","PreservedInsect","hermit:Glare+1","hermit:Spite","hermit:GhostlyPresence+1","White Beast Statue"],"campfire_rested":2,"item_purchase_floors":[5,5,11,11,21,21,21],"current_hp_per_floor":[72,61,54,50,50,21,20,20,20,19,19,4,26,75,75,18,75,30,30,30,30,23,18,7,31,31,16,26,22,22,22,22,0,0],"gold":334,"neow_bonus":"","is_daily":true,"chose_seed":false,"campfire_upgraded":3,"win_rate":0.0,"timestamp":1610381927,"path_taken":["M","?","?","M","$","E","E","R","T","E","$","E","R","?","R","BOSS","M","M","?","$","?","E","M","R","T","E","?","E","R","?","R_BF","BOSS"],"items_purchased_type":["Relic","Relic","Relic","Card","Card","Card","Relic"],"build_version":"2020-12-22","purchased_purges":1,"victory":false,"max_hp_per_floor":[75,75,75,75,75,75,75,75,75,75,75,75,75,75,75,75,75,75,75,75,75,75,80,80,80,80,80,80,80,80,80,80,80,80],"card_choices":[{"not_picked":["hermit:HoleUp","hermit:Roulette","hermit:BodyArmor"],"picked":"SKIP","floor":1},{"not_picked":["hermit:Horror","hermit:Snipe","hermit:Feint"],"picked":"SKIP","floor":4},{"not_picked":["hermit:Dissolve","hermit:Roulette"],"picked":"hermit:Enervate","floor":6},{"not_picked":["hermit:Adapt","hermit:Roulette"],"picked":"hermit:HighCaliber","floor":7},{"not_picked":["hermit:Glare","hermit:Desperado"],"picked":"hermit:Vantage","floor":12},{"not_picked":["hermit:Gambit","hermit:FatalDesire"],"picked":"hermit:DeadOrAlive","floor":16},{"not_picked":["Replay:Hysterical Blindness","Spreading Infection"],"picked":"Looming Evil","floor":17},{"not_picked":["Spreading Infection","Languid"],"picked":"AbeCurse","floor":17},{"not_picked":["Normality","Decay"],"picked":"Pain","floor":17},{"not_picked":["hermit:DeadMansHand","hermit:HoleUp","hermit:Shortfuse"],"picked":"SKIP","floor":18},{"not_picked":["hermit:Glare","hermit:BodyArmor"],"picked":"hermit:ItchyTrigger+1","floor":19},{"not_picked":["hermit:WideOpen","hermit:Dive"],"picked":"hermit:FinalCanter","floor":22},{"not_picked":["hermit:Headshot","hermit:Vantage"],"picked":"hermit:Deadeye","floor":23},{"not_picked":["hermit:LowProfile","hermit:GoldenBullet","hermit:Dive"],"picked":"SKIP","floor":24},{"not_picked":["hermit:TrackingShot","hermit:Vantage+1"],"picked":"hermit:ShadowCloak+1","floor":27},{"not_picked":["hermit:Feint+1","hermit:Manifest"],"picked":"hermit:FullyLoaded+1","floor":28},{"not_picked":["hermit:TakeCover","hermit:DeadMansHand+1"],"picked":"hermit:WideOpen+1","floor":29}],"player_experience":1653719,"relics_obtained":[{"floor":6,"key":"Blue Candle"},{"floor":7,"key":"Replay:Bottled Snecko"},{"floor":9,"key":"Happy Flower"},{"floor":12,"key":"Replay:Mystery Machine"},{"floor":23,"key":"Durian"},{"floor":26,"key":"Bronze Scales"},{"floor":27,"key":"Bottled Lightning"},{"floor":28,"key":"Red Mask"},{"floor":29,"key":"Replay:Wax Seal"},{"floor":32,"key":"Replay:Kaleidoscope"}],"event_choices":[{"damage_healed":0,"gold_gain":75,"player_choice":"Gold","damage_taken":11,"max_hp_gain":0,"max_hp_loss":0,"event_name":"betterThird:BetterGoop","floor":2,"gold_loss":0},{"damage_healed":0,"gold_gain":0,"player_choice":"Relic ","damage_taken":7,"max_hp_gain":0,"max_hp_loss":0,"event_name":"betterThird:BetterScrap","floor":3,"gold_loss":0,"cards_obtained":["Replay:Hum"]},{"damage_healed":0,"gold_gain":275,"player_choice":"Desecrate","damage_taken":0,"max_hp_gain":0,"max_hp_loss":0,"event_name":"Golden Shrine","floor":20,"gold_loss":0,"cards_obtained":["Regret"]},{"damage_healed":0,"gold_gain":0,"player_choice":"Fought Bandits","damage_taken":0,"max_hp_gain":0,"max_hp_loss":0,"event_name":"Masked Bandits","floor":28,"gold_loss":0},{"damage_healed":0,"gold_gain":0,"player_choice":"Ignored","damage_taken":0,"max_hp_gain":0,"max_hp_loss":0,"event_name":"Ghosts","floor":31,"gold_loss":0}],"is_beta":false,"boss_relics":[{"not_picked":["Cursed Key","Honey Jar"],"picked":"Replay:Ancient Bell"},{"not_picked":["Orichalcum","Akabeko"],"picked":"Blue Doll"},{"not_picked":["Darkstone Periapt","Replay:Bottled Flurry"],"picked":"Iron Hammer"},{"not_picked":["Pondfish Scales","Ice Cream"],"picked":"TungstenRod"}],"items_purged_floors":[21],"is_endless":false,"potions_floor_spawned":[4,6,7,16,19,22,23,24,27,28,29],"killed_by":"bossMod:newCollector","ascension_level":0}}