{"host":"2ulm0pyp8jok7fk5","time":1610363202,"event":{"mods":["Act Like it!","Arknights The Spire","BaseMod","Decade(王小明)","Gensokyo","Hallownest","KinomotoSakuraMod(木之本樱)","Koishi","Marisa（F雨　魔理沙）","Minty Spire (QoL Compilation)","Reimu（博丽灵梦）","Remilia（蕾米莉亚）","Replay The Spire","Shop Mod","Spicy Shops","StSLib","The Animator","The Bug Knight","The Hierophant","The Servant 0.9.4","Waifu the Spire","WarShipGirlsR/战舰少女R mod","Youmu（魂魄妖梦）","Yuyuko"],"gold_per_floor":[109,109,44,44,60,91,115,134,159,174,174,139,139,179,179,179,179],"floor_reached":16,"playtime":746,"items_purged":[],"score":135,"play_id":"ba882320-84a0-440e-8ea6-c30f041f002b","local_time":"20210111190642","is_ascension_mode":false,"campfire_choices":[{"floor":11,"key":"RECALL"},{"floor":15,"key":"REST"}],"circlet_count":0,"master_deck":["HollowMod:NailStrikeStart","HollowMod:NailStrikeStart","HollowMod:NailStrikeStart","HollowMod:NailStrikeStart","HollowMod:QuickDashStart","HollowMod:QuickDashStart","HollowMod:QuickDashStart","HollowMod:FocusHealStart","HollowMod:PogoStrike","HollowMod:RecoilStrike","HollowMod:DescendingDark","Injury","HollowMod:SharpenedShadows","HollowMod:ElderbugsWisdom","HollowMod:DesolateDive+1","HollowMod:VoidDash","HollowMod:HowlingWraiths"],"relics":["HollowMod:VesselMask","NeowsBlessing","Golden Idol","Replay:Rubber Ducky","Replay:Baseball","Bronze Scales"],"acts_visited":["Exordium"],"potions_floor_usage":[],"damage_taken":[{"damage":0,"enemies":"Jaw Worm","floor":1,"turns":1},{"damage":0,"enemies":"Cultist","floor":5,"turns":1},{"damage":0,"enemies":"Lagavulin","floor":6,"turns":1},{"damage":0,"enemies":"2 Louse","floor":7,"turns":3},{"damage":33,"enemies":"Large Slime","floor":8,"turns":7},{"damage":9,"enemies":"HollowMod:HuskWarrior","floor":10,"turns":4},{"damage":20,"enemies":"Gremlin Nob","floor":14,"turns":4},{"damage":56,"enemies":"The Guardian","floor":16,"turns":6}],"seed_played":"2876718021042819579","potions_obtained":[{"floor":1,"key":"AttackPotion"},{"floor":6,"key":"Adrenaline Potion"},{"floor":14,"key":"Block Potion"}],"is_trial":false,"path_per_floor":["M","?","$","?","M","E","M","M","T","M","R","?","?","E","R","B"],"character_chosen":"THE_BUGKNIGHT","items_purchased":["HollowMod:DescendingDark"],"campfire_rested":1,"item_purchase_floors":[3],"current_hp_per_floor":[75,75,75,75,75,75,75,42,42,33,33,51,51,31,53,0,0],"gold":179,"neow_bonus":"THREE_ENEMY_KILL","is_daily":false,"chose_seed":false,"campfire_upgraded":0,"win_rate":0.0,"timestamp":1610363202,"path_taken":["M","?","?","?","M","E","M","M","T","M","R","?","?","E","R","BOSS"],"items_purchased_type":["Card"],"build_version":"2020-12-22","purchased_purges":0,"victory":false,"max_hp_per_floor":[75,75,75,75,75,75,75,75,75,75,75,75,75,75,75,75,75],"card_choices":[{"not_picked":["HollowMod:VengefulVoid","HollowMod:DashSlash"],"picked":"HollowMod:RecoilStrike","floor":1},{"not_picked":["HollowMod:NewJinnsSoul","HollowMod:SoulStrike"],"picked":"HollowMod:SharpenedShadows","floor":5},{"not_picked":["HollowMod:NewGlowingWomb","HollowMod:DashSlash"],"picked":"HollowMod:ElderbugsWisdom","floor":6},{"not_picked":["HollowMod:DashSlash","HollowMod:PerfectDash"],"picked":"HollowMod:DesolateDive","floor":7},{"not_picked":["HollowMod:CornifersMapStart","HollowMod:ChannelNail","HollowMod:SharpenedNail"],"picked":"SKIP","floor":8},{"not_picked":["HollowMod:RecoilStrike","HollowMod:TaintedHusks"],"picked":"HollowMod:VoidDash","floor":10},{"not_picked":["HollowMod:DashSlash","HollowMod:SiblingsSouls"],"picked":"HollowMod:HowlingWraiths","floor":14}],"player_experience":67468,"relics_obtained":[{"floor":6,"key":"Replay:Rubber Ducky"},{"floor":9,"key":"Replay:Baseball"},{"floor":14,"key":"Bronze Scales"}],"event_choices":[{"cards_removed":["HollowMod:QuickDashStart"],"damage_healed":0,"gold_gain":0,"player_choice":"Offered Basic","damage_taken":0,"max_hp_gain":0,"max_hp_loss":0,"event_name":"Bonfire Elementals","floor":2,"gold_loss":0},{"damage_healed":0,"gold_gain":0,"player_choice":"Take Wound","damage_taken":0,"relics_obtained":["Golden Idol"],"max_hp_gain":0,"max_hp_loss":0,"event_name":"Golden Idol","floor":4,"gold_loss":0,"cards_obtained":["Injury"]},{"damage_healed":18,"gold_gain":0,"player_choice":"Healed","damage_taken":0,"max_hp_gain":0,"max_hp_loss":0,"event_name":"The Cleric","floor":12,"gold_loss":35},{"damage_healed":0,"gold_gain":0,"player_choice":"Upgraded","damage_taken":0,"max_hp_gain":0,"max_hp_loss":0,"event_name":"Upgrade Shrine","floor":13,"gold_loss":0,"cards_upgraded":["HollowMod:DesolateDive"]}],"is_beta":false,"boss_relics":[],"items_purged_floors":[],"is_endless":false,"potions_floor_spawned":[1,6,14],"killed_by":"The Guardian","ascension_level":0}}