{"host":"gg","time":1610332312,"event":{"mods":["BaseMod","Colored Map","Googly Eyes","Minty Spire (QoL Compilation)","Permanent Neow","Relic Stats","The IronCluck"],"gold_per_floor":[117,117,133,133,149,149,149],"floor_reached":6,"playtime":309,"items_purged":[],"score":72,"play_id":"41b37896-ec69-4e5c-874b-5fd7755178ad","local_time":"20210110183152","is_ascension_mode":true,"campfire_choices":[],"circlet_count":0,"master_deck":["AscendersBane","Strike_P+1","Strike_P","Strike_P","Defend_P","Defend_P","Eruption","Vigilance+1","CrushJoints+1","ClearTheMind+1","FlyingSleeves+1","SashWhip"],"relics":["Astrolabe"],"acts_visited":["Exordium"],"potions_floor_usage":[],"damage_taken":[{"damage":12,"enemies":"Jaw Worm","floor":1,"turns":2},{"damage":7,"enemies":"2 Louse","floor":3,"turns":2},{"damage":7,"enemies":"Small Slimes","floor":5,"turns":2},{"damage":23,"enemies":"Lagavulin","floor":6,"turns":4}],"seed_played":"1446458995765475195","potions_obtained":[],"is_trial":false,"path_per_floor":["M","?","M","?","M","E"],"character_chosen":"WATCHER","items_purchased":[],"campfire_rested":0,"item_purchase_floors":[],"current_hp_per_floor":[49,54,47,25,18,0,0],"gold":149,"neow_bonus":"BOSS_RELIC","is_daily":false,"chose_seed":false,"campfire_upgraded":0,"win_rate":0.0,"timestamp":1610332312,"path_taken":["M","?","M","?","M","E"],"items_purchased_type":[],"build_version":"2020-12-18","purchased_purges":0,"victory":false,"max_hp_per_floor":[68,73,73,73,73,73,73],"relic_stats":{"counters":[4,10],"Astrolabe":["CrushJoints","ClearTheMind","FlyingSleeves"],"obtain_stats":[{"Astrolabe":0,"PureWater":0},{"Astrolabe":0,"PureWater":0},{"Astrolabe":0,"PureWater":0}]},"card_choices":[{"not_picked":["PathToVictory","Protect","Crescendo"],"picked":"SKIP","floor":1},{"not_picked":["CrushJoints","Protect"],"picked":"SashWhip","floor":3},{"not_picked":["ClearTheMind","Fasting2","MentalFortress"],"picked":"SKIP","floor":5}],"player_experience":1153872,"relics_obtained":[],"event_choices":[{"damage_healed":0,"gold_gain":0,"player_choice":"Donut","damage_taken":0,"max_hp_gain":5,"max_hp_loss":0,"event_name":"Big Fish","floor":2,"gold_loss":0},{"damage_healed":0,"gold_gain":0,"player_choice":"Entered Light","damage_taken":22,"max_hp_gain":0,"max_hp_loss":0,"event_name":"Shining Light","floor":4,"gold_loss":0,"cards_upgraded":["Strike_P","Vigilance"]}],"is_beta":true,"boss_relics":[],"items_purged_floors":[],"is_endless":false,"potions_floor_spawned":[],"killed_by":"Lagavulin","ascension_level":20}}