{"host":"65a95dzim48ko8ke","time":1610362041,"event":{"mods":["BaseMod","Colored Powertips","Minty Spire (QoL Compilation)","Permanent Neow","Quick Restart","Rare Cards Sparkle","Replay The Spire","StSLib","The Mystic"],"gold_per_floor":[117,117,133,83,8,8,34,52,105,105,134,181,181,181,181,197,197],"floor_reached":16,"playtime":1108,"items_purged":["Regret"],"score":108,"play_id":"96125b44-9fc6-4990-a042-3d5c49a4c341","local_time":"20210111194721","is_ascension_mode":false,"campfire_choices":[{"data":"Mayhem","floor":6,"key":"SMITH"},{"data":"mysticmod:Sideswipe","floor":10,"key":"SMITH"},{"data":"mysticmod:Grapple","floor":13,"key":"SMITH"},{"floor":15,"key":"REST"}],"circlet_count":0,"master_deck":["mysticmod:Strike_Mystic","mysticmod:Strike_Mystic","mysticmod:Strike_Mystic","mysticmod:Strike_Mystic","mysticmod:Defend_Mystic","mysticmod:Defend_Mystic","mysticmod:Defend_Mystic","mysticmod:Defend_Mystic","mysticmod:ArcaneDodge","mysticmod:ShockingGrasp","Mayhem+1","mysticmod:Snowball","mysticmod:Probe","mysticmod:ClosingBarrage","mysticmod:Sideswipe+1","mysticmod:Grapple+1","mysticmod:SpontaneousCaster+1"],"relics":["mysticmod:SpellBook","Omamori","Akabeko","Replay:Bandana","Golden Egg","Golden Idol"],"acts_visited":["Exordium"],"potions_floor_usage":[12,16],"damage_taken":[{"damage":8,"enemies":"2 Louse","floor":1,"turns":5},{"damage":3,"enemies":"Small Slimes","floor":3,"turns":4},{"damage":25,"enemies":"Gremlin Nob","floor":7,"turns":4},{"damage":2,"enemies":"Jaw Worm","floor":8,"turns":2},{"damage":0,"enemies":"Exordium Wildlife","floor":11,"turns":3},{"damage":6,"enemies":"Lagavulin","floor":12,"turns":6},{"damage":38,"enemies":"The Guardian","floor":16,"turns":8}],"seed_played":"-1164873223861030228","potions_obtained":[{"floor":7,"key":"Reflective Coating"},{"floor":8,"key":"PowerPotion"}],"is_trial":false,"path_per_floor":["M","?","M","?","$","R","E","M","T","R","M","E","R","?","R","B"],"character_chosen":"MYSTIC_CLASS","items_purchased":[],"campfire_rested":1,"item_purchase_floors":[],"current_hp_per_floor":[69,69,66,66,66,66,41,39,39,39,39,33,33,14,37,0,0],"gold":197,"neow_bonus":"RANDOM_COLORLESS_2","is_daily":false,"chose_seed":false,"campfire_upgraded":3,"win_rate":0.0,"timestamp":1610362041,"path_taken":["M","?","M","?","$","R","E","M","T","R","M","E","R","?","R","BOSS"],"items_purchased_type":[],"build_version":"2020-12-22","purchased_purges":1,"victory":false,"max_hp_per_floor":[77,77,77,77,77,77,77,77,77,77,77,77,77,77,77,77,77],"card_choices":[{"not_picked":["Violence","Secret Weapon"],"picked":"Mayhem","floor":0},{"not_picked":["mysticmod:MightyMagic","mysticmod:FloatingDisk"],"picked":"mysticmod:Snowball","floor":1},{"not_picked":["mysticmod:Dedication","mysticmod:ComponentsPouch"],"picked":"mysticmod:Probe","floor":3},{"not_picked":["mysticmod:CorrosiveTouch","mysticmod:BulkUp"],"picked":"mysticmod:ClosingBarrage","floor":7},{"not_picked":["mysticmod:MightyMagic","mysticmod:BulkUp"],"picked":"mysticmod:Sideswipe","floor":8},{"not_picked":["mysticmod:ChargedParry","mysticmod:CorrosiveTouch"],"picked":"mysticmod:Grapple","floor":11},{"not_picked":["mysticmod:FiveFootStep","mysticmod:Alacrity"],"picked":"mysticmod:SpontaneousCaster","floor":12}],"player_experience":285296,"relics_obtained":[{"floor":7,"key":"Akabeko"},{"floor":9,"key":"Replay:Bandana"},{"floor":12,"key":"Golden Egg"}],"event_choices":[{"damage_healed":0,"gold_gain":0,"player_choice":"Box","damage_taken":0,"relics_obtained":["Omamori"],"max_hp_gain":0,"max_hp_loss":0,"event_name":"Big Fish","floor":2,"gold_loss":0,"cards_obtained":["Regret"]},{"cards_removed":["Languid"],"damage_healed":0,"gold_gain":0,"player_choice":"Card Removal","damage_taken":0,"max_hp_gain":0,"max_hp_loss":0,"event_name":"The Cleric","floor":4,"gold_loss":50},{"damage_healed":0,"gold_gain":0,"player_choice":"Take Damage","damage_taken":19,"relics_obtained":["Golden Idol"],"max_hp_gain":0,"max_hp_loss":0,"event_name":"Golden Idol","floor":14,"gold_loss":0}],"is_beta":false,"boss_relics":[],"items_purged_floors":[5],"is_endless":false,"potions_floor_spawned":[7,8],"killed_by":"The Guardian","ascension_level":0}}