{"host":"dk10vuzdqf3wivcv","time":1610402935,"event":{"mods":["Aspiration","Astrologer","BaseMod","Colored Map","Conspire","Downfall","Friendly Minions","Hermit","Hubris","Infinite Spire","Minty Spire (QoL Compilation)","Replay The Spire","StSLib","SuperFastMode","Td1madao Mod","The Animator","The Gatherer","The Jungle","The Marked","The Servant 0.9.4"],"gold_per_floor":[99,118,133,68,68,78,103,28,55,71,97,82,82,107,127,232,232,73,73,84,97,197,217,299,315,315,315],"floor_reached":25,"playtime":1598,"items_purged":[],"score":261,"play_id":"5abbc03f-d6ef-4089-b8b2-a68b05004408","local_time":"20210111230855","is_ascension_mode":false,"campfire_choices":[{"floor":1,"key":"RECALL"}],"circlet_count":0,"master_deck":["hexamod:Strike","hexamod:Strike","hexamod:Strike","hexamod:Defend","hexamod:Defend","hexamod:Defend","hexamod:Defend","hexamod:Sear","hexamod:Float","hexamod:PhantomCloak","hexamod:HauntingEcho","hexamod:HexaLevel+1","hexamod:InspiringFlames","hexamod:ChargedBarrage","hexamod:RadiantFlame","hexamod:StepThrough+1","hexamod:GhostflameInferno","hexamod:RadiantFlame","hexamod:ExtraCrispy","hexamod:WildfireWeapon","hexamod:SkipABeat","hexamod:FastForward+1","hexamod:SwordOfDarkness"],"relics":["hexamod:SpiritBrand","Replay:Ringing Soul","Regal Pillow","Replay:Mystery Machine","conspire:SpecialSausage","downfall:HeartBlessingGreen","downfall:HeartBlessingRed","downfall:HeartBlessingBlue","infinitespire:Midas Blood","conspire:GlowingRock","hubris:BottledRain"],"acts_visited":["Exordium","TheCity"],"potions_floor_usage":[9,11,16,23],"damage_taken":[{"damage":0,"enemies":"Cultist","floor":2,"turns":3},{"damage":0,"enemies":"Jaw Worm","floor":3,"turns":4},{"damage":0,"enemies":"downfall:FleeingMerchant","floor":4,"turns":4},{"damage":0,"enemies":"Small Slimes","floor":6,"turns":3},{"damage":4,"enemies":"downfall:FleeingMerchant","floor":8,"turns":4},{"damage":4,"enemies":"Lagavulin","floor":9,"turns":6},{"damage":0,"enemies":"2 Fungi Beasts","floor":10,"turns":5},{"damage":37,"enemies":"3 Sentries","floor":11,"turns":8},{"damage":9,"enemies":"downfall:FleeingMerchant","floor":12,"turns":4},{"damage":4,"enemies":"Exordium Wildlife","floor":15,"turns":4},{"damage":20,"enemies":"downfall:Ironclad","floor":16,"turns":9},{"damage":23,"enemies":"3 Byrds","floor":20,"turns":6},{"damage":13,"enemies":"conspire:FuzzyDice","floor":21,"turns":7},{"damage":23,"enemies":"downfall:Silent","floor":22,"turns":7},{"damage":12,"enemies":"Snake Plant","floor":23,"turns":4},{"damage":38,"enemies":"Book of Stabbing","floor":25,"turns":5}],"seed_played":"-630496065218298794","potions_obtained":[{"floor":2,"key":"SkillPotion"},{"floor":3,"key":"sneckomod:MuddlingPotion"},{"floor":9,"key":"SkillPotion"},{"floor":10,"key":"BlessingOfTheForge"},{"floor":15,"key":"BlessingOfTheForge"},{"floor":22,"key":"Block Potion"},{"floor":23,"key":"ColorlessPotion"}],"is_trial":false,"path_per_floor":["R_BF","M","M","$","?","M","T","$","E","M","E","$","?","T","M","B",null,"R_BF","?","M","M","?","M","T","E"],"character_chosen":"THE_SPIRIT","items_purchased":["hexamod:InspiringFlames","hexamod:StepThrough+1"],"campfire_rested":0,"item_purchase_floors":[4,8],"current_hp_per_floor":[77,77,77,77,77,77,77,73,72,75,41,32,41,41,37,20,89,99,99,76,66,46,37,37,0,0,0],"gold":315,"neow_bonus":"TEN_PERCENT_HP_BONUS","is_daily":false,"chose_seed":false,"campfire_upgraded":0,"win_rate":0.0,"timestamp":1610402935,"path_taken":["R_BF","M","M","?","?","?","T","?","E","M","E","$","?","?","M","BOSS","R_BF","?","M","M","?","M","T","E"],"items_purchased_type":["Card","Card"],"build_version":"2020-12-22","purchased_purges":0,"victory":false,"max_hp_per_floor":[77,77,77,77,77,77,77,77,80,83,86,86,86,86,86,89,89,99,99,99,102,105,108,108,108,108,108],"card_choices":[{"not_picked":["hexamod:FastForward","hexamod:SpectersWail"],"picked":"hexamod:PhantomCloak","floor":2},{"not_picked":["hexamod:BacktrackSmack","hexamod:Hexaguard"],"picked":"hexamod:HauntingEcho","floor":3},{"not_picked":["hexamod:CatchUp","hexamod:EmpoweredFlame"],"picked":"hexamod:HexaLevel","floor":4},{"not_picked":["hexamod:FastForward","hexamod:NightmareStrike"],"picked":"hexamod:RadiantFlame","floor":6},{"not_picked":["hexamod:GhostShield","hexamod:ThermalTransfer","hexamod:BurningTouch"],"picked":"SKIP","floor":8},{"not_picked":["hexamod:SkipABeat","hexamod:AdvancingGuard"],"picked":"hexamod:GhostflameInferno","floor":9},{"not_picked":["hexamod:RainOfEmbers","hexamod:Hexaguard"],"picked":"hexamod:RadiantFlame","floor":10},{"not_picked":["hexamod:GhostOfSpirePast","hexamod:Haunt"],"picked":"hexamod:ExtraCrispy","floor":11},{"not_picked":["hexamod:Firestarter","hexamod:Rewind","hexamod:BacktrackSmack"],"picked":"SKIP","floor":12},{"not_picked":["hexamod:GhostShield","hexamod:NightmareStrike","hexamod:ParanormalForm"],"picked":"SKIP","floor":15},{"not_picked":["hexamod:CrushingStance","hexamod:ParanormalForm"],"picked":"hexamod:WildfireWeapon","floor":16},{"not_picked":["hexamod:RecurringNightmare","hexamod:NightmareStrike","hexamod:BacktrackSmack"],"picked":"SKIP","floor":20},{"not_picked":["hexamod:NightmareGuise+1","hexamod:Rewind"],"picked":"hexamod:SkipABeat","floor":21},{"not_picked":["hexamod:RainOfEmbers","hexamod:Firestarter"],"picked":"hexamod:FastForward+1","floor":22},{"not_picked":["hexamod:ShieldOfDarkness+1","hexamod:InspiringFlames"],"picked":"hexamod:SwordOfDarkness","floor":23}],"player_experience":169632,"relics_obtained":[{"floor":9,"key":"Replay:Ringing Soul"},{"floor":11,"key":"Regal Pillow"},{"floor":14,"key":"Replay:Mystery Machine"},{"floor":22,"key":"infinitespire:Midas Blood"},{"floor":22,"key":"conspire:GlowingRock"},{"floor":24,"key":"hubris:BottledRain"}],"event_choices":[{"damage_healed":0,"gold_gain":0,"cards_transformed":["hexamod:Strike"],"player_choice":"Transformed","damage_taken":0,"max_hp_gain":0,"max_hp_loss":0,"event_name":"Transmorgrifier","floor":5,"gold_loss":0,"cards_obtained":["hexamod:ChargedBarrage"]}],"is_beta":false,"boss_relics":[{"not_picked":["hubris:BlackHole","Honey Jar"],"picked":"conspire:SpecialSausage"}],"items_purged_floors":[],"is_endless":false,"potions_floor_spawned":[2,3,9,10,15,22,23],"killed_by":"Book of Stabbing","ascension_level":0}}