{"host":"ci7cmvrwpmzqnw7e","time":1610407647,"event":{"mods":["BaseMod","BetterRewards","Colored Map","Downfall","GungeonMod","Highlight Path","Hubris","Infinite Spire","Minty Spire (QoL Compilation)","Random Character Button","Rare Cards Sparkle","Replay The Spire","Shop Mod","StSLib","The Disciple","The Forsaken","The Necromancer"],"gold_per_floor":[114,114,129,129,153,187,187,202,226,226,264,264,264,289,289,410,460,481,449,449,449],"floor_reached":20,"playtime":682,"items_purged":[],"score":184,"play_id":"4b4bae5f-ccaf-454d-b8a4-f4061e8581e2","local_time":"20210111162727","is_ascension_mode":false,"campfire_choices":[{"floor":7,"key":"REST"},{"floor":15,"key":"REST"}],"circlet_count":0,"master_deck":["Strike_G","Strike_G","Strike_G","Strike_G","Strike_G","Defend_G","Defend_G","Defend_G","Defend_G","Defend_G","Neutralize","Poisoned Stab","Footwork+1","m_Survivalism+1","Poisoned Stab","Replay:Poison Smokescreen+1","Poison Darts+1","Doppelganger+1"],"relics":["Ring of the Snake","Golden Idol","Toxic Egg 2","ReplayFunnel","DemoMod:DecoyRelic","hubris:MobiusCoin","Ring of Chaos","DemoMod:GlassGuonStoneRelic"],"acts_visited":["Exordium","TheCity"],"potions_floor_usage":[8,18],"damage_taken":[{"damage":2,"enemies":"Small Slimes","floor":1,"turns":3},{"damage":6,"enemies":"2 Louse","floor":3,"turns":3},{"damage":9,"enemies":"infinitespire:Voidling","floor":5,"turns":4},{"damage":20,"enemies":"Gremlin Nob","floor":6,"turns":5},{"damage":28,"enemies":"Lots of Slimes","floor":8,"turns":4},{"damage":12,"enemies":"Replay:BlueRogue","floor":11,"turns":6},{"damage":7,"enemies":"3 Louse","floor":14,"turns":4},{"damage":6,"enemies":"Hexaghost","floor":16,"turns":10},{"damage":27,"enemies":"Chosen","floor":18,"turns":5},{"damage":32,"enemies":"2 Thieves","floor":19,"turns":5},{"damage":15,"enemies":"Snecko","floor":20,"turns":3}],"seed_played":"3598318308358017777","potions_obtained":[{"floor":3,"key":"Venom Potion"},{"floor":6,"key":"Elixir"},{"floor":8,"key":"LiquidBronze"},{"floor":16,"key":"EssenceOfSteel"},{"floor":18,"key":"Explosive Potion"}],"is_trial":false,"path_per_floor":["M","?","M","?","M","E","R","M","T","?","E","T","?","M","R","B",null,"M","M","M"],"character_chosen":"THE_SILENT","items_purchased":[],"campfire_rested":2,"item_purchase_floors":[],"current_hp_per_floor":[68,65,59,59,57,37,56,28,28,28,16,16,16,9,28,22,65,38,6,0,0],"gold":449,"neow_bonus":"THREE_CARDS","is_daily":false,"chose_seed":false,"campfire_upgraded":0,"win_rate":0.0,"timestamp":1610407647,"path_taken":["M","?","M","?","M","E","R","M","T","?","E","?","?","M","R","BOSS","M","M","?"],"items_purchased_type":[],"build_version":"2020-12-22","purchased_purges":0,"victory":false,"max_hp_per_floor":[70,65,65,65,65,65,65,65,65,65,65,65,65,65,65,65,65,65,65,65,65],"card_choices":[{"not_picked":["Sneak Up","Deflect"],"picked":"Poisoned Stab","floor":0},{"not_picked":["Acrobatics","Sucker Punch","Dodge and Roll"],"picked":"SKIP","floor":1},{"not_picked":["Sucker Punch","Quick Slash"],"picked":"Footwork","floor":3},{"not_picked":["Sneak Up","Deflect","Flying Knee"],"picked":"SKIP","floor":5},{"not_picked":["Dash","ReplayTheSpireMod:Exploit Weakness+1","Deflect+1"],"picked":"SKIP","floor":6},{"not_picked":["Dodge and Roll+1","Dagger Spray"],"picked":"Poisoned Stab","floor":8},{"not_picked":["Escape Plan+1","Expertise+1"],"picked":"Replay:Poison Smokescreen+1","floor":11},{"not_picked":["Sucker Punch","Finisher","Hidden Blade+1"],"picked":"SKIP","floor":14},{"not_picked":["Night Terror+1","Adrenaline+1"],"picked":"Poison Darts+1","floor":16},{"not_picked":["Reflex+1","Underhanded Strike+1","Flying Knee"],"picked":"SKIP","floor":18},{"not_picked":["Flying Knee","Replay:Poison Smokescreen+1"],"picked":"Doppelganger+1","floor":19}],"player_experience":53536,"relics_obtained":[{"floor":6,"key":"Toxic Egg 2"},{"floor":9,"key":"ReplayFunnel"},{"floor":11,"key":"DemoMod:DecoyRelic"},{"floor":12,"key":"hubris:MobiusCoin"}],"event_choices":[{"damage_healed":0,"gold_gain":0,"player_choice":"Lose Max HP","damage_taken":0,"relics_obtained":["Golden Idol"],"max_hp_gain":0,"max_hp_loss":5,"event_name":"Golden Idol","floor":2,"gold_loss":0},{"damage_healed":0,"gold_gain":0,"player_choice":"Grow","damage_taken":0,"max_hp_gain":0,"max_hp_loss":0,"event_name":"Living Wall","floor":10,"gold_loss":0,"cards_upgraded":["Footwork"]},{"damage_healed":0,"gold_gain":0,"player_choice":"Upgraded","damage_taken":0,"max_hp_gain":0,"max_hp_loss":0,"event_name":"Upgrade Shrine","floor":13,"gold_loss":0,"cards_upgraded":["m_Survivalism"]}],"is_beta":false,"boss_relics":[{"not_picked":["Tiny House","hubris:ScarierMask"],"picked":"Ring of Chaos"}],"items_purged_floors":[],"is_endless":false,"potions_floor_spawned":[3,6,8,16,18],"killed_by":"Snecko","ascension_level":0}}