{"host":"50per11302020","time":1610332246,"event":{"mods":["AchievementEnabler","BaseMod","Colored Map","Minty Spire (QoL Compilation)","Relic Stats","StSLib"],"gold_per_floor":[118,129,142,142,155,155,155,155,155,155,170,170,170,211,211,304,304,283,316,330,355,88,88,88,88],"floor_reached":24,"playtime":2107,"items_purged":[],"score":353,"play_id":"4badce09-fd91-41b9-b148-e3cfb474e22f","local_time":"20210110183046","is_ascension_mode":true,"campfire_choices":[{"data":"Deadly Poison","floor":6.0,"key":"SMITH"},{"floor":8.0,"key":"REST"},{"data":"Leg Sweep","floor":10.0,"key":"SMITH"},{"floor":12.0,"key":"REST"},{"data":"Bane","floor":15.0,"key":"SMITH"},{"floor":23.0,"key":"REST"}],"circlet_count":0,"master_deck":["AscendersBane","Survivor","Neutralize","Leg Sweep+1","Deadly Poison+1","Dash","Blur","Backstab","Bane+1","Night Terror","A Thousand Cuts","Grand Finale","Malaise","Terror","Dash","Grand Finale","Slice","Caltrops","Leg Sweep","Blur"],"relics":["Ring of the Snake","Golden Idol","Tough Bandages","Incense Burner","Pandora\u0027s Box","Red Mask","Pear"],"acts_visited":["Exordium","TheCity"],"potions_floor_usage":[],"damage_taken":[{"damage":0.0,"enemies":"Small Slimes","floor":1.0,"turns":5.0},{"damage":0.0,"enemies":"Jaw Worm","floor":2.0,"turns":4.0},{"damage":0.0,"enemies":"2 Louse","floor":3.0,"turns":4.0},{"damage":0.0,"enemies":"Looter","floor":5.0,"turns":4.0},{"damage":5.0,"enemies":"3 Louse","floor":11.0,"turns":4.0},{"damage":12.0,"enemies":"3 Sentries","floor":14.0,"turns":11.0},{"damage":1.0,"enemies":"The Guardian","floor":16.0,"turns":14.0},{"damage":21.0,"enemies":"2 Thieves","floor":18.0,"turns":5.0},{"damage":20.0,"enemies":"Masked Bandits","floor":19.0,"turns":6.0},{"damage":13.0,"enemies":"3 Byrds","floor":20.0,"turns":8.0},{"damage":0.0,"enemies":"Centurion and Healer","floor":21.0,"turns":8.0},{"damage":47,"enemies":"Gremlin Leader","floor":24,"turns":10}],"seed_played":"4012825748972432218","potions_obtained":[{"floor":1.0,"key":"DistilledChaos"},{"floor":2.0,"key":"Strength Potion"},{"floor":11.0,"key":"FearPotion"},{"floor":19.0,"key":"GamblersBrew"}],"is_trial":false,"path_per_floor":["M","M","M","$","M","R","?","R","T","R","M","R","?","E","R","B",null,"M","?","M","M","$","R","E"],"character_chosen":"THE_SILENT","items_purchased":["Pear"],"campfire_rested":3,"item_purchase_floors":[22],"current_hp_per_floor":[44,44,44,44,44,44,21,40,40,40,35,54,54,42,42,41,60,39,19,6,6,16,38,0,0],"gold":88,"neow_bonus":"REMOVE_TWO","is_daily":false,"chose_seed":false,"campfire_upgraded":3,"win_rate":0.0,"timestamp":1610332246,"path_taken":["M","M","M","$","M","R","?","R","T","R","M","R","?","E","R","BOSS","M","?","M","M","$","R","E"],"items_purchased_type":["Relic"],"build_version":"2020-12-18","purchased_purges":0,"victory":false,"max_hp_per_floor":[66,66,66,66,66,66,66,66,66,66,66,66,66,66,66,66,66,66,66,66,66,76,76,76,76],"relic_stats":{"Tough Bandages":[39],"counters":[12,83],"Golden Idol":50,"Pandora\u0027s Box":["A Thousand Cuts","Grand Finale","Malaise","Terror","Dash","Grand Finale","Slice"],"obtain_stats":[{"Tough Bandages":9,"Pear":22,"Golden Idol":7,"Pandora\u0027s Box":17,"Incense Burner":14,"Red Mask":19,"Ring of the Snake":0},{"Tough Bandages":4,"Pear":11,"Golden Idol":4,"Pandora\u0027s Box":7,"Incense Burner":6,"Red Mask":9,"Ring of the Snake":0},{"Tough Bandages":17,"Pear":73,"Golden Idol":17,"Pandora\u0027s Box":46,"Incense Burner":32,"Red Mask":57,"Ring of the Snake":0}],"Ring of the Snake":[24]},"card_choices":[{"not_picked":["Tactician","Backflip"],"picked":"Leg Sweep","floor":1.0},{"not_picked":["Riddle With Holes","Deflect"],"picked":"Deadly Poison","floor":2.0},{"not_picked":["Skewer","Bane","Cloak And Dagger"],"picked":"SKIP","floor":3.0},{"not_picked":["Slice","Escape Plan"],"picked":"Dash","floor":5.0},{"not_picked":["Dagger Spray","Eviscerate"],"picked":"Blur","floor":11.0},{"not_picked":["Acrobatics","Backstab"],"picked":"Bane","floor":14.0},{"not_picked":["Bullet Time","Glass Knife"],"picked":"Night Terror","floor":16.0},{"not_picked":["Quick Slash","Dagger Throw"],"picked":"Caltrops","floor":18.0},{"not_picked":["Dagger Spray","Outmaneuver+1"],"picked":"Leg Sweep","floor":19.0},{"not_picked":["Accuracy","Infinite Blades","Quick Slash"],"picked":"SKIP","floor":20.0},{"not_picked":["Prepared","PiercingWail"],"picked":"Blur","floor":21.0}],"player_experience":161227,"relics_obtained":[{"floor":9.0,"key":"Tough Bandages"},{"floor":14.0,"key":"Incense Burner"},{"floor":19.0,"key":"Red Mask"}],"event_choices":[{"damage_healed":0.0,"max_hp_gain":0.0,"max_hp_loss":0.0,"gold_gain":0.0,"event_name":"Golden Idol","player_choice":"Take Damage","floor":7.0,"gold_loss":0.0,"damage_taken":23.0,"relics_obtained":["Golden Idol"]},{"damage_healed":0.0,"max_hp_gain":0.0,"max_hp_loss":0.0,"gold_gain":0.0,"cards_transformed":["Strike_G"],"event_name":"Living Wall","player_choice":"Change","floor":13.0,"gold_loss":0.0,"damage_taken":0.0,"cards_obtained":["Backstab"]},{"damage_healed":0.0,"max_hp_gain":0.0,"max_hp_loss":0.0,"gold_gain":0.0,"event_name":"Masked Bandits","player_choice":"Fought Bandits","floor":19.0,"gold_loss":0.0,"damage_taken":0.0}],"is_beta":true,"boss_relics":[{"not_picked":["Runic Dome","Sozu"],"picked":"Pandora\u0027s Box"}],"items_purged_floors":[],"is_endless":false,"potions_floor_spawned":[1,2,11,19],"killed_by":"Gremlin Leader","ascension_level":16}}