{"host":"a5lz0e76zb3fcwkm","time":1610375813,"event":{"mods":["AchievementEnabler","BaseMod","Colored Map","Colored Powertips","Minty Spire (QoL Compilation)","StSLib","SuperFastMode"],"gold_per_floor":[117,267,267,267,267,302,314,348,375,400,400,163,173,204,204,280,280,295,29,29,44,60,92,103,103,103,118,136,161,161,176,176,176,176],"floor_reached":33,"playtime":622,"items_purged":["Strike_R"],"score":680,"play_id":"4adc2faa-9833-46a0-813d-58becdec5fda","local_time":"20210111233653","is_ascension_mode":true,"campfire_choices":[{"data":"Carnage","floor":11,"key":"SMITH"},{"data":"Uppercut","floor":15,"key":"SMITH"},{"data":"Strike_R","floor":25,"key":"PURGE"},{"data":"Strike_R","floor":30,"key":"PURGE"},{"data":"Double Tap","floor":32,"key":"SMITH"}],"circlet_count":0,"master_deck":["AscendersBane","Defend_R","Defend_R","Defend_R","Defend_R","Bash","Uppercut+1","Cleave","Carnage+1","Second Wind","Hemokinesis","Double Tap+1","Feel No Pain","Shrug It Off+1"],"relics":["Burning Blood","NeowsBlessing","Bag of Marbles","MealTicket","Orichalcum","Boot","Centennial Puzzle","Strawberry","PreservedInsect","Ancient Tea Set","Empty Cage","White Beast Statue","Peace Pipe","Blue Candle","Anchor"],"acts_visited":["Exordium","TheCity"],"potions_floor_usage":[8,8,21,22,23,24,27,28,29,31,33],"damage_taken":[{"damage":0.0,"enemies":"Jaw Worm","floor":1.0,"turns":1.0},{"damage":0,"enemies":"Gremlin Nob","floor":6,"turns":1},{"damage":0,"enemies":"Small Slimes","floor":7,"turns":1},{"damage":12,"enemies":"3 Sentries","floor":8,"turns":7},{"damage":32,"enemies":"Gremlin Nob","floor":10,"turns":5},{"damage":0,"enemies":"2 Louse","floor":13,"turns":2},{"damage":19,"enemies":"3 Sentries","floor":14,"turns":5},{"damage":17,"enemies":"Slime Boss","floor":16,"turns":8},{"damage":9,"enemies":"Spheric Guardian","floor":18,"turns":3},{"damage":0,"enemies":"2 Thieves","floor":21,"turns":1},{"damage":2,"enemies":"Snake Plant","floor":22,"turns":2},{"damage":17,"enemies":"Gremlin Leader","floor":23,"turns":4},{"damage":2,"enemies":"Chosen and Byrds","floor":24,"turns":3},{"damage":21,"enemies":"Cultist and Chosen","floor":27,"turns":4},{"damage":25,"enemies":"Snake Plant","floor":28,"turns":3},{"damage":22,"enemies":"Book of Stabbing","floor":29,"turns":4},{"damage":2,"enemies":"Shelled Parasite and Fungi","floor":31,"turns":4},{"damage":37,"enemies":"Champ","floor":33,"turns":8}],"seed_played":"-2660598491281537496","potions_obtained":[{"floor":6,"key":"BlessingOfTheForge"},{"floor":7,"key":"SteroidPotion"},{"floor":10,"key":"Dexterity Potion"},{"floor":18,"key":"AttackPotion"},{"floor":21,"key":"SteroidPotion"},{"floor":22,"key":"GamblersBrew"},{"floor":23,"key":"LiquidMemories"},{"floor":24,"key":"AttackPotion"},{"floor":27,"key":"BloodPotion"},{"floor":28,"key":"SneckoOil"},{"floor":29,"key":"BlessingOfTheForge"},{"floor":31,"key":"Dexterity Potion"}],"is_trial":false,"path_per_floor":["M","?","?","?","T","E","M","E","T","E","R","$","M","E","R","B",null,"M","$","?","M","M","E","M","R","T","M","M","E","R","M","R","B"],"character_chosen":"IRONCLAD","items_purchased":["PreservedInsect","White Beast Statue"],"campfire_rested":0,"item_purchase_floors":[12,19],"current_hp_per_floor":[74,74,74,48,48,54,60,54,54,35,35,50,56,43,43,32,70,67,82,82,82,82,71,75,75,75,60,57,41,41,45,45,8,8],"gold":176,"neow_bonus":"THREE_ENEMY_KILL","is_daily":false,"chose_seed":false,"campfire_upgraded":3,"win_rate":0.0,"timestamp":1610375813,"path_taken":["M","?","?","?","?","E","?","E","T","E","R","?","M","E","R","BOSS","M","?","?","M","M","E","M","R","T","M","M","E","R","M","R","BOSS"],"items_purchased_type":["Relic","Relic"],"build_version":"2020-12-22","purchased_purges":1,"victory":false,"max_hp_per_floor":[75,75,75,75,75,75,75,75,75,82,82,82,82,82,82,82,82,82,82,82,82,82,82,82,82,82,82,82,82,82,82,82,82,82],"card_choices":[{"not_picked":["Cleave","Heavy Blade","Iron Wave"],"picked":"SKIP","floor":1.0},{"not_picked":["Rage","Intimidate"],"picked":"Uppercut","floor":6},{"not_picked":["Iron Wave","Havoc"],"picked":"Cleave","floor":7},{"not_picked":["Heavy Blade","Flame Barrier"],"picked":"Carnage","floor":8},{"not_picked":["Clash","Juggernaut"],"picked":"Second Wind","floor":10},{"not_picked":["Wild Strike","Reckless Charge","Headbutt"],"picked":"SKIP","floor":13},{"not_picked":["Anger","Pommel Strike"],"picked":"Hemokinesis","floor":14},{"not_picked":["Exhume","Berserk"],"picked":"Double Tap","floor":16},{"not_picked":["Thunderclap","Clothesline","Headbutt"],"picked":"SKIP","floor":18},{"not_picked":["Berserk","Cleave","Whirlwind+1"],"picked":"SKIP","floor":21},{"not_picked":["Pommel Strike","Sentinel"],"picked":"Feel No Pain","floor":22},{"not_picked":["Feel No Pain","Pummel","Perfected Strike"],"picked":"SKIP","floor":23},{"not_picked":["Pommel Strike","Dark Embrace","Twin Strike"],"picked":"SKIP","floor":24},{"not_picked":["Wild Strike","Shockwave","Heavy Blade"],"picked":"SKIP","floor":27},{"not_picked":["Inflame","Flex","Perfected Strike"],"picked":"SKIP","floor":28},{"not_picked":["Pommel Strike","Heavy Blade+1"],"picked":"Shrug It Off+1","floor":29},{"not_picked":["Warcry","Perfected Strike","Uppercut"],"picked":"SKIP","floor":31}],"player_experience":1719039,"relics_obtained":[{"floor":5,"key":"MealTicket"},{"floor":6,"key":"Orichalcum"},{"floor":8,"key":"Boot"},{"floor":9,"key":"Centennial Puzzle"},{"floor":10,"key":"Strawberry"},{"floor":14,"key":"Ancient Tea Set"},{"floor":23,"key":"Peace Pipe"},{"floor":26,"key":"Blue Candle"},{"floor":29,"key":"Anchor"}],"event_choices":[{"damage_healed":0.0,"max_hp_gain":0.0,"max_hp_loss":0.0,"gold_gain":150.0,"event_name":"Liars Game","player_choice":"AGREE","floor":2.0,"gold_loss":0.0,"damage_taken":0.0,"cards_obtained":["Doubt"]},{"cards_removed":["Doubt"],"damage_healed":0,"gold_gain":0,"player_choice":"Forget","damage_taken":0,"max_hp_gain":0,"max_hp_loss":0,"event_name":"Living Wall","floor":3,"gold_loss":0},{"damage_healed":0,"gold_gain":0,"player_choice":"Success","damage_taken":26,"relics_obtained":["Bag of Marbles"],"max_hp_gain":0,"max_hp_loss":0,"event_name":"Scrap Ooze","floor":4,"gold_loss":0}],"is_beta":false,"boss_relics":[{"not_picked":["Runic Pyramid","Coffee Dripper"],"picked":"Empty Cage"}],"items_purged_floors":[12],"is_endless":false,"potions_floor_spawned":[6,7,10,18,21,22,23,24,27,28,29,31],"killed_by":"Champ","ascension_level":20}}