{"host":"owox7x4ngjt9htcc","time":1610376211,"event":{"mods":["BaseMod","Colored Map","DeckTracker","Keyboard Shortcuts","Minty Spire (QoL Compilation)","SuperFastMode"],"gold_per_floor":[114,189,189,208,208,246,246,346,396,434,453,491,491,510,510,635,635,654,673,673,66,165,184,203,222,272,272,397,435,435,454,454,579,579,598,1597,582,582,582,620,639,639,639,549,86,419,419,434,434,434],"floor_reached":51,"playtime":846,"items_purged":["Injury","Normality","Strike_R"],"score":786,"play_id":"419cfcf4-615e-4f20-a760-da0d68486ba3","local_time":"20210111234331","daily_mods":["Allstar","ControlledChaos","Lethality"],"is_ascension_mode":false,"campfire_choices":[{"data":"Apotheosis","floor":7.0,"key":"SMITH"},{"floor":13.0,"key":"REST"},{"data":"Mayhem","floor":15.0,"key":"SMITH"},{"floor":27,"key":"REST"},{"floor":30,"key":"REST"},{"floor":32,"key":"REST"},{"floor":42,"key":"REST"},{"floor":49,"key":"REST"}],"circlet_count":0,"master_deck":["Strike_R","Strike_R","Strike_R","Defend_R","Defend_R","Defend_R","Defend_R","Bash","Mayhem+1","Panacea","Apotheosis+1","Good Instincts","Metamorphosis","Sword Boomerang","Metallicize","Cleave","Seeing Red","True Grit+1","Double Tap","Intimidate+1","Battle Trance","Second Wind","Shockwave","Sword Boomerang","Havoc","Power Through","Barricade+1","Impervious","Evolve+1","Panache+1","Fire Breathing+1","Shrug It Off","Panacea"],"relics":["Black Blood","Frozen Eye","Magic Flower","Sundial","Potion Belt","Frozen Egg 2","Akabeko","Fusion Hammer","Medical Kit","Blood Vial","Lantern","Pen Nib","Unceasing Top","StrikeDummy","Juzu Bracelet","Bag of Preparation","Singing Bowl","Lee\u0027s Waffle","Champion Belt","Pear","Membership Card","PreservedInsect","Pocketwatch"],"acts_visited":["Exordium","TheCity","TheBeyond"],"potions_floor_usage":[28,50,50,50,50],"damage_taken":[{"damage":3.0,"enemies":"Jaw Worm","floor":1.0,"turns":3.0},{"damage":5.0,"enemies":"2 Louse","floor":4.0,"turns":2.0},{"damage":26.0,"enemies":"Gremlin Nob","floor":6.0,"turns":4.0},{"damage":36.0,"enemies":"Lagavulin","floor":10.0,"turns":6.0},{"damage":0.0,"enemies":"Small Slimes","floor":11.0,"turns":2.0},{"damage":20.0,"enemies":"Gremlin Nob","floor":12.0,"turns":4.0},{"damage":12.0,"enemies":"Red Slaver","floor":14.0,"turns":3.0},{"damage":32.0,"enemies":"Hexaghost","floor":16.0,"turns":5.0},{"damage":7.0,"enemies":"Chosen","floor":18.0,"turns":4.0},{"damage":21.0,"enemies":"3 Byrds","floor":19.0,"turns":5.0},{"damage":38.0,"enemies":"Snake Plant","floor":23.0,"turns":4.0},{"damage":16.0,"enemies":"Chosen and Byrds","floor":24.0,"turns":4.0},{"damage":22,"enemies":"Shelled Parasite and Fungi","floor":25,"turns":4},{"damage":12,"enemies":"Colosseum Slavers","floor":28,"turns":4},{"damage":19,"enemies":"Colosseum Nobs","floor":28,"turns":3},{"damage":25,"enemies":"Book of Stabbing","floor":29,"turns":4},{"damage":18,"enemies":"Sentry and Sphere","floor":31,"turns":4},{"damage":16,"enemies":"Automaton","floor":33,"turns":8},{"damage":0,"enemies":"3 Shapes","floor":35,"turns":3},{"damage":12,"enemies":"Reptomancer","floor":40,"turns":5},{"damage":19,"enemies":"3 Darklings","floor":41,"turns":5},{"damage":21,"enemies":"Jaw Worm Horde","floor":48,"turns":5},{"damage":46,"enemies":"Time Eater","floor":50,"turns":8}],"seed_played":"2608465768335268498","potions_obtained":[{"floor":4.0,"key":"GamblersBrew"},{"floor":6.0,"key":"DuplicationPotion"},{"floor":11.0,"key":"DistilledChaos"},{"floor":14.0,"key":"Swift Potion"},{"floor":18.0,"key":"Regen Potion"},{"floor":31,"key":"SkillPotion"},{"floor":33,"key":"DistilledChaos"},{"floor":40,"key":"FairyPotion"}],"is_trial":false,"path_per_floor":["M","?","?","M","?","E","R","?","T","E","M","E","R","M","R","B",null,"M","M","?","$","?","M","M","M","T","R","?","E","R","M","R","B",null,"M","?","$","?","?","E","M","R","T","?","$","?","?","M","R","B",null],"character_chosen":"IRONCLAD","items_purchased":["Medical Kit","Blood Vial","Battle Trance","Lantern","Bag of Preparation","Singing Bowl","Panache+1","Fire Breathing+1","Shrug It Off","Panacea","Lee\u0027s Waffle","Membership Card","PreservedInsect","Pocketwatch","Strength Potion"],"campfire_rested":6,"item_purchase_floors":[21,21,21,21,37,37,37,37,37,37,37,45,45,45,45],"current_hp_per_floor":[80,69,69,70,67,50,50,50,50,23,32,21,45,42,42,19,80,80,68,68,68,68,42,38,28,28,52,45,32,56,50,74,70,80,80,80,87,87,83,94,96,97,107,107,107,107,107,106,109,105],"gold":434,"neow_bonus":"","is_daily":true,"chose_seed":false,"campfire_upgraded":2,"win_rate":0.0,"timestamp":1610376211,"path_taken":["M","?","?","M","?","E","R","?","T","E","M","E","R","?","R","BOSS","M","M","?","$","?","M","M","M","T","R","?","E","R","M","R","BOSS","M","?","$","?","?","E","M","R","T","?","$","?","?","M","R","BOSS"],"items_purchased_type":["Relic","Relic","Card","Relic","Relic","Relic","Card","Card","Card","Card","Relic","Relic","Relic","Relic","Potion"],"build_version":"2020-12-22","purchased_purges":3,"victory":true,"max_hp_per_floor":[80,80,80,80,80,80,80,80,80,80,80,80,80,80,80,80,80,80,80,80,80,80,80,80,80,80,80,80,80,80,80,80,80,80,80,80,87,87,93,95,97,97,107,107,107,107,107,109,109,109],"card_choices":[{"not_picked":["Anger","Warcry"],"picked":"Sword Boomerang","floor":1.0},{"not_picked":["Warcry","Headbutt"],"picked":"Metallicize","floor":4.0},{"not_picked":["Intimidate","Flex"],"picked":"Cleave","floor":6.0},{"not_picked":["Armaments","Twin Strike"],"picked":"Seeing Red","floor":10.0},{"not_picked":["Anger","Fiend Fire"],"picked":"True Grit","floor":11.0},{"not_picked":["Body Slam","Uppercut","Twin Strike"],"picked":"SKIP","floor":12.0},{"not_picked":["Spot Weakness","Dropkick","Body Slam"],"picked":"SKIP","floor":14.0},{"not_picked":["Immolate","Brutality+1"],"picked":"Double Tap","floor":16.0},{"not_picked":["Thunderclap","Clash"],"picked":"Intimidate+1","floor":18.0},{"not_picked":["Body Slam","Flex","Twin Strike"],"picked":"SKIP","floor":19.0},{"not_picked":["Headbutt+1","Uppercut"],"picked":"Second Wind","floor":23.0},{"not_picked":["Headbutt+1","Heavy Blade+1"],"picked":"Shockwave","floor":24},{"not_picked":["Pommel Strike","Body Slam"],"picked":"Sword Boomerang","floor":25},{"not_picked":["Iron Wave","Heavy Blade"],"picked":"Havoc","floor":28},{"not_picked":["Flex","Rampage"],"picked":"Power Through","floor":29},{"not_picked":["Anger","Heavy Blade"],"picked":"Barricade+1","floor":31},{"not_picked":["Berserk+1","Double Tap"],"picked":"Impervious","floor":33},{"not_picked":["Twin Strike+1","Carnage+1"],"picked":"Evolve+1","floor":35},{"not_picked":["Enlightenment","Forethought","Blind"],"picked":"Singing Bowl","floor":39},{"not_picked":["The Bomb","Dark Shackles","Apotheosis"],"picked":"Singing Bowl","floor":39},{"not_picked":["Dramatic Entrance","Panacea","Enlightenment"],"picked":"Singing Bowl","floor":39},{"not_picked":["Uppercut","Body Slam","Hemokinesis"],"picked":"Singing Bowl","floor":40},{"not_picked":["Rupture+1","Cleave+1","Spot Weakness"],"picked":"Singing Bowl","floor":41},{"not_picked":["Thunderclap","Sword Boomerang","Headbutt+1"],"picked":"Singing Bowl","floor":48}],"player_experience":884454,"relics_obtained":[{"floor":6.0,"key":"Sundial"},{"floor":9.0,"key":"Potion Belt"},{"floor":10.0,"key":"Frozen Egg 2"},{"floor":12.0,"key":"Akabeko"},{"floor":26,"key":"Pen Nib"},{"floor":28,"key":"Unceasing Top"},{"floor":28,"key":"StrikeDummy"},{"floor":29,"key":"Juzu Bracelet"},{"floor":40,"key":"Champion Belt"},{"floor":43,"key":"Pear"}],"event_choices":[{"damage_healed":0.0,"max_hp_gain":0.0,"max_hp_loss":0.0,"gold_gain":75.0,"event_name":"World of Goop","player_choice":"Gather Gold","floor":2.0,"gold_loss":0.0,"damage_taken":11.0},{"damage_healed":0.0,"max_hp_gain":0.0,"max_hp_loss":0.0,"gold_gain":0.0,"event_name":"Golden Idol","player_choice":"Take Wound","floor":3.0,"gold_loss":0.0,"damage_taken":0.0,"relics_obtained":["Golden Idol"],"cards_obtained":["Injury"]},{"damage_healed":0.0,"max_hp_gain":0.0,"max_hp_loss":0.0,"gold_gain":0.0,"event_name":"Scrap Ooze","player_choice":"Success","floor":5.0,"gold_loss":0.0,"damage_taken":3.0,"relics_obtained":["Magic Flower"]},{"damage_healed":0.0,"max_hp_gain":0.0,"max_hp_loss":0.0,"gold_gain":100.0,"event_name":"Golden Shrine","player_choice":"Pray","floor":8.0,"gold_loss":0.0,"damage_taken":0.0},{"damage_healed":0.0,"max_hp_gain":0.0,"max_hp_loss":0.0,"gold_gain":0.0,"event_name":"Cursed Tome","player_choice":"Ignored","floor":20.0,"gold_loss":0.0,"damage_taken":0.0},{"damage_healed":0.0,"max_hp_gain":0.0,"max_hp_loss":0.0,"gold_gain":99.0,"event_name":"Nest","player_choice":"Stole From Cult","floor":22.0,"gold_loss":0.0,"damage_taken":0.0},{"damage_healed":0,"gold_gain":0,"player_choice":"Fight","damage_taken":0,"max_hp_gain":0,"max_hp_loss":0,"event_name":"Colosseum","floor":28,"gold_loss":0},{"damage_healed":0,"gold_gain":0,"player_choice":"Fought Nobs","damage_taken":0,"max_hp_gain":0,"max_hp_loss":0,"event_name":"Colosseum","floor":28,"gold_loss":0},{"damage_healed":0,"gold_gain":999,"player_choice":"Gold","damage_taken":0,"max_hp_gain":0,"max_hp_loss":0,"event_name":"MindBloom","floor":36,"gold_loss":0,"cards_obtained":["Normality","Normality"]},{"damage_healed":0,"gold_gain":0,"player_choice":"Ignored","damage_taken":0,"max_hp_gain":0,"max_hp_loss":0,"event_name":"Tomb of Lord Red Mask","floor":38,"gold_loss":0},{"damage_healed":0,"gold_gain":0,"player_choice":"Memory 3","damage_taken":10,"max_hp_gain":0,"max_hp_loss":0,"event_name":"SensoryStone","floor":39,"gold_loss":0},{"cards_removed":["Normality"],"damage_healed":0,"gold_gain":0,"player_choice":"Upgrade and Remove","damage_taken":0,"max_hp_gain":0,"max_hp_loss":0,"event_name":"Designer","floor":44,"gold_loss":90,"cards_upgraded":["True Grit"]},{"damage_healed":0,"gold_gain":333,"player_choice":"Gave Idol","damage_taken":0,"max_hp_gain":0,"max_hp_loss":0,"event_name":"The Moai Head","floor":46,"relics_lost":["Golden Idol"],"gold_loss":0},{"cards_removed":["Strike_R"],"damage_healed":0,"gold_gain":0,"player_choice":"Offered Basic","damage_taken":0,"max_hp_gain":0,"max_hp_loss":0,"event_name":"Bonfire Elementals","floor":47,"gold_loss":0}],"is_beta":false,"boss_relics":[{"not_picked":["Runic Dome","Calling Bell"],"picked":"Fusion Hammer"},{"not_picked":["Sozu","Velvet Choker"],"picked":"Black Blood"}],"items_purged_floors":[21,37,45],"is_endless":false,"potions_floor_spawned":[4,6,11,14,18,28,31,33,40,48],"ascension_level":0}}