{"host":"tw7a6rmo9h75ssrt","time":1610343913,"event":{"mods":["AchievementEnabler","Act Like it!","BaseMod","Colored Map","Dark Map","Highlight Path","Minty Spire (QoL Compilation)","Quick Restart","StSLib","SuperFastMode"],"gold_per_floor":[111,111,123,78,96,96,21,32,32,48,60,10,10,22,22,118,118,58,71,86,106,106,106],"floor_reached":22,"playtime":1539,"items_purged":["Strike_R"],"score":281,"play_id":"f9d825ad-0db1-49a3-966d-6508b1f5fdaa","local_time":"20210111134513","is_ascension_mode":true,"campfire_choices":[{"data":"Dark Embrace","floor":6.0,"key":"SMITH"},{"data":"Body Slam","floor":13.0,"key":"SMITH"},{"data":"Armaments","floor":15.0,"key":"SMITH"}],"circlet_count":0,"master_deck":["Strike_R","Strike_R","Defend_R","Defend_R","Defend_R","Defend_R","Bash","Body Slam+1","True Grit","Dark Embrace+1","Havoc","Entrench","Armaments+1","Barricade","Sentinel+1","Warcry+1"],"relics":["Empty Cage","Art of War","Velvet Choker"],"acts_visited":["Exordium","TheCity"],"potions_floor_usage":[21],"damage_taken":[{"damage":5.0,"enemies":"Jaw Worm","floor":1.0,"turns":5.0},{"damage":1.0,"enemies":"Cultist","floor":3.0,"turns":3.0},{"damage":0.0,"enemies":"2 Louse","floor":5.0,"turns":2.0},{"damage":26.0,"enemies":"Gremlin Gang","floor":8.0,"turns":7.0},{"damage":24.0,"enemies":"3 Louse","floor":10.0,"turns":7.0},{"damage":11.0,"enemies":"Blue Slaver","floor":11.0,"turns":6.0},{"damage":5.0,"enemies":"Large Slime","floor":14.0,"turns":8.0},{"damage":0.0,"enemies":"Slime Boss","floor":16.0,"turns":4.0},{"damage":17.0,"enemies":"2 Thieves","floor":18.0,"turns":4.0},{"damage":3.0,"enemies":"Chosen","floor":19.0,"turns":7.0},{"damage":27.0,"enemies":"Sentry and Sphere","floor":20.0,"turns":8.0},{"damage":18,"enemies":"Snecko","floor":21,"turns":9},{"damage":9,"enemies":"Shelled Parasite and Fungi","floor":22,"turns":12}],"seed_played":"-8424698117085550750","potions_obtained":[{"floor":1.0,"key":"ElixirPotion"},{"floor":2.0,"key":"Fruit Juice"},{"floor":2.0,"key":"GamblersBrew"},{"floor":2.0,"key":"SkillPotion"},{"floor":5.0,"key":"SteroidPotion"},{"floor":10.0,"key":"PowerPotion"},{"floor":16.0,"key":"Dexterity Potion"},{"floor":19.0,"key":"BloodPotion"},{"floor":21,"key":"BloodPotion"}],"is_trial":false,"path_per_floor":["M","?","M","$","M","R","$","M","T","M","M","$","R","M","R","B",null,"M","M","M","M","M"],"character_chosen":"IRONCLAD","items_purchased":["True Grit","Armaments"],"campfire_rested":0,"item_purchase_floors":[4,12],"current_hp_per_floor":[75,80,79,79,79,79,79,53,53,29,18,18,18,13,13,13,85,68,65,38,37,28,28],"gold":106,"neow_bonus":"BOSS_RELIC","is_daily":false,"chose_seed":false,"campfire_upgraded":3,"win_rate":0.0,"timestamp":1610343913,"path_taken":["M","?","M","$","M","R","?","M","T","M","M","$","R","?","R","BOSS","M","M","M","?","?"],"items_purchased_type":["Card","Card"],"build_version":"2020-12-22","purchased_purges":1,"victory":false,"max_hp_per_floor":[80,85,85,85,85,85,85,85,85,85,85,85,85,85,85,85,85,85,85,85,85,85,85],"card_choices":[{"not_picked":["Evolve","Pummel","Infernal Blade"],"picked":"SKIP","floor":1.0},{"not_picked":["Shockwave","Pummel"],"picked":"Body Slam","floor":3.0},{"not_picked":["Power Through","Perfected Strike"],"picked":"Dark Embrace","floor":5.0},{"not_picked":["Whirlwind","Blood for Blood"],"picked":"Havoc","floor":8.0},{"not_picked":["Heavy Blade","Metallicize"],"picked":"Entrench","floor":10.0},{"not_picked":["Searing Blow","Thunderclap","Whirlwind"],"picked":"SKIP","floor":11.0},{"not_picked":["Twin Strike","Wild Strike","Headbutt"],"picked":"SKIP","floor":14.0},{"not_picked":["Berserk","Immolate"],"picked":"Barricade","floor":16.0},{"not_picked":["Cleave","Twin Strike","Whirlwind+1"],"picked":"SKIP","floor":18.0},{"not_picked":["True Grit","Evolve"],"picked":"Sentinel+1","floor":19.0},{"not_picked":["Headbutt","Shockwave","Heavy Blade"],"picked":"SKIP","floor":20.0},{"not_picked":["Combust","Blood for Blood"],"picked":"Warcry+1","floor":21}],"player_experience":12130,"relics_obtained":[{"floor":9.0,"key":"Art of War"}],"event_choices":[{"damage_healed":0.0,"max_hp_gain":0.0,"max_hp_loss":0.0,"gold_gain":0.0,"event_name":"Lab","player_choice":"Got Potions","floor":2.0,"gold_loss":0.0,"damage_taken":0.0}],"is_beta":false,"boss_relics":[{"not_picked":["Coffee Dripper","Pandora\u0027s Box"],"picked":"Velvet Choker"}],"items_purged_floors":[7],"is_endless":false,"potions_floor_spawned":[1,5,10,16,19,21],"killed_by":"Shelled Parasite and Fungi","ascension_level":2}}