{"host":"94qggqh0xz0sp6ai","time":1610340826,"event":{"mods":["Abigail Mod","Act Like it!","BaseMod","CapriCore","Downfall","Friendly Minions","Gensokyo","Hermit","Jorbs\u0027s Wanderer Trilogy","Koishi","Marisa（霧雨　魔理沙）","Minty Spire (QoL Compilation)","Permanent Neow","Reimu（博??梦）","StSLib","The Alterego","The Construct","The Cursed","The Hierophant","The Immortal","The Marked","The Servant 0.9.4","TheBandit","Waifu the Spire"],"gold_per_floor":[114,124,18,18,28,28,57,57,106,132,148,164,7,33,33,110,110,125,145,244,16,42,42,42],"floor_reached":23,"playtime":801,"items_purged":["Koishi:BasicStrike"],"score":440,"play_id":"b7f77062-177c-420f-ae36-71d86ffcd755","local_time":"20210110225346","is_ascension_mode":true,"campfire_choices":[{"data":"Koishi:FidgetySnatcher","floor":6,"key":"SMITH"},{"floor":8,"key":"REST"},{"data":"Koishi:ImGoingToCallYouNow","floor":15,"key":"SMITH"}],"circlet_count":0,"master_deck":["AscendersBane","Koishi:BasicStrike","Koishi:BasicStrike","Koishi:BasicStrike","Koishi:BasicDefend","Koishi:BasicDefend","Koishi:BasicDefend","Koishi:BasicDefend","Koishi:Provoke","Koishi:HauntingSlash","Koishi:MindStellarRelief+1","Koishi:UnseenTerror","Koishi:SpiritedAway","Koishi:FidgetySnatcher+1","Koishi:ParalyzingFear","Koishi:ParalyzingFear","Koishi:ImGoingToCallYouNow+1","Koishi:VengefulSpirit","Koishi:PhantomStrike","Koishi:PhantomStrike","Koishi:EmbryosDream","Koishi:RuptureMind","Koishi:Catatonia+1"],"relics":["Koishi:ImaginaryFriend","RuthlessExorcism:ReiMu","Koishi:BloodstainedWhiteRose","StrikeDummy","Strawberry","Matryoshka","Black Star","Lee\u0027s Waffle","Red Mask"],"acts_visited":["Exordium","TheCity"],"potions_floor_usage":[7,14,22,22],"damage_taken":[{"damage":0,"enemies":"Cultist","floor":1,"turns":6},{"damage":7,"enemies":"Small Slimes","floor":2,"turns":4},{"damage":0,"enemies":"2 Louse","floor":5,"turns":2},{"damage":19,"enemies":"3 Sentries","floor":7,"turns":7},{"damage":8,"enemies":"Lagavulin","floor":10,"turns":6},{"damage":1,"enemies":"Blue Slaver","floor":11,"turns":3},{"damage":0,"enemies":"2 Fungi Beasts","floor":12,"turns":2},{"damage":0,"enemies":"Gremlin Nob","floor":14,"turns":2},{"damage":37,"enemies":"Hexaghost","floor":16,"turns":10},{"damage":29,"enemies":"3 Byrds","floor":18,"turns":6},{"damage":11,"enemies":"Chosen","floor":19,"turns":4},{"damage":33,"enemies":"Masked Bandits","floor":22,"turns":4},{"damage":67,"enemies":"Gremlin Leader","floor":23,"turns":4}],"seed_played":"-7743905122338861245","potions_obtained":[{"floor":1,"key":"ZuzhouPotion:ReiMu"},{"floor":5,"key":"Block Potion"},{"floor":7,"key":"AttackPotion"},{"floor":12,"key":"Energy Potion"},{"floor":19,"key":"BlessingOfTheForge"}],"is_trial":false,"path_per_floor":["M","M","$","?","M","R","E","R","T","E","M","M","$","E","R","B",null,"M","M","?","$","?","E"],"character_chosen":"KOISHI","items_purchased":["Koishi:FidgetySnatcher","Koishi:ParalyzingFear","Strawberry","Lee\u0027s Waffle"],"campfire_rested":1,"item_purchase_floors":[3,3,13,21],"current_hp_per_floor":[39,35,35,35,36,36,20,37,37,49,57,57,64,64,64,39,58,49,43,43,71,61,0,0],"gold":42,"neow_bonus":"THREE_RARE_CARDS","is_daily":false,"chose_seed":false,"campfire_upgraded":2,"win_rate":0.0,"timestamp":1610340826,"path_taken":["M","M","?","?","M","R","E","R","T","E","?","M","?","E","R","BOSS","M","M","?","$","?","E"],"items_purchased_type":["Card","Card","Relic","Relic"],"build_version":"2020-12-22","purchased_purges":1,"victory":false,"max_hp_per_floor":[57,57,57,57,57,57,57,57,57,57,57,57,64,64,64,64,64,64,64,64,71,71,71,71],"card_choices":[{"not_picked":["Koishi:ConfinedInnocent","Koishi:Heartbroken"],"picked":"Koishi:MindStellarRelief","floor":0},{"not_picked":["Koishi:DreadfulBlow","Koishi:StingingMind"],"picked":"Koishi:UnseenTerror","floor":1},{"not_picked":["Koishi:UnansweredLove","Koishi:IdleWhim"],"picked":"Koishi:SpiritedAway","floor":2},{"not_picked":["Koishi:ReflexRadar","Koishi:SubterraneanRose"],"picked":"Koishi:ParalyzingFear","floor":5},{"not_picked":["Koishi:DreadfulBlow","Koishi:Vanish"],"picked":"Koishi:ImGoingToCallYouNow","floor":7},{"not_picked":["Koishi:Catatonia","Koishi:Bloodlust"],"picked":"Koishi:VengefulSpirit","floor":10},{"not_picked":["Koishi:EmbryosDream","Koishi:ReflexRadar"],"picked":"Koishi:PhantomStrike","floor":11},{"not_picked":["Koishi:MindNumbingTerror","Koishi:MassHysteria"],"picked":"Koishi:PhantomStrike","floor":12},{"not_picked":["Koishi:SpiritedAway","Koishi:DreadfulBlow"],"picked":"Koishi:EmbryosDream","floor":14},{"not_picked":["Koishi:ConfinedInnocent","Koishi:SuperEgo"],"picked":"Koishi:RuptureMind","floor":16},{"not_picked":["Koishi:LastRemote","Koishi:Jaunt","Koishi:FleetingPhantom"],"picked":"SKIP","floor":18},{"not_picked":["Koishi:PhantomStrike","Koishi:HeartAttack","Koishi:Jaunt"],"picked":"SKIP","floor":19},{"not_picked":["Koishi:LastRemote","Koishi:FidgetySnatcher"],"picked":"Koishi:Catatonia+1","floor":22}],"player_experience":1371317,"relics_obtained":[{"floor":7,"key":"RuthlessExorcism:ReiMu"},{"floor":9,"key":"Koishi:BloodstainedWhiteRose"},{"floor":10,"key":"StrikeDummy"},{"floor":14,"key":"Matryoshka"},{"floor":22,"key":"Red Mask"}],"event_choices":[{"damage_healed":0,"gold_gain":0,"player_choice":"Upgraded","damage_taken":0,"max_hp_gain":0,"max_hp_loss":0,"event_name":"Upgrade Shrine","floor":4,"gold_loss":0,"cards_upgraded":["Koishi:MindStellarRelief"]},{"damage_healed":0,"gold_gain":99,"player_choice":"Stole From Cult","damage_taken":0,"max_hp_gain":0,"max_hp_loss":0,"event_name":"Nest","floor":20,"gold_loss":0},{"damage_healed":0,"gold_gain":0,"player_choice":"Fought Bandits","damage_taken":0,"max_hp_gain":0,"max_hp_loss":0,"event_name":"Masked Bandits","floor":22,"gold_loss":0}],"is_beta":false,"boss_relics":[{"not_picked":["Tiny House","Runic Dome"],"picked":"Black Star"}],"items_purged_floors":[21],"is_endless":false,"potions_floor_spawned":[1,5,7,12,19],"killed_by":"Gremlin Leader","ascension_level":14}}