{"host":"9d9dhukr2jywmy0f","time":1610354681,"event":{"mods":["2.2 Compatiblity","Alarm Clock","BaseMod","Bestiary","Block Reminder","Colored Map","Colored Powertips","Curses Come First","DeckTracker","Highlight Path","Key Reminder","Minty Spire (QoL Compilation)","Quick Restart","Rare Cards Sparkle","Relic Sorter","Relic Stats","Spire Birthday Party","StSLib","SuperFastMode","Synergy Search","The Gatherer","Unceasing Turn Reminder","Unknown Chances"],"gold_per_floor":[116,116,116,131,131,131,166,166,166,1,17,17,17,86,86,198,198,215,224,233,39,39,39,69,69,96,110,144,163,163,186,186,299,326,355,168,227,249,278,309,323,323,323,323,423,438,466,265,265,265,265,265,52,93,93],"floor_reached":56,"playtime":3253,"items_purged":["Writhe","Gatherer:Strike_Gatherer","Gatherer:Strike_Gatherer","Gatherer:Strike_Gatherer"],"score":1518,"play_id":"23da6472-247d-4329-80c6-70df627e846b","local_time":"20210111164441","is_ascension_mode":true,"metric_token":1493,"campfire_choices":[{"data":"Gatherer:Liquidism","floor":6.0,"key":"SMITH"},{"data":"Gatherer:FlowerWhip","floor":8.0,"key":"SMITH"},{"data":"Gatherer:EnergyBasket","floor":13.0,"key":"SMITH"},{"data":"Gatherer:Enchant","floor":15.0,"key":"SMITH"},{"data":"Gatherer:FlowerPower","floor":23.0,"key":"SMITH"},{"floor":30.0,"key":"REST"},{"data":"Gatherer:FlowerPower+2","floor":32.0,"key":"SMITH"},{"data":"Gatherer:BalancedGrowth","floor":42.0,"key":"SMITH"},{"floor":49.0,"key":"RECALL"},{"data":"Gatherer:QuickSynthesis","floor":52.0,"key":"SMITH"}],"circlet_count":0,"master_deck":["Gatherer:Defend_Gatherer","Gatherer:Defend_Gatherer","Gatherer:Defend_Gatherer","Gatherer:Defend_Gatherer","Gatherer:FlowerWhip+2","Gatherer:Liquidism+1","Gatherer:ScherryThrow","Gatherer:EnergyBasket+1","Gatherer:Enchant+1","Gatherer:PoisonMastery","Gatherer:EnergyBasket","Gatherer:FlowerPower+3","Gatherer:TacticalStrike+1","Gatherer:TacticalStrike+1","Gatherer:BomberForm","Gatherer:WoolGloves+1","Gatherer:Solidify+1","Gatherer:BlackTea+1","Gatherer:Snatch","Gatherer:Liquidism","Gatherer:QuickSynthesis+1","Gatherer:BalancedGrowth+1","Gatherer:EnergyBasket","Gatherer:SmartManeuver","Gatherer:QuickSynthesis+1","Gatherer:Snatch","Gatherer:Convert"],"relics":["Gatherer:AlchemyBag","NeowsBlessing","Lizard Tail","Membership Card","Matryoshka","CeramicFish","Runic Dome","Bag of Preparation","Sundial","Enchiridion","Red Mask","Gatherer:FloralEgg","Mummified Hand","Potion Belt","Nunchaku","Astrolabe","OrangePellets","FossilizedHelix","Happy Flower","Ancient Tea Set","TungstenRod","Lantern","Pen Nib","Orrery","Pantograph","White Beast Statue"],"acts_visited":["Exordium","TheCity","TheBeyond","TheEnding"],"potions_floor_usage":[55,55,55,55,55],"damage_taken":[{"damage":0.0,"enemies":"2 Louse","floor":1.0,"turns":1.0},{"damage":0.0,"enemies":"Small Slimes","floor":4.0,"turns":1.0},{"damage":0.0,"enemies":"Gremlin Nob","floor":7.0,"turns":1.0},{"damage":4.0,"enemies":"Cultist","floor":11.0,"turns":4.0},{"damage":28.0,"enemies":"Gremlin Nob","floor":14.0,"turns":4.0},{"damage":14.0,"enemies":"Hexaghost","floor":16.0,"turns":9.0},{"damage":15.0,"enemies":"Shell Parasite","floor":18.0,"turns":5.0},{"damage":7.0,"enemies":"Masked Bandits","floor":24.0,"turns":4.0},{"damage":8.0,"enemies":"2 Thieves","floor":27.0,"turns":4.0},{"damage":13.0,"enemies":"Book of Stabbing","floor":28.0,"turns":4.0},{"damage":0.0,"enemies":"Snake Plant","floor":29.0,"turns":2.0},{"damage":0.0,"enemies":"Centurion and Healer","floor":31.0,"turns":2.0},{"damage":29.0,"enemies":"Collector","floor":33.0,"turns":9.0},{"damage":0.0,"enemies":"3 Darklings","floor":35.0,"turns":4.0},{"damage":12.0,"enemies":"Mind Bloom Boss Battle","floor":37.0,"turns":3.0},{"damage":0.0,"enemies":"3 Shapes","floor":38.0,"turns":4.0},{"damage":0.0,"enemies":"Sphere and 2 Shapes","floor":39.0,"turns":4.0},{"damage":0.0,"enemies":"Giant Head","floor":40.0,"turns":4.0},{"damage":0.0,"enemies":"3 Darklings","floor":41.0,"turns":3.0},{"damage":0.0,"enemies":"Writhing Mass","floor":46.0,"turns":4.0},{"damage":0.0,"enemies":"Nemesis","floor":47.0,"turns":4.0},{"damage":9.0,"enemies":"Donu and Deca","floor":50.0,"turns":4.0},{"damage":0.0,"enemies":"Shield and Spear","floor":54.0,"turns":5.0},{"damage":18,"enemies":"The Heart","floor":55,"turns":6}],"seed_played":"-1520142727864004811","potions_obtained":[{"floor":7.0,"key":"DuplicationPotion"},{"floor":16.0,"key":"GhostInAJar"},{"floor":24.0,"key":"FearPotion"},{"floor":27.0,"key":"Strength Potion"},{"floor":31.0,"key":"PowerPotion"},{"floor":35.0,"key":"GamblersBrew"},{"floor":40.0,"key":"SkillPotion"},{"floor":47.0,"key":"BlessingOfTheForge"},{"floor":54.0,"key":"Fire Potion"}],"is_trial":false,"path_per_floor":["M","?","?","M","?","R","E","R","T","$","M","?","R","?","R","B",null,"M","?","?","$","?","R","?","?","T","M","E","M","R","M","R","B",null,"M","$","?","M","M","E","M","R","T","?","?","M","E","$","R","B",null,"R","$","E","B",null],"character_chosen":"THE_GATHERER","items_purchased":["Membership Card","Gatherer:ScherryThrow","Gatherer:FlowerPower","Sundial","Gatherer:Liquidism","OrangePellets","Gatherer:QuickSynthesis","DuplicationPotion","Pen Nib","Orrery","Pantograph","Gatherer:Snatch"],"campfire_rested":1,"item_purchase_floors":[10,10,21,21,36,36,36,36,48,48,53,53],"current_hp_per_floor":[72,77,77,77,77,77,77,77,77,77,73,55,55,27,27,13,77,62,62,62,62,46,46,39,39,39,31,18,18,41,41,41,12,77,77,77,65,65,65,65,65,65,65,65,65,65,65,65,65,56,73,73,73,73,55],"gold":93,"neow_bonus":"THREE_ENEMY_KILL","is_daily":false,"chose_seed":false,"campfire_upgraded":8,"win_rate":0.0,"timestamp":1610354681,"path_taken":["M","?","?","?","?","R","E","R","T","$","M","?","R","?","R","BOSS","M","?","?","$","?","R","?","?","T","M","E","M","R","?","R","BOSS","M","$","?","M","M","E","M","R","T","?","?","?","E","$","R","BOSS","R","$","E","BOSS"],"items_purchased_type":["Relic","Card","Card","Relic","Card","Relic","Card","Potion","Relic","Relic","Relic","Card"],"build_version":"2020-11-30","purchased_purges":4,"victory":true,"max_hp_per_floor":[72,77,77,77,77,77,77,77,77,77,77,77,77,77,77,77,77,77,77,77,77,77,77,77,77,77,77,77,77,77,77,77,77,77,77,77,77,77,77,77,77,77,77,73,73,73,73,73,73,73,73,73,73,73,73],"relic_stats":{"Happy Flower":[8],"counters":[24,95],"CeramicFish":189,"Astrolabe":["Gatherer:WoolGloves","Gatherer:Solidify","Gatherer:BlackTea"],"Pen Nib":[3],"Bag of Preparation":[34],"OrangePellets":[19],"Lizard Tail":0,"Nunchaku":[14],"Sundial":[16],"Mummified Hand":[115],"Pantograph":0,"obtain_stats":[{"Lantern":47,"CeramicFish":14,"Enchiridion":22,"Bag of Preparation":20,"Ancient Tea Set":43,"Lizard Tail":7,"Nunchaku":28,"Matryoshka":12,"Sundial":21,"Mummified Hand":26,"Pantograph":53,"Red Mask":24,"Potion Belt":26,"NeowsBlessing":0,"Happy Flower":40,"Astrolabe":34,"Pen Nib":48,"Gatherer:FloralEgg":25,"White Beast Statue":54,"keyreminder:keyreminder":9,"Runic Dome":17,"OrangePellets":36,"Orrery":48,"Membership Card":10,"Gatherer:AlchemyBag":0,"FossilizedHelix":37,"TungstenRod":43},{"Lantern":21,"CeramicFish":4,"Enchiridion":7,"Bag of Preparation":7,"Ancient Tea Set":19,"Lizard Tail":3,"Nunchaku":10,"Matryoshka":4,"Sundial":7,"Mummified Hand":8,"Pantograph":22,"Red Mask":8,"Potion Belt":8,"NeowsBlessing":0,"Happy Flower":18,"Astrolabe":13,"Pen Nib":21,"Gatherer:FloralEgg":8,"White Beast Statue":23,"keyreminder:keyreminder":3,"Runic Dome":6,"OrangePellets":14,"Orrery":21,"Membership Card":3,"Gatherer:AlchemyBag":0,"FossilizedHelix":15,"TungstenRod":19},{"Lantern":80,"CeramicFish":7,"Enchiridion":25,"Bag of Preparation":25,"Ancient Tea Set":72,"Lizard Tail":3,"Nunchaku":37,"Matryoshka":7,"Sundial":25,"Mummified Hand":29,"Pantograph":84,"Red Mask":29,"Potion Belt":29,"NeowsBlessing":0,"Happy Flower":69,"Astrolabe":50,"Pen Nib":80,"Gatherer:FloralEgg":29,"White Beast Statue":89,"keyreminder:keyreminder":3,"Runic Dome":20,"OrangePellets":54,"Orrery":80,"Membership Card":3,"Gatherer:AlchemyBag":0,"FossilizedHelix":57,"TungstenRod":72}],"TungstenRod":5},"card_choices":[{"not_picked":["Gatherer:WoolGloves","Gatherer:SealedBomb","Gatherer:FlowerShield"],"picked":"SKIP","floor":1.0},{"not_picked":["Gatherer:EnergyBasket","Gatherer:Frenzy"],"picked":"Gatherer:Liquidism","floor":4.0},{"not_picked":["Gatherer:GatherMaterial","Gatherer:BambuSword","Gatherer:FlowerFalling"],"picked":"SKIP","floor":7.0},{"not_picked":["Gatherer:Misfortune","Gatherer:SaveValuables"],"picked":"Gatherer:EnergyBasket","floor":11.0},{"not_picked":["Gatherer:CarefulStrike","Gatherer:BigPouch"],"picked":"Gatherer:Enchant","floor":14.0},{"not_picked":["Gatherer:BomberForm","Gatherer:HeartToFruit"],"picked":"Gatherer:PoisonMastery","floor":16.0},{"not_picked":["Gatherer:Frenzy","Gatherer:DrugPower+1","Gatherer:PotentialSlash"],"picked":"SKIP","floor":18.0},{"not_picked":["Gatherer:TreeGrowth","Gatherer:CollectorsShot","Gatherer:WoolGloves"],"picked":"SKIP","floor":27.0},{"not_picked":["Gatherer:StoneFence","Gatherer:TreeGrowth"],"picked":"Gatherer:QuickSynthesis","floor":28.0},{"not_picked":["Gatherer:FragileHammer","Gatherer:CarefulStrike"],"picked":"Gatherer:TacticalStrike+1","floor":29.0},{"not_picked":["Gatherer:GlowingPlant","Gatherer:WitheringStrike"],"picked":"Gatherer:TacticalStrike+1","floor":31.0},{"not_picked":["Gatherer:GrowBook","Gatherer:Examine"],"picked":"Gatherer:BomberForm","floor":33.0},{"not_picked":["Gatherer:BambuSword+1","Gatherer:Convert"],"picked":"Gatherer:Snatch","floor":35.0},{"not_picked":["Gatherer:EchoOfNature+1","Gatherer:FlowerBeam"],"picked":"Gatherer:BalancedGrowth","floor":37.0},{"not_picked":["Gatherer:Misfortune","Gatherer:SaveValuables"],"picked":"Gatherer:EnergyBasket","floor":38.0},{"not_picked":["Gatherer:CarefulStrike+1","Gatherer:AcidicSpray+1"],"picked":"Gatherer:SmartManeuver","floor":39.0},{"not_picked":["Gatherer:Frenzy+1","Gatherer:SealedBomb","Gatherer:RottenStipe"],"picked":"SKIP","floor":40.0},{"not_picked":["Gatherer:EnergyBasket","Gatherer:OddSpoils+1","Gatherer:CarefulStrike"],"picked":"SKIP","floor":41.0},{"not_picked":["Gatherer:Transmute","Gatherer:FeelingFine","Gatherer:CarefulStrike"],"picked":"SKIP","floor":46.0},{"not_picked":["Gatherer:FlowerFalling","Gatherer:PotentialSlash+1","Gatherer:BambuSword+1"],"picked":"SKIP","floor":47.0},{"not_picked":["Gatherer:UpgradeBag+1","Gatherer:TreeGrowth+1"],"picked":"Gatherer:QuickSynthesis+1","floor":48.0},{"not_picked":["Gatherer:EnergyBasket+1","Gatherer:CarefulStrike"],"picked":"Gatherer:Convert","floor":54.0}],"player_experience":845047,"relics_obtained":[{"floor":7.0,"key":"Lizard Tail"},{"floor":22.0,"key":"Enchiridion"},{"floor":24.0,"key":"Red Mask"},{"floor":26.0,"key":"Mummified Hand"},{"floor":26.0,"key":"Potion Belt"},{"floor":28.0,"key":"Nunchaku"},{"floor":37.0,"key":"FossilizedHelix"},{"floor":40.0,"key":"Happy Flower"},{"floor":43.0,"key":"Ancient Tea Set"},{"floor":43.0,"key":"TungstenRod"},{"floor":47.0,"key":"Lantern"},{"floor":54.0,"key":"White Beast Statue"}],"event_choices":[{"damage_healed":0.0,"max_hp_gain":5.0,"max_hp_loss":0.0,"gold_gain":0.0,"event_name":"Big Fish","player_choice":"Donut","floor":2.0,"gold_loss":0.0,"damage_taken":0.0},{"cards_removed":["Gatherer:Centralize"],"damage_healed":0.0,"max_hp_gain":0.0,"max_hp_loss":0.0,"gold_gain":0.0,"event_name":"Purifier","player_choice":"Purged","floor":3.0,"gold_loss":0.0,"damage_taken":0.0},{"cards_removed":["Gatherer:Strike_Gatherer"],"damage_healed":0.0,"max_hp_gain":0.0,"max_hp_loss":0.0,"gold_gain":0.0,"event_name":"Living Wall","player_choice":"Forget","floor":5.0,"gold_loss":0.0,"damage_taken":0.0},{"damage_healed":0.0,"max_hp_gain":0.0,"max_hp_loss":0.0,"gold_gain":0.0,"event_name":"Scrap Ooze","player_choice":"Success","floor":12.0,"gold_loss":0.0,"damage_taken":18.0,"relics_obtained":["Matryoshka"]},{"damage_healed":0.0,"max_hp_gain":0.0,"max_hp_loss":0.0,"gold_gain":0.0,"event_name":"Dead Adventurer","player_choice":"Searched \u00272\u0027 times","floor":14.0,"gold_loss":0.0,"damage_taken":0.0,"relics_obtained":["CeramicFish"]},{"damage_healed":0.0,"max_hp_gain":0.0,"max_hp_loss":0.0,"gold_gain":0.0,"event_name":"The Library","player_choice":"Read","floor":19.0,"gold_loss":0.0,"damage_taken":0.0,"cards_obtained":["Gatherer:EnergyBasket"]},{"damage_healed":0.0,"max_hp_gain":0.0,"max_hp_loss":0.0,"gold_gain":0.0,"event_name":"The Mausoleum","player_choice":"Opened","floor":20.0,"gold_loss":0.0,"damage_taken":0.0,"relics_obtained":["Bag of Preparation"],"cards_obtained":["Writhe"]},{"damage_healed":0.0,"max_hp_gain":0.0,"max_hp_loss":0.0,"gold_gain":0.0,"event_name":"Cursed Tome","player_choice":"Obtained Book","floor":22.0,"gold_loss":0.0,"damage_taken":16.0},{"damage_healed":0.0,"max_hp_gain":0.0,"max_hp_loss":0.0,"gold_gain":0.0,"event_name":"Masked Bandits","player_choice":"Fought Bandits","floor":24.0,"gold_loss":0.0,"damage_taken":0.0},{"damage_healed":0.0,"max_hp_gain":0.0,"max_hp_loss":0.0,"gold_gain":0.0,"event_name":"WeMeetAgain","player_choice":"Gave Potion","floor":25.0,"gold_loss":0.0,"damage_taken":0.0,"relics_obtained":["Gatherer:FloralEgg"]},{"damage_healed":0.0,"max_hp_gain":0.0,"max_hp_loss":0.0,"gold_gain":0.0,"event_name":"MindBloom","player_choice":"Fight","floor":37.0,"gold_loss":0.0,"damage_taken":0.0},{"damage_healed":0.0,"max_hp_gain":0.0,"max_hp_loss":4.0,"gold_gain":0.0,"event_name":"Winding Halls","player_choice":"Max HP","floor":44.0,"gold_loss":0.0,"damage_taken":0.0},{"damage_healed":0.0,"max_hp_gain":0.0,"max_hp_loss":0.0,"gold_gain":100.0,"event_name":"Golden Shrine","player_choice":"Pray","floor":45.0,"gold_loss":0.0,"damage_taken":0.0}],"is_beta":false,"boss_relics":[{"not_picked":["Sozu","Gatherer:ExplorersPath"],"picked":"Runic Dome"},{"not_picked":["Empty Cage","Coffee Dripper"],"picked":"Astrolabe"}],"items_purged_floors":[21,36,48,53],"is_endless":false,"potions_floor_spawned":[7,16,24,27,31,35,40,47,54],"ascension_level":3}}