{"host":"oy4pyvr762z5n0bb","time":1610405615,"event":{"mods":["AchievementEnabler","BaseMod","Colored Map","Colored Powertips","Googly Eyes","Key Reminder","Minty Spire (QoL Compilation)","Quick Restart","Relic Sorter","Slay the Relics Exporter","StSLib","SuperFastMode","Unceasing Turn Reminder","slay the spire mod where everything is the same but ironclad has a cowboy hat"],"gold_per_floor":[110,122,197,42,7,41,54,83,137,156,172,184,184,218,218,321,321,335,101,126,151,169,204,204,204,204,228,259,259,268,169,169,169,169],"floor_reached":33,"playtime":568,"items_purged":["Strike_R","Strike_R"],"score":481,"play_id":"700bb1f9-dc37-411a-bbdb-5cf3d74ca022","local_time":"20210111145335","is_ascension_mode":true,"campfire_choices":[{"data":"Immolate","floor":13,"key":"SMITH"},{"data":"Immolate","floor":15,"key":"SMITH"},{"floor":24,"key":"REST"},{"floor":32,"key":"REST"}],"circlet_count":0,"master_deck":["Strike_R","Strike_R","Strike_R","Defend_R","Defend_R","Defend_R","Defend_R","Bash","Heavy Blade","Pommel Strike","Shrug It Off","Immolate+1","Armaments","Flex","Spot Weakness","Immolate+1","Immolate","Shockwave","Shrug It Off+1","Limit Break","Shrug It Off+1","Warcry+1","Demon Form","Dual Wield"],"relics":["Burning Blood","NeowsBlessing","PreservedInsect","The Courier","Boot","Orichalcum","Nunchaku","SlaversCollar","CeramicFish","Darkstone Periapt","Dream Catcher","Magic Flower","keyreminder:keyreminder"],"acts_visited":["Exordium","TheCity"],"potions_floor_usage":[14,21,33,33,33],"damage_taken":[{"damage":0,"enemies":"2 Louse","floor":1,"turns":1},{"damage":0,"enemies":"Small Slimes","floor":2,"turns":1},{"damage":0,"enemies":"Lagavulin","floor":6,"turns":1},{"damage":14,"enemies":"Jaw Worm","floor":7,"turns":4},{"damage":7,"enemies":"3 Sentries","floor":8,"turns":4},{"damage":7,"enemies":"Blue Slaver","floor":10,"turns":3},{"damage":0,"enemies":"3 Louse","floor":11,"turns":2},{"damage":0,"enemies":"Gremlin Gang","floor":12,"turns":1},{"damage":14,"enemies":"Lagavulin","floor":14,"turns":5},{"damage":45,"enemies":"The Guardian","floor":16,"turns":11},{"damage":16,"enemies":"2 Thieves","floor":18,"turns":2},{"damage":19,"enemies":"Shell Parasite","floor":20,"turns":5},{"damage":5,"enemies":"Cultist and Chosen","floor":21,"turns":4},{"damage":10,"enemies":"Snecko","floor":22,"turns":5},{"damage":19,"enemies":"Gremlin Leader","floor":23,"turns":5},{"damage":29,"enemies":"3 Cultists","floor":27,"turns":5},{"damage":9,"enemies":"Slavers","floor":28,"turns":2},{"damage":77,"enemies":"Champ","floor":33,"turns":8}],"seed_played":"-111388736392933970","potions_obtained":[{"floor":6,"key":"Dexterity Potion"},{"floor":10,"key":"FearPotion"},{"floor":14,"key":"BlessingOfTheForge"},{"floor":16,"key":"Strength Potion"},{"floor":21,"key":"Strength Potion"}],"is_trial":false,"path_per_floor":["M","M","?","$","?","E","M","E","T","M","M","M","R","E","R","B",null,"M","$","M","M","M","E","R","?","T","M","E","?","?","$","R","B"],"character_chosen":"IRONCLAD","items_purchased":["PreservedInsect","Shockwave","CeramicFish","Dual Wield"],"campfire_rested":2,"item_purchase_floors":[4,19,19,31],"current_hp_per_floor":[78,80,69,69,80,80,72,71,71,70,76,80,80,72,72,33,68,58,58,45,46,42,29,53,53,53,30,27,53,53,53,77,0,0],"gold":169,"neow_bonus":"THREE_ENEMY_KILL","is_daily":false,"chose_seed":false,"campfire_upgraded":2,"win_rate":0.0,"timestamp":1610405615,"path_taken":["M","M","?","$","?","E","M","E","T","M","M","M","R","E","R","BOSS","M","$","M","M","M","E","R","?","T","M","E","?","?","$","R","BOSS"],"items_purchased_type":["Relic","Card","Relic","Card"],"build_version":"2020-12-22","purchased_purges":2,"victory":false,"max_hp_per_floor":[80,80,80,80,80,80,80,80,80,80,80,80,80,80,80,80,80,80,80,80,80,80,80,80,80,80,80,80,80,80,80,80,80,80],"card_choices":[{"not_picked":["Flex","Feel No Pain"],"picked":"Heavy Blade","floor":1},{"not_picked":["Havoc","Sword Boomerang"],"picked":"Pommel Strike","floor":2},{"not_picked":["Intimidate","Rage"],"picked":"Shrug It Off","floor":6},{"not_picked":["Perfected Strike","Thunderclap"],"picked":"Immolate","floor":7},{"not_picked":["Headbutt","Sword Boomerang"],"picked":"Armaments","floor":8},{"not_picked":["Headbutt","Thunderclap"],"picked":"Flex","floor":10},{"not_picked":["Heavy Blade","Headbutt","Body Slam"],"picked":"SKIP","floor":11},{"not_picked":["Armaments","Power Through"],"picked":"Spot Weakness","floor":12},{"not_picked":["Feed","Seeing Red"],"picked":"Immolate","floor":14},{"not_picked":["Corruption","Demon Form"],"picked":"Immolate","floor":16},{"not_picked":["Clash+1","Havoc+1","Heavy Blade"],"picked":"SKIP","floor":18},{"not_picked":["Flex","Pommel Strike"],"picked":"Shrug It Off+1","floor":20},{"not_picked":["True Grit+1","Cleave"],"picked":"Limit Break","floor":21},{"not_picked":["Cleave","Armaments","Rupture"],"picked":"SKIP","floor":22},{"not_picked":["Body Slam+1","Twin Strike"],"picked":"Shrug It Off+1","floor":23},{"not_picked":["Perfected Strike+1","Heavy Blade"],"picked":"Warcry+1","floor":27},{"not_picked":["Flex","Clash","Juggernaut"],"picked":"SKIP","floor":28}],"player_experience":731955,"relics_obtained":[{"floor":6,"key":"The Courier"},{"floor":8,"key":"Boot"},{"floor":9,"key":"Orichalcum"},{"floor":14,"key":"Nunchaku"},{"floor":23,"key":"Darkstone Periapt"},{"floor":26,"key":"Dream Catcher"},{"floor":28,"key":"Magic Flower"}],"event_choices":[{"damage_healed":0,"gold_gain":75,"player_choice":"Gather Gold","damage_taken":11,"max_hp_gain":0,"max_hp_loss":0,"event_name":"World of Goop","floor":3,"gold_loss":0},{"damage_healed":20,"gold_gain":0,"player_choice":"Healed","damage_taken":0,"max_hp_gain":0,"max_hp_loss":0,"event_name":"The Cleric","floor":5,"gold_loss":35},{"damage_healed":0,"gold_gain":0,"player_choice":"Ignored","damage_taken":0,"max_hp_gain":0,"max_hp_loss":0,"event_name":"Ghosts","floor":25,"gold_loss":0},{"damage_healed":26,"gold_gain":0,"player_choice":"Heal","damage_taken":0,"max_hp_gain":0,"max_hp_loss":0,"event_name":"The Library","floor":29,"gold_loss":0},{"damage_healed":0,"gold_gain":0,"player_choice":"1 cards matched","damage_taken":0,"max_hp_gain":0,"max_hp_loss":0,"event_name":"Match and Keep!","floor":30,"gold_loss":0,"cards_obtained":["Demon Form"]}],"is_beta":false,"boss_relics":[{"not_picked":["Black Blood","Calling Bell"],"picked":"SlaversCollar"}],"items_purged_floors":[19,31],"is_endless":false,"potions_floor_spawned":[6,10,14,16,21,23],"killed_by":"Champ","ascension_level":9}}