{"host":"qkbnayyek6fga752","time":1610331957,"event":{"mods":["2.2 Compatiblity","Aspiration","Astrologer","BaseMod","Beaked The Cultist","Better Altar","Better Match","Better Note","Better Sensory Stone","Better Skull","Better Third Choice","CCEM","CapriCore","ChefMod","Clockwork Mod","Conspire","Ekko","Energized Spire","Evolution","Glutton Mod","Hermit","Hubris","Humility","Jedi Mod","Koishi","Mad Scientist","Marisa????????","Minty Spire (QoL Compilation)","Quarter Circle Forward PUNCH!","Random Character Mod","Replay The Spire","Robot Space Explorer","SIMod","Spicy Shops","StSLib","The Administrix","The Alterego","The Blackbeard","The Blue Laboratory","The Bug Knight","The Construct","The Cursed","The Death Knight","The Disciple","The Druid","The Edgeheg","The Exalted","The Forsaken","The Gatherer","The Hayseed","The Hierophant","The Immortal","The Juggle","The Marked","The Necromancer","The Problem Sleuth","The Runesmith","The Sage","The Senshi","The Vixen","TheArtist","TheBandit","TheFirefly","TheLocksmith","TheSwordswoman","TheVacant","TheVelvet","Trackpad","Wandering Minibosses","Yuri Mod","thorton","vexMod","??????REMEMod"],"gold_per_floor":[119,119,119,119,136,136,165,39,65,93,93,93,93],"floor_reached":12,"playtime":735,"items_purged":["Hallucinations"],"score":84,"play_id":"5ae8df6b-33f5-4a08-a875-4e9d53d23e6d","local_time":"20210110212557","daily_mods":["SealedDeck","Heirloom","DeadlyEvents","Elite Swarm","Uncertain Future"],"is_ascension_mode":false,"campfire_choices":[{"data":"jedi:pocketpoison","floor":6,"key":"SMITH"},{"data":"Noxious Fumes","floor":11,"key":"SMITH"}],"circlet_count":0,"master_deck":["Outmaneuver","Leg Sweep","Setup+1","Deflect","Quick Slash","Deflect","Deadly Poison","jedi:pocketpoison+1","Noxious Fumes+1","jedi:poisonivy","Hidden Blade","construct:SpinDrive","Envenom","Accuracy","Accuracy"],"relics":["Ring of the Snake","EVO:Axolotl","REME_ComplimentaryCards","Thread and Needle","ReplayTheSpireMod:Ring of Exchange","Ring of Misfortune","hubris:Towel","trackpad:CultistFigurine","Runesmith:AutoHammer","trackpad:BottledShadow"],"acts_visited":["Exordium"],"potions_floor_usage":[5],"damage_taken":[{"damage":0,"enemies":"Jaw Worm","floor":1,"turns":4},{"damage":1,"enemies":"Small Slimes","floor":5,"turns":3},{"damage":5,"enemies":"Gremlin Nob","floor":7,"turns":4},{"damage":5,"enemies":"Replay:BlueRogue","floor":10,"turns":3},{"damage":68,"enemies":"Gremlin Nob","floor":12,"turns":3}],"seed_played":"-4977986584134639691","potions_obtained":[{"floor":5,"key":"REME_GoldPotion"}],"is_trial":true,"path_per_floor":["M","?","?","?","M","R","E","$","T","E","R","E"],"character_chosen":"THE_SILENT","items_purchased":["Accuracy"],"campfire_rested":0,"item_purchase_floors":[8],"current_hp_per_floor":[70,70,70,70,69,69,64,64,64,59,59,0,0],"gold":93,"neow_bonus":"","is_daily":false,"chose_seed":false,"campfire_upgraded":2,"win_rate":0.0,"timestamp":1610331957,"path_taken":["M","?","?","?","M","R","E","$","T","E","R","E"],"items_purchased_type":["Card"],"build_version":"2020-12-22","purchased_purges":1,"victory":false,"max_hp_per_floor":[70,70,70,70,70,70,70,70,70,70,70,70,70],"card_choices":[{"not_picked":["Quick Slash","jedi:acidrain"],"picked":"Hidden Blade","floor":1},{"not_picked":["PiercingWail","Dagger Throw","Blur"],"picked":"SKIP","floor":5},{"not_picked":["jedi:rejectivetoxin","Unload"],"picked":"Envenom","floor":7},{"not_picked":["REME_GrazeFinale","ReplayTheSpireMod:From All Sides","A Thousand Cuts"],"picked":"SKIP","floor":10}],"player_experience":374729,"relics_obtained":[{"floor":2,"key":"ReplayTheSpireMod:Ring of Exchange"},{"floor":2,"key":"Ring of Misfortune"},{"floor":7,"key":"trackpad:CultistFigurine"},{"floor":9,"key":"Runesmith:AutoHammer"},{"floor":10,"key":"trackpad:BottledShadow"}],"event_choices":[{"damage_healed":0,"gold_gain":0,"player_choice":"Upgraded","damage_taken":0,"max_hp_gain":0,"max_hp_loss":0,"event_name":"Upgrade Shrine","floor":4,"gold_loss":0,"cards_upgraded":["Setup"]}],"is_beta":false,"boss_relics":[],"items_purged_floors":[8],"is_endless":false,"potions_floor_spawned":[5],"killed_by":"Gremlin Nob","ascension_level":0}}