{"host":"m1168lp3vv5pgdep","time":1610376048,"event":{"mods":["Act Like it!","Aspiration","BaseMod","Better Altar","Better Match","Better Sensory Stone","Better Skull","Better Third Choice","Block Reminder","CCEM","Curses Come First","Elementarium","Gensokyo","GungeonMod","Hallownest","Hermit","Hubris","Menagerie","Minty Spire (QoL Compilation)","Pale of the Ancients","Permanent Neow","Quick Restart","Small Relic Pack","Spicy Shops","StSLib","The Bug Knight","The Forsaken","The Marked","Wandering Minibosses","WarShipGirlsR/????R mod"],"gold_per_floor":[114,43,43,57,75,25,42,68,118,118,136,136,167,177,177,281,281,298,318,108,121,137,170,170,170],"floor_reached":24,"playtime":2523,"items_purged":["Strike_G","Strike_G"],"score":268,"play_id":"f7ede6b3-feaa-4591-89b9-c76b534e1b8a","local_time":"20210111144048","is_ascension_mode":true,"campfire_choices":[{"floor":10,"key":"RECALL"},{"data":"Blade Dance","floor":15,"key":"SMITH"}],"circlet_count":0,"master_deck":["Strike_G","Strike_G","Defend_G","Defend_G","Defend_G","Defend_G","Defend_G","Survivor","Neutralize","Slice","A Thousand Cuts+1","Blade Dance+1","Acrobatics","Dodge and Roll","Quick Slash","Cloak And Dagger+1","Dagger Spray","Storm of Steel","hubris:Sniper","Accuracy"],"relics":["Ring of the Snake","aspiration:Nostalgia","PureWater","Dead Branch","Mango","DemoMod:WeirdEgg"],"acts_visited":["Exordium","TheCity"],"potions_floor_usage":[16,23],"damage_taken":[{"damage":0,"enemies":"Small Slimes","floor":1,"turns":4},{"damage":0,"enemies":"Cultist","floor":4,"turns":3},{"damage":3,"enemies":"Jaw Worm","floor":5,"turns":3},{"damage":0,"enemies":"Large Slime","floor":7,"turns":4},{"damage":22,"enemies":"Gremlin Nob","floor":8,"turns":5},{"damage":3,"enemies":"Red Slaver","floor":11,"turns":3},{"damage":3,"enemies":"3 Sentries","floor":13,"turns":4},{"damage":0,"enemies":"Looter","floor":14,"turns":3},{"damage":22,"enemies":"Slime Boss","floor":16,"turns":6},{"damage":0,"enemies":"3 Byrds","floor":18,"turns":2},{"damage":3,"enemies":"Chosen","floor":19,"turns":3},{"damage":9,"enemies":"3 Cultists","floor":21,"turns":6},{"damage":15,"enemies":"Centurion and Healer","floor":22,"turns":3},{"damage":40,"enemies":"Gremlin Leader","floor":23,"turns":5},{"damage":17,"enemies":"Snake Plant","floor":24,"turns":3}],"seed_played":"-4924693805736484430","potions_obtained":[{"floor":8,"key":"PowerPotion"},{"floor":11,"key":"GamblersBrew"},{"floor":13,"key":"Poison Potion"},{"floor":14,"key":"FearPotion"},{"floor":19,"key":"BlessingOfTheForge"}],"is_trial":false,"path_per_floor":["M","$","?","M","M","?","M","E","T","R","M","?","E","M","R","B",null,"M","M","$","M","M","E","M"],"character_chosen":"THE_SILENT","items_purchased":["A Thousand Cuts","Accuracy"],"campfire_rested":0,"item_purchase_floors":[2,20],"current_hp_per_floor":[70,70,70,70,67,67,67,45,45,45,42,42,53,53,53,31,84,84,81,81,72,57,17,0,0],"gold":170,"neow_bonus":"NOSTALGIA","is_daily":false,"chose_seed":false,"campfire_upgraded":1,"win_rate":0.0,"timestamp":1610376048,"path_taken":["M","$","?","?","M","?","M","E","T","R","M","?","E","M","R","BOSS","M","M","$","M","M","E","M"],"items_purchased_type":["Card","Card"],"build_version":"2020-12-22","purchased_purges":2,"victory":false,"max_hp_per_floor":[70,70,70,70,70,70,70,70,70,70,70,70,84,84,84,84,84,84,84,84,84,84,84,84,84],"card_choices":[{"not_picked":["Prepared","Dagger Throw"],"picked":"Slice","floor":1},{"not_picked":["Poisoned Stab","Reflex"],"picked":"Blade Dance","floor":4},{"not_picked":["PiercingWail","hubris:Counter"],"picked":"Acrobatics","floor":5},{"not_picked":["Bane","Blur"],"picked":"Dodge and Roll","floor":7},{"not_picked":["Blur","Eviscerate"],"picked":"Quick Slash","floor":8},{"not_picked":["Dagger Throw","A Thousand Cuts"],"picked":"Cloak And Dagger","floor":11},{"not_picked":["Acrobatics","Escape Plan"],"picked":"Dagger Spray","floor":13},{"not_picked":["Backflip","hubris:Counter","Flying Knee"],"picked":"SKIP","floor":14},{"not_picked":["Bullet Time","aspiration:Lunge"],"picked":"Storm of Steel","floor":16},{"not_picked":["Poisoned Stab","Blur"],"picked":"hubris:Sniper","floor":18},{"not_picked":["Outmaneuver","Dodge and Roll","hubris:TrickCloak"],"picked":"SKIP","floor":19},{"not_picked":["Poisoned Stab","Catalyst","Noxious Fumes+1"],"picked":"SKIP","floor":21},{"not_picked":["Deflect","Riddle With Holes","Bane"],"picked":"SKIP","floor":22},{"not_picked":["Poisoned Stab+1","Well Laid Plans","Deflect"],"picked":"SKIP","floor":23}],"player_experience":171563,"relics_obtained":[{"floor":8,"key":"Dead Branch"},{"floor":13,"key":"Mango"},{"floor":23,"key":"DemoMod:WeirdEgg"}],"event_choices":[{"damage_healed":0,"gold_gain":0,"player_choice":"Upgraded","damage_taken":0,"max_hp_gain":0,"max_hp_loss":0,"event_name":"Upgrade Shrine","floor":3,"gold_loss":0,"cards_upgraded":["A Thousand Cuts"]},{"cards_removed":["Strike_G"],"damage_healed":0,"gold_gain":0,"player_choice":"Card Removal","damage_taken":0,"max_hp_gain":0,"max_hp_loss":0,"event_name":"The Cleric","floor":6,"gold_loss":50},{"damage_healed":0,"gold_gain":0,"player_choice":"Grow","damage_taken":0,"max_hp_gain":0,"max_hp_loss":0,"event_name":"Living Wall","floor":12,"gold_loss":0,"cards_upgraded":["Cloak And Dagger"]}],"is_beta":false,"boss_relics":[{"not_picked":["Ectoplasm","hubris:HollowSoul","Velvet Choker"]}],"items_purged_floors":[20,20],"is_endless":false,"potions_floor_spawned":[8,11,13,14,19],"killed_by":"Snake Plant","ascension_level":1}}