{"host":"hgppx942rrnelsya","time":1610407271,"event":{"mods":["Act Like it!","BaseMod","Friendly Minions","Gensokyo","GifTheSpireLib","Hallownest","KinomotoSakuraMod(????)","Koishi","Marisa????????","Minty Spire (QoL Compilation)","Prisma Mod","Remilia??????","StSLib","The Alterego","The Animator","The Forsaken","The Hierophant","The Mystic","The Runesmith","The Servant 0.9.4"],"gold_per_floor":[116,116,129,139,156,190,207,207,207,207,233,247,265,225,225,322,322,339,64,64,83,98,98,128,146,146,146,146,171,171,191,191,296,296,313,313,413,112,112,139,39,39,63,75,87,110,154,182,194,206,206],"floor_reached":50,"playtime":2579,"items_purged":["Purity","RealityMarble"],"score":672,"play_id":"00b56f8f-bd7d-48c0-bac2-31a4fd252abc","local_time":"20210111232111","is_ascension_mode":false,"campfire_choices":[{"floor":8,"key":"REST"},{"floor":10,"key":"REST"},{"floor":15,"key":"REST"},{"floor":23,"key":"REST"},{"floor":28,"key":"REST"},{"floor":30,"key":"REST"},{"floor":32,"key":"REST"},{"floor":42,"key":"REST"},{"floor":49,"key":"REST"}],"circlet_count":0,"master_deck":["Strike_S","Strike_S","Strike_S","Strike_S","Defend_S","Defend_S","Defend_S","Defend_S","KidneyShot","Exchange","Spin+1","Rewind","DoubleEdge","Reset","Ricochet","TimeWarp","Rearm","Read","Hightail","FlawlessForm","Rearm","MoonPhase","Swift Strike","Collapse","Sunlight","DoubleEdge","ShatteredReality","BottledTime","Defy","KillingDoll","CurseOfTheBell","DualDimension+1","KidneyShot","Barrier+1","BottledTime+1","Unruled+1","Parasite","GearUp"],"relics":["Uniform","NeowsBlessing","Potion Belt","MealTicket","Pen Nib","Fusion Hammer","Bottled Lightning","Juzu Bracelet","Calling Bell","Strawberry","Mercury Hourglass","CaptainsWheel","Boot","MawBank","Girya"],"acts_visited":["Exordium","TheCity","TheBeyond"],"potions_floor_usage":[6,11,12,16,16,25,27,27,33,33,39,39,47,47,50,50,50,50],"damage_taken":[{"damage":0,"enemies":"Jaw Worm","floor":1,"turns":1},{"damage":0,"enemies":"Cultist","floor":3,"turns":1},{"damage":0,"enemies":"Small Slimes","floor":4,"turns":1},{"damage":11,"enemies":"Red Slaver","floor":5,"turns":2},{"damage":24,"enemies":"3 Sentries","floor":6,"turns":6},{"damage":20,"enemies":"Exordium Thugs","floor":7,"turns":4},{"damage":21,"enemies":"Lagavulin","floor":11,"turns":5},{"damage":7,"enemies":"Lots of Slimes","floor":12,"turns":2},{"damage":7,"enemies":"Looter","floor":13,"turns":2},{"damage":12,"enemies":"Slime Boss","floor":16,"turns":12},{"damage":0,"enemies":"Chosen","floor":18,"turns":5},{"damage":6,"enemies":"3 Byrds","floor":21,"turns":5},{"damage":4,"enemies":"Centurion and Healer","floor":22,"turns":6},{"damage":18,"enemies":"Book of Stabbing","floor":24,"turns":7},{"damage":16,"enemies":"Snake Plant","floor":25,"turns":4},{"damage":23,"enemies":"Gremlin Leader","floor":27,"turns":5},{"damage":15,"enemies":"Slavers","floor":29,"turns":2},{"damage":0,"enemies":"Sentry and Sphere","floor":31,"turns":4},{"damage":11,"enemies":"Automaton","floor":33,"turns":12},{"damage":29,"enemies":"3 Shapes","floor":35,"turns":3},{"damage":1,"enemies":"3 Darklings","floor":39,"turns":4},{"damage":0,"enemies":"Giant Head","floor":40,"turns":8},{"damage":20,"enemies":"4 Shapes","floor":46,"turns":4},{"damage":0,"enemies":"Nemesis","floor":47,"turns":12},{"damage":15,"enemies":"Writhing Mass","floor":48,"turns":8},{"damage":53,"enemies":"Awakened One","floor":50,"turns":4}],"seed_played":"2421172588779518648","potions_obtained":[{"floor":1,"key":"Ancient Potion"},{"floor":3,"key":"Strength Potion"},{"floor":6,"key":"GamblersBrew"},{"floor":14,"key":"DistilledChaos"},{"floor":14,"key":"GamblersBrew"},{"floor":14,"key":"SmokeBomb"},{"floor":16,"key":"Swift Potion"},{"floor":18,"key":"SpeedPotion"},{"floor":24,"key":"ColorlessPotion"},{"floor":31,"key":"SkillPotion"},{"floor":35,"key":"Swift Potion"},{"floor":40,"key":"Ancient Potion"},{"floor":46,"key":"AttackPotion"},{"floor":48,"key":"AttackPotion"}],"is_trial":false,"path_per_floor":["M","?","M","M","M","E","M","R","T","R","E","M","M","?","R","B",null,"M","$","?","M","M","R","E","M","T","E","R","E","R","M","R","B",null,"M","?","?","$","M","E","$","R","T","?","$","M","E","M","R","B"],"character_chosen":"THE_SERVANT","items_purchased":["DuplicationPotion","Rearm","MoonPhase","Swift Strike","Fire Potion","SmokeBomb","LiquidMemories"],"campfire_rested":9,"item_purchase_floors":[19,19,19,19,38,38,38],"current_hp_per_floor":[65,65,65,65,54,30,10,29,29,48,27,20,13,13,32,20,65,65,65,65,59,55,65,47,31,31,8,27,12,31,31,50,39,72,43,43,43,58,57,57,72,72,72,68,68,48,48,33,53,0,0],"gold":206,"neow_bonus":"THREE_ENEMY_KILL","is_daily":false,"chose_seed":false,"campfire_upgraded":0,"win_rate":0.0,"timestamp":1610407271,"path_taken":["M","?","M","M","?","E","M","R","T","R","E","M","M","?","R","BOSS","M","$","?","M","?","R","E","?","T","E","R","E","R","M","R","BOSS","M","?","?","?","M","E","$","R","T","?","?","M","E","M","R","BOSS"],"items_purchased_type":["Potion","Card","Card","Card","Potion","Potion","Potion"],"build_version":"2020-12-22","purchased_purges":2,"victory":false,"max_hp_per_floor":[65,65,65,65,65,65,65,65,65,65,65,65,65,65,65,65,65,65,65,65,65,65,65,65,65,65,65,65,65,65,65,65,65,72,72,72,72,72,72,72,72,72,72,68,68,68,68,68,68,68,68],"card_choices":[{"not_picked":["WasteNot","Desolation"],"picked":"Spin","floor":1},{"not_picked":["ShiftingGears","StarChef"],"picked":"Rewind","floor":3},{"not_picked":["Alleviate","Contraction"],"picked":"DoubleEdge","floor":4},{"not_picked":["Starlight","BestPractice"],"picked":"Reset","floor":5},{"not_picked":["SoulSculpture","DoubleEdge"],"picked":"Ricochet","floor":6},{"not_picked":["DoubleEdge","BottledTime"],"picked":"TimeWarp","floor":7},{"not_picked":["Starlight","Revamp"],"picked":"Rearm","floor":11},{"not_picked":["ShatteredReality","Potential"],"picked":"Read","floor":12},{"not_picked":["BottledTime","Spin"],"picked":"Hightail","floor":13},{"not_picked":["SoulSculpture","ForgedInTime"],"picked":"FlawlessForm","floor":16},{"not_picked":["Gouge","BottledTime+1"],"picked":"Replace+1","floor":18},{"not_picked":["Ricochet","Advance"],"picked":"Collapse","floor":21},{"not_picked":["Replace+1","FastForward+1"],"picked":"Sunlight","floor":22},{"not_picked":["SurpressingFire","TimeWarp"],"picked":"DoubleEdge","floor":24},{"not_picked":["Rearm","Read"],"picked":"ShatteredReality","floor":25},{"not_picked":["Reset","Read"],"picked":"BottledTime","floor":29},{"not_picked":["WasteNot","Ricochet"],"picked":"Defy","floor":31},{"not_picked":["PendulumOfEternity","TheWorld"],"picked":"KillingDoll","floor":33},{"not_picked":["BottledTime+1","ShatteredReality"],"picked":"DualDimension+1","floor":35},{"not_picked":["ShatteredReality","KillingDoll"],"picked":"Barrier+1","floor":40},{"not_picked":["TimeWarp","DoubleEdge"],"picked":"BottledTime+1","floor":46},{"not_picked":["LightFlow","Rearm"],"picked":"Unruled+1","floor":47},{"not_picked":["FastForward+1","Misdirection"],"picked":"GearUp","floor":48}],"player_experience":38476,"relics_obtained":[{"floor":6,"key":"Potion Belt"},{"floor":9,"key":"MealTicket"},{"floor":11,"key":"Pen Nib"},{"floor":24,"key":"Bottled Lightning"},{"floor":29,"key":"Juzu Bracelet"},{"floor":34,"key":"Strawberry"},{"floor":34,"key":"Mercury Hourglass"},{"floor":34,"key":"CaptainsWheel"},{"floor":40,"key":"Boot"},{"floor":43,"key":"MawBank"},{"floor":47,"key":"Girya"}],"event_choices":[{"damage_healed":0,"gold_gain":0,"player_choice":"Upgraded","damage_taken":0,"max_hp_gain":0,"max_hp_loss":0,"event_name":"Upgrade Shrine","floor":2,"gold_loss":0,"cards_upgraded":["Spin"]},{"damage_healed":0,"gold_gain":0,"player_choice":"Bought 3 Potions","damage_taken":0,"max_hp_gain":0,"max_hp_loss":0,"event_name":"The Woman in Blue","floor":14,"gold_loss":0},{"cards_removed":["Replace"],"damage_healed":5,"gold_gain":0,"player_choice":"Offered Common","damage_taken":0,"max_hp_gain":0,"max_hp_loss":0,"event_name":"Bonfire Elementals","floor":20,"gold_loss":0},{"cards_removed":["Replace"],"damage_healed":5,"gold_gain":0,"player_choice":"Offered Special","damage_taken":0,"max_hp_gain":0,"max_hp_loss":0,"event_name":"Bonfire Elementals","floor":20,"gold_loss":0},{"damage_healed":0,"gold_gain":0,"player_choice":"3 cards matched","damage_taken":0,"max_hp_gain":0,"max_hp_loss":0,"event_name":"Match and Keep!","floor":36,"gold_loss":0,"cards_obtained":["RealityMarble","KidneyShot","Purity"]},{"damage_healed":0,"gold_gain":100,"player_choice":"Pray","damage_taken":0,"max_hp_gain":0,"max_hp_loss":0,"event_name":"Golden Shrine","floor":37,"gold_loss":0},{"damage_healed":0,"gold_gain":0,"player_choice":"Max HP","damage_taken":0,"max_hp_gain":0,"max_hp_loss":4,"event_name":"Winding Halls","floor":44,"gold_loss":0}],"is_beta":false,"boss_relics":[{"not_picked":["Snecko Eye","Runic Pyramid"],"picked":"Fusion Hammer"},{"not_picked":["MysterySword","Coffee Dripper"],"picked":"Calling Bell"}],"items_purged_floors":[38,41],"is_endless":false,"potions_floor_spawned":[1,3,6,16,18,24,31,35,40,46,48],"killed_by":"Awakened One","ascension_level":0}}