{"host":"qdfumeom6htv8yxl","time":1610405467,"event":{"mods":["AchievementEnabler","BaseMod","Bestiary","Block Reminder","Minty Spire (QoL Compilation)","Quick Restart","Relic Stats"],"gold_per_floor":[115,28,43,56,56,56,89,89,89,114,79,79,79,91,91,168,168,184,184,12,12,12,12,37,37,107,7,24,55,74,87,87,164,164,176,191,191,211,211,211,222,222,222,222,257,257,268,295,295,295],"floor_reached":51,"playtime":6365,"items_purged":["Strike_B","Defend_B"],"score":1227,"play_id":"6906a083-8cdf-4718-b04c-6d7f16095468","local_time":"20210111165107","is_ascension_mode":true,"campfire_choices":[{"data":"Defragment","floor":6.0,"key":"SMITH"},{"data":"Defragment","floor":8.0,"key":"SMITH"},{"data":"Coolheaded","floor":12.0,"key":"SMITH"},{"floor":15.0,"key":"REST"},{"data":"Self Repair","floor":23.0,"key":"SMITH"},{"data":"Reinforced Body","floor":25.0,"key":"SMITH"},{"data":"Seek","floor":32.0,"key":"SMITH"},{"data":"Machine Learning","floor":40.0,"key":"SMITH"},{"data":"Static Discharge","floor":42,"key":"SMITH"},{"data":"Amplify","floor":44,"key":"SMITH"},{"data":"Coolheaded","floor":49,"key":"SMITH"}],"circlet_count":0,"master_deck":["AscendersBane","Strike_B","Strike_B","Defend_B+1","Defend_B","Defend_B+1","Zap","Dualcast","Ball Lightning","Defragment+1","Coolheaded+1","Doom and Gloom","Defragment+1","Sweeping Beam","Conserve Battery","Reinforced Body+1","Amplify+1","Self Repair+1","Heatsinks","Cold Snap","Ball Lightning","Static Discharge+1","Barrage","Seek+1","Hologram+1","Coolheaded+1","Machine Learning+1","Redo+1","Coolheaded"],"relics":["Nuclear Battery","Mummified Hand","Pantograph","Bag of Marbles","Inserter","MealTicket","Darkstone Periapt","Strawberry","Snecko Eye","Thread and Needle","Mercury Hourglass","Calipers"],"acts_visited":["Exordium","TheCity","TheBeyond"],"potions_floor_usage":[41,48,50],"damage_taken":[{"damage":13.0,"enemies":"Jaw Worm","floor":1.0,"turns":5.0},{"damage":0.0,"enemies":"Small Slimes","floor":3.0,"turns":3.0},{"damage":0.0,"enemies":"Cultist","floor":4.0,"turns":3.0},{"damage":20.0,"enemies":"Lagavulin","floor":7.0,"turns":5.0},{"damage":11.0,"enemies":"3 Sentries","floor":10.0,"turns":5.0},{"damage":0.0,"enemies":"2 Fungi Beasts","floor":14.0,"turns":3.0},{"damage":2.0,"enemies":"The Guardian","floor":16.0,"turns":10.0},{"damage":29.0,"enemies":"Shell Parasite","floor":18.0,"turns":4.0},{"damage":11.0,"enemies":"Gremlin Leader","floor":24.0,"turns":8.0},{"damage":5.0,"enemies":"Chosen","floor":28.0,"turns":4.0},{"damage":32.0,"enemies":"Book of Stabbing","floor":29.0,"turns":5.0},{"damage":3.0,"enemies":"Snecko","floor":30.0,"turns":5.0},{"damage":21.0,"enemies":"Sentry and Sphere","floor":31.0,"turns":3.0},{"damage":35.0,"enemies":"Collector","floor":33.0,"turns":7.0},{"damage":0.0,"enemies":"3 Shapes","floor":35.0,"turns":4.0},{"damage":0.0,"enemies":"3 Darklings","floor":36.0,"turns":4.0},{"damage":0.0,"enemies":"Maw","floor":38.0,"turns":8.0},{"damage":6,"enemies":"Transient","floor":41,"turns":5},{"damage":31,"enemies":"Nemesis","floor":45,"turns":7},{"damage":1,"enemies":"Sphere and 2 Shapes","floor":47,"turns":3},{"damage":19,"enemies":"Reptomancer","floor":48,"turns":4},{"damage":42,"enemies":"Awakened One","floor":50,"turns":14}],"seed_played":"1196694902846904304","potions_obtained":[{"floor":3.0,"key":"SkillPotion"},{"floor":14.0,"key":"EssenceOfSteel"},{"floor":28.0,"key":"FocusPotion"},{"floor":29.0,"key":"Explosive Potion"},{"floor":36.0,"key":"Weak Potion"},{"floor":45,"key":"Weak Potion"},{"floor":47,"key":"Swift Potion"}],"is_trial":false,"path_per_floor":["M","$","M","M","?","R","E","R","T","E","?","R","?","M","R","B",null,"M","?","$","?","$","R","E","R","T","$","M","E","M","M","R","B",null,"M","M","?","M","$","R","M","R","T","R","E","?","M","E","R","B",null],"character_chosen":"DEFECT","items_purchased":["Defragment","Coolheaded","Cold Snap","Ball Lightning"],"campfire_rested":1,"item_purchase_floors":[2,2,20,20],"current_hp_per_floor":[51,51,51,51,51,51,31,31,31,20,37,37,16,16,37,60,68,39,39,39,39,39,39,38,38,38,53,58,53,70,59,59,53,72,78,78,78,78,78,78,78,78,78,78,67,67,74,65,65,42],"gold":295,"neow_bonus":"BOSS_RELIC","is_daily":false,"chose_seed":false,"campfire_upgraded":10,"win_rate":0.0,"timestamp":1610405467,"path_taken":["M","$","M","M","?","R","E","R","T","E","?","R","?","M","R","BOSS","M","?","?","?","$","R","E","R","T","$","?","E","?","M","R","BOSS","M","M","?","M","$","R","M","R","T","R","E","?","M","E","R","BOSS"],"items_purchased_type":["Card","Card","Card","Card"],"build_version":"2020-12-22","purchased_purges":2,"victory":true,"max_hp_per_floor":[71,71,71,71,71,71,71,71,71,71,71,71,71,71,71,71,71,71,71,71,71,71,71,71,71,71,71,71,78,78,78,78,78,78,78,78,78,78,78,78,78,78,78,78,78,74,74,74,74,74],"relic_stats":{"Darkstone Periapt":0,"Inserter":[42],"counters":[22,119],"Mummified Hand":[150],"Pantograph":53,"Snecko Eye":[118,109,98,101],"MealTicket":15,"obtain_stats":[{"Darkstone Periapt":26,"Inserter":17,"Calipers":48,"Thread and Needle":43,"Nuclear Battery":0,"Mercury Hourglass":45,"Mummified Hand":7,"Pantograph":9,"Strawberry":29,"Snecko Eye":34,"MealTicket":24,"Bag of Marbles":10,"Cracked Core":0},{"Darkstone Periapt":9,"Inserter":7,"Calipers":21,"Thread and Needle":18,"Nuclear Battery":0,"Mercury Hourglass":19,"Mummified Hand":4,"Pantograph":4,"Strawberry":11,"Snecko Eye":14,"MealTicket":9,"Bag of Marbles":5,"Cracked Core":0},{"Darkstone Periapt":46,"Inserter":34,"Calipers":105,"Thread and Needle":91,"Nuclear Battery":0,"Mercury Hourglass":98,"Mummified Hand":16,"Pantograph":16,"Strawberry":55,"Snecko Eye":70,"MealTicket":46,"Bag of Marbles":21,"Cracked Core":0}],"Mercury Hourglass":[90]},"card_choices":[{"not_picked":["Steam","Barrage"],"picked":"Ball Lightning","floor":1.0},{"not_picked":["Ball Lightning","Reinforced Body"],"picked":"Doom and Gloom","floor":3.0},{"not_picked":["Rebound","Melter"],"picked":"Defragment","floor":4.0},{"not_picked":["Hologram","Go for the Eyes"],"picked":"Sweeping Beam","floor":7.0},{"not_picked":["FTL","Force Field"],"picked":"Conserve Battery","floor":10.0},{"not_picked":["Blizzard","Stack"],"picked":"Reinforced Body","floor":14.0},{"not_picked":["Creative AI","Biased Cognition"],"picked":"Amplify","floor":16.0},{"not_picked":["Compile Driver","Go for the Eyes"],"picked":"Self Repair","floor":18.0},{"not_picked":["Doom and Gloom","Beam Cell"],"picked":"Barrage","floor":24.0},{"not_picked":["Redo","Cold Snap"],"picked":"Seek","floor":28.0},{"not_picked":["Go for the Eyes","Barrage+1"],"picked":"Hologram+1","floor":29.0},{"not_picked":["Chaos","Compile Driver"],"picked":"Coolheaded","floor":30.0},{"not_picked":["Chill","Conserve Battery","Aggregate"],"picked":"SKIP","floor":31.0},{"not_picked":["Multi-Cast","Biased Cognition"],"picked":"Machine Learning","floor":33.0},{"not_picked":["Reprogram","Cold Snap","White Noise+1"],"picked":"SKIP","floor":35.0},{"not_picked":["Cold Snap","Go for the Eyes","Beam Cell"],"picked":"SKIP","floor":36.0},{"not_picked":["Static Discharge","Hologram"],"picked":"Redo+1","floor":38.0},{"not_picked":["Stack","Scrape","Ball Lightning+1"],"picked":"SKIP","floor":41},{"not_picked":["Compile Driver+1","Go for the Eyes","Chaos"],"picked":"SKIP","floor":45},{"not_picked":["Blizzard","Leap","Genetic Algorithm"],"picked":"SKIP","floor":47},{"not_picked":["Self Repair+1","Fission"],"picked":"Coolheaded","floor":48}],"player_experience":1787934,"relics_obtained":[{"floor":7.0,"key":"Mummified Hand"},{"floor":9.0,"key":"Pantograph"},{"floor":10.0,"key":"Bag of Marbles"},{"floor":24.0,"key":"MealTicket"},{"floor":26.0,"key":"Darkstone Periapt"},{"floor":29.0,"key":"Strawberry"},{"floor":43,"key":"Thread and Needle"},{"floor":45,"key":"Mercury Hourglass"},{"floor":48,"key":"Calipers"}],"event_choices":[{"damage_healed":0.0,"max_hp_gain":0.0,"max_hp_loss":0.0,"gold_gain":0.0,"event_name":"Liars Game","player_choice":"Ignored","floor":5.0,"gold_loss":0.0,"damage_taken":0.0},{"damage_healed":17.0,"max_hp_gain":0.0,"max_hp_loss":0.0,"gold_gain":0.0,"event_name":"The Cleric","player_choice":"Healed","floor":11.0,"gold_loss":35.0,"damage_taken":0.0},{"damage_healed":0.0,"max_hp_gain":0.0,"max_hp_loss":0.0,"gold_gain":0.0,"event_name":"Shining Light","player_choice":"Entered Light","floor":13.0,"gold_loss":0.0,"damage_taken":21.0,"cards_upgraded":["Defend_B","Defend_B"]},{"damage_healed":0.0,"max_hp_gain":0.0,"max_hp_loss":0.0,"gold_gain":0.0,"cards_transformed":["Strike_B"],"event_name":"Transmorgrifier","player_choice":"Transformed","floor":19.0,"gold_loss":0.0,"damage_taken":0.0,"cards_obtained":["Heatsinks"]},{"damage_healed":0.0,"max_hp_gain":0.0,"max_hp_loss":0.0,"gold_gain":0.0,"event_name":"Match and Keep!","player_choice":"1 cards matched","floor":21.0,"gold_loss":0.0,"damage_taken":0.0,"cards_obtained":["Static Discharge"]},{"damage_healed":0.0,"max_hp_gain":0.0,"max_hp_loss":0.0,"gold_gain":0.0,"event_name":"Tomb of Lord Red Mask","player_choice":"Ignored","floor":37.0,"gold_loss":0.0,"damage_taken":0.0},{"damage_healed":0,"gold_gain":0,"player_choice":"Max HP","damage_taken":0,"max_hp_gain":0,"max_hp_loss":4,"event_name":"Winding Halls","floor":46,"gold_loss":0}],"is_beta":false,"boss_relics":[{"not_picked":["SacredBark","SlaversCollar"],"picked":"Inserter"},{"not_picked":["Busted Crown","Runic Dome"],"picked":"Snecko Eye"}],"items_purged_floors":[20,27],"is_endless":false,"potions_floor_spawned":[3,14,28,29,30,36,45,47],"ascension_level":15}}