{"host":"qytbi1suova0trfd","time":1610372246,"event":{"mods":["ATMod(∞¢Ë™Mod)","Act Like it!","BaseMod","Downfall","Energized Spire","Gensokyo","Hallownest","Marisa£®ÏF”Í°°ƒß¿Ì…≥£©","Minty Spire (QoL Compilation)","Reimu£®≤©¿ˆ¡È√Œ£©","StSLib","Td1madao Mod","The Bug Knight"],"gold_per_floor":[99,116,128,303,320,334,359,809,769,780,780,516,441,466,479,580,580,505,521,521,585,585,598,598,612,537,552,271,271,284,134,153,253,253,253,263,274,322,341,341,341,391,391,410,427,451,461,461,480,480,480,505,44,44,44],"floor_reached":56,"playtime":3314,"items_purged":["Doubt","Slimebound:Icky","Slimebound:Icky","Slimebound:Icky"],"score":1778,"play_id":"ac6838ed-ffa0-4301-9e8e-bb3d9f7c0f16","local_time":"20210111213726","is_ascension_mode":false,"campfire_choices":[{"floor":1.0,"key":"RECALL"},{"data":"Guardian:PrismaticBeam","floor":11.0,"key":"SMITH"},{"data":"Guardian:TwinSlam","floor":13.0,"key":"SMITH"},{"data":"Guardian:BaubleBeam","floor":18.0,"key":"SMITH"},{"data":"Guardian:CurlUp","floor":26.0,"key":"SMITH"},{"data":"AT_EmpoweredMortalDraw","floor":35.0,"key":"SMITH"},{"data":"Guardian:Strike_Guardian","floor":43.0,"key":"SMITH"},{"data":"Guardian:VentSteam","floor":54.0,"key":"SMITH"}],"circlet_count":0,"master_deck":["Guardian:Strike_Guardian","Guardian:Strike_Guardian+1","Guardian:Strike_Guardian","Guardian:Defend_Guardian","Guardian:Defend_Guardian","Guardian:Defend_Guardian","Guardian:CurlUp+1","Guardian:TwinSlam+1","Guardian:PrismaticBeam+1","Guardian:BaubleBeam+1","Guardian:ShieldSpikes+1","Guardian:CrystalBeam+1","Guardian:ChargeCore+1","Guardian:PrismaticBeam+1","AT_EmpoweredMortalDraw+1","Guardian:PiercingHide","Guardian:VentSteam+1","Guardian:StasisStrike"],"relics":["Guardian:ModeShifter","AT_ATBox","Bronze Scales","PaintedHorse:ReiMu","AT_BladeRuinedKing","downfall:HeartBlessingRed","Potion Belt","Astrolabe","downfall:HeartBlessingGreen","Omamori","downfall:HeartBlessingBlue","Vajra","AT_MortalBlade","FossilizedHelix","InkBottle","Calipers","Bag of Preparation","Lantern","Torii"],"acts_visited":["Exordium","TheCity","TheBeyond","TheEnding"],"potions_floor_usage":[55,55,55,55],"damage_taken":[{"damage":3.0,"enemies":"2 Louse","floor":2.0,"turns":2.0},{"damage":0.0,"enemies":"Small Slimes","floor":3.0,"turns":3.0},{"damage":0.0,"enemies":"Jaw Worm","floor":5.0,"turns":5.0},{"damage":8.0,"enemies":"Exordium Thugs","floor":6.0,"turns":9.0},{"damage":0.0,"enemies":"Gremlin Gang","floor":10.0,"turns":5.0},{"damage":0.0,"enemies":"downfall:FleeingMerchant","floor":12.0,"turns":4.0},{"damage":8.0,"enemies":"Lagavulin","floor":14.0,"turns":4.0},{"damage":1.0,"enemies":"Blue Slaver","floor":15.0,"turns":2.0},{"damage":32.0,"enemies":"downfall:Defect","floor":16.0,"turns":5.0},{"damage":0.0,"enemies":"Spheric Guardian","floor":19.0,"turns":3.0},{"damage":15.0,"enemies":"downfall:FleeingMerchant","floor":21.0,"turns":4.0},{"damage":0.0,"enemies":"Shell Parasite","floor":23.0,"turns":2.0},{"damage":0.0,"enemies":"Snake Plant","floor":25.0,"turns":2.0},{"damage":0.0,"enemies":"Cultist and Chosen","floor":27.0,"turns":3.0},{"damage":7.0,"enemies":"Centurion and Healer","floor":30.0,"turns":5.0},{"damage":0.0,"enemies":"Sentry and Sphere","floor":32.0,"turns":3.0},{"damage":6.0,"enemies":"downfall:Silent","floor":33.0,"turns":4.0},{"damage":0.0,"enemies":"3 Shapes","floor":36.0,"turns":2.0},{"damage":0.0,"enemies":"3 Darklings","floor":37.0,"turns":3.0},{"damage":15.0,"enemies":"2 Orb Walkers","floor":38.0,"turns":4.0},{"damage":0.0,"enemies":"Maw","floor":39.0,"turns":3.0},{"damage":3.0,"enemies":"Mind Bloom Boss Battle","floor":42.0,"turns":3.0},{"damage":0.0,"enemies":"Jaw Worm Horde","floor":44.0,"turns":2.0},{"damage":0.0,"enemies":"Spire Growth","floor":45.0,"turns":2.0},{"damage":0.0,"enemies":"4 Shapes","floor":47.0,"turns":1.0},{"damage":0.0,"enemies":"Spire Growth","floor":49.0,"turns":2.0},{"damage":0.0,"enemies":"downfall:Ironclad","floor":50.0,"turns":5.0},{"damage":18.0,"enemies":"downfall:CharBossMerchant","floor":52.0,"turns":7.0},{"damage":27,"enemies":"downfall:NeowBoss","floor":55,"turns":25}],"seed_played":"2190022798841324921","potions_obtained":[{"floor":3.0,"key":"SteroidPotion"},{"floor":5.0,"key":"Fire Potion"},{"floor":6.0,"key":"Slimebound:ThreeZeroPotion"},{"floor":23.0,"key":"ZuzhouPotion:ReiMu"},{"floor":27.0,"key":"Strength Potion"},{"floor":30.0,"key":"Regen Potion"},{"floor":37.0,"key":"PowerPotion"},{"floor":39.0,"key":"PowerPotion"},{"floor":42.0,"key":"Fire Potion"}],"is_trial":false,"path_per_floor":["R","M","M","?","M","M","T","?","?","M","R","$","R","E","M","B",null,"R","M","?","$","?","M","T","M","R","M","$","?","M","$","M","B",null,"R","M","M","?","M","?","T","?","R","M","M","T","M","?","M","B",null,"E","$","R","B",null],"character_chosen":"GUARDIAN","items_purchased":["AT_BladeRuinedKing","Guardian:Gem_Green","Omamori","Vajra","Guardian:StasisStrike","Torii"],"campfire_rested":0,"item_purchase_floors":[12,12,21,28,53,53],"current_hp_per_floor":[88,85,85,85,85,77,77,77,77,77,77,77,77,69,68,36,88,88,88,88,73,73,73,73,73,83,83,83,83,76,76,76,70,98,98,98,98,83,83,83,83,80,80,80,80,80,80,80,80,80,98,80,80,80,68],"gold":44,"neow_bonus":"TEN_PERCENT_HP_BONUS","is_daily":false,"chose_seed":false,"campfire_upgraded":7,"win_rate":0.0,"timestamp":1610372246,"path_taken":["R","M","M","?","M","M","T","?","?","?","R","$","R","E","M","BOSS","R","M","?","?","?","M","T","M","R","?","$","?","?","$","M","BOSS","R","M","M","?","M","?","T","?","R","M","M","?","?","?","M","BOSS","E","$","R","BOSS"],"items_purchased_type":["Relic","Card","Relic","Relic","Card","Relic"],"build_version":"2020-12-22","purchased_purges":4,"victory":true,"max_hp_per_floor":[88,88,88,88,88,88,88,88,88,88,88,88,88,88,88,88,88,88,88,88,88,88,88,88,88,98,98,98,98,98,98,98,98,98,98,98,98,98,98,98,98,98,98,98,98,98,98,98,98,98,98,98,98,98,98],"card_choices":[{"not_picked":["Guardian:CrystalBeam","Guardian:BronzeArmor","Guardian:MultiBeam"],"picked":"SKIP","floor":2.0},{"not_picked":["Guardian:TimeCapacitor","Guardian:Gem_Green"],"picked":"Guardian:Gem_Cyan","floor":3.0},{"not_picked":["Guardian:MultiBeam","Guardian:Planning","Guardian:ShieldCharger"],"picked":"SKIP","floor":5.0},{"not_picked":["Guardian:WalkerClaw","Guardian:PolyBeam","Guardian:CrystalBeam"],"picked":"SKIP","floor":6.0},{"not_picked":["Guardian:RollAttack","Guardian:TemporalStrike"],"picked":"Guardian:PrismaticBeam","floor":10.0},{"not_picked":["Guardian:VentSteam","Guardian:Repulse","Guardian:TemporalStrike"],"picked":"SKIP","floor":12.0},{"not_picked":["Guardian:CrystalBeam","Guardian:WalkerClaw"],"picked":"Guardian:BaubleBeam","floor":14.0},{"not_picked":["Guardian:RollAttack","Guardian:Gem_Lightblue"],"picked":"Guardian:Gem_Purple","floor":15.0},{"not_picked":["Guardian:AncientConstruct","Guardian:StasisStrike"],"picked":"Guardian:RevengeProtocol","floor":16.0},{"not_picked":["Guardian:Planning","Guardian:BronzeArmor"],"picked":"Guardian:Gem_Crimson","floor":19.0},{"not_picked":["Guardian:ChargeCore","Guardian:RefractedBeam","Guardian:TemporalStrike"],"picked":"SKIP","floor":21.0},{"not_picked":["Guardian:Gem_Lightblue","Guardian:WalkerClaw+1"],"picked":"Guardian:Gem_Green","floor":23.0},{"not_picked":["Guardian:ShieldCharger","Guardian:TemporalShield"],"picked":"Guardian:Gem_Red","floor":25.0},{"not_picked":["Guardian:PrimingBeam+1","Guardian:ChargeCore+1","Guardian:Incinerate"],"picked":"SKIP","floor":27.0},{"not_picked":["Guardian:Preprogram","Guardian:TemporalStrike+1"],"picked":"Guardian:Gem_Purple","floor":30.0},{"not_picked":["Guardian:SentryBeam","Guardian:ChargeCore+1","Guardian:Recover+1"],"picked":"SKIP","floor":32.0},{"not_picked":["Guardian:Incinerate","Guardian:Suspension+1","Guardian:Recover+1"],"picked":"SKIP","floor":36.0},{"not_picked":["Guardian:TimeCapacitor+1","Guardian:TimeBomb","Guardian:Recover+1"],"picked":"SKIP","floor":37.0},{"not_picked":["Guardian:WalkerClaw","Guardian:TimeBomb","Guardian:PrimingBeam"],"picked":"SKIP","floor":39.0},{"not_picked":["Guardian:PrimingBeam","Guardian:Gem_White"],"picked":"Guardian:Gem_Orange","floor":44.0},{"not_picked":["Guardian:TemporalStrike","Guardian:SpikerProtocol"],"picked":"Guardian:PiercingHide","floor":45.0},{"not_picked":["Guardian:Gem_Lightblue","Guardian:Planning+1"],"picked":"Guardian:VentSteam","floor":47.0},{"not_picked":["Guardian:ChargeCore+1","Guardian:Clone+1","Guardian:VentSteam+1"],"picked":"SKIP","floor":49.0},{"not_picked":["Guardian:PrimingBeam+1","Guardian:TemporalStrike","Guardian:VentSteam"],"picked":"SKIP","floor":52.0}],"player_experience":162802,"relics_obtained":[{"floor":7.0,"key":"Bronze Scales"},{"floor":14.0,"key":"Potion Belt"},{"floor":38.0,"key":"FossilizedHelix"},{"floor":41.0,"key":"InkBottle"},{"floor":42.0,"key":"Calipers"},{"floor":46.0,"key":"Bag of Preparation"},{"floor":52.0,"key":"Lantern"}],"event_choices":[{"damage_healed":0.0,"max_hp_gain":0.0,"max_hp_loss":0.0,"gold_gain":0.0,"event_name":"yidonshenshe","player_choice":"»˚«Æ","floor":9.0,"gold_loss":40.0,"damage_taken":0.0,"relics_obtained":["PaintedHorse:ReiMu"]},{"damage_healed":0.0,"max_hp_gain":0.0,"max_hp_loss":0.0,"gold_gain":0.0,"event_name":"Duplicator","player_choice":"Copied","floor":22.0,"gold_loss":0.0,"damage_taken":0.0,"cards_obtained":["Guardian:PrismaticBeam"]},{"damage_healed":0.0,"max_hp_gain":0.0,"max_hp_loss":0.0,"gold_gain":0.0,"event_name":"Mysterious Sphere","player_choice":"Fight","floor":38.0,"gold_loss":0.0,"damage_taken":0.0}],"is_beta":false,"boss_relics":[{"not_picked":["SacredBark","Tiny House"],"picked":"Astrolabe"},{"not_picked":["Guardian:StasisSlotReductionRelic","Coffee Dripper"],"picked":"AT_MortalBlade"}],"items_purged_floors":[12,21,28,31],"is_endless":false,"potions_floor_spawned":[3,5,6,23,27,30,37,39,42,45,47],"ascension_level":0}}