{"host":"ok3pmhc1fiz31noj","time":1610379914,"event":{"mods":["AchievementEnabler","BaseMod","Colored Map","Colored Powertips","Minty Spire (QoL Compilation)","Quick Restart","Relic Stats","Replay The Spire","StSLib"],"gold_per_floor":[111,41,41,66,141,175,175,194,194,194,12,43,62,97,97,97,97],"floor_reached":16,"playtime":590,"items_purged":["Strike_G"],"score":157,"play_id":"4342fda8-cbd3-406d-bcee-69ec3b6fb281","local_time":"20210111234514","is_ascension_mode":true,"campfire_choices":[{"data":"Defend_G","floor":10,"key":"PURGE"},{"floor":15,"key":"REST"}],"circlet_count":0,"master_deck":["Strike_G","Strike_G","Strike_G","Strike_G","Defend_G","Defend_G","Defend_G","Defend_G","Survivor","Neutralize","Noxious Fumes+1","Bane","Deadly Poison","Outmaneuver"],"relics":["Ring of the Snake","NeowsBlessing","Golden Idol","Kunai","Peace Pipe","Membership Card","Pocketwatch","FossilizedHelix"],"acts_visited":["Exordium"],"potions_floor_usage":[12,12,13],"damage_taken":[{"damage":0,"enemies":"Cultist","floor":1,"turns":1},{"damage":0,"enemies":"Jaw Worm","floor":4,"turns":1},{"damage":0,"enemies":"Lagavulin","floor":6,"turns":1},{"damage":0,"enemies":"Small Slimes","floor":8,"turns":3},{"damage":25,"enemies":"3 Sentries","floor":12,"turns":6},{"damage":4,"enemies":"Gremlin Gang","floor":13,"turns":3},{"damage":30,"enemies":"Gremlin Nob","floor":14,"turns":5},{"damage":29,"enemies":"Fading Forest","floor":16,"turns":8}],"seed_played":"5813024323766428437","potions_obtained":[{"floor":1,"key":"DistilledChaos"},{"floor":4,"key":"Regen Potion"},{"floor":12,"key":"ColorlessPotion"}],"is_trial":false,"path_per_floor":["M","$","?","M","?","E","?","M","T","R","$","E","M","E","R","B"],"character_chosen":"THE_SILENT","items_purchased":["Noxious Fumes","Membership Card"],"campfire_rested":1,"item_purchase_floors":[2,11],"current_hp_per_floor":[70,70,65,65,54,54,54,54,54,54,54,44,40,10,29,0,0],"gold":97,"neow_bonus":"THREE_ENEMY_KILL","is_daily":false,"chose_seed":false,"campfire_upgraded":0,"win_rate":0.0,"timestamp":1610379914,"path_taken":["M","$","?","M","?","E","?","?","T","R","?","E","M","E","R","BOSS"],"items_purchased_type":["Card","Relic"],"build_version":"2020-12-22","purchased_purges":1,"victory":false,"max_hp_per_floor":[70,70,65,65,65,65,65,65,65,65,65,65,65,65,65,65,65],"relic_stats":{"Peace Pipe":1,"counters":[8,28],"Golden Idol":33,"Kunai":[2],"obtain_stats":[{"Peace Pipe":9,"NeowsBlessing":0,"Golden Idol":3,"Kunai":6,"Membership Card":11,"FossilizedHelix":14,"Ring of the Snake":0,"Pocketwatch":12},{"Peace Pipe":4,"NeowsBlessing":0,"Golden Idol":1,"Kunai":3,"Membership Card":4,"FossilizedHelix":7,"Ring of the Snake":0,"Pocketwatch":5},{"Peace Pipe":6,"NeowsBlessing":0,"Golden Idol":1,"Kunai":3,"Membership Card":6,"FossilizedHelix":20,"Ring of the Snake":0,"Pocketwatch":12}],"Ring of the Snake":[16],"Pocketwatch":[18]},"card_choices":[{"not_picked":["Finisher","Setup","Prepared"],"picked":"SKIP","floor":1},{"not_picked":["Sucker Punch","Draining Mist","Blade Dance"],"picked":"SKIP","floor":4},{"not_picked":["Expertise","A Thousand Cuts"],"picked":"Bane","floor":6},{"not_picked":["Blur","Blade Dance","Sucker Punch"],"picked":"SKIP","floor":8},{"not_picked":["Slice","ReplayTheSpireMod:Tripwire"],"picked":"Deadly Poison","floor":12},{"not_picked":["Cloak And Dagger","Dodge and Roll"],"picked":"Outmaneuver","floor":13},{"not_picked":["Underhanded Strike","Quick Slash","Backstab"],"picked":"SKIP","floor":14}],"player_experience":140516,"relics_obtained":[{"floor":6,"key":"Kunai"},{"floor":9,"key":"Peace Pipe"},{"floor":12,"key":"Pocketwatch"},{"floor":14,"key":"FossilizedHelix"}],"event_choices":[{"damage_healed":0,"gold_gain":0,"player_choice":"Lose Max HP","damage_taken":0,"relics_obtained":["Golden Idol"],"max_hp_gain":0,"max_hp_loss":5,"event_name":"Golden Idol","floor":3,"gold_loss":0},{"damage_healed":0,"gold_gain":75,"player_choice":"Gather Gold","damage_taken":11,"max_hp_gain":0,"max_hp_loss":0,"event_name":"World of Goop","floor":5,"gold_loss":0},{"damage_healed":0,"gold_gain":0,"player_choice":"Upgraded","damage_taken":0,"max_hp_gain":0,"max_hp_loss":0,"event_name":"Upgrade Shrine","floor":7,"gold_loss":0,"cards_upgraded":["Noxious Fumes"]}],"is_beta":false,"boss_relics":[],"items_purged_floors":[11],"is_endless":false,"potions_floor_spawned":[1,4,12],"killed_by":"Fading Forest","ascension_level":2}}