{"host":"k5dhp0bkccqfauyu","time":1610371527,"event":{"mods":["BaseMod","Better Note","Better Skull","Better Vampires","Colored Map","Colored Powertips","DeckTracker","Minty Spire (QoL Compilation)","Permanent Neow","StSLib","SuperFastMode"],"gold_per_floor":[117,129,148,73,73,73,103,118,118,137,4,4,4],"floor_reached":12,"playtime":280,"items_purged":["Strike_R"],"score":160,"play_id":"a4c6c427-ee54-43e2-863e-5ee6d9539291","local_time":"20210112002527","is_ascension_mode":true,"campfire_choices":[{"data":"Body Slam","floor":6,"key":"SMITH"}],"circlet_count":0,"master_deck":["AscendersBane","Strike_R","Strike_R","Strike_R","Defend_R","Defend_R","Defend_R","Defend_R","Bash","Body Slam+1","Clothesline","Shockwave","Clash","Whirlwind","Impervious","Disarm","True Grit"],"relics":["SlaversCollar","Du-Vu Doll","Pear"],"acts_visited":["Exordium"],"potions_floor_usage":[12,12],"damage_taken":[{"damage":15,"enemies":"Small Slimes","floor":1,"turns":4},{"damage":6,"enemies":"2 Louse","floor":2,"turns":3},{"damage":6,"enemies":"Cultist","floor":3,"turns":4},{"damage":30,"enemies":"Gremlin Nob","floor":7,"turns":4},{"damage":0,"enemies":"3 Louse","floor":8,"turns":1},{"damage":0,"enemies":"Exordium Wildlife","floor":10,"turns":3},{"damage":21,"enemies":"3 Sentries","floor":12,"turns":6}],"seed_played":"-3629408792518683511","potions_obtained":[{"floor":7,"key":"Strength Potion"},{"floor":8,"key":"Swift Potion"}],"is_trial":false,"path_per_floor":["M","M","M","?","?","R","E","M","T","M","$","E"],"character_chosen":"IRONCLAD","items_purchased":["True Grit"],"campfire_rested":0,"item_purchase_floors":[11],"current_hp_per_floor":[53,47,41,41,41,41,11,11,21,21,21,0,0],"gold":4,"neow_bonus":"BOSS_RELIC","is_daily":false,"chose_seed":false,"campfire_upgraded":1,"win_rate":0.0,"timestamp":1610371527,"path_taken":["M","M","M","?","?","R","E","M","T","M","$","E"],"items_purchased_type":["Card"],"build_version":"2020-12-22","purchased_purges":1,"victory":false,"max_hp_per_floor":[75,75,75,75,75,75,75,75,85,85,85,85,85],"card_choices":[{"not_picked":["Flex","Pummel"],"picked":"Body Slam","floor":1},{"not_picked":["Thunderclap","Havoc"],"picked":"Clothesline","floor":2},{"not_picked":["Wild Strike","Clash"],"picked":"Shockwave","floor":3},{"not_picked":["Carnage","Feel No Pain"],"picked":"Whirlwind","floor":7},{"not_picked":["Feel No Pain","Clash"],"picked":"Impervious","floor":8},{"not_picked":["Whirlwind","Havoc"],"picked":"Disarm","floor":10}],"player_experience":1857940,"relics_obtained":[{"floor":7,"key":"Du-Vu Doll"},{"floor":9,"key":"Pear"}],"event_choices":[{"cards_removed":["Strike_R"],"damage_healed":0,"gold_gain":0,"player_choice":"Card Removal","damage_taken":0,"max_hp_gain":0,"max_hp_loss":0,"event_name":"The Cleric","floor":4,"gold_loss":75},{"damage_healed":0,"gold_gain":0,"player_choice":"1 cards matched","damage_taken":0,"max_hp_gain":0,"max_hp_loss":0,"event_name":"Match and Keep!","floor":5,"gold_loss":0,"cards_obtained":["Clash"]}],"is_beta":false,"boss_relics":[],"items_purged_floors":[11],"is_endless":false,"potions_floor_spawned":[7,8],"killed_by":"3 Sentries","ascension_level":20}}