{"host":"otf1z5955ddlv5pq","time":1610337221,"event":{"mods":["BaseMod","Beaked The Cultist","Better Altar","Better Match","Better Note","Better Sensory Stone","Better Skull","Better Third Choice","Colored Map","Colored Powertips","Downfall","Minty Spire (QoL Compilation)","Rare Cards Sparkle","Replay The Spire","StSLib","The Dragon Tamer"],"gold_per_floor":[115,128,31,41,53,86,86,129,129,161,161,141,141,169,169,294,294,327,327,114,136,11,34,34,69,69,69,101,101,101,132,132,250,250,290,324,363,437,133,133,187,187,187,187,234,59,159,159,159,179],"floor_reached":51,"playtime":4548,"items_purged":["Strike_G","Strike_G","Strike_G","Defend_G","Strike_G"],"score":717,"play_id":"19930aaf-256c-44d9-88c0-d7daebc1df5f","local_time":"20210110195341","is_ascension_mode":true,"campfire_choices":[{"data":"Envenom","floor":11,"key":"SMITH"},{"data":"Footwork","floor":13,"key":"SMITH"},{"data":"Neutralize","floor":15,"key":"SMITH"},{"data":"After Image","floor":24,"key":"SMITH"},{"data":"Cloak And Dagger","floor":27,"key":"SMITH"},{"data":"Cloak And Dagger","floor":32,"key":"SMITH"},{"data":"Terror","floor":40,"key":"SMITH"},{"data":"Dodge and Roll","floor":42,"key":"SMITH"},{"data":"ReplayTheSpireMod:Faulty Equipment","floor":44,"key":"SMITH"},{"data":"Cloak And Dagger","floor":49,"key":"SMITH"}],"circlet_count":0,"master_deck":["Strike_G","Defend_G","Defend_G","Defend_G","Defend_G","Survivor","Neutralize+1","Dodge and Roll+1","Blade Dance","Blade Dance","Envenom+1","Footwork+1","After Image+1","AbeCurse","Cloak And Dagger+1","Cloak And Dagger+1","Accuracy+1","Terror+1","Cloak And Dagger+1","Replay:Bag of Tricks+1","Backstab","Looming Evil","Infinite Blades+1"],"relics":["Ring of the Snake","Replay:Bandana","Vampiric Spirits","Singing Bowl","Abe\u0027s Treasure","Enchiridion","Cursed Key","Basket Of Snakes","Guide Book","Replay:Wax Seal","Snake Skull","Replay:Ringing Soul"],"acts_visited":["Exordium","TheCity","TheBeyond"],"potions_floor_usage":[8,16,16,33,50,50],"damage_taken":[{"damage":0,"enemies":"Cultist","floor":1,"turns":4},{"damage":1,"enemies":"2 Louse","floor":2,"turns":5},{"damage":4,"enemies":"Jaw Worm","floor":4,"turns":4},{"damage":4,"enemies":"Exordium Thugs","floor":5,"turns":8},{"damage":13,"enemies":"Replay:BlueRogue","floor":6,"turns":9},{"damage":9,"enemies":"3 Sentries","floor":8,"turns":8},{"damage":0,"enemies":"Blue Slaver","floor":10,"turns":4},{"damage":0,"enemies":"3 Louse","floor":14,"turns":3},{"damage":22,"enemies":"Fading Forest","floor":16,"turns":11},{"damage":3,"enemies":"Chosen","floor":18,"turns":6},{"damage":2,"enemies":"Shell Parasite","floor":21,"turns":7},{"damage":8,"enemies":"Snake Plant","floor":23,"turns":6},{"damage":2,"enemies":"Centurion and Healer","floor":25,"turns":6},{"damage":11,"enemies":"Snecko","floor":28,"turns":6},{"damage":0,"enemies":"Sentry and Sphere","floor":31,"turns":5},{"damage":5,"enemies":"Champ","floor":33,"turns":10},{"damage":5,"enemies":"3 Darklings","floor":35,"turns":5},{"damage":3,"enemies":"Orb Walker","floor":36,"turns":5},{"damage":17,"enemies":"3 Darklings","floor":37,"turns":5},{"damage":0,"enemies":"Mind Bloom Boss Battle","floor":38,"turns":6},{"damage":17,"enemies":"Nemesis","floor":45,"turns":5},{"damage":53,"enemies":"Time Eater","floor":50,"turns":11}],"seed_played":"4798594029671509316","potions_obtained":[{"floor":4,"key":"Elixir"},{"floor":5,"key":"GamblersBrew"},{"floor":6,"key":"Explosive Potion"},{"floor":12,"key":"Toxic Potion"},{"floor":21,"key":"SmokeBomb"},{"floor":25,"key":"Fire Potion"},{"floor":31,"key":"SteroidPotion"},{"floor":35,"key":"Energy Potion"},{"floor":36,"key":"SteroidPotion"}],"is_trial":false,"path_per_floor":["M","M","$","M","M","E","$","E","T","M","R","?","R","M","R","B",null,"M","?","$","M","$","M","R","M","T","R","M","?","?","M","R","B",null,"M","M","M","?","$","R","?","R","T","R","E","$","?","$","R","B",null],"character_chosen":"THE_SILENT","items_purchased":["Blade Dance","Cloak And Dagger","Accuracy","Guide Book"],"campfire_rested":0,"item_purchase_floors":[3,20,20,39],"current_hp_per_floor":[77,76,76,72,68,55,55,46,46,51,51,51,51,53,53,52,81,80,80,80,81,81,73,73,77,77,77,74,58,58,64,64,65,89,86,90,78,83,83,83,85,85,85,85,78,78,78,78,78,31],"gold":179,"neow_bonus":"TEN_PERCENT_HP_BONUS","is_daily":false,"chose_seed":false,"campfire_upgraded":10,"win_rate":0.0,"timestamp":1610337221,"path_taken":["M","M","$","M","?","E","$","E","T","M","R","?","R","?","R","BOSS","M","?","$","M","$","M","R","M","T","R","M","?","?","M","R","BOSS","M","M","M","?","$","R","?","R","T","R","E","?","?","$","R","BOSS"],"items_purchased_type":["Card","Card","Card","Relic"],"build_version":"2020-12-22","purchased_purges":5,"victory":true,"max_hp_per_floor":[77,77,77,77,77,77,77,77,77,79,79,79,79,81,81,81,81,83,83,83,85,85,85,85,85,85,85,87,87,87,89,89,89,89,91,93,95,95,95,95,97,97,97,97,99,99,99,99,99,99],"card_choices":[{"not_picked":["Prepared","Predator","Flechettes"],"picked":"SKIP","floor":1},{"not_picked":["Sneak Up","Hidden Blade"],"picked":"Dodge and Roll","floor":2},{"not_picked":["Acrobatics","Flying Knee"],"picked":"Blade Dance","floor":4},{"not_picked":["Deadly Poison","Prepared","Sneak Up"],"picked":"SKIP","floor":5},{"not_picked":["Heel Hook","Backflip"],"picked":"Envenom","floor":6},{"not_picked":["Predator","Concentrate"],"picked":"Footwork","floor":8},{"not_picked":["Deflect","Draining Mist","Poisoned Stab"],"picked":"Singing Bowl","floor":10},{"not_picked":["Poisoned Stab","Footwork","Heel Hook"],"picked":"Singing Bowl","floor":14},{"not_picked":["Glass Knife","A Thousand Cuts"],"picked":"After Image","floor":16},{"not_picked":["Quick Slash","Poisoned Stab+1","Outmaneuver+1"],"picked":"Singing Bowl","floor":18},{"not_picked":["Prepared+1","Expertise","Underhanded Strike+1"],"picked":"Singing Bowl","floor":21},{"not_picked":["Prepared","Sneak Up+1"],"picked":"Terror","floor":23},{"not_picked":["Blade Dance","Eviscerate"],"picked":"Cloak And Dagger","floor":25},{"not_picked":["Masterful Stab+1","Deadly Poison+1","Outmaneuver"],"picked":"Singing Bowl","floor":28},{"not_picked":["Replay:Poison Smokescreen+1","Leg Sweep+1","Blur"],"picked":"Singing Bowl","floor":31},{"not_picked":["Tools of the Trade","Wraith Form v2"],"picked":"Replay:Bag of Tricks","floor":33},{"not_picked":["Underhanded Strike+1","Sucker Punch+1","Riddle With Holes"],"picked":"Singing Bowl","floor":35},{"not_picked":["PiercingWail","Blade Dance","Finisher+1"],"picked":"Singing Bowl","floor":36},{"not_picked":["Flying Knee+1","Hidden Blade","Poisoned Stab"],"picked":"Singing Bowl","floor":37},{"not_picked":["Sucker Punch","Deadly Poison"],"picked":"Backstab","floor":38},{"not_picked":["Poisoned Stab+1","PiercingWail"],"picked":"Infinite Blades+1","floor":41},{"not_picked":["Reflex+1","Quick Slash+1","Underhanded Strike+1"],"picked":"Singing Bowl","floor":41},{"not_picked":["Deadly Poison","Cloak And Dagger","Heel Hook+1"],"picked":"Singing Bowl","floor":45}],"player_experience":1170966,"relics_obtained":[{"floor":6,"key":"Replay:Bandana"},{"floor":8,"key":"Vampiric Spirits"},{"floor":9,"key":"Singing Bowl"},{"floor":29,"key":"Enchiridion"},{"floor":38,"key":"Basket Of Snakes"},{"floor":41,"key":"Replay:Wax Seal"},{"floor":43,"key":"Snake Skull"},{"floor":45,"key":"Replay:Ringing Soul"}],"event_choices":[{"damage_healed":0,"gold_gain":0,"player_choice":"Bought 1 Potion","damage_taken":0,"max_hp_gain":0,"max_hp_loss":0,"event_name":"The Woman in Blue","floor":12,"gold_loss":0},{"damage_healed":0,"gold_gain":0,"player_choice":"Ignored","damage_taken":0,"max_hp_gain":0,"max_hp_loss":0,"event_name":"betterNote:BetterNote","floor":19,"gold_loss":0,"cards_obtained":["Footwork"]},{"damage_healed":0,"gold_gain":0,"player_choice":"Obtained Book","damage_taken":16,"max_hp_gain":0,"max_hp_loss":0,"event_name":"Cursed Tome","floor":29,"gold_loss":0},{"damage_healed":0,"gold_gain":0,"player_choice":"Fight","damage_taken":0,"max_hp_gain":0,"max_hp_loss":0,"event_name":"MindBloom","floor":38,"gold_loss":0},{"damage_healed":0,"gold_gain":100,"player_choice":"Pray","damage_taken":0,"max_hp_gain":0,"max_hp_loss":0,"event_name":"Golden Shrine","floor":47,"gold_loss":0}],"is_beta":false,"boss_relics":[{"not_picked":["Runic Pyramid","Painkiller Herb"],"picked":"Abe\u0027s Treasure"},{"not_picked":["Honey Jar","Busted Crown"],"picked":"Cursed Key"}],"items_purged_floors":[3,20,22,39,46],"is_endless":false,"potions_floor_spawned":[4,5,6,21,25,31,35,36,38],"ascension_level":1}}