{"host":"kqe6w2igxc79vo14","time":1610367592,"event":{"mods":["AchievementEnabler","BaseMod","Downfall","Minty Spire (QoL Compilation)","StSLib"],"gold_per_floor":[99,113,124,124,136,136,136,121,138,155,65,65,65,50,70,171,171,121,138,238,338,352,352,376,326,326,344,353,353,303,317,332,428,428,378,390,390,20,35,52,78,28,39,64,106,56,66,87,107,107],"floor_reached":51,"playtime":16630,"items_purged":["Pain"],"score":773,"play_id":"a9d2f15b-5b66-4b0d-947c-6570e54f1e93","local_time":"20210111141952","is_ascension_mode":false,"campfire_choices":[{"data":"Slimebound:Split","floor":1.0,"key":"SMITH"},{"data":"Slimebound:Schlurp","floor":18,"key":"SMITH"},{"data":"Slimebound:LeechEnergy","floor":25,"key":"SMITH"},{"data":"Slimebound:CorrosiveSpit","floor":30,"key":"SMITH"},{"floor":35,"key":"RECALL"},{"floor":42,"key":"REST"},{"floor":46,"key":"REST"}],"circlet_count":0,"master_deck":["Slimebound:Strike_Slimebound","Slimebound:Strike_Slimebound","Slimebound:Tackle","Slimebound:Defend_Slimebound","Slimebound:Defend_Slimebound","Slimebound:Defend_Slimebound","Slimebound:Defend_Slimebound","Slimebound:Split+1","Slimebound:CorrosiveSpit+1","Panache","Slimebound:LeechEnergy+1","Slimebound:Schlurp+1","Slimebound:LevelUp+1","Slimebound:OneTwoCombo","Slimebound:SplitMire","Slimebound:Repurpose","Slimebound:OozeBath","Slimebound:SlimeTap","Slimebound:SplitSpecialist+1","Slimebound:SplitSpecialist","Slimebound:WasteNot","Slimebound:LeadByExample+1","expansioncontent:SuperHexaguard","Slimebound:RainOfGoop+1","Slimebound:Gluttony+1","Slimebound:LeechEnergy"],"relics":["Slimebound:AbsorbEndCombat","WarpedTongs","Singing Bowl","Slimebound:GreedOozeRelic","Slimebound:TarBlob","TungstenRod","Question Card","Nilry\u0027s Codex","Oddly Smooth Stone","Prayer Wheel","Bronze Scales","Fusion Hammer","Medical Kit","PreservedInsect","CeramicFish","Vajra"],"acts_visited":["Exordium","TheCity","TheBeyond"],"potions_floor_usage":[14,28,43,50],"damage_taken":[{"damage":8.0,"enemies":"Small Slimes","floor":2.0,"turns":3.0},{"damage":10.0,"enemies":"Cultist","floor":3.0,"turns":4.0},{"damage":0.0,"enemies":"2 Louse","floor":5.0,"turns":2.0},{"damage":27.0,"enemies":"downfall:FleeingMerchant","floor":8.0,"turns":4.0},{"damage":23.0,"enemies":"2 Fungi Beasts","floor":9.0,"turns":3.0},{"damage":29.0,"enemies":"Blue Slaver","floor":10.0,"turns":3.0},{"damage":18.0,"enemies":"downfall:FleeingMerchant","floor":11.0,"turns":4.0},{"damage":25,"enemies":"downfall:FleeingMerchant","floor":14,"turns":4},{"damage":9,"enemies":"3 Louse","floor":15,"turns":3},{"damage":16,"enemies":"downfall:Defect","floor":16,"turns":4},{"damage":27,"enemies":"Shell Parasite","floor":19,"turns":3},{"damage":43,"enemies":"downfall:Silent","floor":20,"turns":4},{"damage":18,"enemies":"3 Byrds","floor":22,"turns":3},{"damage":21,"enemies":"Snake Plant","floor":27,"turns":3},{"damage":20,"enemies":"downfall:FleeingMerchant","floor":28,"turns":2},{"damage":5,"enemies":"3 Cultists","floor":31,"turns":3},{"damage":10,"enemies":"Centurion and Healer","floor":32,"turns":3},{"damage":46,"enemies":"downfall:Ironclad","floor":33,"turns":4},{"damage":22,"enemies":"3 Shapes","floor":36,"turns":3},{"damage":16,"enemies":"3 Darklings","floor":39,"turns":2},{"damage":26,"enemies":"Jaw Worm Horde","floor":40,"turns":3},{"damage":37,"enemies":"Spire Growth","floor":43,"turns":3},{"damage":37,"enemies":"Writhing Mass","floor":44,"turns":3},{"damage":30,"enemies":"Nemesis","floor":45,"turns":4},{"damage":39,"enemies":"Transient","floor":47,"turns":5},{"damage":34,"enemies":"Sphere and 2 Shapes","floor":48,"turns":4},{"damage":25,"enemies":"Spire Growth","floor":49,"turns":2},{"damage":25,"enemies":"downfall:Watcher","floor":50,"turns":4}],"seed_played":"-4311903794854516178","potions_obtained":[{"floor":5.0,"key":"LiquidMemories"},{"floor":10.0,"key":"SteroidPotion"},{"floor":15,"key":"Slimebound:SlimedPotion"},{"floor":22,"key":"Energy Potion"},{"floor":39,"key":"hexamod:EctoCoolerPotion"},{"floor":45,"key":"SpeedPotion"}],"is_trial":false,"path_per_floor":["R","M","M","?","M","?","T","$","M","M","$","?","?","$","M","B",null,"R","M","?","?","M","?","T","R","?","M","$","?","R","M","M","B",null,"R","M","?","$","M","M","T","R","M","M","E","R","M","M","M","B",null],"character_chosen":"SLIMEBOUND","items_purchased":["Prayer Wheel","PowerPotion","Medical Kit","expansioncontent:SuperHexaguard","PreservedInsect"],"campfire_rested":2,"item_purchase_floors":[28,28,38,38,38],"current_hp_per_floor":[54,54,54,54,54,54,54,43,36,23,23,23,23,24,27,39,60,60,57,47,47,53,38,38,38,31,36,50,50,50,69,72,59,72,72,66,66,66,78,78,78,82,71,88,86,88,90,80,98,98],"gold":107,"neow_bonus":"RANDOM_COLORLESS_2","is_daily":false,"chose_seed":false,"campfire_upgraded":4,"win_rate":0.0,"timestamp":1610367592,"path_taken":["R","M","M","?","M","?","T","$","M","M","?","?","?","$","M","BOSS","R","M","?","?","M","?","T","R","?","?","?","?","R","M","M","BOSS","R","M","?","$","M","M","T","R","M","M","E","R","M","?","M","BOSS"],"items_purchased_type":["Relic","Potion","Relic","Card","Relic"],"build_version":"2020-12-22","purchased_purges":1,"victory":true,"max_hp_per_floor":[54,54,54,54,54,54,54,54,56,58,58,58,58,60,60,60,60,60,60,62,62,62,62,62,62,62,64,66,66,66,70,72,72,72,72,74,74,74,78,82,82,82,86,88,88,88,92,94,98,98],"card_choices":[{"not_picked":["Magnetism","HandOfGreed"],"picked":"Panache","floor":0.0},{"not_picked":["Slimebound:RollThrough","Slimebound:GoopSpray"],"picked":"Slimebound:LeechEnergy","floor":2.0},{"not_picked":["Slimebound:GrowthPunch","Slimebound:ServeAndProtect"],"picked":"Slimebound:Schlurp","floor":3.0},{"not_picked":["Slimebound:FinishingTackle","Slimebound:LeechingTouch"],"picked":"Slimebound:LevelUp","floor":5.0},{"not_picked":["Slimebound:BestDefense","Slimebound:SamplingLick"],"picked":"Slimebound:OneTwoCombo","floor":8.0},{"not_picked":["Slimebound:GrowthPunch","Slimebound:GoopSpray","Slimebound:ServeAndProtect"],"picked":"Singing Bowl","floor":9.0},{"not_picked":["Slimebound:Schlurp","Slimebound:RollThrough","Slimebound:FlameTackle"],"picked":"Singing Bowl","floor":10.0},{"not_picked":["Slimebound:Schlurp","Slimebound:FinishingTackle"],"picked":"Slimebound:SplitMire","floor":11.0},{"not_picked":["Slimebound:GrowthPunch","Slimebound:SlimeSlap","Slimebound:FlameTackle"],"picked":"Singing Bowl","floor":14},{"not_picked":["Slimebound:Grow","Slimebound:TongueLash"],"picked":"Slimebound:Repurpose","floor":15},{"not_picked":["Slimebound:SlimeSlap","Slimebound:MassRepurpose"],"picked":"Slimebound:OozeBath","floor":16},{"not_picked":["Slimebound:SplitBruiser","Slimebound:AcidTongue+1"],"picked":"Slimebound:SlimeTap","floor":19},{"not_picked":["Slimebound:TongueLash","Slimebound:RejuvenatingLick","Slimebound:FormOfPuddle"],"picked":"Singing Bowl","floor":20},{"not_picked":["Slimebound:SplitBruiser","Slimebound:FormOfPuddle","Slimebound:Nibble"],"picked":"Slimebound:SplitSpecialist+1","floor":22},{"not_picked":["Slimebound:ForwardTackle","Slimebound:RollThrough+1","Slimebound:GoopSpray","Slimebound:Gluttony"],"picked":"Singing Bowl","floor":27},{"not_picked":["Slimebound:ViciousTackle+1","Slimebound:HauntingLick+1","Slimebound:ForwardTackle+1","Slimebound:SplitAcid"],"picked":"Singing Bowl","floor":28},{"not_picked":["Slimebound:DivideAndConquer","Slimebound:SlimeSpikes","Slimebound:ViciousTackle","Slimebound:SplitBruiser+1"],"picked":"Singing Bowl","floor":31},{"not_picked":["Slimebound:DuplicatedForm","Slimebound:ComboTackle","Slimebound:SlimeSpikes+1","Slimebound:PressTheAttack"],"picked":"Singing Bowl","floor":31},{"not_picked":["Slimebound:SplitMire","Slimebound:Schlurp","Slimebound:SelfFormingGoo","Slimebound:SlimeSpikes"],"picked":"Singing Bowl","floor":32},{"not_picked":["Slimebound:LeechingTouch","Slimebound:ViciousTackle","Slimebound:FirmFortitude"],"picked":"Slimebound:SplitSpecialist","floor":32},{"not_picked":["Slimebound:MinionMaster","Slimebound:OozeBath","Slimebound:PrepareCrush"],"picked":"Slimebound:WasteNot","floor":33},{"not_picked":["Slimebound:AcidTongue","Slimebound:DivideAndConquer+1","Slimebound:ItLooksTasty"],"picked":"Slimebound:LeadByExample+1","floor":36},{"not_picked":["Slimebound:ForwardTackle","Slimebound:DivideAndConquer+1","Slimebound:ViciousTackle+1","Slimebound:ItLooksTasty+1"],"picked":"Singing Bowl","floor":36},{"not_picked":["Slimebound:Schlurp+1","Slimebound:GoopSpray","Slimebound:ComboTackle","Slimebound:ForwardTackle+1"],"picked":"Singing Bowl","floor":39},{"not_picked":["Slimebound:SlimeTap+1","Slimebound:BestDefense+1","Slimebound:GrowthPunch","Slimebound:LeechingTouch+1"],"picked":"Singing Bowl","floor":39},{"not_picked":["Slimebound:SplitLeeching","Slimebound:FinishingTackle","Slimebound:Grow+1","Slimebound:OozeBath"],"picked":"Singing Bowl","floor":40},{"not_picked":["Slimebound:FinishingTackle+1","Slimebound:Gluttony","Slimebound:SamplingLick","Slimebound:SlimeSpikes"],"picked":"Singing Bowl","floor":40},{"not_picked":["Slimebound:Replication+1","Slimebound:Prepare+1","Slimebound:GoopTackle+1","Slimebound:GoopSpray"],"picked":"Singing Bowl","floor":43},{"not_picked":["Slimebound:BestDefense","Slimebound:Grow","Slimebound:SplitMire","Slimebound:ViciousTackle+1"],"picked":"Singing Bowl","floor":43},{"not_picked":["Slimebound:Equalize","Slimebound:ForwardTackle+1","Slimebound:RejuvenatingLick","Slimebound:GoopTackle"],"picked":"Singing Bowl","floor":44},{"not_picked":["Slimebound:SplitLeeching+1","Slimebound:SplitAcid+1","Slimebound:Dissolve+1"],"picked":"Slimebound:RainOfGoop+1","floor":44},{"not_picked":["Slimebound:FinishingTackle","Slimebound:GoopSpray","Slimebound:Equalize"],"picked":"Slimebound:Gluttony+1","floor":45},{"not_picked":["Slimebound:GoopSpray+1","Slimebound:Schlurp","Slimebound:TongueLash+1","Slimebound:Dissolve+1"],"picked":"Singing Bowl","floor":47},{"not_picked":["Slimebound:SlimeBrawl+1","Slimebound:Schlurp+1","Slimebound:ServeAndProtect","Slimebound:LeechingTouch"],"picked":"Singing Bowl","floor":47},{"not_picked":["Slimebound:LeechLife","Slimebound:SplitMire","Slimebound:SlimeTap+1"],"picked":"Slimebound:LeechEnergy","floor":48},{"not_picked":["Slimebound:SplitBruiser","Slimebound:Schlurp+1","Slimebound:Replication","Slimebound:Equalize+1"],"picked":"Singing Bowl","floor":48},{"not_picked":["Slimebound:RollThrough+1","Slimebound:SplitLeeching","Slimebound:PressTheAttack","Slimebound:ForwardTackle"],"picked":"Singing Bowl","floor":49},{"not_picked":["Slimebound:RollThrough","Slimebound:PressTheAttack","Slimebound:ComboTackle","Slimebound:ViciousTackle"],"picked":"Singing Bowl","floor":49}],"player_experience":858392,"relics_obtained":[{"floor":7.0,"key":"Singing Bowl"},{"floor":20,"key":"TungstenRod"},{"floor":20,"key":"Question Card"},{"floor":23,"key":"Nilry\u0027s Codex"},{"floor":24,"key":"Oddly Smooth Stone"},{"floor":41,"key":"CeramicFish"},{"floor":45,"key":"Vajra"}],"event_choices":[{"damage_healed":0.0,"max_hp_gain":0.0,"max_hp_loss":0.0,"gold_gain":0.0,"event_name":"Accursed Blacksmith","player_choice":"Rummage","floor":6.0,"gold_loss":0.0,"damage_taken":0.0,"relics_obtained":["WarpedTongs"],"cards_obtained":["Pain"]},{"damage_healed":0,"gold_gain":0,"player_choice":"Ignored","damage_taken":0,"max_hp_gain":0,"max_hp_loss":0,"event_name":"Purifier","floor":37,"gold_loss":0}],"is_beta":false,"boss_relics":[{"not_picked":["Snecko Eye","Calling Bell"],"picked":"Slimebound:TarBlob"},{"not_picked":["Cursed Key","Runic Pyramid"],"picked":"Fusion Hammer"}],"items_purged_floors":[11],"is_endless":false,"potions_floor_spawned":[5,10,15,22,31,33,39,45,47,49],"ascension_level":0}}