{"host":"64h6jdpsiwrne03s","time":1610356284,"event":{"mods":["Act Like it!","BaseMod","Bestiary","Colored Powertips","Gensokyo","Marisa£®ÏF”Í°°ƒß¿Ì…≥£©","Minty Spire (QoL Compilation)","Reimu£®≤©¿ˆ¡È√Œ£©","Remilia£®¿Ÿ√◊¿Ú—«£©","StSLib","The Servant 0.9.4","Youmu£®ªÍ∆«—˝√Œ£©"],"gold_per_floor":[115,130,230,230,230,230,262,262,285,297,330,330,330,365,365,442,442,462,342,356,130,146,146,179,179,179,412,412,412,412],"floor_reached":29,"playtime":1539,"items_purged":[],"score":545,"play_id":"c7ee0c9e-e28c-4a77-82f1-0b78220c6663","local_time":"20210111171124","is_ascension_mode":true,"campfire_choices":[{"data":"TightArray:ReiMu","floor":6.0,"key":"SMITH"},{"data":"NB:ReiMu","floor":8.0,"key":"SMITH"},{"floor":15.0,"key":"RECALL"},{"floor":23,"key":"REST"},{"data":"Determination:ReiMu","floor":25,"key":"SMITH"},{"floor":28,"key":"REST"}],"circlet_count":0,"master_deck":["AscendersBane","Strike_Lin:ReiMu","Strike_Lin:ReiMu","Strike_Lin:ReiMu","Defend_Lin:ReiMu","Defend_Lin:ReiMu","Defend_Lin:ReiMu+1","Defend_Lin:ReiMu+1","NB:ReiMu+1","Stagnation:ReiMu","TightArray:ReiMu+1","Shading:ReiMu","ShadowOfCrow2:ReiMu","YinYang:ReiMu","EmergencyTakeOff:ReiMu+1","RainPray2:ReiMu","Gensokyo:BlemishedSteel","Gensokyo:LockedMedkit","ForcedLanding:ReiMu+1","Determination:ReiMu+1"],"relics":["FlyPower:ReiMu","NeowsBlessing","Gensokyo:NagashiBinaDoll","War Paint","Happy Flower","PreservedInsect","Gensokyo:Justice","Gensokyo:PortableGap","Vajra","Empty Cage","Gensokyo:LionMask","Mastiff:ReiMu","Oddly Smooth Stone","Lantern"],"acts_visited":["Gensokyo:Gensokyo","Gensokyo:Gensokyoer"],"potions_floor_usage":[22,27],"damage_taken":[{"damage":0.0,"enemies":"Gensokyo:3_Fairies","floor":1.0,"turns":1.0},{"damage":0.0,"enemies":"Gensokyo:Python","floor":2.0,"turns":1.0},{"damage":0.0,"enemies":"Gensokyo:Cirno","floor":7.0,"turns":2.0},{"damage":8.0,"enemies":"Gensokyo:Gryphon","floor":10.0,"turns":5.0},{"damage":17.0,"enemies":"Gensokyo:Aya","floor":11.0,"turns":7.0},{"damage":0.0,"enemies":"Gensokyo:Mamizou","floor":14.0,"turns":9.0},{"damage":8.0,"enemies":"Gensokyo:Reimu","floor":16.0,"turns":10.0},{"damage":9.0,"enemies":"Gensokyo:Chomper","floor":18.0,"turns":5.0},{"damage":5.0,"enemies":"Gensokyo:AngelMirror","floor":20.0,"turns":5.0},{"damage":21,"enemies":"Gensokyo:Slime_Group","floor":22,"turns":7},{"damage":16,"enemies":"Gensokyo:Reisen","floor":24,"turns":7},{"damage":6,"enemies":"Gensokyo:Tenshi","floor":27,"turns":7},{"damage":17,"enemies":"Gensokyo:Chomper_and_Gloop","floor":29,"turns":3}],"seed_played":"3019542521217079005","potions_obtained":[{"floor":1.0,"key":"ZuzhouPotion:ReiMu"},{"floor":7.0,"key":"Strength Potion"},{"floor":10.0,"key":"ColorlessPotion"},{"floor":24,"key":"PowerPotion"}],"is_trial":false,"path_per_floor":["M","M","?","?","T","R","E","R","T","M","E","?","?","E","R","B",null,"M","?","M","COS","M","R","E","R","T","E","R","M"],"character_chosen":"REIMU","items_purchased":[],"campfire_rested":2,"item_purchase_floors":[],"current_hp_per_floor":[54,54,54,54,54,54,54,54,54,46,29,29,29,29,29,21,44,35,35,30,30,9,24,8,8,8,2,16,0,0],"gold":412,"neow_bonus":"THREE_ENEMY_KILL","is_daily":false,"chose_seed":false,"campfire_upgraded":3,"win_rate":0.0,"timestamp":1610356284,"path_taken":["M","M","?","?","?","R","E","R","T","?","E","?","?","E","R","BOSS","M","?","M","COS","M","R","E","R","T","E","R","?"],"items_purchased_type":[],"build_version":"2020-12-22","purchased_purges":0,"victory":false,"max_hp_per_floor":[60,60,60,60,60,60,60,60,60,60,60,60,51,51,51,51,51,51,51,51,51,51,51,51,51,51,48,48,48,48],"card_choices":[{"not_picked":["Conquer:ReiMu","Crusade:ReiMu"],"picked":"TightArray:ReiMu","floor":1.0},{"not_picked":["SealNeedle:ReiMu","SafetyPray:ReiMu","AlertArray:ReiMu"],"picked":"SKIP","floor":2.0},{"not_picked":["WonderfulDomain:ReiMu","LearningPray:ReiMu"],"picked":"Shading:ReiMu","floor":7.0},{"not_picked":["InherentArray:ReiMu","CollectionFlower2:ReiMu"],"picked":"SpreadBorder2:ReiMu","floor":10.0},{"not_picked":["InherentArray:ReiMu","SafetyPray:ReiMu"],"picked":"ShadowOfCrow2:ReiMu","floor":11.0},{"not_picked":["ManaGlint:ReiMu","SpringWay:ReiMu","Meditation:ReiMu"],"picked":"SKIP","floor":14.0},{"not_picked":["Dreaming:ReiMu","Authority:ReiMu"],"picked":"YinYang:ReiMu","floor":16.0},{"not_picked":["OrbThrow:ReiMu","AirStrike:ReiMu"],"picked":"EmergencyTakeOff:ReiMu+1","floor":18.0},{"not_picked":["WonderfulDomain:ReiMu","TightArray:ReiMu"],"picked":"RainPray2:ReiMu","floor":20.0},{"not_picked":["OrbThrow:ReiMu+1","CareerPray:ReiMu+1"],"picked":"ForcedLanding:ReiMu+1","floor":22},{"not_picked":["WonderfulDomain:ReiMu","TightArray:ReiMu","EmergencyTakeOff:ReiMu"],"picked":"SKIP","floor":22},{"not_picked":["MikOfLucky:ReiMu","UniversalSpiritual:ReiMu"],"picked":"Determination:ReiMu","floor":24},{"not_picked":["FineLineFantasy:ReiMu","ManaGlint:ReiMu","MikOfLucky:ReiMu"],"picked":"SKIP","floor":27}],"player_experience":385739,"relics_obtained":[{"floor":7.0,"key":"War Paint"},{"floor":9.0,"key":"Happy Flower"},{"floor":11.0,"key":"PreservedInsect"},{"floor":14.0,"key":"Vajra"},{"floor":24,"key":"Mastiff:ReiMu"},{"floor":26,"key":"Oddly Smooth Stone"},{"floor":27,"key":"Lantern"}],"event_choices":[],"is_beta":false,"boss_relics":[{"not_picked":["Ectoplasm","SacredBark"],"picked":"Empty Cage"}],"items_purged_floors":[],"is_endless":false,"potions_floor_spawned":[1,7,10,20,24],"killed_by":"Gensokyo:Chomper_and_Gloop","ascension_level":17}}