{"host":"b995t17pt6d05w8c","time":1610369791,"event":{"mods":["AchievementEnabler","BaseMod","Colored Map","Minty Spire (QoL Compilation)","SuperFastMode"],"gold_per_floor":[113,113,188,201,8,8,27,127,199,199,239,263,263,304,304,425,425,441,217,217,230,230,261,261,276,356,356,371,114,134,158,158,287,287,308,308,328,377,398,242,289,312,312,312,334,179,16,54,54,54],"floor_reached":51,"playtime":1342,"items_purged":["Strike_B","Streamline"],"score":1356,"play_id":"d54022c3-7cad-47d0-9afd-64897cb530be","local_time":"20210111215631","is_ascension_mode":true,"campfire_choices":[{"data":"Sunder","floor":6.0,"key":"SMITH"},{"data":"Zap","floor":10.0,"key":"SMITH"},{"data":"Dualcast","floor":15.0,"key":"SMITH"},{"data":"Defragment","floor":24,"key":"SMITH"},{"floor":27,"key":"REST"},{"data":"Consume","floor":32,"key":"SMITH"},{"floor":44,"key":"REST"},{"data":"Coolheaded","floor":49,"key":"SMITH"}],"circlet_count":0,"master_deck":["AscendersBane","Defend_B+1","Defend_B","Defend_B+1","Zap+1","Dualcast+1","Glacier","Sunder+1","Ball Lightning","FTL","Core Surge","Reboot","Electrodynamics+1","Compile Driver+1","Compile Driver+1","Genetic Algorithm","Defragment+1","Coolheaded+1","Steam+1","Consume+1","Hologram","White Noise","Skim","Chill+1","Capacitor"],"relics":["Cracked Core","Orichalcum","Golden Idol","Runic Capacitor","Blue Candle","Nunchaku","War Paint","Akabeko","Astrolabe","PreservedInsect","Bronze Scales","Bottled Tornado","Medical Kit","Inserter","CeramicFish","Happy Flower","Blood Vial","Oddly Smooth Stone","Potion Belt","Sundial"],"acts_visited":["TheCity","TheBeyond"],"potions_floor_usage":[18,23,33,45,45,50,50,50],"damage_taken":[{"damage":4.0,"enemies":"Small Slimes","floor":1.0,"turns":3.0},{"damage":1.0,"enemies":"Jaw Worm","floor":4.0,"turns":4.0},{"damage":0.0,"enemies":"Cultist","floor":7.0,"turns":2.0},{"damage":10.0,"enemies":"Gremlin Nob","floor":11.0,"turns":4.0},{"damage":6.0,"enemies":"Exordium Wildlife","floor":12.0,"turns":3.0},{"damage":0.0,"enemies":"3 Sentries","floor":14.0,"turns":4.0},{"damage":2.0,"enemies":"Slime Boss","floor":16.0,"turns":6.0},{"damage":5,"enemies":"2 Thieves","floor":18,"turns":2},{"damage":0,"enemies":"3 Byrds","floor":21,"turns":2},{"damage":15,"enemies":"Book of Stabbing","floor":23,"turns":3},{"damage":26,"enemies":"Snecko","floor":25,"turns":4},{"damage":4,"enemies":"Centurion and Healer","floor":28,"turns":4},{"damage":0,"enemies":"Sentry and Sphere","floor":30,"turns":3},{"damage":12,"enemies":"Snecko","floor":31,"turns":4},{"damage":0,"enemies":"Collector","floor":33,"turns":7},{"damage":0,"enemies":"3 Darklings","floor":35,"turns":2},{"damage":0,"enemies":"3 Shapes","floor":37,"turns":3},{"damage":3,"enemies":"Transient","floor":39,"turns":5},{"damage":13,"enemies":"Giant Head","floor":41,"turns":6},{"damage":5,"enemies":"Sphere and 2 Shapes","floor":42,"turns":3},{"damage":13,"enemies":"Spire Growth","floor":45,"turns":4},{"damage":0,"enemies":"Reptomancer","floor":48,"turns":5},{"damage":21,"enemies":"Time Eater","floor":50,"turns":18}],"seed_played":"-3710124645980259716","potions_obtained":[{"floor":4.0,"key":"DuplicationPotion"},{"floor":14.0,"key":"EssenceOfDarkness"},{"floor":16.0,"key":"Fire Potion"},{"floor":18,"key":"DistilledChaos"},{"floor":30,"key":"Block Potion"},{"floor":33,"key":"Energy Potion"},{"floor":42,"key":"EntropicBrew"}],"is_trial":false,"path_per_floor":["M","?","?","M","$","R","M","?","T","R","E","M","T","E","R","B",null,"M","$","?","M","?","E","R","M","T","R","M","$","M","M","R","B",null,"M","?","M","T","M","$","E","M","T","R","M","$","$","E","R","B",null],"character_chosen":"DEFECT","items_purchased":["Runic Capacitor","Sunder","PreservedInsect","Medical Kit","Happy Flower","Potion Belt","Capacitor","ColorlessPotion","AttackPotion"],"campfire_rested":2,"item_purchase_floors":[5,5,19,29,40,46,47,47,47],"current_hp_per_floor":[64,64,53,52,52,52,52,52,52,52,42,36,36,36,36,34,60,55,55,55,55,69,54,54,28,28,48,44,44,44,32,32,32,60,60,60,60,60,57,57,44,41,41,61,50,50,50,52,52,33],"gold":54,"neow_bonus":"RANDOM_COMMON_RELIC","is_daily":false,"chose_seed":false,"campfire_upgraded":6,"win_rate":0.0,"timestamp":1610369791,"path_taken":["M","?","?","M","?","R","M","?","T","R","E","?","?","E","R","BOSS","M","?","?","M","?","E","R","M","T","R","?","?","?","M","R","BOSS","M","?","?","?","M","$","E","M","T","R","M","?","$","E","R","BOSS"],"items_purchased_type":["Relic","Card","Relic","Relic","Relic","Relic","Card","Potion","Potion"],"build_version":"2020-12-22","purchased_purges":2,"victory":true,"max_hp_per_floor":[75,69,69,69,69,69,69,69,69,69,69,69,69,69,69,69,69,69,69,69,69,69,69,69,69,69,69,69,69,69,69,69,69,69,69,69,69,69,69,69,69,69,69,69,69,69,69,69,69,69],"card_choices":[{"not_picked":["Conserve Battery","Redo"],"picked":"Glacier","floor":1.0},{"not_picked":["Sweeping Beam","Stack"],"picked":"Streamline","floor":4.0},{"not_picked":["Cold Snap","Reprogram"],"picked":"Ball Lightning","floor":7.0},{"not_picked":["Multi-Cast","Turbo"],"picked":"FTL","floor":11.0},{"not_picked":["Compile Driver","Go for the Eyes","Rip and Tear"],"picked":"SKIP","floor":12.0},{"not_picked":["Recycle","Steam"],"picked":"Core Surge","floor":14.0},{"not_picked":["Thunder Strike","Core Surge"],"picked":"Reboot","floor":16.0},{"not_picked":["Leap","Fusion","Barrage"],"picked":"SKIP","floor":18},{"not_picked":["Conserve Battery+1","Blizzard"],"picked":"Genetic Algorithm","floor":21},{"not_picked":["Compile Driver","Chill"],"picked":"Defragment","floor":23},{"not_picked":["Cold Snap","Rip and Tear"],"picked":"Coolheaded","floor":25},{"not_picked":["Sunder+1","Compile Driver","Storm"],"picked":"SKIP","floor":28},{"not_picked":["Gash+1","Force Field"],"picked":"Steam+1","floor":30},{"not_picked":["Beam Cell+1","Sweeping Beam"],"picked":"Consume","floor":31},{"not_picked":["Steam","Beam Cell"],"picked":"Hologram","floor":35},{"not_picked":["Turbo","Rebound","Consume"],"picked":"SKIP","floor":37},{"not_picked":["Cold Snap","Heatsinks+1","Doom and Gloom"],"picked":"SKIP","floor":39},{"not_picked":["Hologram","Conserve Battery"],"picked":"White Noise","floor":41},{"not_picked":["Rip and Tear","Streamline"],"picked":"Skim","floor":42},{"not_picked":["Gash","Rebound"],"picked":"Chill+1","floor":45},{"not_picked":["Reprogram","Hello World+1","Barrage"],"picked":"SKIP","floor":48}],"player_experience":93528,"relics_obtained":[{"floor":9.0,"key":"Blue Candle"},{"floor":11.0,"key":"Nunchaku"},{"floor":13.0,"key":"War Paint"},{"floor":14.0,"key":"Akabeko"},{"floor":23,"key":"Bronze Scales"},{"floor":26,"key":"Bottled Tornado"},{"floor":38,"key":"CeramicFish"},{"floor":41,"key":"Blood Vial"},{"floor":43,"key":"Oddly Smooth Stone"},{"floor":48,"key":"Sundial"}],"event_choices":[{"damage_healed":0.0,"max_hp_gain":0.0,"max_hp_loss":6.0,"gold_gain":0.0,"event_name":"Golden Idol","player_choice":"Lose Max HP","floor":2.0,"gold_loss":0.0,"damage_taken":0.0,"relics_obtained":["Golden Idol"]},{"damage_healed":0.0,"max_hp_gain":0.0,"max_hp_loss":0.0,"gold_gain":75.0,"event_name":"World of Goop","player_choice":"Gather Gold","floor":3.0,"gold_loss":0.0,"damage_taken":11.0},{"damage_healed":0.0,"max_hp_gain":0.0,"max_hp_loss":0.0,"gold_gain":100.0,"event_name":"Golden Shrine","player_choice":"Pray","floor":8.0,"gold_loss":0.0,"damage_taken":0.0},{"cards_removed":["Strike_B"],"damage_healed":0,"gold_gain":0,"player_choice":"Elegance","damage_taken":0,"max_hp_gain":0,"max_hp_loss":0,"event_name":"Back to Basics","floor":20,"gold_loss":0},{"damage_healed":14,"gold_gain":0,"player_choice":"Full Heal","damage_taken":0,"max_hp_gain":0,"max_hp_loss":0,"event_name":"Wheel of Change","floor":22,"gold_loss":0},{"damage_healed":0,"gold_gain":0,"player_choice":"Bought 0 Potions","damage_taken":0,"max_hp_gain":0,"max_hp_loss":0,"event_name":"The Woman in Blue","floor":36,"gold_loss":0}],"is_beta":false,"boss_relics":[{"not_picked":["Calling Bell","Runic Dome"],"picked":"Astrolabe"},{"not_picked":["Velvet Choker","Black Star"],"picked":"Inserter"}],"items_purged_floors":[19,29],"is_endless":false,"potions_floor_spawned":[4,14,16,18,21,30,33,35,41,42,48],"ascension_level":12}}