{"host":"hfxp6ue4pvwo3fit","time":1610349352,"event":{"mods":["AchievementEnabler","BaseMod","Colored Map","Colored Powertips","Highlight Path","Minty Spire (QoL Compilation)","Relic Stats","StSLib","SuperFastMode"],"gold_per_floor":[111,186,461,481,24,49,49,83,83,98,98,98,109,120,120,192,192,204,219,31,45,61,61,61],"floor_reached":23,"playtime":622,"items_purged":["Regret","Strike_R"],"score":506,"play_id":"1f2f5579-9889-4363-ba20-4913b9a8b3af","local_time":"20210111011552","is_ascension_mode":true,"campfire_choices":[{"data":"Apotheosis","floor":7.0,"key":"SMITH"},{"data":"Limit Break","floor":12.0,"key":"SMITH"},{"floor":15.0,"key":"REST"}],"circlet_count":0,"master_deck":["AscendersBane","Strike_R","Strike_R","Strike_R","Defend_R","Defend_R","Defend_R","Defend_R","Bash","Inflame","Wild Strike","Inflame","Apotheosis+1","Limit Break+1","Pommel Strike","Whirlwind","Offering","Reaper","Dark Embrace","Shockwave","Spot Weakness"],"relics":["Sozu","Medical Kit","Girya","Ornamental Fan","Mercury Hourglass","Philosopher\u0027s Stone"],"acts_visited":["Exordium","TheCity"],"potions_floor_usage":[],"damage_taken":[{"damage":1.0,"enemies":"Cultist","floor":1.0,"turns":4.0},{"damage":3.0,"enemies":"2 Louse","floor":4.0,"turns":3.0},{"damage":3.0,"enemies":"Gremlin Nob","floor":6.0,"turns":3.0},{"damage":20.0,"enemies":"Lagavulin","floor":8.0,"turns":5.0},{"damage":0.0,"enemies":"Jaw Worm","floor":10.0,"turns":2.0},{"damage":3.0,"enemies":"Lots of Slimes","floor":13.0,"turns":3.0},{"damage":0.0,"enemies":"Gremlin Gang","floor":14.0,"turns":1.0},{"damage":6.0,"enemies":"Slime Boss","floor":16.0,"turns":3.0},{"damage":20.0,"enemies":"Spheric Guardian","floor":18.0,"turns":4.0},{"damage":28.0,"enemies":"2 Thieves","floor":19.0,"turns":3.0},{"damage":32,"enemies":"Chosen and Byrds","floor":21,"turns":4},{"damage":18,"enemies":"Snake Plant","floor":22,"turns":4},{"damage":7,"enemies":"Gremlin Leader","floor":23,"turns":1}],"seed_played":"7677527975042230193","potions_obtained":[],"is_trial":false,"path_per_floor":["M","?","?","M","$","E","R","E","T","M","?","R","M","M","R","B",null,"M","M","$","M","M","E"],"character_chosen":"IRONCLAD","items_purchased":["Inflame","Apotheosis","Medical Kit","Shockwave"],"campfire_rested":1,"item_purchase_floors":[5,5,5,20],"current_hp_per_floor":[67,56,56,53,53,50,50,30,30,30,30,30,27,27,49,43,67,57,37,37,19,1,0,0],"gold":61,"neow_bonus":"BOSS_RELIC","is_daily":false,"chose_seed":false,"campfire_upgraded":2,"win_rate":0.0,"timestamp":1610349352,"path_taken":["M","?","?","M","$","E","R","E","T","?","?","R","M","?","R","BOSS","M","M","$","?","M","E"],"items_purchased_type":["Card","Card","Relic","Card"],"build_version":"2020-12-22","purchased_purges":2,"victory":false,"max_hp_per_floor":[75,75,75,75,75,75,75,75,75,75,75,75,75,75,75,75,75,75,75,75,75,75,75,75],"relic_stats":{"Sozu":5,"counters":[13,40],"Ornamental Fan":[28],"Medical Kit":[1],"obtain_stats":[{"Sozu":0,"Girya":6,"Ornamental Fan":8,"Philosopher\u0027s Stone":17,"Medical Kit":5,"Burning Blood":0,"Mercury Hourglass":9},{"Sozu":0,"Girya":3,"Ornamental Fan":4,"Philosopher\u0027s Stone":8,"Medical Kit":2,"Burning Blood":0,"Mercury Hourglass":4},{"Sozu":0,"Girya":10,"Ornamental Fan":15,"Philosopher\u0027s Stone":24,"Medical Kit":7,"Burning Blood":0,"Mercury Hourglass":15}],"Mercury Hourglass":[114]},"card_choices":[{"not_picked":["Fire Breathing","Heavy Blade"],"picked":"Inflame","floor":1.0},{"not_picked":["Iron Wave","Clash"],"picked":"Wild Strike","floor":4.0},{"not_picked":["Clothesline","Juggernaut"],"picked":"Limit Break","floor":6.0},{"not_picked":["Wild Strike","Rampage"],"picked":"Pommel Strike","floor":8.0},{"not_picked":["Body Slam","Searing Blow"],"picked":"Whirlwind","floor":10.0},{"not_picked":["Anger","Fire Breathing","Twin Strike"],"picked":"SKIP","floor":13.0},{"not_picked":["Thunderclap","Inflame","Warcry"],"picked":"SKIP","floor":14.0},{"not_picked":["Berserk","Immolate"],"picked":"Reaper","floor":16.0},{"not_picked":["Havoc","Armaments","Combust"],"picked":"SKIP","floor":18.0},{"not_picked":["Headbutt","Seeing Red+1"],"picked":"Dark Embrace","floor":19.0},{"not_picked":["Thunderclap+1","Havoc"],"picked":"Spot Weakness","floor":21},{"not_picked":["Thunderclap+1","Anger","Hemokinesis"],"picked":"SKIP","floor":22}],"player_experience":497748,"relics_obtained":[{"floor":6.0,"key":"Girya"},{"floor":8.0,"key":"Ornamental Fan"},{"floor":9.0,"key":"Mercury Hourglass"}],"event_choices":[{"damage_healed":0.0,"max_hp_gain":0.0,"max_hp_loss":0.0,"gold_gain":75.0,"event_name":"World of Goop","player_choice":"Gather Gold","floor":2.0,"gold_loss":0.0,"damage_taken":11.0},{"damage_healed":0.0,"max_hp_gain":0.0,"max_hp_loss":0.0,"gold_gain":275.0,"event_name":"Golden Shrine","player_choice":"Desecrate","floor":3.0,"gold_loss":0.0,"damage_taken":0.0,"cards_obtained":["Regret"]},{"damage_healed":0.0,"max_hp_gain":0.0,"max_hp_loss":0.0,"gold_gain":0.0,"cards_transformed":["Strike_R"],"event_name":"Transmorgrifier","player_choice":"Transformed","floor":11.0,"gold_loss":0.0,"damage_taken":0.0,"cards_obtained":["Offering"]}],"is_beta":false,"boss_relics":[{"not_picked":["Busted Crown","SacredBark"],"picked":"Philosopher\u0027s Stone"}],"items_purged_floors":[5,20],"is_endless":false,"potions_floor_spawned":[1,6,10,13,19],"killed_by":"Gremlin Leader","ascension_level":20}}