{"host":"6qlyo3f7299xjl3s","time":1610370359,"event":{"mods":["Act Like it!","BaseMod","Better Match","Better Vampires","BetterRewards","Card Forge","Colored Map","Colored Powertips","Custom Start","Downfall","Hermit","Highlight Path","Minty Spire (QoL Compilation)","Permanent Neow","Shop Mod","StSLib","The Jungle","Unceasing Turn Reminder","slay the spire mod where everything is the same but ironclad has a cowboy hat"],"gold_per_floor":[99,117,130,130,149,149,172,172,22,36,486,486,486,517,529,626,626,551,570,618,167,167,167,167,167,182,211,211,229,229,229,229],"floor_reached":30,"playtime":2750,"items_purged":[],"score":296,"play_id":"da2df0d3-867e-4e52-86e6-914a99d63c8b","local_time":"20210111140559","is_ascension_mode":false,"campfire_choices":[{"floor":1,"key":"RECALL"},{"floor":9,"key":"REST"},{"floor":12,"key":"REST"},{"floor":18,"key":"REST"},{"floor":23,"key":"REST"},{"floor":25,"key":"REST"}],"circlet_count":0,"master_deck":["hexamod:Defend+1","hexamod:Defend+1","hexamod:Defend+1","hexamod:Defend+1","hexamod:Sear+1","hexamod:Float+1","hexamod:GhostflameBarrier+1","hexamod:ThirdSeal","hexamod:ExtraCrispy+1","hexamod:SpectersWail+1","hexamod:SearingWound+1","hexamod:HeatShield+1","hexamod:ThermalTransfer+1","hexamod:RadiantFlame+1","hexamod:WildfireWeapon+1","hexamod:TimeOfNeed+1","hexamod:ExtraCrispy+1","Sadistic Nature+1","hexamod:Firestarter+1","hexamod:Firestarter+1","hexamod:Firestarter+1","hexamod:Firestarter+1","hexamod:Firestarter+1"],"relics":["hexamod:SpiritBrand","Hammer of Thor","Seething Fire","Anvil of the Gods","Juzu Bracelet","downfall:HeartBlessingRed","downfall:HeartBlessingBlue","Eternal Feather","Tiny Chest","Black Star","downfall:HeartBlessingGreen","Vajra","Bronze Scales","MerchantsRug","Incense Burner","Blood Vial","HornCleat"],"acts_visited":["Exordium","TheCity"],"potions_floor_usage":[29,30],"damage_taken":[{"damage":0,"enemies":"Cultist","floor":2,"turns":3},{"damage":0,"enemies":"Small Slimes","floor":3,"turns":3},{"damage":0,"enemies":"2 Louse","floor":5,"turns":3},{"damage":7,"enemies":"2 Fungi Beasts","floor":10,"turns":5},{"damage":21,"enemies":"3 Sentries","floor":14,"turns":12},{"damage":0,"enemies":"Large Slime","floor":15,"turns":4},{"damage":26,"enemies":"downfall:Silent","floor":16,"turns":9},{"damage":10,"enemies":"3 Byrds","floor":19,"turns":3},{"damage":1,"enemies":"downfall:FleeingMerchant","floor":21,"turns":4},{"damage":20,"enemies":"Sentry and Sphere","floor":26,"turns":6},{"damage":52,"enemies":"Slavers","floor":27,"turns":6},{"damage":9,"enemies":"Snake Plant","floor":29,"turns":3},{"damage":10,"enemies":"Gremlin Leader","floor":30,"turns":1}],"seed_played":"-6634424305335907454","potions_obtained":[{"floor":5,"key":"BlessingOfTheForge"},{"floor":10,"key":"BlessingOfTheForge"},{"floor":14,"key":"SpeedPotion"},{"floor":26,"key":"EssenceOfSteel"},{"floor":27,"key":"Block Potion"}],"is_trial":false,"path_per_floor":["R","M","M","?","M","?","T","?","R","M","?","R","T","E","M","B",null,"R","M","T","$","?","R","T","R","M","E","?","M","E"],"character_chosen":"THE_SPIRIT","items_purchased":["Bronze Scales","Sadistic Nature","MerchantsRug"],"campfire_rested":5,"item_purchase_floors":[21,21,21],"current_hp_per_floor":[77,77,77,77,77,77,77,77,87,80,80,87,87,66,66,40,87,87,77,77,76,68,87,87,87,67,15,15,8,0,0,0],"gold":229,"neow_bonus":"TEN_PERCENT_HP_BONUS","is_daily":false,"chose_seed":false,"campfire_upgraded":0,"win_rate":0.0,"timestamp":1610370359,"path_taken":["R","M","M","?","M","?","T","?","R","M","?","R","?","E","M","BOSS","R","M","?","$","?","R","T","R","M","E","?","M","E"],"items_purchased_type":["Relic","Card","Relic"],"build_version":"2020-12-22","purchased_purges":0,"victory":false,"max_hp_per_floor":[77,77,77,77,77,77,77,77,87,87,87,87,87,87,87,87,87,87,87,87,87,87,87,87,87,87,87,87,87,87,87,87],"card_choices":[{"not_picked":["hexamod:InspiringFlames","hexamod:GhostLash"],"picked":"hexamod:SpectralAdrenaline","floor":2},{"not_picked":["hexamod:ShieldOfDarkness","hexamod:HeatCrush"],"picked":"hexamod:GhostflameBarrier","floor":3},{"not_picked":["hexamod:ShieldOfDarkness","hexamod:GhostOfSpirePast"],"picked":"hexamod:AdvancingGuard","floor":5},{"not_picked":["hexamod:HeatMetal","hexamod:ThirdSeal"],"picked":"hexamod:ExtraCrispy","floor":10},{"not_picked":["hexamod:GhostOfSpirePast","hexamod:HauntingEcho"],"picked":"hexamod:SpectersWail","floor":10},{"not_picked":["hexamod:SwordOfDarkness","hexamod:Incineration"],"picked":"hexamod:SearingWound","floor":14},{"not_picked":["hexamod:FastForward","hexamod:Hexaguard"],"picked":"hexamod:HeatShield","floor":14},{"not_picked":["hexamod:CatchUp","hexamod:Hexaguard"],"picked":"hexamod:ThermalTransfer","floor":15},{"not_picked":["hexamod:GhostShield","hexamod:GhostflameBarrier"],"picked":"hexamod:RadiantFlame","floor":15},{"not_picked":["hexamod:CrushingStance","hexamod:SearingWound"],"picked":"hexamod:WildfireWeapon","floor":16},{"not_picked":["hexamod:GhostflameInferno","hexamod:FifthSeal"],"picked":"hexamod:TimeOfNeed","floor":16},{"not_picked":["hexamod:HauntingEcho","hexamod:ThermalTransfer"],"picked":"hexamod:ExtraCrispy","floor":19},{"not_picked":["hexamod:GhostShield+1","hexamod:HeatCrush"],"picked":"hexamod:DynamicBlow","floor":21},{"not_picked":["hexamod:GhostLash","hexamod:PhantomCloak","hexamod:NightmareStrike"],"picked":"SKIP","floor":21},{"not_picked":["hexamod:ChargedBarrage","hexamod:InspiringFlames"],"picked":"hexamod:EmpoweredFlame","floor":26},{"not_picked":["hexamod:PhantomCloak","hexamod:NecessarySacrifice","hexamod:ThermalTransfer"],"picked":"SKIP","floor":26},{"not_picked":["hexamod:TurnItUp","hexamod:GhostOfSpireFuture"],"picked":"hexamod:Firestarter","floor":27},{"not_picked":["hexamod:SwordOfDarkness+1","hexamod:StepThrough","hexamod:HauntingEcho"],"picked":"SKIP","floor":29}],"player_experience":94941,"relics_obtained":[{"floor":13,"key":"Eternal Feather"},{"floor":14,"key":"Tiny Chest"},{"floor":20,"key":"Vajra"},{"floor":24,"key":"Incense Burner"},{"floor":27,"key":"Blood Vial"},{"floor":27,"key":"HornCleat"}],"event_choices":[{"damage_healed":0,"gold_gain":0,"player_choice":"Box","damage_taken":0,"relics_obtained":["Juzu Bracelet"],"max_hp_gain":0,"max_hp_loss":0,"event_name":"Big Fish","floor":6,"gold_loss":0,"cards_obtained":["Regret"]},{"damage_healed":0,"gold_gain":0,"player_choice":"Ignored","damage_taken":0,"max_hp_gain":0,"max_hp_loss":0,"event_name":"Upgrade Shrine","floor":28,"gold_loss":0}],"is_beta":false,"boss_relics":[{"not_picked":["Busted Crown","Empty Cage"],"picked":"Black Star"}],"items_purged_floors":[],"is_endless":false,"potions_floor_spawned":[5,10,14,26,27],"killed_by":"Gremlin Leader","ascension_level":0}}