{"host":"fjaupvxe7fzqrf4j","time":1610348672,"event":{"mods":["ATMod(°¢èªMod)","BaseMod","Minty Spire (QoL Compilation)","StSLib"],"gold_per_floor":[411,336,336,336,355,380,410,444,489,522,555,555,581,581,581,655,655,672,672,244,261,275,310,340,365,412,443,443,469,484,513,513,590,590,609,1608,951,951,271,302,333,368,368,402,402,431,465,499,499,499,499,499,499,1,26,26],"floor_reached":57,"playtime":1661,"items_purged":["Consecrate+1","Normality","Normality"],"score":4753,"play_id":"14823e8d-5777-4386-bd7c-c163b2d537d1","local_time":"20210111150432","daily_mods":["SealedDeck","Heirloom","Time Dilation","Flight","Elite Swarm"],"is_ascension_mode":true,"campfire_choices":[{"data":"Adaptation","floor":12.0,"key":"SMITH"},{"floor":15.0,"key":"RECALL"},{"data":"1","floor":28,"key":"LIFT"},{"data":"2","floor":32,"key":"LIFT"},{"data":"3","floor":45,"key":"LIFT"},{"data":"BowlingBash+1","floor":49,"key":"PURGE"},{"floor":53,"key":"REST"}],"circlet_count":0,"master_deck":["AscendersBane","ClearTheMind+1","Prostrate+1","FearNoEvil+1","Tantrum+1","Crescendo+1","Adaptation+1","Wallop+1","Indignation+1","DeusExMachina+1","LessonLearned+1","Omniscience+1","Adaptation+1","Omniscience+1","Scrawl+1","Scrawl+1","Ragnarok+1","MentalFortress+1","EmptyMind+1","Omniscience+1","Omniscience+1","DevaForm+1","Fasting2+1","Panacea","Omniscience"],"relics":["PureWater","AT_ATBox","Old Coin","TeardropLocket","Pen Nib","Darkstone Periapt","War Paint","Anchor","Pantograph","Incense Burner","Fusion Hammer","FaceOfCleric","Gremlin Horn","Toy Ornithopter","Sundial","Girya","Vajra","Bottled Lightning","Turnip","Philosopher\u0027s Stone","TheAbacus","Pear","Melange","Ancient Tea Set","HornCleat","Nunchaku","AT_BellowingDragoncrestRing","Meat on the Bone","Singing Bowl","FossilizedHelix","Peace Pipe","AT_Manta","AT_ChloranthyRing","AT_ArchangelStaff","Torii"],"acts_visited":["Exordium","TheCity","TheBeyond","TheEnding"],"potions_floor_usage":[27,37,56,56],"damage_taken":[{"damage":0.0,"enemies":"Jaw Worm","floor":1.0,"turns":1.0},{"damage":0.0,"enemies":"Small Slimes","floor":5.0,"turns":2.0},{"damage":0.0,"enemies":"3 Sentries","floor":6.0,"turns":2.0},{"damage":0.0,"enemies":"Lagavulin","floor":7.0,"turns":4.0},{"damage":0.0,"enemies":"Gremlin Nob","floor":8.0,"turns":3.0},{"damage":6.0,"enemies":"3 Sentries","floor":10.0,"turns":3.0},{"damage":0.0,"enemies":"Lagavulin","floor":11.0,"turns":2.0},{"damage":0.0,"enemies":"Gremlin Nob","floor":13.0,"turns":1.0},{"damage":0.0,"enemies":"Slime Boss","floor":16.0,"turns":3.0},{"damage":0.0,"enemies":"Chosen","floor":18.0,"turns":2.0},{"damage":0.0,"enemies":"3 Byrds","floor":21.0,"turns":1.0},{"damage":0.0,"enemies":"Snake Plant","floor":22.0,"turns":1.0},{"damage":0.0,"enemies":"Gremlin Leader","floor":23.0,"turns":3.0},{"damage":0.0,"enemies":"Book of Stabbing","floor":24.0,"turns":3.0},{"damage":0.0,"enemies":"Gremlin Leader","floor":25.0,"turns":1.0},{"damage":0,"enemies":"Book of Stabbing","floor":27,"turns":1},{"damage":24,"enemies":"Slavers","floor":29,"turns":2},{"damage":0,"enemies":"Centurion and Healer","floor":30,"turns":1},{"damage":0,"enemies":"Gremlin Leader","floor":31,"turns":1},{"damage":0,"enemies":"Champ","floor":33,"turns":2},{"damage":0,"enemies":"3 Darklings","floor":35,"turns":1},{"damage":0,"enemies":"Reptomancer","floor":40,"turns":1},{"damage":0,"enemies":"Giant Head","floor":41,"turns":1},{"damage":0,"enemies":"Nemesis","floor":42,"turns":1},{"damage":0,"enemies":"Giant Head","floor":44,"turns":1},{"damage":0,"enemies":"Nemesis","floor":46,"turns":1},{"damage":0,"enemies":"Reptomancer","floor":47,"turns":1},{"damage":0,"enemies":"Giant Head","floor":48,"turns":1},{"damage":0,"enemies":"Awakened One","floor":50,"turns":3},{"damage":0,"enemies":"Donu and Deca","floor":51,"turns":1},{"damage":0,"enemies":"Shield and Spear","floor":55,"turns":1},{"damage":26,"enemies":"The Heart","floor":56,"turns":4}],"seed_played":"5378611201879147258","potions_obtained":[{"floor":1.0,"key":"SteroidPotion"},{"floor":16.0,"key":"Strength Potion"},{"floor":21.0,"key":"Regen Potion"},{"floor":27,"key":"SpeedPotion"},{"floor":31,"key":"DistilledChaos"},{"floor":33,"key":"BottledMiracle"},{"floor":40,"key":"Strength Potion"}],"is_trial":true,"path_per_floor":["M","?","?","$","M","E","E","E","T","E","E","R","E","?","R","B",null,"M","?","$","M","M","E","E","E","T","E","R","E","M","E","R","B",null,"M","?","$","?","$","E","E","E","T","E","R","E","E","E","R","B","B",null,"R","$","E","B",null],"character_chosen":"WATCHER","items_purchased":["Adaptation","Gremlin Horn","TheAbacus","Fruit Juice","Pear","MentalFortress","Melange","Ancient Tea Set","Block Potion","EmptyMind","Fasting2","Panacea","AT_ChloranthyRing","AT_ArchangelStaff"],"campfire_rested":1,"item_purchase_floors":[20,20,37,37,37,39,39,39,39,39,54,54,54,54],"current_hp_per_floor":[61,61,66,66,66,66,66,66,66,60,60,60,60,38,38,63,71,71,71,71,72,73,74,75,76,76,79,79,56,57,58,58,83,83,84,96,111,111,111,112,113,114,114,117,117,120,123,126,126,127,128,128,128,128,129,114],"gold":26,"neow_bonus":"","is_daily":false,"chose_seed":false,"campfire_upgraded":1,"win_rate":0.0,"timestamp":1610348672,"path_taken":["M","?","?","?","?","E","E","E","T","E","E","R","E","?","R","BOSS","M","?","$","M","?","E","E","E","T","E","R","E","?","E","R","BOSS","M","?","$","?","$","E","E","E","T","E","R","E","E","E","R","BOSS","BOSS","R","$","E","BOSS"],"items_purchased_type":["Card","Relic","Relic","Potion","Relic","Card","Relic","Relic","Potion","Card","Card","Card","Relic","Relic"],"build_version":"2020-12-22","purchased_purges":3,"victory":true,"max_hp_per_floor":[68,68,73,73,73,73,73,73,73,73,73,73,73,73,73,73,73,73,73,73,74,75,76,77,78,78,79,79,80,81,82,82,83,83,84,96,111,111,111,112,113,114,114,117,117,120,123,126,126,127,128,128,128,128,129,130],"card_choices":[{"not_picked":["Collect","Consecrate"],"picked":"Wallop","floor":1.0},{"not_picked":["Protect","Pray"],"picked":"Indignation","floor":5.0},{"not_picked":["Establishment","AT_MachinaRedman"],"picked":"DeusExMachina","floor":6.0},{"not_picked":["Devotion","AT_ChampionKick"],"picked":"LessonLearned","floor":7.0},{"not_picked":["AT_IrregularMenstruation","Vault","Establishment"],"picked":"SKIP","floor":8.0},{"not_picked":["MasterReality","LessonLearned","AT_IrregularMenstruation"],"picked":"SKIP","floor":10.0},{"not_picked":["Devotion","Omniscience","AT_ChampionKick"],"picked":"SKIP","floor":11.0},{"not_picked":["MasterReality","LessonLearned"],"picked":"Omniscience","floor":13.0},{"not_picked":["Protect","ForeignInfluence","ClearTheMind"],"picked":"SKIP","floor":18.0},{"not_picked":["CutThroughFate","FollowUp","CrushJoints+1"],"picked":"SKIP","floor":21.0},{"not_picked":["Halt","Wireheading+1","FlyingSleeves"],"picked":"SKIP","floor":22.0},{"not_picked":["Establishment","AT_MachinaRedman","Judgement"],"picked":"SKIP","floor":23.0},{"not_picked":["Wish","AT_MachinaRedman"],"picked":"Omniscience","floor":24.0},{"not_picked":["ConjureBlade","SpiritShield","Blasphemy"],"picked":"SKIP","floor":25.0},{"not_picked":["Wish","ConjureBlade","AT_ChampionKick"],"picked":"SKIP","floor":27},{"not_picked":["ConjureBlade","AT_ChampionKick"],"picked":"Scrawl","floor":29},{"not_picked":["Vengeance","Indignation","SashWhip"],"picked":"SKIP","floor":30},{"not_picked":["SpiritShield","Vault"],"picked":"Scrawl","floor":31},{"not_picked":["ConjureBlade","Devotion"],"picked":"Ragnarok","floor":33},{"not_picked":["AT_OneInchPunch","CutThroughFate","ClearTheMind+1"],"picked":"SKIP","floor":35},{"not_picked":["MasterReality","Judgement"],"picked":"Omniscience","floor":40},{"not_picked":["AT_ChampionKick","Ragnarok"],"picked":"Omniscience","floor":41},{"not_picked":["Establishment","LessonLearned"],"picked":"DevaForm","floor":42},{"not_picked":["MasterReality","Ragnarok","LessonLearned"],"picked":"Singing Bowl","floor":44},{"not_picked":["Vault","Ragnarok","AT_MachinaRedman"],"picked":"Singing Bowl","floor":46},{"not_picked":["AT_ChampionKick","MasterReality","Omniscience"],"picked":"Singing Bowl","floor":47},{"not_picked":["Omniscience","Wish","LessonLearned"],"picked":"Singing Bowl","floor":48},{"not_picked":["Alpha","Blasphemy"],"picked":"Omniscience","floor":55}],"player_experience":391895,"relics_obtained":[{"floor":6.0,"key":"TeardropLocket"},{"floor":7.0,"key":"Pen Nib"},{"floor":8.0,"key":"Darkstone Periapt"},{"floor":9.0,"key":"War Paint"},{"floor":10.0,"key":"Anchor"},{"floor":11.0,"key":"Pantograph"},{"floor":13.0,"key":"Incense Burner"},{"floor":23.0,"key":"Toy Ornithopter"},{"floor":24.0,"key":"Sundial"},{"floor":25.0,"key":"Girya"},{"floor":27,"key":"Vajra"},{"floor":29,"key":"Bottled Lightning"},{"floor":31,"key":"Turnip"},{"floor":40,"key":"HornCleat"},{"floor":41,"key":"Nunchaku"},{"floor":42,"key":"AT_BellowingDragoncrestRing"},{"floor":43,"key":"Meat on the Bone"},{"floor":44,"key":"Singing Bowl"},{"floor":46,"key":"FossilizedHelix"},{"floor":47,"key":"Peace Pipe"},{"floor":48,"key":"AT_Manta"},{"floor":55,"key":"Torii"}],"event_choices":[{"cards_removed":["EmptyFist"],"damage_healed":0.0,"max_hp_gain":0.0,"max_hp_loss":0.0,"gold_gain":0.0,"event_name":"The Cleric","player_choice":"Card Removal","floor":2.0,"gold_loss":75.0,"damage_taken":0.0},{"damage_healed":0.0,"max_hp_gain":5.0,"max_hp_loss":0.0,"gold_gain":0.0,"event_name":"Big Fish","player_choice":"Donut","floor":3.0,"gold_loss":0.0,"damage_taken":0.0},{"damage_healed":0.0,"max_hp_gain":0.0,"max_hp_loss":0.0,"gold_gain":0.0,"event_name":"Shining Light","player_choice":"Entered Light","floor":14.0,"gold_loss":0.0,"damage_taken":22.0,"cards_upgraded":["Omniscience","LessonLearned"]},{"damage_healed":0.0,"max_hp_gain":0.0,"max_hp_loss":0.0,"gold_gain":0.0,"event_name":"FaceTrader","player_choice":"Trade","floor":19.0,"gold_loss":0.0,"damage_taken":0.0,"relics_obtained":["FaceOfCleric"]},{"damage_healed":0,"gold_gain":999,"player_choice":"Gold","damage_taken":0,"max_hp_gain":0,"max_hp_loss":0,"event_name":"MindBloom","floor":36,"gold_loss":0,"cards_obtained":["Normality","Normality"]},{"cards_removed":["FollowUp"],"damage_healed":0,"gold_gain":0,"player_choice":"Removed Attack","damage_taken":0,"max_hp_gain":0,"max_hp_loss":0,"event_name":"Falling","floor":38,"gold_loss":0}],"is_beta":false,"boss_relics":[{"not_picked":["VioletLotus","Ectoplasm"],"picked":"Fusion Hammer"},{"not_picked":["Empty Cage","SacredBark"],"picked":"Philosopher\u0027s Stone"}],"items_purged_floors":[20,37,39],"is_endless":false,"potions_floor_spawned":[1,7,16,21,24,25,27,31,33,40,44,46],"ascension_level":20}}