{"host":"llpusn9usp8rznkj","time":1610324622,"event":{"mods":["2.2 Compatiblity","Aspiration","BaseMod","Colored Map","Colored Powertips","Conspire","Hubris","Minty Spire (QoL Compilation)","Quick Restart","Rare Cards Sparkle","Replay The Spire","StSLib","The Cursed"],"gold_per_floor":[118,168,182,194,194,194,226,226,226,243,243,243,243],"floor_reached":12,"playtime":271,"items_purged":[],"score":156,"play_id":"35bd669a-5480-470d-8132-b1bf3ea05e4e","local_time":"20210110192342","is_ascension_mode":true,"campfire_choices":[{"data":"Perfected Strike","floor":6,"key":"SMITH"},{"data":"Inflame","floor":11,"key":"SMITH"}],"circlet_count":0,"master_deck":["AscendersBane","Strike_R","Strike_R","Strike_R","Strike_R","Strike_R","Defend_R","Defend_R","Defend_R","Defend_R","Bash","Headbutt","Inflame+1","Perfected Strike+1","Injury","hubris:SharpeningStone+1","Ghostly Armor+1"],"relics":["Burning Blood","NeowsBlessing","Toxic Egg 2","hubris:IronBody","InkBottle"],"acts_visited":["Exordium"],"potions_floor_usage":[7,10],"damage_taken":[{"damage":0,"enemies":"conspire:RoseBush","floor":1,"turns":1},{"damage":0,"enemies":"Cultist","floor":3,"turns":1},{"damage":0,"enemies":"Small Slimes","floor":4,"turns":1},{"damage":33,"enemies":"Replay:BlueRogue","floor":7,"turns":4},{"damage":21,"enemies":"Gremlin Gang","floor":10,"turns":4},{"damage":34,"enemies":"3 Sentries","floor":12,"turns":4}],"seed_played":"549613598332627327","potions_obtained":[{"floor":4,"key":"GamblersBrew"},{"floor":7,"key":"SteroidPotion"}],"is_trial":false,"path_per_floor":["M","?","M","M","?","R","E","?","T","M","R","E"],"character_chosen":"IRONCLAD","items_purchased":[],"campfire_rested":0,"item_purchase_floors":[],"current_hp_per_floor":[74,67,73,75,75,75,48,48,48,33,33,0,0],"gold":243,"neow_bonus":"THREE_ENEMY_KILL","is_daily":false,"chose_seed":false,"campfire_upgraded":2,"win_rate":0.0,"timestamp":1610324622,"path_taken":["M","?","M","?","?","R","E","?","T","M","R","E"],"items_purchased_type":[],"build_version":"2020-12-22","purchased_purges":0,"victory":false,"max_hp_per_floor":[75,75,75,75,75,75,75,75,75,75,75,75,75],"card_choices":[{"not_picked":["Flex","Twin Strike"],"picked":"Headbutt","floor":1},{"not_picked":["Infernal Blade","Second Wind"],"picked":"Inflame","floor":3},{"not_picked":["Pommel Strike","Feel No Pain"],"picked":"Perfected Strike","floor":4},{"not_picked":["Cleave","Sword Boomerang"],"picked":"hubris:SharpeningStone+1","floor":7},{"not_picked":["Shockwave+1","Replay:Undeath\u0027s Touch"],"picked":"Ghostly Armor+1","floor":10}],"player_experience":1129931,"relics_obtained":[{"floor":7,"key":"hubris:IronBody"},{"floor":9,"key":"InkBottle"}],"event_choices":[{"damage_healed":0,"gold_gain":50,"player_choice":"Touch","damage_taken":7,"max_hp_gain":0,"max_hp_loss":0,"event_name":"FaceTrader","floor":2,"gold_loss":0},{"damage_healed":0,"gold_gain":0,"player_choice":"Disagree","damage_taken":0,"max_hp_gain":0,"max_hp_loss":0,"event_name":"conspire:LoneGhost","floor":8,"gold_loss":0}],"is_beta":false,"boss_relics":[],"items_purged_floors":[],"is_endless":false,"potions_floor_spawned":[4,7],"killed_by":"3 Sentries","ascension_level":20}}