{"host":"8lgo2trwv2o0qyml","time":1610378173,"event":{"mods":["BaseMod","Colored Map","Colored Powertips","DeckTracker","Highlight Path","Hubris","Infinite Spire","Minty Spire (QoL Compilation)","Quick Restart","Random Character Button","Relic Sorter","Replay The Spire","StSLib","SuperFastMode","Synergy Search"],"gold_per_floor":[14,14,26,43,53,53,86,86,86,152,152,4,4,14,14,113,113,123,142,142,60,73,73,73],"floor_reached":23,"playtime":946,"items_purged":[],"score":241,"play_id":"0abb0f1f-238a-421b-94b4-c094cd442e33","local_time":"20210111101613","is_ascension_mode":false,"campfire_choices":[{"data":"Crystallizer","floor":6,"key":"SMITH"},{"floor":11,"key":"REST"},{"data":"Echo Form","floor":13,"key":"SMITH"},{"floor":15,"key":"REST"}],"circlet_count":0,"master_deck":["Strike_B","Strike_B","Strike_B","Strike_B","Defend_B","Defend_B","Defend_B","Defend_B","Zap","Dualcast","The Bomb","Doom and Gloom+1","Crystallizer+1","Barrage","Auto Shields","Gash","Echo Form+1","Conserve Battery","Amplify","Barrage","Conserve Battery","Specialist","Barrage"],"relics":["Cracked Core","Bag of Marbles","Lantern","Replay:Antivirus Software","Blue Doll","Ring of Chaos","Singing Bowl"],"acts_visited":["Exordium","TheCity"],"potions_floor_usage":[16,16,16,22,23],"damage_taken":[{"damage":0,"enemies":"2 Louse","floor":1,"turns":3},{"damage":1,"enemies":"Cultist","floor":3,"turns":3},{"damage":1,"enemies":"Jaw Worm","floor":4,"turns":2},{"damage":14,"enemies":"Blue Slaver","floor":5,"turns":3},{"damage":14,"enemies":"Gremlin Nob","floor":7,"turns":3},{"damage":19,"enemies":"Exordium Wildlife","floor":14,"turns":5},{"damage":0,"enemies":"Slime Boss","floor":16,"turns":4},{"damage":14,"enemies":"2 Thieves","floor":18,"turns":4},{"damage":36,"enemies":"Spheric Guardian","floor":19,"turns":6},{"damage":16,"enemies":"Chosen and Byrds","floor":22,"turns":5},{"damage":19,"enemies":"Nightmare","floor":23,"turns":3}],"seed_played":"-6971793672190430316","potions_obtained":[{"floor":1,"key":"ColorlessPotion"},{"floor":2,"key":"SteroidPotion"},{"floor":2,"key":"LiquidMemories"},{"floor":2,"key":"BlessingOfTheForge"},{"floor":10,"key":"Regen Potion"},{"floor":18,"key":"SkillPotion"},{"floor":22,"key":"Languid Potion"}],"is_trial":false,"path_per_floor":["M","?","M","M","M","R","E","?","T","?","R","$","R","M","R","B",null,"M","M","?","$","M","NM"],"character_chosen":"DEFECT","items_purchased":["Blue Doll","Specialist"],"campfire_rested":2,"item_purchase_floors":[12,21],"current_hp_per_floor":[75,75,74,73,59,59,45,45,45,15,37,37,37,18,40,54,75,61,25,25,25,9,0,0],"gold":73,"neow_bonus":"RANDOM_COLORLESS_2","is_daily":false,"chose_seed":false,"campfire_upgraded":2,"win_rate":0.0,"timestamp":1610378173,"path_taken":["M","?","M","?","M","R","E","?","T","?","R","$","R","?","R","BOSS","M","M","?","$","M","NM"],"items_purchased_type":["Relic","Card"],"build_version":"2020-12-22","purchased_purges":0,"victory":false,"max_hp_per_floor":[75,75,75,75,75,75,75,75,75,75,75,75,75,75,75,75,75,75,75,75,75,75,75,75],"card_choices":[{"not_picked":["Poisoned Strike","Violence"],"picked":"The Bomb","floor":0},{"not_picked":["Rebound","Defragment"],"picked":"Doom and Gloom","floor":1},{"not_picked":["Leap","Compile Driver"],"picked":"Crystallizer","floor":3},{"not_picked":["Beam Cell","Ball Lightning"],"picked":"Barrage","floor":4},{"not_picked":["ReplayTheSpireMod:Reroute Power","Steam"],"picked":"Auto Shields","floor":5},{"not_picked":["FTL","Compile Driver"],"picked":"Gash","floor":7},{"not_picked":["Stack","Double Energy"],"picked":"Echo Form","floor":10},{"not_picked":["Turbo","BasicCrystalCard"],"picked":"Conserve Battery","floor":14},{"not_picked":["hubris:DoWhile","Echo Form"],"picked":"Amplify","floor":16},{"not_picked":["Static Discharge","ReplayTheSpireMod:GoodbyeWorld"],"picked":"Barrage","floor":18},{"not_picked":["Steam","Leap"],"picked":"Conserve Battery","floor":19},{"not_picked":["Rebound","Ball Lightning+1"],"picked":"Barrage","floor":22}],"player_experience":49065,"relics_obtained":[{"floor":7,"key":"Bag of Marbles"},{"floor":9,"key":"Lantern"},{"floor":10,"key":"Replay:Antivirus Software"}],"event_choices":[{"damage_healed":0,"gold_gain":0,"player_choice":"Got Potions","damage_taken":0,"max_hp_gain":0,"max_hp_loss":0,"event_name":"Lab","floor":2,"gold_loss":0},{"damage_healed":0,"gold_gain":0,"player_choice":"Grow","damage_taken":0,"max_hp_gain":0,"max_hp_loss":0,"event_name":"Living Wall","floor":8,"gold_loss":0,"cards_upgraded":["Doom and Gloom"]}],"is_beta":false,"boss_relics":[{"not_picked":["hubris:TerracottaHorce","Cursed Key"],"picked":"Ring of Chaos"}],"items_purged_floors":[],"is_endless":false,"potions_floor_spawned":[1,4,7,18,22],"killed_by":"Nightmare","ascension_level":0}}