{"host":"d66n7ln59ex8canu","time":1610397788,"event":{"mods":["AchievementEnabler","BaseMod","Colored Map","Minty Spire (QoL Compilation)","Quick Restart","StSLib"],"gold_per_floor":[115,115,190,203,203,229,229,110,134,47,77,77,93,46,46,149,149,166,166,166,166,11,37,37,72,72,85,85,112,131,148,148,148,148],"floor_reached":33,"playtime":828,"items_purged":[],"score":414,"play_id":"2cb5b990-8aef-400e-9c64-e37a3b156996","local_time":"20210111154308","is_ascension_mode":true,"campfire_choices":[{"data":"Poisoned Stab","floor":7,"key":"SMITH"},{"data":"Noxious Fumes","floor":12,"key":"SMITH"},{"data":"Neutralize","floor":15,"key":"SMITH"},{"data":"Bite","floor":28,"key":"SMITH"},{"data":"Poisoned Stab","floor":32,"key":"SMITH"}],"circlet_count":0,"master_deck":["Defend_G","Defend_G","Defend_G","Defend_G","Defend_G","Survivor","Neutralize+1","Poisoned Stab+1","Deflect","Backflip+1","Noxious Fumes+1","Outmaneuver+1","Bandage Up+1","Cloak And Dagger+1","Deflect+1","Corpse Explosion+1","Cloak And Dagger+1","Bite","Bite","Bite","Bite","Bite+1","Backflip+1","Blur+1","Poisoned Stab+1","Deadly Poison+1","Bane"],"relics":["Ring of the Snake","NeowsBlessing","Toxic Egg 2","Black Star","PreservedInsect","Calipers","Anchor","MutagenicStrength","Gremlin Horn","Blue Candle","White Beast Statue","Darkstone Periapt","Ornamental Fan"],"acts_visited":["Exordium","TheCity"],"potions_floor_usage":[23,33,33],"damage_taken":[{"damage":0,"enemies":"Cultist","floor":1,"turns":1},{"damage":0,"enemies":"Small Slimes","floor":4,"turns":1},{"damage":0,"enemies":"Gremlin Nob","floor":6,"turns":1},{"damage":0,"enemies":"Jaw Worm","floor":13,"turns":3},{"damage":13,"enemies":"Hexaghost","floor":16,"turns":9},{"damage":33,"enemies":"Spheric Guardian","floor":18,"turns":6},{"damage":24,"enemies":"Book of Stabbing","floor":23,"turns":6},{"damage":16,"enemies":"Gremlin Leader","floor":25,"turns":8},{"damage":0,"enemies":"Chosen","floor":27,"turns":5},{"damage":12,"enemies":"Slavers","floor":29,"turns":2},{"damage":20,"enemies":"Shelled Parasite and Fungi","floor":30,"turns":6},{"damage":0,"enemies":"Snake Plant","floor":31,"turns":4},{"damage":55,"enemies":"Automaton","floor":33,"turns":6}],"seed_played":"4581420313325274602","potions_obtained":[{"floor":1,"key":"SteroidPotion"},{"floor":4,"key":"Weak Potion"},{"floor":25,"key":"GamblersBrew"},{"floor":27,"key":"Dexterity Potion"}],"is_trial":false,"path_per_floor":["M","$","?","M","?","E","R","$","T","$","?","R","M","$","R","B",null,"M","?","?","?","$","E","?","E","T","M","R","E","M","M","R","B"],"character_chosen":"THE_SILENT","items_purchased":["Noxious Fumes","Outmaneuver+1","Bandage Up+1","Deflect+1","PreservedInsect"],"campfire_rested":0,"item_purchase_floors":[8,8,10,14,22],"current_hp_per_floor":[70,70,59,59,59,59,59,59,59,59,59,59,65,65,65,58,70,43,43,43,43,43,31,31,31,31,41,41,35,30,40,40,0,0],"gold":148,"neow_bonus":"THREE_ENEMY_KILL","is_daily":false,"chose_seed":false,"campfire_upgraded":5,"win_rate":0.0,"timestamp":1610397788,"path_taken":["M","?","?","?","?","E","R","$","T","$","?","R","M","?","R","BOSS","M","?","?","?","$","E","?","E","T","?","R","E","M","M","R","BOSS"],"items_purchased_type":["Card","Card","Card","Card","Relic"],"build_version":"2020-12-22","purchased_purges":0,"victory":false,"max_hp_per_floor":[70,70,70,70,70,70,70,70,70,70,70,70,70,70,70,70,70,70,70,49,49,49,49,49,49,49,49,49,49,49,49,49,49,49],"card_choices":[{"not_picked":["Concentrate","Acrobatics"],"picked":"Poisoned Stab","floor":1},{"not_picked":["Prepared","Finisher"],"picked":"Deflect","floor":4},{"not_picked":["Dagger Throw","Slice"],"picked":"Backflip+1","floor":6},{"not_picked":["Sucker Punch","PiercingWail+1"],"picked":"Cloak And Dagger+1","floor":13},{"not_picked":["Bullet Time+1","Burst+1"],"picked":"Corpse Explosion+1","floor":16},{"not_picked":["Slice","Prepared+1"],"picked":"Cloak And Dagger+1","floor":18},{"not_picked":["Choke","Reflex+1"],"picked":"Backflip+1","floor":23},{"not_picked":["Predator+1","Outmaneuver+1","Choke"],"picked":"SKIP","floor":25},{"not_picked":["Bane","Underhanded Strike+1"],"picked":"Blur+1","floor":27},{"not_picked":["Dagger Spray","Cloak And Dagger+1"],"picked":"Poisoned Stab","floor":29},{"not_picked":["Dagger Throw","Choke+1"],"picked":"Deadly Poison+1","floor":30},{"not_picked":["Unload","Blade Dance+1"],"picked":"Bane","floor":31}],"player_experience":312379,"relics_obtained":[{"floor":6,"key":"Toxic Egg 2"},{"floor":23,"key":"Calipers"},{"floor":23,"key":"Anchor"},{"floor":25,"key":"Gremlin Horn"},{"floor":25,"key":"Blue Candle"},{"floor":26,"key":"White Beast Statue"},{"floor":29,"key":"Darkstone Periapt"},{"floor":29,"key":"Ornamental Fan"}],"event_choices":[{"damage_healed":0,"gold_gain":75,"player_choice":"Gather Gold","damage_taken":11,"max_hp_gain":0,"max_hp_loss":0,"event_name":"World of Goop","floor":3,"gold_loss":0},{"damage_healed":0,"gold_gain":0,"player_choice":"Leave","damage_taken":0,"max_hp_gain":0,"max_hp_loss":0,"event_name":"The Cleric","floor":5,"gold_loss":0},{"damage_healed":0,"gold_gain":30,"player_choice":"Searched \u00272\u0027 times","damage_taken":0,"max_hp_gain":0,"max_hp_loss":0,"event_name":"Dead Adventurer","floor":11,"gold_loss":0},{"damage_healed":0,"gold_gain":0,"player_choice":"Ignored","damage_taken":0,"max_hp_gain":0,"max_hp_loss":0,"event_name":"Ghosts","floor":19,"gold_loss":0},{"damage_healed":0,"gold_gain":0,"player_choice":"Became a vampire","damage_taken":0,"max_hp_gain":0,"max_hp_loss":21,"event_name":"Vampires","floor":20,"gold_loss":0,"cards_obtained":["Bite","Bite","Bite","Bite","Bite"]},{"damage_healed":0,"gold_gain":0,"player_choice":"Ignored","damage_taken":0,"max_hp_gain":0,"max_hp_loss":0,"event_name":"Beggar","floor":21,"gold_loss":0},{"damage_healed":0,"gold_gain":0,"player_choice":"Inject Mutagens","damage_taken":0,"relics_obtained":["MutagenicStrength"],"max_hp_gain":0,"max_hp_loss":0,"event_name":"Drug Dealer","floor":24,"gold_loss":0}],"is_beta":false,"boss_relics":[{"not_picked":["SlaversCollar","Coffee Dripper"],"picked":"Black Star"}],"items_purged_floors":[],"is_endless":false,"potions_floor_spawned":[1,4,25,27,29,30,31],"killed_by":"Automaton","ascension_level":4}}