{"host":"dm4yvegl9um2tlqd","time":1610376120,"event":{"mods":["2.2 Compatiblity","AchievementEnabler","BaseMod","Colored Map","DeckTracker","Highlight Path","KOR Keyword Fix","Keyboard Shortcuts","Minty Spire (QoL Compilation)","Permanent Neow","Quick Restart","Random Character Button","StSLib","SuperFastMode","everything is the same but u backflip on backflip"],"gold_per_floor":[13,13,28,48,67,67,99,111,138,166,166,176,210,226,226,325,325,343,360,360,257,273,301,301,226,226,244,255,255,255,266,266,367,367,378,392,403,89,108,108,139,139,214,214,241,341,118,135,135,135,135],"floor_reached":50,"playtime":2414,"items_purged":["Strike_R","Strike_R"],"score":622,"play_id":"92ef050c-8673-4f2f-94e2-ed94029262e7","local_time":"20210111234200","is_ascension_mode":true,"campfire_choices":[{"data":"Dual Wield","floor":6.0,"key":"SMITH"},{"floor":11.0,"key":"REST"},{"data":"Fiend Fire","floor":15.0,"key":"SMITH"},{"data":"Bloodletting","floor":24.0,"key":"SMITH"},{"data":"Heavy Blade","floor":30.0,"key":"SMITH"},{"data":"Body Slam","floor":32.0,"key":"SMITH"},{"data":"Limit Break","floor":40.0,"key":"SMITH"},{"data":"Offering","floor":42.0,"key":"SMITH"},{"data":"Fiend Fire","floor":44.0,"key":"SMITH"},{"data":"Hemokinesis","floor":49.0,"key":"SMITH"}],"circlet_count":0,"master_deck":["Strike_R","Defend_R","Defend_R","Defend_R","Defend_R","Bash","Fiend Fire+1","Bloodletting+1","Dual Wield+1","Clothesline","Spot Weakness","Berserk+1","Evolve+1","Corruption+1","Reckless Charge","Fiend Fire+1","Feel No Pain+1","J.A.X.","Heavy Blade+1","Inflame+1","Shrug It Off+1","Hemokinesis+1","Shrug It Off","Body Slam+1","Limit Break+1","Flame Barrier+1","Demon Form+1","Offering+1","Shockwave+1","Armaments+1","Hemokinesis+1"],"relics":["Burning Blood","Frozen Egg 2","Bronze Scales","Centennial Puzzle","Ancient Tea Set","Tiny Chest","Runic Cube","TungstenRod","Ginger","Coffee Dripper","HornCleat","Toxic Egg 2","Vajra"],"acts_visited":["Exordium","TheCity","TheBeyond"],"potions_floor_usage":[50,50,50],"damage_taken":[{"damage":2.0,"enemies":"2 Louse","floor":1.0,"turns":2.0},{"damage":1.0,"enemies":"Cultist","floor":3.0,"turns":3.0},{"damage":4.0,"enemies":"Small Slimes","floor":4.0,"turns":5.0},{"damage":10.0,"enemies":"2 Fungi Beasts","floor":5.0,"turns":5.0},{"damage":33.0,"enemies":"3 Sentries","floor":7.0,"turns":8.0},{"damage":14.0,"enemies":"Looter","floor":8.0,"turns":3.0},{"damage":27.0,"enemies":"Lagavulin","floor":10.0,"turns":7.0},{"damage":13.0,"enemies":"Exordium Thugs","floor":12.0,"turns":4.0},{"damage":26.0,"enemies":"3 Sentries","floor":13.0,"turns":7.0},{"damage":4.0,"enemies":"2 Fungi Beasts","floor":14.0,"turns":2.0},{"damage":18.0,"enemies":"Hexaghost","floor":16.0,"turns":7.0},{"damage":24.0,"enemies":"2 Thieves","floor":18.0,"turns":3.0},{"damage":6.0,"enemies":"Spheric Guardian","floor":19.0,"turns":3.0},{"damage":15.0,"enemies":"3 Cultists","floor":22.0,"turns":3.0},{"damage":31.0,"enemies":"Slavers","floor":23.0,"turns":5.0},{"damage":9.0,"enemies":"Centurion and Healer","floor":27.0,"turns":4.0},{"damage":4.0,"enemies":"Sentry and Sphere","floor":28.0,"turns":3.0},{"damage":5.0,"enemies":"Colosseum Slavers","floor":29.0,"turns":3.0},{"damage":11.0,"enemies":"3 Cultists","floor":31.0,"turns":6.0},{"damage":24.0,"enemies":"Champ","floor":33.0,"turns":6.0},{"damage":8.0,"enemies":"3 Darklings","floor":35.0,"turns":3.0},{"damage":3.0,"enemies":"Orb Walker","floor":36.0,"turns":1.0},{"damage":18.0,"enemies":"Jaw Worm Horde","floor":37.0,"turns":4.0},{"damage":19.0,"enemies":"Sphere and 2 Shapes","floor":39.0,"turns":5.0},{"damage":17.0,"enemies":"Giant Head","floor":41.0,"turns":5.0},{"damage":14.0,"enemies":"Maw","floor":48.0,"turns":5.0},{"damage":51,"enemies":"Awakened One","floor":50,"turns":6}],"seed_played":"5799721343281031469","potions_obtained":[{"floor":5.0,"key":"SkillPotion"},{"floor":7.0,"key":"BloodPotion"},{"floor":10.0,"key":"FairyPotion"},{"floor":12.0,"key":"ColorlessPotion"},{"floor":14.0,"key":"DistilledChaos"},{"floor":16.0,"key":"ColorlessPotion"},{"floor":22.0,"key":"LiquidBronze"},{"floor":27.0,"key":"Block Potion"},{"floor":33.0,"key":"Ancient Potion"},{"floor":36.0,"key":"Block Potion"},{"floor":41.0,"key":"ColorlessPotion"},{"floor":48.0,"key":"FearPotion"}],"is_trial":false,"path_per_floor":["M","?","M","M","M","R","E","M","T","E","R","M","E","M","R","B",null,"M","M","?","$","M","E","R","?","T","M","M","?","R","M","R","B",null,"M","M","M","$","M","R","E","R","T","R","T","?","$","M","R","B"],"character_chosen":"IRONCLAD","items_purchased":["Heavy Blade","Inflame+1","Demon Form+1","Offering","Shockwave+1","Armaments+1"],"campfire_rested":1,"item_purchase_floors":[21,21,38,38,47,47],"current_hp_per_floor":[80,80,80,80,76,76,49,41,41,20,44,37,33,35,35,23,80,62,62,62,62,53,28,28,28,28,25,27,28,28,23,23,29,80,78,80,68,68,55,55,44,44,44,44,44,44,44,36,36,0,0],"gold":135,"neow_bonus":"TRANSFORM_TWO_CARDS","is_daily":false,"chose_seed":false,"campfire_upgraded":9,"win_rate":0.0,"timestamp":1610376120,"path_taken":["M","?","M","?","M","R","E","M","T","E","R","M","E","M","R","BOSS","M","M","?","$","M","E","R","?","T","M","M","?","R","M","R","BOSS","M","M","M","$","M","R","E","R","T","R","?","?","$","M","R","BOSS"],"items_purchased_type":["Card","Card","Card","Card","Card","Card"],"build_version":"2020-12-22","purchased_purges":2,"victory":false,"max_hp_per_floor":[80,80,80,80,80,80,80,80,80,80,80,80,80,80,80,80,80,80,80,80,80,80,80,80,80,80,80,80,80,80,80,80,80,80,80,80,80,80,80,80,80,80,80,80,80,80,80,80,80,80,80],"card_choices":[{"not_picked":["Sword Boomerang","Thunderclap"],"picked":"Perfected Strike","floor":1.0},{"not_picked":["Clash","Iron Wave","Flex"],"picked":"SKIP","floor":3.0},{"not_picked":["Warcry","Limit Break"],"picked":"Bloodletting","floor":4.0},{"not_picked":["Body Slam","Perfected Strike"],"picked":"Dual Wield","floor":5.0},{"not_picked":["Heavy Blade","Wild Strike"],"picked":"Clothesline","floor":7.0},{"not_picked":["Heavy Blade","Hemokinesis"],"picked":"Spot Weakness","floor":8.0},{"not_picked":["Twin Strike","Hemokinesis"],"picked":"Berserk+1","floor":10.0},{"not_picked":["Armaments","True Grit"],"picked":"Evolve+1","floor":12.0},{"not_picked":["Metallicize+1","Juggernaut+1"],"picked":"Corruption+1","floor":13.0},{"not_picked":["Blood for Blood","Cleave"],"picked":"Reckless Charge","floor":14.0},{"not_picked":["Immolate","Impervious"],"picked":"Fiend Fire","floor":16.0},{"not_picked":["Clash","Warcry","Sword Boomerang"],"picked":"SKIP","floor":18.0},{"not_picked":["Inflame+1","Metallicize+1"],"picked":"Feel No Pain+1","floor":19.0},{"not_picked":["Anger","Headbutt"],"picked":"Shrug It Off+1","floor":22.0},{"not_picked":["Corruption+1","Iron Wave"],"picked":"Hemokinesis+1","floor":23.0},{"not_picked":["Twin Strike+1","Warcry+1"],"picked":"Shrug It Off","floor":27.0},{"not_picked":["Pommel Strike","Warcry","Clash+1"],"picked":"SKIP","floor":28.0},{"not_picked":["Clothesline","Armaments"],"picked":"Body Slam","floor":31.0},{"not_picked":["Juggernaut+1","Berserk+1"],"picked":"Limit Break","floor":33.0},{"not_picked":["True Grit+1","Clothesline+1","Wild Strike"],"picked":"SKIP","floor":35.0},{"not_picked":["Shockwave","Armaments"],"picked":"Flame Barrier+1","floor":36.0},{"not_picked":["Pommel Strike","Clothesline+1","Wild Strike+1"],"picked":"SKIP","floor":37.0},{"not_picked":["Twin Strike+1","Anger+1","Cleave"],"picked":"SKIP","floor":39.0},{"not_picked":["Pommel Strike+1","Intimidate+1","Evolve+1"],"picked":"SKIP","floor":41.0},{"not_picked":["Intimidate+1","Twin Strike"],"picked":"Hemokinesis","floor":48.0}],"player_experience":28691,"relics_obtained":[{"floor":7.0,"key":"Bronze Scales"},{"floor":9.0,"key":"Centennial Puzzle"},{"floor":10.0,"key":"Ancient Tea Set"},{"floor":13.0,"key":"Tiny Chest"},{"floor":23.0,"key":"TungstenRod"},{"floor":26.0,"key":"Ginger"},{"floor":41.0,"key":"HornCleat"},{"floor":43.0,"key":"Toxic Egg 2"},{"floor":45.0,"key":"Vajra"}],"event_choices":[{"cards_removed":["Warcry"],"damage_healed":0.0,"max_hp_gain":0.0,"max_hp_loss":0.0,"gold_gain":0.0,"event_name":"WeMeetAgain","player_choice":"Gave Card","floor":2.0,"gold_loss":0.0,"damage_taken":0.0,"relics_obtained":["Frozen Egg 2"]},{"damage_healed":0.0,"max_hp_gain":0.0,"max_hp_loss":0.0,"gold_gain":0.0,"event_name":"Drug Dealer","player_choice":"Obtain J.A.X.","floor":20.0,"gold_loss":0.0,"damage_taken":0.0,"cards_obtained":["J.A.X."]},{"cards_removed":["Perfected Strike"],"damage_healed":0.0,"max_hp_gain":0.0,"max_hp_loss":0.0,"gold_gain":0.0,"event_name":"Beggar","player_choice":"Gave Gold","floor":25.0,"gold_loss":75.0,"damage_taken":0.0},{"damage_healed":0.0,"max_hp_gain":0.0,"max_hp_loss":0.0,"gold_gain":0.0,"event_name":"Colosseum","player_choice":"Fight","floor":29.0,"gold_loss":0.0,"damage_taken":0.0},{"damage_healed":0.0,"max_hp_gain":0.0,"max_hp_loss":0.0,"gold_gain":0.0,"event_name":"Colosseum","player_choice":"Fled From Nobs","floor":29.0,"gold_loss":0.0,"damage_taken":0.0},{"damage_healed":0.0,"max_hp_gain":0.0,"max_hp_loss":0.0,"gold_gain":100.0,"event_name":"Golden Shrine","player_choice":"Pray","floor":46.0,"gold_loss":0.0,"damage_taken":0.0}],"is_beta":false,"boss_relics":[{"not_picked":["Sozu","Tiny House"],"picked":"Runic Cube"},{"not_picked":["SlaversCollar","Velvet Choker"],"picked":"Coffee Dripper"}],"items_purged_floors":[38,47],"is_endless":false,"potions_floor_spawned":[5,7,10,12,14,16,22,27,29,33,36,41,48],"killed_by":"Awakened One","ascension_level":3}}