{"host":"4328iixd8pca51w5","time":1610382302,"event":{"mods":["2.2 Compatiblity","AchievementEnabler","BaseMod","CapriCore","Colored Map","KOR Keyword Fix","Minty Spire (QoL Compilation)","StSLib","WarShipGirlsR/??á´Ò³R mod"],"gold_per_floor":[116,130,305,86,86,115,135,135,188,228,240,269,296,338,350,460,472,500,512,552,577,589,601,613,645,657,687,699,699],"floor_reached":28,"playtime":1408,"items_purged":["Doubt"],"score":342,"play_id":"54cd1203-c8c6-4222-ac20-79cd7fb8218b","local_time":"20210112012502","is_ascension_mode":true,"campfire_choices":[{"data":"rmod:expedition","floor":11.0,"key":"SMITH"},{"data":"rmod:windflower","floor":15.0,"key":"SMITH"},{"data":"rmod:goodfighter","floor":23.0,"key":"SMITH"}],"circlet_count":0,"master_deck":["rmod:strick","rmod:strick","rmod:strick","rmod:defend","rmod:defend","rmod:defend","rmod:basicallowance","rmod:maingunfire","rmod:mineteam","rmod:fletcherpendant","rmod:expedition+1","rmod:generalist","rmod:firesupport","rmod:windflower+1","rmod:expeditionaryescort","rmod:goodfighter+1","rmod:salvage+1","rmod:fletcherpendant","rmod:fletcherpendant","rmod:overbreakdown+1","rmod:fletcherpendant","rmod:ring"],"relics":["rmod:firstchargereward","Lantern","Happy Flower","Omamori","MawBank","Oddly Smooth Stone","Gremlin Horn","rmod:monthlycard","Red Mask","Matryoshka","Blue Candle","Shuriken"],"acts_visited":["Exordium","TheCity"],"potions_floor_usage":[28,28,28,28],"damage_taken":[{"damage":0.0,"enemies":"Cultist","floor":1.0,"turns":3.0},{"damage":0.0,"enemies":"Jaw Worm","floor":2.0,"turns":3.0},{"damage":24.0,"enemies":"3 Sentries","floor":6.0,"turns":10.0},{"damage":0.0,"enemies":"2 Louse","floor":7.0,"turns":2.0},{"damage":0.0,"enemies":"Gremlin Nob","floor":10.0,"turns":3.0},{"damage":13.0,"enemies":"Exordium Thugs","floor":12.0,"turns":5.0},{"damage":0.0,"enemies":"Looter","floor":13.0,"turns":2.0},{"damage":0.0,"enemies":"Lagavulin","floor":14.0,"turns":4.0},{"damage":14.0,"enemies":"Hexaghost","floor":16.0,"turns":6.0},{"damage":25.0,"enemies":"Shell Parasite","floor":18.0,"turns":4.0},{"damage":2.0,"enemies":"Masked Bandits","floor":20.0,"turns":3.0},{"damage":11.0,"enemies":"2 Thieves","floor":21.0,"turns":4.0},{"damage":0,"enemies":"Cultist and Chosen","floor":25,"turns":4},{"damage":10,"enemies":"Sentry and Sphere","floor":27,"turns":4},{"damage":13,"enemies":"Slavers","floor":28,"turns":1}],"seed_played":"-1417527688700782323","potions_obtained":[{"floor":2.0,"key":"Swift Potion"},{"floor":7.0,"key":"ColorlessPotion"},{"floor":12.0,"key":"Fire Potion"},{"floor":16.0,"key":"Explosive Potion"},{"floor":18.0,"key":"LiquidBronze"},{"floor":21.0,"key":"EntropicBrew"}],"is_trial":false,"path_per_floor":["M","M","?","$","?","E","M","?","T","E","R","M","M","E","R","B",null,"M","?","?","M","?","R","?","M","T","M","E"],"character_chosen":"PRAEFECT","items_purchased":["Happy Flower"],"campfire_rested":0,"item_purchase_floors":[4],"current_hp_per_floor":[75,75,75,75,75,51,51,51,51,51,51,38,38,38,38,24,75,50,36,34,23,23,23,23,23,23,13,0,0],"gold":699,"neow_bonus":"RANDOM_COMMON_RELIC","is_daily":false,"chose_seed":false,"campfire_upgraded":3,"win_rate":0.0,"timestamp":1610382302,"path_taken":["M","?","?","$","?","E","?","?","T","E","R","M","?","E","R","BOSS","M","?","?","M","?","R","?","M","T","M","E"],"items_purchased_type":["Relic"],"build_version":"2020-12-22","purchased_purges":1,"victory":false,"max_hp_per_floor":[75,75,75,75,75,75,75,75,75,75,75,75,75,75,75,75,75,75,80,80,80,80,80,80,80,80,80,80,80],"card_choices":[{"not_picked":["rmod:overbreakdown","rmod:steelsupply"],"picked":"rmod:mineteam","floor":1.0},{"not_picked":["rmod:overbreakdown","rmod:launchingtorpedo"],"picked":"rmod:fletcherpendant","floor":2.0},{"not_picked":["rmod:combined","rmod:ammunitionsupply","rmod:smokecover"],"picked":"SKIP","floor":6.0},{"not_picked":["rmod:goodsister","rmod:fuelsupply"],"picked":"rmod:expedition","floor":7.0},{"not_picked":["rmod:overbreakdown","rmod:bulid"],"picked":"rmod:firesupport","floor":10.0},{"not_picked":["rmod:overbreakdown","rmod:diamondstrike","rmod:tearstotiara"],"picked":"SKIP","floor":12.0},{"not_picked":["rmod:supportaircraftcarrier","rmod:intelligenceanalysis","rmod:firesupport"],"picked":"SKIP","floor":13.0},{"not_picked":["rmod:supportescort","rmod:combined"],"picked":"rmod:windflower","floor":14.0},{"not_picked":["rmod:auspiciousomen","rmod:ridicule"],"picked":"rmod:expeditionaryescort","floor":16.0},{"not_picked":["rmod:fletcherpendant","rmod:steelsupply"],"picked":"rmod:goodfighter","floor":18.0},{"not_picked":["rmod:circuitoustactics+1","rmod:combined"],"picked":"rmod:salvage+1","floor":20.0},{"not_picked":["rmod:spoils","rmod:aviationdawn","rmod:slowdown+1"],"picked":"SKIP","floor":21.0},{"not_picked":["rmod:luckystar+1","rmod:goodfighter"],"picked":"rmod:overbreakdown+1","floor":25},{"not_picked":["rmod:tearstotiara+1","rmod:slowdown+1"],"picked":"rmod:ring","floor":27}],"player_experience":167136,"relics_obtained":[{"floor":6.0,"key":"Omamori"},{"floor":9.0,"key":"MawBank"},{"floor":10.0,"key":"Oddly Smooth Stone"},{"floor":14.0,"key":"Gremlin Horn"},{"floor":20.0,"key":"Red Mask"},{"floor":26,"key":"Blue Candle"},{"floor":26,"key":"Shuriken"}],"event_choices":[{"damage_healed":0.0,"max_hp_gain":0.0,"max_hp_loss":0.0,"gold_gain":175.0,"event_name":"Liars Game","player_choice":"AGREE","floor":3.0,"gold_loss":0.0,"damage_taken":0.0,"cards_obtained":["Doubt"]},{"cards_removed":["rmod:strick"],"damage_healed":0.0,"max_hp_gain":0.0,"max_hp_loss":0.0,"gold_gain":0.0,"event_name":"Purifier","player_choice":"Purged","floor":5.0,"gold_loss":0.0,"damage_taken":0.0},{"damage_healed":0.0,"max_hp_gain":0.0,"max_hp_loss":0.0,"gold_gain":0.0,"cards_transformed":["rmod:defend"],"event_name":"Transmorgrifier","player_choice":"Transformed","floor":8.0,"gold_loss":0.0,"damage_taken":0.0,"cards_obtained":["rmod:generalist"]},{"damage_healed":0.0,"max_hp_gain":5.0,"max_hp_loss":0.0,"gold_gain":0.0,"event_name":"Forgotten Altar","player_choice":"Shed Blood","floor":19.0,"gold_loss":0.0,"damage_taken":19.0},{"damage_healed":0.0,"max_hp_gain":0.0,"max_hp_loss":0.0,"gold_gain":0.0,"event_name":"Masked Bandits","player_choice":"Fought Bandits","floor":20.0,"gold_loss":0.0,"damage_taken":0.0},{"damage_healed":0.0,"max_hp_gain":0.0,"max_hp_loss":0.0,"gold_gain":0.0,"event_name":"Ghosts","player_choice":"Ignored","floor":22.0,"gold_loss":0.0,"damage_taken":0.0},{"damage_healed":0.0,"max_hp_gain":0.0,"max_hp_loss":0.0,"gold_gain":0.0,"event_name":"The Mausoleum","player_choice":"Opened","floor":24.0,"gold_loss":0.0,"damage_taken":0.0,"relics_obtained":["Matryoshka"]}],"is_beta":false,"boss_relics":[{"not_picked":["Snecko Eye","Cursed Key"],"picked":"rmod:monthlycard"}],"items_purged_floors":[4],"is_endless":false,"potions_floor_spawned":[2,7,12,14,16,18,21],"killed_by":"Slavers","ascension_level":2}}