{"host":"nu52txkaz0lj0p7m","time":1610336104,"event":{"mods":["2.2 Compatiblity","AchievementEnabler","Arknights The Spire","Astrologer","BaseMod","Beaked The Cultist","Best Route Mod","BetterRewards","Colored Map","Colored Powertips","Conjunction","Custom Start","Downfall","Duelist Mod","Evolution","GifTheSpireLib","GungeonMod","Lobotomy","LobotomyExtend","Minty Spire (QoL Compilation)","Permanent Neow","Relic Filter","SIMod","Shade Mod","Small Relic Pack","StSLib","SuperFastMode","Synergy Search","The Dragon Tamer","The Fake Hero","TheFirefly"],"gold_per_floor":[349,365,382,397,412,337,416,436,42,42,55,84,9,109,128,229,229,154,154,164,180,207,161,208,224,224,235,264,294,294,305,316,419,419,419,436,436,454,454,467,515,526,526,543,577,597,597,610,622,622,622],"floor_reached":52,"playtime":3392,"items_purged":["Shade:Defend_Shade"],"score":777,"play_id":"b47ed7c2-8201-40f6-be55-9d474517b491","local_time":"20210111113503","is_ascension_mode":false,"campfire_choices":[{"floor":1,"key":"RECALL"},{"data":"Shade:TouchOfTheGrave","floor":6,"key":"SMITH"},{"data":"Shade:TouchOfTheGrave","floor":10,"key":"SMITH"},{"data":"Shade:Bite_Shade","floor":13,"key":"SMITH"},{"data":"Shade:LichForm","floor":18,"key":"SMITH"},{"floor":30,"key":"REST"},{"data":"Shade:AnimateDead","floor":35,"key":"SMITH"},{"floor":47,"key":"REST"}],"circlet_count":0,"master_deck":["Shade:Strike_Shade","Shade:Strike_Shade","Shade:Strike_Shade","Shade:Defend_Shade","Shade:Defend_Shade","Shade:Defend_Shade","Shade:AnimateDead+1","Shade:CarefulCut","Shade:TouchOfTheGrave+1","Shade:FleshLikeOak","Shade:TouchOfTheGrave+1","Shade:Bite_Shade+1","Shade:SpectralStrikes","Shade:DangerousRitual","Shade:FeralStrike+1","Shade:ExtraLimbs+1","Shade:LichForm+1","Shade:OminousRitual+1","Shade:Excise+1","Shade:SpontaneousRitual+1","Shade:WallOfFlesh+1","Shade:WallOfFlesh+1"],"relics":["Shade:YorickSkull","EVO:Axolotl","LetterFromLob","downfall:HeartBlessingRed","DemoMod:MeatBun","Molten Egg 2","downfall:HeartBlessingGreen","RedMistMask","beaked:MawFillet","downfall:HeartBlessingBlue","DemoMod:Orange","Regal Pillow","Omamori","DemoMod:PoisonVial","Sozu","Anchor","Bronze Scales"],"acts_visited":["Exordium","TheCity","TheBeyond"],"potions_floor_usage":[11,12,16,33,33,40,42],"damage_taken":[{"damage":0,"enemies":"Jaw Worm","floor":2,"turns":4},{"damage":1,"enemies":"Small Slimes","floor":3,"turns":4},{"damage":0,"enemies":"2 Louse","floor":4,"turns":4},{"damage":0,"enemies":"Large Slime","floor":5,"turns":7},{"damage":0,"enemies":"3 Louse","floor":8,"turns":4},{"damage":0,"enemies":"downfall:FleeingMerchant","floor":9,"turns":4},{"damage":0,"enemies":"Exordium Thugs","floor":11,"turns":3},{"damage":3,"enemies":"3 Sentries","floor":12,"turns":6},{"damage":0,"enemies":"2 Fungi Beasts","floor":15,"turns":2},{"damage":22,"enemies":"downfall:Defect","floor":16,"turns":5},{"damage":0,"enemies":"Shell Parasite","floor":20,"turns":3},{"damage":0,"enemies":"Spheric Guardian","floor":21,"turns":2},{"damage":16,"enemies":"Slavers","floor":22,"turns":3},{"damage":6,"enemies":"Cultist and Chosen","floor":25,"turns":3},{"damage":3,"enemies":"Centurion and Healer","floor":27,"turns":3},{"damage":14,"enemies":"theDuelist:KaibaA2","floor":28,"turns":4},{"damage":20,"enemies":"Book of Stabbing","floor":29,"turns":4},{"damage":0,"enemies":"Snecko","floor":31,"turns":3},{"damage":22,"enemies":"Shelled Parasite and Fungi","floor":32,"turns":4},{"damage":41,"enemies":"downfall:Silent","floor":33,"turns":7},{"damage":5,"enemies":"Orb Walker","floor":36,"turns":4},{"damage":3,"enemies":"3 Shapes","floor":38,"turns":2},{"damage":13,"enemies":"Transient","floor":40,"turns":5},{"damage":0,"enemies":"Jaw Worm Horde","floor":42,"turns":2},{"damage":12,"enemies":"3 Darklings","floor":44,"turns":3},{"damage":45,"enemies":"Giant Head","floor":45,"turns":8},{"damage":5,"enemies":"Writhing Mass","floor":46,"turns":5},{"damage":0,"enemies":"Transient","floor":48,"turns":5},{"damage":11,"enemies":"4 Shapes","floor":49,"turns":5},{"damage":42,"enemies":"downfall:Watcher","floor":50,"turns":8}],"seed_played":"-7154224800630824075","potions_obtained":[{"floor":4,"key":"Fire Potion"},{"floor":8,"key":"SteroidPotion"},{"floor":11,"key":"DistilledChaos"},{"floor":12,"key":"DistilledChaos"},{"floor":22,"key":"champ:CounterPotion"},{"floor":27,"key":"AttackPotion"},{"floor":33,"key":"Conjunction:LightningMarble"}],"is_trial":false,"path_per_floor":["R","M","M","M","M","R","T","M","$","R","M","E","R","?","M","B",null,"R","M","M","M","E","?","T","M","?","M","E","E","R","M","M","B",null,"R","M","?","M","?","M","T","M","?","M","E","M","R","M","M","B",null,null],"character_chosen":"SHADE","items_purchased":["Shade:Bite_Shade","Shade:SpectralStrikes","DemoMod:MeatBun"],"campfire_rested":2,"item_purchase_floors":[9,9,9],"current_hp_per_floor":[47,47,46,46,46,46,46,46,60,60,64,65,65,65,65,43,65,75,75,75,75,74,74,74,71,54,51,37,20,62,65,43,8,92,92,90,90,87,87,77,77,77,77,68,32,30,72,78,67,31,31],"gold":622,"neow_bonus":"TWO_FIFTY_GOLD","is_daily":false,"chose_seed":false,"campfire_upgraded":5,"win_rate":0.0,"timestamp":1610336103,"path_taken":["R","M","M","M","M","R","T","M","$","R","M","E","R","?","M","BOSS","R","M","M","M","E","?","T","M","?","M","E","E","R","M","M","BOSS","R","M","?","M","?","M","T","M","?","M","E","M","R","M","M","BOSS"],"items_purchased_type":["Card","Card","Relic"],"build_version":"2020-12-22","purchased_purges":1,"victory":true,"max_hp_per_floor":[65,65,65,65,65,65,65,65,65,65,65,65,65,65,65,65,65,75,75,75,75,87,87,87,87,92,92,92,92,92,92,92,92,92,92,92,92,92,92,92,92,92,92,92,92,92,92,92,92,92,92],"card_choices":[{"not_picked":["Shade:Frenzy","Shade:LyeBath","Shade:Haruspicy"],"picked":"SKIP","floor":2},{"not_picked":["Shade:Haruspicy","Shade:PotionOfRestlessness","Shade:SkeletonArmy"],"picked":"SKIP","floor":3},{"not_picked":["Shade:FleshLikeOak","Shade:ExtraLimbs"],"picked":"Shade:TouchOfTheGrave","floor":4},{"not_picked":["Shade:WallOfFlesh","Shade:CommandSoldier"],"picked":"Shade:FleshLikeOak","floor":5},{"not_picked":["Shade:CallOfTheGrave","Shade:Patience"],"picked":"Shade:TouchOfTheGrave","floor":8},{"not_picked":["Shade:SelfBurial","Shade:Patience","Shade:WallOfFlesh"],"picked":"SKIP","floor":9},{"not_picked":["Shade:FleshToFlesh","Shade:Trample"],"picked":"Shade:DangerousRitual","floor":11},{"not_picked":["Shade:FingerOfDeath+1","Shade:Doomsay+1"],"picked":"Shade:FeralStrike+1","floor":12},{"not_picked":["Shade:OpenGraves","Shade:GraveStillness"],"picked":"Shade:ExtraLimbs+1","floor":15},{"not_picked":["Shade:MadHubris","Shade:SelfBurial"],"picked":"Shade:LichForm","floor":16},{"not_picked":["Shade:SpectralStrikes","Shade:Bonestorm+1","Shade:GreyBargain"],"picked":"SKIP","floor":20},{"not_picked":["Shade:FingerOfDeath+1","Shade:SanguineRitual","Shade:PressTheAttack+1"],"picked":"SKIP","floor":21},{"not_picked":["Shade:UnbarTheGrave","Shade:Bonestorm+1","Shade:Brains"],"picked":"SKIP","floor":22},{"not_picked":["Shade:Frenzy","Shade:FingerOfDeath+1","Shade:FeralStrike+1"],"picked":"SKIP","floor":25},{"not_picked":["Shade:SpectralStrikes","Shade:CommandSoldier","Shade:FreshBones"],"picked":"SKIP","floor":27},{"not_picked":["Shade:Frenzy+1","Shade:AblativeArmor"],"picked":"Shade:OminousRitual+1","floor":28},{"not_picked":["Shade:GreaterAnimation","Shade:PressTheAttack+1"],"picked":"Shade:Excise+1","floor":29},{"not_picked":["Shade:Bonestorm+1","Shade:FleshOffering+1","Shade:FeralStrike+1"],"picked":"SKIP","floor":31},{"not_picked":["Shade:GreyBargain","Shade:CallOfTheGrave"],"picked":"Shade:SpontaneousRitual+1","floor":32},{"not_picked":["Shade:CommandSoldier+1","Shade:PressTheAttack+1","Shade:SkeletonHug+1"],"picked":"SKIP","floor":36},{"not_picked":["Shade:Brains","Shade:Premonition","Shade:BoneShards+1"],"picked":"SKIP","floor":38},{"not_picked":["Shade:ExtraLimbs+1","Shade:SpectralStrikes+1"],"picked":"Shade:WallOfFlesh+1","floor":40},{"not_picked":["Shade:FeralStrike+1","Shade:Brains","Shade:CommandSoldier+1"],"picked":"SKIP","floor":42},{"not_picked":["Shade:RitualOffering+1","Shade:CoffinDance+1","Shade:GraveStillness+1"],"picked":"SKIP","floor":44},{"not_picked":["Shade:RitualOffering+1","Shade:CoffinDance+1","Shade:GraveStillness+1"],"picked":"SKIP","floor":44},{"not_picked":["Shade:GreyBargain+1","Shade:DangerousRitual+1","Shade:Awaken+1"],"picked":"SKIP","floor":45},{"not_picked":["Shade:BoneShards+1","Shade:FuneraryArmor+1","Shade:Frenzy+1"],"picked":"SKIP","floor":46},{"not_picked":["Shade:Carnophage+1","Shade:Doomsay+1"],"picked":"Shade:WallOfFlesh+1","floor":48},{"not_picked":["Shade:Frenzy+1","Shade:GreyBargain+1","Shade:Premonition+1"],"picked":"SKIP","floor":49}],"player_experience":332046,"relics_obtained":[{"floor":2,"key":"LetterFromLob"},{"floor":12,"key":"Molten Egg 2"},{"floor":16,"key":"RedMistMask"},{"floor":22,"key":"DemoMod:Orange"},{"floor":24,"key":"Regal Pillow"},{"floor":28,"key":"Omamori"},{"floor":29,"key":"DemoMod:PoisonVial"},{"floor":41,"key":"Anchor"},{"floor":45,"key":"Bronze Scales"}],"event_choices":[{"cards_removed":["Shade:Strike_Shade"],"damage_healed":0,"gold_gain":0,"player_choice":"Removed Attack","damage_taken":0,"max_hp_gain":0,"max_hp_loss":0,"event_name":"Falling","floor":37,"gold_loss":0},{"damage_healed":0,"gold_gain":0,"player_choice":"Ignored","damage_taken":0,"max_hp_gain":0,"max_hp_loss":0,"event_name":"NoteForYourself","floor":43,"gold_loss":0}],"is_beta":false,"boss_relics":[{"not_picked":["downfall:Hecktoplasm","SlaversCollar"],"picked":"beaked:MawFillet"},{"not_picked":["Tiny House","Runic Pyramid"],"picked":"Sozu"}],"items_purged_floors":[9],"is_endless":false,"potions_floor_spawned":[4,8,11,12,22,27,28,29,32,33,36,38,40,44,46],"ascension_level":0}}