{"host":"fs9fti79x98y0ceq","time":1610365024,"event":{"mods":["AchievementEnabler","BaseMod","Colored Map","Custom Start","DeckTracker","Hermit","KOR Keyword Fix","Minty Spire (QoL Compilation)","Relic Stats","StSLib","SuperFastMode","everything is the same but u backflip on backflip"],"gold_per_floor":[119,119,119,119,129,164,181,195,195,195,195,120,147,177,177,256,256,271,285,63,81,81,81,81,111,111,122,137,137,172,205,205,279,279,292,292,305,159,184,212,227,241,264,283,309,309,321,232,232,232,232,232,48,75,75],"floor_reached":56,"playtime":2288,"items_purged":["Strike_R","Strike_R","Strike_R","Strike_R","Flex"],"score":2368,"play_id":"d157bb83-c65b-43f4-918f-8de448bee24c","local_time":"20210111203704","is_ascension_mode":true,"campfire_choices":[{"data":"Inflame","floor":10.0,"key":"SMITH"},{"data":"Heavy Blade","floor":15.0,"key":"SMITH"},{"data":"Sword Boomerang","floor":23.0,"key":"SMITH"},{"data":"Feel No Pain","floor":24.0,"key":"SMITH"},{"data":"Feel No Pain","floor":29,"key":"SMITH"},{"data":"Shrug It Off","floor":32,"key":"SMITH"},{"data":"Sword Boomerang","floor":46,"key":"SMITH"},{"floor":49,"key":"RECALL"},{"data":"Offering","floor":52,"key":"SMITH"}],"circlet_count":0,"master_deck":["AscendersBane","Defend_R","Defend_R","Defend_R","Defend_R","Bash","Feel No Pain+1","Shockwave+1","Inflame+1","Shrug It Off+1","Heavy Blade+1","Corruption","Sword Boomerang+1","Feel No Pain+1","Reaper","Demon Form","Sword Boomerang+1","Shrug It Off","Inflame","Offering+1","Heavy Blade+1","Sentinel","Inflame"],"relics":["Burning Blood","NeowsBlessing","WingedGreaves","Thread and Needle","Mango","Smiling Mask","Snecko Eye","Sling","Nilry\u0027s Codex","InkBottle","HornCleat","Gambling Chip","Dream Catcher","Busted Crown","Unceasing Top","Ginger","PreservedInsect","StrikeDummy"],"acts_visited":["Exordium","TheCity","TheBeyond","TheEnding"],"potions_floor_usage":[50,55],"damage_taken":[{"damage":0.0,"enemies":"Small Slimes","floor":1.0,"turns":1.0},{"damage":0.0,"enemies":"2 Louse","floor":5.0,"turns":1.0},{"damage":0.0,"enemies":"3 Sentries","floor":6.0,"turns":2.0},{"damage":5.0,"enemies":"Cultist","floor":7.0,"turns":4.0},{"damage":14.0,"enemies":"Blue Slaver","floor":8.0,"turns":4.0},{"damage":11.0,"enemies":"Lagavulin","floor":13.0,"turns":10.0},{"damage":7.0,"enemies":"3 Sentries","floor":14.0,"turns":16.0},{"damage":74.0,"enemies":"Hexaghost","floor":16.0,"turns":13.0},{"damage":20.0,"enemies":"3 Byrds","floor":18.0,"turns":6.0},{"damage":2.0,"enemies":"2 Thieves","floor":19.0,"turns":4.0},{"damage":0.0,"enemies":"Snecko","floor":21.0,"turns":3.0},{"damage":5.0,"enemies":"Book of Stabbing","floor":25.0,"turns":4.0},{"damage":0.0,"enemies":"Snake Plant","floor":27.0,"turns":4.0},{"damage":0,"enemies":"3 Cultists","floor":28,"turns":4},{"damage":1,"enemies":"Gremlin Leader","floor":30,"turns":5},{"damage":0,"enemies":"Book of Stabbing","floor":31,"turns":4},{"damage":0,"enemies":"Collector","floor":33,"turns":8},{"damage":0,"enemies":"3 Darklings","floor":35,"turns":5},{"damage":52,"enemies":"3 Shapes","floor":37,"turns":8},{"damage":0,"enemies":"Mind Bloom Boss Battle","floor":39,"turns":5},{"damage":0,"enemies":"Giant Head","floor":40,"turns":5},{"damage":6,"enemies":"Sphere and 2 Shapes","floor":41,"turns":4},{"damage":6,"enemies":"Jaw Worm Horde","floor":42,"turns":3},{"damage":6,"enemies":"3 Darklings","floor":44,"turns":5},{"damage":20,"enemies":"Nemesis","floor":45,"turns":7},{"damage":0,"enemies":"Transient","floor":47,"turns":5},{"damage":21,"enemies":"Donu and Deca","floor":50,"turns":5},{"damage":6,"enemies":"Shield and Spear","floor":54,"turns":3},{"damage":44,"enemies":"The Heart","floor":55,"turns":6}],"seed_played":"-7102236076710117938","potions_obtained":[{"floor":7.0,"key":"Fire Potion"},{"floor":8.0,"key":"LiquidMemories"},{"floor":18.0,"key":"DuplicationPotion"},{"floor":19.0,"key":"FairyPotion"},{"floor":42,"key":"Fruit Juice"},{"floor":54,"key":"Block Potion"}],"is_trial":false,"path_per_floor":["M","?","?","?","M","E","M","M","T","R","?","$","E","E","R","B",null,"M","M","$","M","?","R","R","E","T","M","M","R","E","E","R","B",null,"M","?","M","$","?","E","M","M","T","M","E","R","M","$","R","B",null,"R","$","E","B",null],"character_chosen":"IRONCLAD","items_purchased":["Sling","Shrug It Off","Inflame","Sentinel","SkillPotion","Inflame"],"campfire_rested":0,"item_purchase_floors":[20,38,38,48,53,53],"current_hp_per_floor":[74,74,79,79,80,80,80,72,72,72,72,72,81,80,80,12,74,60,64,64,70,49,49,49,50,50,56,83,83,94,94,94,94,94,94,84,57,57,94,94,94,94,94,94,88,88,94,94,94,84,95,95,95,99,67],"gold":75,"neow_bonus":"THREE_ENEMY_KILL","is_daily":false,"chose_seed":false,"campfire_upgraded":8,"win_rate":0.0,"timestamp":1610365024,"path_taken":["M","?","?","?","M","E","M","M","T","R","?","$","E","E","R","BOSS","M","?","$","M","?","R","R","E","T","M","M","R","E","E","R","BOSS","M","?","M","$","?","E","M","M","T","M","E","R","M","$","R","BOSS","R","$","E","BOSS"],"items_purchased_type":["Relic","Card","Card","Card","Potion","Card"],"build_version":"2020-12-22","purchased_purges":5,"victory":true,"max_hp_per_floor":[75,75,80,80,80,80,80,80,80,80,80,80,94,94,94,94,94,94,94,94,94,94,94,94,94,94,94,94,94,94,94,94,94,94,94,94,94,94,94,94,94,94,94,94,94,94,94,94,94,99,99,99,99,99,99],"relic_stats":{"Dream Catcher":0,"Busted Crown":26,"counters":[29,154],"Gambling Chip":[55],"Snecko Eye":[216,195,202,206],"PreservedInsect":77,"Ginger":[2],"Smiling Mask":350,"obtain_stats":[{"NeowsBlessing":0,"Nilry\u0027s Codex":22,"Thread and Needle":9,"Mango":13,"PreservedInsect":45,"Ginger":40,"Smiling Mask":14,"Sling":20,"Burning Blood":0,"Dream Catcher":31,"HornCleat":26,"Busted Crown":34,"Gambling Chip":30,"Snecko Eye":17,"WingedGreaves":6,"StrikeDummy":54,"InkBottle":25,"Unceasing Top":39},{"NeowsBlessing":0,"Nilry\u0027s Codex":11,"Thread and Needle":5,"Mango":6,"PreservedInsect":25,"Ginger":21,"Smiling Mask":7,"Sling":10,"Burning Blood":0,"Dream Catcher":16,"HornCleat":12,"Busted Crown":17,"Gambling Chip":15,"Snecko Eye":8,"WingedGreaves":3,"StrikeDummy":28,"InkBottle":12,"Unceasing Top":20},{"NeowsBlessing":0,"Nilry\u0027s Codex":64,"Thread and Needle":12,"Mango":22,"PreservedInsect":135,"Ginger":116,"Smiling Mask":38,"Sling":61,"Burning Blood":0,"Dream Catcher":85,"HornCleat":68,"Busted Crown":93,"Gambling Chip":81,"Snecko Eye":51,"WingedGreaves":4,"StrikeDummy":148,"InkBottle":68,"Unceasing Top":111}],"Burning Blood":102,"InkBottle":[34],"Unceasing Top":[1]},"card_choices":[{"not_picked":["Cleave","Headbutt","Iron Wave"],"picked":"SKIP","floor":1.0},{"not_picked":["Flex","True Grit","Clash"],"picked":"SKIP","floor":5.0},{"not_picked":["Warcry","Hemokinesis"],"picked":"Feel No Pain","floor":6.0},{"not_picked":["Shrug It Off","Pommel Strike"],"picked":"Shockwave","floor":7.0},{"not_picked":["Intimidate","True Grit"],"picked":"Inflame","floor":8.0},{"not_picked":["Burning Pact","Hemokinesis"],"picked":"Shrug It Off","floor":13.0},{"not_picked":["Havoc","Bludgeon"],"picked":"Heavy Blade","floor":14.0},{"not_picked":["Feed","Bludgeon"],"picked":"Corruption","floor":16.0},{"not_picked":["Warcry","Body Slam","Iron Wave"],"picked":"SKIP","floor":18.0},{"not_picked":["Flex+1","Shockwave"],"picked":"Sword Boomerang","floor":19.0},{"not_picked":["Body Slam","Pommel Strike"],"picked":"Feel No Pain","floor":21.0},{"not_picked":["Armaments","True Grit+1","Fire Breathing"],"picked":"SKIP","floor":25.0},{"not_picked":["Twin Strike","Perfected Strike"],"picked":"Reaper","floor":27.0},{"not_picked":["Wild Strike","Anger","Rupture"],"picked":"SKIP","floor":28},{"not_picked":["Wild Strike","Fire Breathing","Immolate"],"picked":"SKIP","floor":30},{"not_picked":["Perfected Strike","Uppercut","Dropkick"],"picked":"SKIP","floor":31},{"not_picked":["Feed","Bludgeon"],"picked":"Demon Form","floor":33},{"not_picked":[],"picked":"Sword Boomerang","floor":35},{"not_picked":["Pommel Strike"],"picked":"SKIP","floor":37},{"not_picked":[],"picked":"Offering","floor":40},{"not_picked":["Flex+1"],"picked":"SKIP","floor":41},{"not_picked":["Flex"],"picked":"SKIP","floor":42},{"not_picked":["Shockwave"],"picked":"SKIP","floor":44},{"not_picked":[],"picked":"Heavy Blade+1","floor":45},{"not_picked":["Cleave"],"picked":"SKIP","floor":47},{"not_picked":["Searing Blow+1"],"picked":"SKIP","floor":54}],"player_experience":413632,"relics_obtained":[{"floor":6.0,"key":"WingedGreaves"},{"floor":9.0,"key":"Thread and Needle"},{"floor":13.0,"key":"Mango"},{"floor":14.0,"key":"Smiling Mask"},{"floor":22.0,"key":"Nilry\u0027s Codex"},{"floor":25.0,"key":"InkBottle"},{"floor":26.0,"key":"HornCleat"},{"floor":30,"key":"Gambling Chip"},{"floor":31,"key":"Dream Catcher"},{"floor":39,"key":"Unceasing Top"},{"floor":40,"key":"Ginger"},{"floor":45,"key":"PreservedInsect"},{"floor":54,"key":"StrikeDummy"}],"event_choices":[{"damage_healed":0.0,"max_hp_gain":0.0,"max_hp_loss":0.0,"gold_gain":0.0,"cards_transformed":["Strike_R"],"event_name":"Living Wall","player_choice":"Change","floor":2.0,"gold_loss":0.0,"damage_taken":0.0,"cards_obtained":["Flex"]},{"damage_healed":0.0,"max_hp_gain":5.0,"max_hp_loss":0.0,"gold_gain":0.0,"event_name":"Big Fish","player_choice":"Donut","floor":3.0,"gold_loss":0.0,"damage_taken":0.0},{"damage_healed":0.0,"max_hp_gain":0.0,"max_hp_loss":0.0,"gold_gain":0.0,"event_name":"Liars Game","player_choice":"Ignored","floor":4.0,"gold_loss":0.0,"damage_taken":0.0},{"damage_healed":0.0,"max_hp_gain":0.0,"max_hp_loss":0.0,"gold_gain":0.0,"event_name":"Upgrade Shrine","player_choice":"Upgraded","floor":11.0,"gold_loss":0.0,"damage_taken":0.0,"cards_upgraded":["Shockwave"]},{"damage_healed":0.0,"max_hp_gain":0.0,"max_hp_loss":0.0,"gold_gain":0.0,"event_name":"Cursed Tome","player_choice":"Obtained Book","floor":22.0,"gold_loss":0.0,"damage_taken":21.0},{"damage_healed":0,"gold_gain":0,"player_choice":"Memory 3","damage_taken":10,"max_hp_gain":0,"max_hp_loss":0,"event_name":"SensoryStone","floor":36,"gold_loss":0},{"damage_healed":0,"gold_gain":0,"player_choice":"Fight","damage_taken":0,"max_hp_gain":0,"max_hp_loss":0,"event_name":"MindBloom","floor":39,"gold_loss":0}],"is_beta":false,"boss_relics":[{"not_picked":["Ectoplasm","Runic Cube"],"picked":"Snecko Eye"},{"not_picked":["Astrolabe","Fusion Hammer"],"picked":"Busted Crown"}],"items_purged_floors":[12,20,38,48,53],"is_endless":false,"potions_floor_spawned":[7,8,14,18,19,27,28,33,39,40,42,54],"ascension_level":16}}