{"host":"jvd5k9mqzerszifx","time":1610377685,"event":{"mods":["AchievementEnabler","Act Like it!","BaseMod","Better Note","Better Third Choice","Colored Map","Colored Powertips","Conspire","Gensokyo","Hallownest","Hermit","Hubris","Infinite Spire","Lobotomy","Minty Spire (QoL Compilation)","MostiFishMod","Replay The Spire","Reworked Bosses","Spicy Shops","StSLib","The Administrix","The Bug Knight","The Cursed","The Factory","The Jungle","【功能Mod】聪明的最终Boss"],"gold_per_floor":[136,136,172,46,66,66,102,168,168,42,42,200,200,258,258,454,454,524,560,614,554,554,554,554,578,630,712,712,788,788,788,788,994,994,1024,1224,1260,1302,1438,1516,1552,1642,1642,1696,1714,1816,1882,2068,2086,2134,2134,2152,2188,2290,2422],"floor_reached":56,"playtime":2844,"items_purged":[],"score":1907,"play_id":"54e1bb47-d28c-4881-b46b-a711800520b9","local_time":"20210111230805","is_ascension_mode":true,"campfire_choices":[{"data":"hermit:Strike_Hermit","floor":6.0,"key":"SMITH"},{"data":"hermit:Strike_Hermit","floor":6.0,"key":"SMITH"},{"data":"hermit:Strike_Hermit","floor":6.0,"key":"SMITH"},{"data":"hermit:Defend_Hermit","floor":6.0,"key":"SMITH"},{"data":"hermit:Defend_Hermit","floor":6.0,"key":"SMITH"},{"data":"hermit:Defend_Hermit","floor":6.0,"key":"SMITH"},{"data":"hermit:Defend_Hermit","floor":6.0,"key":"SMITH"},{"data":"hermit:Snapshot","floor":6.0,"key":"SMITH"},{"data":"hermit:Covet","floor":6.0,"key":"SMITH"},{"data":"hermit:TrackingShot","floor":6.0,"key":"SMITH"},{"data":"hermit:CursedWeapon","floor":6.0,"key":"SMITH"},{"data":"hermit:Virtue","floor":6.0,"key":"SMITH"},{"data":"hermit:Strike_Hermit+1","floor":6.0,"key":"PURGE"},{"data":"hermit:Strike_Hermit+1","floor":6.0,"key":"PURGE"},{"data":"hermit:Strike_Hermit+1","floor":6.0,"key":"PURGE"},{"data":"hermit:Defend_Hermit+1","floor":6.0,"key":"PURGE"},{"data":"hermit:Defend_Hermit+1","floor":6.0,"key":"PURGE"},{"floor":6.0,"key":"REST"},{"data":"hermit:Coalescence","floor":13.0,"key":"SMITH"},{"data":"hermit:Coalescence","floor":13.0,"key":"SMITH"},{"data":"hermit:Headshot","floor":13.0,"key":"SMITH"},{"floor":13.0,"key":"RECALL"},{"floor":13.0,"key":"REST"},{"data":"hermit:LuckOfTheDraw","floor":15.0,"key":"SMITH"},{"floor":15.0,"key":"REST"},{"data":"hermit:Scavenge","floor":23.0,"key":"SMITH"},{"floor":23.0,"key":"REST"},{"data":"hermit:Glare","floor":28.0,"key":"SMITH"},{"floor":28.0,"key":"REST"},{"data":"hermit:Coalescence","floor":30.0,"key":"SMITH"},{"floor":30.0,"key":"REST"},{"floor":32.0,"key":"REST"},{"data":"hermit:Enervate","floor":41,"key":"SMITH"},{"data":"Pot Of Greed","floor":41,"key":"SMITH"},{"data":"Pot Of Greed","floor":41,"key":"SMITH"},{"floor":41,"key":"REST"},{"floor":41,"key":"REST"},{"data":"hermit:Enervate","floor":44,"key":"SMITH"},{"floor":44,"key":"REST"},{"floor":44,"key":"REST"},{"data":"Pot Of Greed","floor":49,"key":"SMITH"},{"data":"hermit:Coalescence","floor":49,"key":"SMITH"},{"data":"hermit:DeadOrAlive+1","floor":49,"key":"PURGE"},{"floor":49,"key":"REST"},{"floor":52,"key":"REST"}],"circlet_count":0,"master_deck":["hermit:Defend_Hermit+1","hermit:Defend_Hermit+1","hermit:Snapshot+1","hermit:Covet+1","hermit:TrackingShot+1","hermit:CursedWeapon+1","hermit:Virtue+1","hermit:Coalescence+1","hermit:Coalescence+1","hermit:Headshot+1","hermit:LuckOfTheDraw+1","hermit:EyeOfTheStorm+1","hermit:Scavenge+1","hermit:Deadeye+1","hermit:Glare+1","hermit:Coalescence+1","hermit:Enervate+1","Pot Of Greed+1","Pot Of Greed+1","hermit:Quickdraw+1","hermit:EyeOfTheStorm+1","hermit:Enervate+1","hermit:Snipe+1","hermit:LoneWolf+1","Pot Of Greed+1","hermit:Gambit+1","hermit:Glare+1","hermit:Coalescence+1","hermit:CalledShot+1","hermit:LoneWolf+1","hermit:Quickdraw+1","hermit:Glare+1","hermit:CursedWeapon+1"],"relics":["hermit:ClaspedLocket","Peace Pipe","Ginger","Turnip","Unceasing Top","Omamori","Ice Cream","The Courier","Medical Kit","WingedGreaves","DaveBox","SynthV:TestCard","RhineSuit","Gensokyo:LunaticRedEyes","BrkXgEgg","Toy Ornithopter","TheAbacus","Sling","ReplayTheSpireMod:Ring of Exchange","ReplayTheSpireMod:Ring of Challenge","infinitespire:Broken Mirror","Replay:Lucky Slots","hubris:64BitClover","infinitespire:PuzzleCube","Art of War","conspire:Boomerang","DiscerningMonocle","Strange Spoon","Dream Catcher","conspire:TopHat","conspire:Flyswatter","CaptainsWheel","Garlic","Blood Vial","Sundial","Shuriken","hubris:ToyBattleship","CeramicFish","ReplayTheSpireMod:Lightbulb","Juzu Bracelet","Happy Flower","Torii","Anchor","Mango","Bottled Flame","infinitespire:WardingShard","Orichalcum","PreservedInsect","Ancient Tea Set","hubris:MedicalManual","Frozen Egg 2","Snack Pack","Replay:Ringing Soul","Strawberry","Replay:Bandana","Grinning Jar","Gremlin Food","ReplayTheSpireMod:Ninjato","BionicSphere","ArrowTower","MealTicket","conspire:GiftBox","Boot","HornCleat","InkBottle","hubris:Reverence","infinitespire:Satchel","conspire:BottledYoYo","conspire:RoyalGoblet","Quantum Egg","Whetstone","hubris:Potato","GreenFoldingFan","Mummified Hand","Blue Doll","Counterbalance","infinitespire:Lucky Rock","Bag of Marbles","conspire:DecoderRing","Replay:Bottled Eggs","Bag of Preparation","White Beast Statue","Pen Nib","Replay:Bottled Snecko","Civilization","hubris:PeanutButter","Replay:PocketPolymizer","Akabeko","Centennial Puzzle","Replay:Bottled Flurry","hubris:SlimyHat","Thread and Needle","infinitespire:Bottled Soul","ReplayTheSpireMod:TigerMarble","Replay:Baseball","Pet Ghost","Vajra","hubris:Zylophone","Mirror","Replay:Rubber Ducky","Letter Opener","HollowMod:PaleOreRelic","Replay:Wax Seal","SynthV:C4","Simple Rune","infinitespire:Beetle Shell","Kunai","conspire:Boomerang","Golden Egg","Replay:Mystery Machine","hermit:CharredGlove","Eternal Feather","OriginationStaff","infinitespire:ShieldingShard","hermit:Horseshoe","infinitespire:FocusingShard","Blue Candle"],"acts_visited":["Gensokyo:Gensokyo","TheCity","TheBeyond","TheEnding"],"potions_floor_usage":[],"damage_taken":[{"damage":0.0,"enemies":"Gensokyo:Python","floor":1.0,"turns":2.0},{"damage":0.0,"enemies":"Gensokyo:3_Fairies","floor":3.0,"turns":3.0},{"damage":2.0,"enemies":"Gensokyo:Gryphon","floor":5.0,"turns":2.0},{"damage":2.0,"enemies":"Gensokyo:LivingMonolith","floor":7.0,"turns":2.0},{"damage":2.0,"enemies":"Gensokyo:Aya","floor":8.0,"turns":3.0},{"damage":4.0,"enemies":"Gensokyo:Mamizou","floor":12.0,"turns":3.0},{"damage":2.0,"enemies":"Gensokyo:Kitsune","floor":14.0,"turns":1.0},{"damage":2.0,"enemies":"Gensokyo:Reimu","floor":16.0,"turns":3.0},{"damage":2.0,"enemies":"conspire:FuzzyDice","floor":18.0,"turns":2.0},{"damage":2.0,"enemies":"Spheric Guardian","floor":19.0,"turns":1.0},{"damage":2.0,"enemies":"Shelled Parasite and Fungi","floor":20.0,"turns":3.0},{"damage":3.0,"enemies":"conspire:HollyBat","floor":25.0,"turns":3.0},{"damage":2.0,"enemies":"Snake Plant","floor":27.0,"turns":1.0},{"damage":2.0,"enemies":"conspire:SneckoGhost","floor":29.0,"turns":1.0},{"damage":2.0,"enemies":"bossMod:newCollector","floor":33.0,"turns":4.0},{"damage":2.0,"enemies":"3 Shapes","floor":35.0,"turns":2.0},{"damage":2,"enemies":"Orb Walker","floor":38,"turns":1},{"damage":2,"enemies":"2 Orb Walkers","floor":39,"turns":2},{"damage":2,"enemies":"R_Hoarder","floor":40,"turns":1},{"damage":2,"enemies":"Nemesis","floor":42,"turns":1},{"damage":2,"enemies":"R_Hoarder","floor":46,"turns":2},{"damage":2,"enemies":"conspire:MimicChest","floor":47,"turns":1},{"damage":2,"enemies":"Nightmare","floor":48,"turns":1},{"damage":4,"enemies":"bossMod:newShapes","floor":50,"turns":2},{"damage":0,"enemies":"Shield and Spear","floor":54,"turns":1},{"damage":0,"enemies":"The Heart","floor":55,"turns":3}],"seed_played":"-4408611804729131540","potions_obtained":[{"floor":3.0,"key":"Dexterity Potion"},{"floor":7.0,"key":"LifebloodPotion"},{"floor":14.0,"key":"SkillPotion"},{"floor":16.0,"key":"Adrenaline Potion"},{"floor":27.0,"key":"Venom Potion"},{"floor":40,"key":"Regen Potion"},{"floor":46,"key":"SpeedPotion"},{"floor":48,"key":"Adrenaline Potion"}],"is_trial":false,"path_per_floor":["M","?","M","$","M","R","M","E","T","$","?","E","R","M","R","B",null,"M","M","M","?","?","R","?","M","T","M","R","E","R","AVR","R","B",null,"M","?","$","M","?","E","R","E","T","R","?","E","?","NM","R","B",null,"R","$","E","B",null],"character_chosen":"HERMIT","items_purchased":["BrkXgEgg","TheAbacus","Sling","hermit:Coalescence","Strange Spoon","Dream Catcher","conspire:TopHat","conspire:Flyswatter","CaptainsWheel","Garlic","Blood Vial","Sundial","Shuriken","hubris:ToyBattleship","CeramicFish","ReplayTheSpireMod:Lightbulb","Juzu Bracelet","Happy Flower","Torii","Anchor","Mango","Bottled Flame","infinitespire:WardingShard","Orichalcum","PreservedInsect","Ancient Tea Set","hubris:MedicalManual","Frozen Egg 2","Snack Pack","Replay:Ringing Soul","Strawberry","Replay:Bandana","Grinning Jar","Gremlin Food","ReplayTheSpireMod:Ninjato","BionicSphere","ArrowTower","MealTicket","conspire:RoyalGoblet","Quantum Egg","Whetstone","hubris:Potato","GreenFoldingFan","Mummified Hand","Blue Doll","Counterbalance","infinitespire:Lucky Rock","Bag of Marbles","conspire:DecoderRing","Replay:Bottled Eggs","Bag of Preparation","White Beast Statue","Pen Nib","Replay:Bottled Snecko","Civilization","hubris:PeanutButter","Replay:PocketPolymizer","Akabeko","Centennial Puzzle","Replay:Bottled Flurry","hubris:SlimyHat","Thread and Needle","infinitespire:Bottled Soul","ReplayTheSpireMod:TigerMarble","Replay:Baseball","Pet Ghost","Vajra","hubris:Zylophone","Mirror","Replay:Rubber Ducky","Letter Opener","HollowMod:PaleOreRelic","Replay:Wax Seal","SynthV:C4","Simple Rune","infinitespire:Beetle Shell","Kunai","conspire:Boomerang","Golden Egg","Replay:Mystery Machine","hermit:CharredGlove","Eternal Feather","OriginationStaff","infinitespire:ShieldingShard","hermit:Horseshoe","infinitespire:FocusingShard","hermit:Quickdraw","hermit:Glare"],"campfire_rested":13,"item_purchase_floors":[4,10,10,10,37,37,37,37,37,37,37,37,37,37,37,37,37,37,37,37,37,37,37,37,37,37,37,37,37,37,37,37,37,37,37,37,37,37,53,53,53,53,53,53,53,53,53,53,53,53,53,53,53,53,53,53,53,53,53,53,53,53,53,53,53,53,53,53,53,53,53,53,53,53,53,53,53,53,53,53,53,53,53,53,53,53,53,53],"current_hp_per_floor":[75,75,75,75,73,75,73,71,71,71,71,67,75,73,75,75,75,73,71,69,69,55,79,79,76,76,74,80,78,80,80,80,80,80,78,78,102,102,107,107,110,113,113,116,119,120,122,125,128,126,128,131,134,139,142],"gold":2422,"neow_bonus":"REMOVE_CARD","is_daily":false,"chose_seed":false,"campfire_upgraded":25,"win_rate":0.0,"timestamp":1610377685,"path_taken":["M","?","M","$","M","R","M","E","T","$","?","E","R","M","R","BOSS","M","?","M","?","?","R","?","M","T","M","R","E","R","AVR","R","BOSS","M","?","$","M","?","E","R","E","T","R","?","E","?","NM","R","BOSS","R","$","E","BOSS"],"items_purchased_type":["Relic","Relic","Relic","Card","Relic","Relic","Relic","Relic","Relic","Relic","Relic","Relic","Relic","Relic","Relic","Relic","Relic","Relic","Relic","Relic","Relic","Relic","Relic","Relic","Relic","Relic","Relic","Relic","Relic","Relic","Relic","Relic","Relic","Relic","Relic","Relic","Relic","Relic","Relic","Relic","Relic","Relic","Relic","Relic","Relic","Relic","Relic","Relic","Relic","Relic","Relic","Relic","Relic","Relic","Relic","Relic","Relic","Relic","Relic","Relic","Relic","Relic","Relic","Relic","Relic","Relic","Relic","Relic","Relic","Relic","Relic","Relic","Relic","Relic","Relic","Relic","Relic","Relic","Relic","Relic","Relic","Relic","Relic","Relic","Relic","Relic","Card","Card"],"build_version":"2020-12-22","purchased_purges":0,"victory":true,"max_hp_per_floor":[75,75,75,75,75,75,75,75,75,75,75,75,75,75,75,75,75,75,75,75,75,80,80,80,80,80,80,80,80,80,80,80,80,80,80,80,104,104,107,107,110,113,113,116,119,122,122,125,128,128,128,131,134,139,142],"card_choices":[{"not_picked":["hermit:Desperado","hermit:WideOpen"],"picked":"hermit:TrackingShot","floor":1.0},{"not_picked":["hermit:Ricochet","hermit:SprayPray","hermit:CalledShot","hermit:HighCaliber"],"picked":"hermit:CursedWeapon","floor":3.0},{"not_picked":["hermit:DeadMansHand","hermit:HighCaliber","hermit:SprayPray","hermit:FlashPowder"],"picked":"hermit:Virtue","floor":5.0},{"not_picked":["hermit:CursedWeapon","hermit:Misfire","hermit:CalledShot","hermit:FlashPowder"],"picked":"hermit:DeadOrAlive+1","floor":7.0},{"not_picked":["hermit:HoleUp","hermit:Ricochet","hermit:SprayPray","hermit:FatalDesire+1"],"picked":"hermit:Coalescence","floor":8.0},{"not_picked":["hermit:Vantage","hermit:Showdown","hermit:DeadOrAlive+1","hermit:BigShot"],"picked":"hermit:Headshot","floor":12.0},{"not_picked":["hermit:Maintenance","hermit:LowProfile","hermit:WideOpen","hermit:Combo"],"picked":"hermit:LuckOfTheDraw","floor":14.0},{"not_picked":["hermit:CalledShot","hermit:Gestalt+1","hermit:DeadMansHand+1","hermit:Scavenge"],"picked":"hermit:EyeOfTheStorm+1","floor":18.0},{"not_picked":["hermit:Dive+1","hermit:Grudge","hermit:Midnight","hermit:Feint+1"],"picked":"hermit:Scavenge","floor":19.0},{"not_picked":["hermit:WideOpen","hermit:Coalescence","hermit:BodyArmor","hermit:LuckOfTheDraw+1"],"picked":"hermit:Deadeye+1","floor":20.0},{"not_picked":["hermit:Vantage+1","hermit:TrackingShot","hermit:ItchyTrigger","hermit:Roulette+1","hermit:TakeAim"],"picked":"SKIP","floor":25.0},{"not_picked":["hermit:Determination","hermit:LoneWolf","hermit:Vantage+1","hermit:Dive+1"],"picked":"hermit:Glare","floor":27.0},{"not_picked":["hermit:Reprieve+1","hermit:BodyArmor","hermit:Horror","hermit:Showdown+1"],"picked":"hermit:Coalescence","floor":29.0},{"not_picked":["hermit:Roulette+1","hermit:Ricochet","hermit:LowProfile+1","hermit:Manifest"],"picked":"hermit:Enervate","floor":35.0},{"not_picked":["hermit:Manifest","hermit:Desperado+1","hermit:BodyArmor","hermit:Misfire+1","hermit:Vantage+1"],"picked":"SKIP","floor":38},{"not_picked":["hermit:HighCaliber","hermit:Glare","hermit:HoleUp+1","hermit:Grudge"],"picked":"hermit:Quickdraw+1","floor":39},{"not_picked":["hermit:Feint","hermit:LuckOfTheDraw","hermit:HighCaliber+1","hermit:Horror+1","hermit:GhostlyPresence"],"picked":"SKIP","floor":40},{"not_picked":["hermit:Ricochet","hermit:Determination+1","hermit:EternalForm+1","hermit:GhostlyPresence"],"picked":"hermit:EyeOfTheStorm+1","floor":41},{"not_picked":["hermit:Ricochet+1","hermit:LowProfile","hermit:FullyLoaded","hermit:TakeCover+1"],"picked":"hermit:Enervate","floor":41},{"not_picked":["hermit:Gestalt+1","hermit:Combo+1","hermit:Dive+1","hermit:Shortfuse+1"],"picked":"hermit:Snipe+1","floor":42},{"not_picked":["hermit:BodyArmor+1","hermit:TakeAim+1","hermit:Dive","hermit:LowProfile"],"picked":"hermit:LoneWolf+1","floor":44},{"not_picked":["hermit:Spite+1","hermit:LuckOfTheDraw","hermit:TakeCover","hermit:HighCaliber+1"],"picked":"hermit:LoneWolf","floor":44},{"not_picked":["hermit:HeroicBravado+1","hermit:TakeCover+1","hermit:ItchyTrigger+1","hermit:SprayPray"],"picked":"hermit:Glare+1","floor":46},{"not_picked":["hermit:Malice","hermit:HoleUp","hermit:Desperado+1","hermit:Virtue+1"],"picked":"hermit:Coalescence","floor":48},{"not_picked":["hermit:ItchyTrigger","hermit:Dive+1","hermit:HoleUp+1","hermit:Vantage"],"picked":"hermit:CalledShot+1","floor":49},{"not_picked":["hermit:Roulette+1","hermit:Coalescence+1","hermit:Glare","hermit:HighCaliber+1"],"picked":"hermit:LoneWolf+1","floor":52},{"not_picked":["hermit:Manifest+1","hermit:Roulette","hermit:Scavenge","hermit:HoleUp+1"],"picked":"hermit:CursedWeapon+1","floor":54}],"player_experience":214618,"relics_obtained":[{"floor":1.0,"key":"SynthV:TestCard"},{"floor":8.0,"key":"Toy Ornithopter"},{"floor":11.0,"key":"ReplayTheSpireMod:Ring of Exchange"},{"floor":11.0,"key":"ReplayTheSpireMod:Ring of Challenge"},{"floor":12.0,"key":"infinitespire:Broken Mirror"},{"floor":26.0,"key":"infinitespire:PuzzleCube"},{"floor":29.0,"key":"Art of War"},{"floor":39,"key":"conspire:GiftBox"},{"floor":40,"key":"Boot"},{"floor":42,"key":"HornCleat"},{"floor":43,"key":"InkBottle"},{"floor":46,"key":"hubris:Reverence"},{"floor":47,"key":"infinitespire:Satchel"},{"floor":48,"key":"conspire:BottledYoYo"},{"floor":54,"key":"Blue Candle"}],"event_choices":[{"damage_healed":0.0,"max_hp_gain":5.0,"max_hp_loss":0.0,"gold_gain":0.0,"event_name":"Forgotten Altar","player_choice":"Shed Blood","floor":22.0,"gold_loss":0.0,"damage_taken":19.0},{"damage_healed":0.0,"max_hp_gain":0.0,"max_hp_loss":0.0,"gold_gain":100.0,"event_name":"Golden Shrine","player_choice":"Pray","floor":36.0,"gold_loss":0.0,"damage_taken":0.0},{"damage_healed":0,"gold_gain":0,"player_choice":"Fight","damage_taken":0,"max_hp_gain":0,"max_hp_loss":0,"event_name":"Mysterious Sphere","floor":39,"gold_loss":0},{"damage_healed":0,"gold_gain":0,"cards_transformed":["hermit:LoneWolf"],"player_choice":"Transformed","damage_taken":0,"max_hp_gain":0,"max_hp_loss":0,"event_name":"Transmorgrifier","floor":45,"gold_loss":0,"cards_obtained":["hermit:Gambit"]}],"is_beta":false,"boss_relics":[{"not_picked":["MoonlightInvasionPlan","hubris:VirtuousBlindfold"],"picked":"Replay:Lucky Slots"},{"not_picked":["OneHitWonderSystem","Cauldron"],"picked":"hermit:ClaspedLocket"}],"items_purged_floors":[],"is_endless":false,"potions_floor_spawned":[3,7,14,16,18,27,29,40,46,47,48,54],"ascension_level":1}}