{"host":"zk71suw73lg2r165","time":1610335688,"event":{"mods":["BaseMod","Colored Map","Minty Spire (QoL Compilation)","Permanent Neow","Relic Stats","StSLib"],"gold_per_floor":[119,119,139,159,178,178,213,213,213,251,5,5,5,25,25,119,119,135,135,153,167,167,201,214,214,214,250,270,301,335,376,376,376,376],"floor_reached":33,"playtime":1417,"items_purged":["Strike_G"],"score":970,"play_id":"9c4160f3-7bd4-4e9a-92c2-573a17eeb239","local_time":"20210110222808","is_ascension_mode":true,"campfire_choices":[{"data":"Neutralize","floor":6.0,"key":"SMITH"},{"floor":13,"key":"REST"},{"data":"Blade Dance","floor":15,"key":"SMITH"},{"data":"PiercingWail","floor":25,"key":"SMITH"},{"data":"Well Laid Plans","floor":32,"key":"SMITH"}],"circlet_count":0,"master_deck":["AscendersBane","Strike_G","Strike_G+1","Defend_G","Defend_G","Defend_G","Defend_G","Defend_G","Survivor","Neutralize+1","Glass Knife+1","Dash","Quick Slash","Deadly Poison","Dagger Throw","Bane+1","PiercingWail+1","Blade Dance+1","Venomology","Eviscerate+1","Grand Finale","Tools of the Trade","Concentrate","Distraction","Ghostly","Ghostly","Ghostly","Acrobatics","Concentrate+1","Predator+1","After Image","Well Laid Plans+1"],"relics":["Ring of the Snake","Vajra","Golden Idol","Meat on the Bone","Dead Branch","Whetstone","Tingsha","SacredBark","Bottled Lightning","Bottled Tornado","Omamori","Regal Pillow","Red Mask","Snake Skull"],"acts_visited":["Exordium","TheCity"],"potions_floor_usage":[10,20,23,23,27,29,29,31,33,33],"damage_taken":[{"damage":0.0,"enemies":"2 Louse","floor":1.0,"turns":2.0},{"damage":0.0,"enemies":"Jaw Worm","floor":3.0,"turns":2.0},{"damage":0.0,"enemies":"Cultist","floor":4.0,"turns":3.0},{"damage":2.0,"enemies":"Looter","floor":5.0,"turns":3.0},{"damage":32,"enemies":"3 Sentries","floor":7,"turns":8},{"damage":20,"enemies":"Lagavulin","floor":10,"turns":4},{"damage":8,"enemies":"Large Slime","floor":14,"turns":3},{"damage":0,"enemies":"Slime Boss","floor":16,"turns":3},{"damage":1,"enemies":"Chosen","floor":18,"turns":3},{"damage":19,"enemies":"Shell Parasite","floor":20,"turns":5},{"damage":4,"enemies":"Centurion and Healer","floor":21,"turns":3},{"damage":0,"enemies":"Gremlin Leader","floor":23,"turns":5},{"damage":4,"enemies":"Cultist and Chosen","floor":24,"turns":6},{"damage":0,"enemies":"Slavers","floor":27,"turns":3},{"damage":0,"enemies":"Snake Plant","floor":28,"turns":3},{"damage":3,"enemies":"Book of Stabbing","floor":29,"turns":5},{"damage":11,"enemies":"Masked Bandits","floor":30,"turns":5},{"damage":0,"enemies":"Gremlin Leader","floor":31,"turns":5},{"damage":32,"enemies":"Champ","floor":33,"turns":7}],"seed_played":"6224732294927523335","potions_obtained":[{"floor":5.0,"key":"SkillPotion"},{"floor":10,"key":"Poison Potion"},{"floor":14,"key":"Weak Potion"},{"floor":21,"key":"DistilledChaos"},{"floor":28,"key":"SteroidPotion"},{"floor":30,"key":"LiquidBronze"},{"floor":31,"key":"Energy Potion"}],"is_trial":false,"path_per_floor":["M","?","M","M","M","R","E","?","T","E","$","?","R","M","R","B",null,"M","?","M","M","?","E","M","R","T","E","M","E","?","E","R","B"],"character_chosen":"THE_SILENT","items_purchased":["Whetstone"],"campfire_rested":1,"item_purchase_floors":[11],"current_hp_per_floor":[59,59,59,59,57,57,25,25,25,17,17,17,35,39,39,39,55,54,54,35,31,30,30,26,26,26,26,26,23,24,24,24,0,0],"gold":376,"neow_bonus":"ONE_RANDOM_RARE_CARD","is_daily":false,"chose_seed":false,"campfire_upgraded":4,"win_rate":0.0,"timestamp":1610335688,"path_taken":["M","?","M","M","M","R","E","?","T","E","$","?","R","?","R","BOSS","M","?","M","M","?","E","M","R","T","E","M","E","?","E","R","BOSS"],"items_purchased_type":["Relic"],"build_version":"2020-12-22","purchased_purges":1,"victory":false,"max_hp_per_floor":[66,66,66,66,66,66,66,60,60,60,60,60,60,60,60,60,60,60,60,60,60,30,30,30,30,30,30,30,30,30,30,30,30,30],"relic_stats":{"Regal Pillow":0,"counters":[19,78],"Golden Idol":83,"Dead Branch":[120],"Tingsha":[185],"Snake Skull":[4],"Whetstone":["Bane","Strike_G"],"obtain_stats":[{"Regal Pillow":29,"Golden Idol":8,"Dead Branch":10,"SacredBark":17,"Vajra":7,"Tingsha":12,"Snake Skull":31,"Omamori":27,"Whetstone":11,"Bottled Tornado":26,"Red Mask":30,"Bottled Lightning":23,"Ring of the Snake":0,"Meat on the Bone":9},{"Regal Pillow":16,"Golden Idol":5,"Dead Branch":6,"SacredBark":8,"Vajra":5,"Tingsha":6,"Snake Skull":18,"Omamori":14,"Whetstone":6,"Bottled Tornado":13,"Red Mask":17,"Bottled Lightning":12,"Ring of the Snake":0,"Meat on the Bone":5},{"Regal Pillow":61,"Golden Idol":18,"Dead Branch":22,"SacredBark":28,"Vajra":18,"Tingsha":22,"Snake Skull":71,"Omamori":53,"Whetstone":22,"Bottled Tornado":50,"Red Mask":66,"Bottled Lightning":44,"Ring of the Snake":0,"Meat on the Bone":18}],"Ring of the Snake":[38],"Meat on the Bone":36},"card_choices":[{"not_picked":["Acrobatics","Cloak And Dagger"],"picked":"Dash","floor":1.0},{"not_picked":["Flechettes","Choke"],"picked":"Quick Slash","floor":3.0},{"not_picked":["Underhanded Strike","Deflect"],"picked":"Deadly Poison","floor":4.0},{"not_picked":["Calculated Gamble","Deflect"],"picked":"Dagger Throw","floor":5.0},{"not_picked":["Dagger Spray","Backflip"],"picked":"Bane","floor":7},{"not_picked":["Caltrops","Acrobatics"],"picked":"PiercingWail","floor":10},{"not_picked":["Finisher","Endless Agony"],"picked":"Blade Dance","floor":14},{"not_picked":["Burst","Malaise"],"picked":"Venomology","floor":16},{"not_picked":["Underhanded Strike","Bane"],"picked":"Eviscerate+1","floor":18},{"not_picked":["Poisoned Stab","Deflect"],"picked":"Concentrate","floor":20},{"not_picked":["Tactician","Eviscerate"],"picked":"Distraction","floor":21},{"not_picked":["Flying Knee","Outmaneuver","Underhanded Strike"],"picked":"SKIP","floor":23},{"not_picked":["Blade Dance","Finisher"],"picked":"Acrobatics","floor":24},{"not_picked":["Noxious Fumes","Blade Dance"],"picked":"Concentrate+1","floor":27},{"not_picked":["Bane","Prepared"],"picked":"Predator+1","floor":28},{"not_picked":["Dagger Throw","Outmaneuver"],"picked":"After Image","floor":29},{"not_picked":["Finisher","Dagger Spray"],"picked":"Well Laid Plans","floor":30},{"not_picked":["Concentrate","Outmaneuver","Endless Agony"],"picked":"SKIP","floor":31}],"player_experience":1337265,"relics_obtained":[{"floor":7,"key":"Vajra"},{"floor":9,"key":"Meat on the Bone"},{"floor":10,"key":"Dead Branch"},{"floor":23,"key":"Bottled Lightning"},{"floor":26,"key":"Bottled Tornado"},{"floor":27,"key":"Omamori"},{"floor":29,"key":"Regal Pillow"},{"floor":30,"key":"Red Mask"},{"floor":31,"key":"Snake Skull"}],"event_choices":[{"damage_healed":0.0,"max_hp_gain":0.0,"max_hp_loss":0.0,"gold_gain":0.0,"event_name":"Living Wall","player_choice":"Grow","floor":2.0,"gold_loss":0.0,"damage_taken":0.0,"cards_upgraded":["Glass Knife"]},{"damage_healed":0,"gold_gain":0,"player_choice":"Lose Max HP","damage_taken":0,"relics_obtained":["Golden Idol"],"max_hp_gain":0,"max_hp_loss":6,"event_name":"Golden Idol","floor":8,"gold_loss":0},{"damage_healed":0,"gold_gain":0,"player_choice":"Gave Potion","damage_taken":0,"relics_obtained":["Tingsha"],"max_hp_gain":0,"max_hp_loss":0,"event_name":"WeMeetAgain","floor":12,"gold_loss":0},{"damage_healed":0,"gold_gain":0,"cards_transformed":["Strike_G","Strike_G"],"player_choice":"Became Test Subject","damage_taken":0,"max_hp_gain":0,"max_hp_loss":0,"event_name":"Drug Dealer","floor":19,"gold_loss":0,"cards_obtained":["Grand Finale","Tools of the Trade"]},{"damage_healed":0,"gold_gain":0,"player_choice":"Became a Ghost","damage_taken":0,"max_hp_gain":0,"max_hp_loss":30,"event_name":"Ghosts","floor":22,"gold_loss":0,"cards_obtained":["Ghostly","Ghostly","Ghostly"]},{"damage_healed":0,"gold_gain":0,"player_choice":"Fought Bandits","damage_taken":0,"max_hp_gain":0,"max_hp_loss":0,"event_name":"Masked Bandits","floor":30,"gold_loss":0}],"is_beta":false,"boss_relics":[{"not_picked":["Tiny House","WristBlade"],"picked":"SacredBark"}],"items_purged_floors":[11],"is_endless":false,"potions_floor_spawned":[5,10,14,21,24,28,30,31],"killed_by":"Champ","ascension_level":20}}