{"host":"zk71suw73lg2r165","time":1610327322,"event":{"mods":["BaseMod","Colored Map","Minty Spire (QoL Compilation)","Permanent Neow","Relic Stats","StSLib"],"gold_per_floor":[113,188,188,21,31,31,60,60,86,114,127,52,110,127,127,198,198,212,212,212,230,242,242,242],"floor_reached":23,"playtime":717,"items_purged":["Strike_R"],"score":473,"play_id":"2ab2f373-7c44-4b6b-a696-2bfb8ddd9e44","local_time":"20210110200842","is_ascension_mode":true,"campfire_choices":[{"data":"Bash","floor":6,"key":"SMITH"},{"data":"Whirlwind","floor":8,"key":"SMITH"},{"data":"Feed","floor":15,"key":"SMITH"}],"circlet_count":0,"master_deck":["AscendersBane","Strike_R","Strike_R","Defend_R","Defend_R","Defend_R","Defend_R","Bash+1","Burning Pact","Twin Strike","Whirlwind+1","Feed+1","Headbutt","Clothesline","Anger","Corruption","Dropkick","Shame","Dual Wield","Bloodletting","True Grit+1","Pommel Strike"],"relics":["Burning Blood","NeowsBlessing","Vajra","PreservedInsect","Meat on the Bone","Blood Vial","Orichalcum","MealTicket","Black Star","Nunchaku"],"acts_visited":["Exordium","TheCity"],"potions_floor_usage":[14,23],"damage_taken":[{"damage":0,"enemies":"Small Slimes","floor":1,"turns":1},{"damage":0,"enemies":"2 Louse","floor":5,"turns":1},{"damage":0,"enemies":"Gremlin Nob","floor":7,"turns":1},{"damage":10,"enemies":"3 Sentries","floor":10,"turns":4},{"damage":9,"enemies":"Jaw Worm","floor":11,"turns":4},{"damage":28,"enemies":"Lagavulin Event","floor":13,"turns":5},{"damage":0,"enemies":"3 Louse","floor":14,"turns":3},{"damage":38,"enemies":"Slime Boss","floor":16,"turns":11},{"damage":51,"enemies":"Spheric Guardian","floor":18,"turns":6},{"damage":32,"enemies":"2 Thieves","floor":21,"turns":4},{"damage":39,"enemies":"Snake Plant","floor":22,"turns":5},{"damage":37,"enemies":"Book of Stabbing","floor":23,"turns":4}],"seed_played":"3275601573697684901","potions_obtained":[{"floor":1,"key":"Dexterity Potion"},{"floor":13,"key":"Fire Potion"},{"floor":16,"key":"BlessingOfTheForge"},{"floor":22,"key":"LiquidBronze"}],"is_trial":false,"path_per_floor":["M","?","?","$","M","R","E","R","T","E","M","$","?","M","R","B",null,"M","?","?","M","M","E"],"character_chosen":"IRONCLAD","items_purchased":["PreservedInsect"],"campfire_rested":0,"item_purchase_floors":[4],"current_hp_per_floor":[74,63,58,58,64,64,70,70,70,68,70,70,53,64,64,50,79,52,52,52,44,29,0,0],"gold":242,"neow_bonus":"THREE_ENEMY_KILL","is_daily":false,"chose_seed":false,"campfire_upgraded":3,"win_rate":0.0,"timestamp":1610327322,"path_taken":["M","?","?","$","M","R","E","R","T","E","M","?","?","M","R","BOSS","M","?","?","M","M","E"],"items_purchased_type":["Relic"],"build_version":"2020-12-22","purchased_purges":1,"victory":false,"max_hp_per_floor":[75,75,75,75,75,75,75,75,75,75,78,78,81,84,84,88,88,92,92,92,96,100,100,100],"relic_stats":{"Blood Vial":18,"Nunchaku":[2],"counters":[12,49],"MealTicket":0,"PreservedInsect":106,"Black Star":0,"Orichalcum":[126],"obtain_stats":[{"Blood Vial":9,"Nunchaku":19,"NeowsBlessing":0,"Vajra":3,"MealTicket":13,"PreservedInsect":4,"Black Star":17,"Orichalcum":10,"Burning Blood":0,"Meat on the Bone":7},{"Blood Vial":3,"Nunchaku":9,"NeowsBlessing":0,"Vajra":1,"MealTicket":6,"PreservedInsect":1,"Black Star":8,"Orichalcum":4,"Burning Blood":0,"Meat on the Bone":3},{"Blood Vial":3,"Nunchaku":36,"NeowsBlessing":0,"Vajra":1,"MealTicket":16,"PreservedInsect":1,"Black Star":30,"Orichalcum":7,"Burning Blood":0,"Meat on the Bone":3}],"Burning Blood":66,"Meat on the Bone":48},"card_choices":[{"not_picked":["Rage","Warcry"],"picked":"Burning Pact","floor":1},{"not_picked":["Wild Strike","Shrug It Off"],"picked":"Twin Strike","floor":5},{"not_picked":["Headbutt","Pummel"],"picked":"Whirlwind","floor":7},{"not_picked":["Twin Strike","Rampage"],"picked":"Feed","floor":10},{"not_picked":["Havoc","Twin Strike"],"picked":"Headbutt","floor":11},{"not_picked":["Clash","Perfected Strike"],"picked":"Clothesline","floor":13},{"not_picked":["Clothesline","Armaments"],"picked":"Anger","floor":14},{"not_picked":["Barricade","Bludgeon"],"picked":"Corruption","floor":16},{"not_picked":["Anger","Second Wind"],"picked":"Dropkick","floor":18},{"not_picked":["Infernal Blade+1","Dual Wield"],"picked":"True Grit+1","floor":21},{"not_picked":["Thunderclap","Sword Boomerang"],"picked":"Pommel Strike","floor":22}],"player_experience":1331656,"relics_obtained":[{"floor":7,"key":"Meat on the Bone"},{"floor":9,"key":"Blood Vial"},{"floor":10,"key":"Orichalcum"},{"floor":13,"key":"MealTicket"}],"event_choices":[{"damage_healed":0,"gold_gain":75,"player_choice":"Gather Gold","damage_taken":11,"max_hp_gain":0,"max_hp_loss":0,"event_name":"World of Goop","floor":2,"gold_loss":0},{"damage_healed":0,"gold_gain":0,"player_choice":"Success","damage_taken":5,"relics_obtained":["Vajra"],"max_hp_gain":0,"max_hp_loss":0,"event_name":"Scrap Ooze","floor":3,"gold_loss":0},{"damage_healed":0,"gold_gain":0,"player_choice":"Searched \u00272\u0027 times","damage_taken":0,"max_hp_gain":0,"max_hp_loss":0,"event_name":"Dead Adventurer","floor":13,"gold_loss":0},{"damage_healed":0,"gold_gain":0,"player_choice":"Stole Relic","damage_taken":0,"relics_obtained":["Nunchaku"],"max_hp_gain":0,"max_hp_loss":0,"event_name":"Addict","floor":19,"gold_loss":0,"cards_obtained":["Shame"]},{"damage_healed":0,"gold_gain":0,"cards_transformed":["Strike_R","Strike_R"],"player_choice":"Became Test Subject","damage_taken":0,"max_hp_gain":0,"max_hp_loss":0,"event_name":"Drug Dealer","floor":20,"gold_loss":0,"cards_obtained":["Dual Wield","Bloodletting"]}],"is_beta":false,"boss_relics":[{"not_picked":["SlaversCollar","Runic Dome"],"picked":"Black Star"}],"items_purged_floors":[12],"is_endless":false,"potions_floor_spawned":[1,13,16,22],"killed_by":"Book of Stabbing","ascension_level":20}}