{"host":"cfluht5kr2kfk9p9","time":1610350409,"event":{"mods":["ATMod(阿瑾Mod)","Arknights The Spire","BaseMod","GungeonMod","Highlight Path","Library of Ruina","Library of Ruina Extra","Minty Spire (QoL Compilation)","Quick Restart","Rare Cards Sparkle","Relic Stats","RumiaBox-露米娅的神秘盒子","Spicy Shops","StSLib","TestMod","The Alterego","【功能Mod】混沌之环修复补丁"],"gold_per_floor":[117,132,150,169,185,219,219,227,227,157,175,187,187,212,212,254,254,271,271,27,47,57,115,166,186,186,213,232,262,262,262,262],"floor_reached":31,"playtime":844,"items_purged":["Strike_G"],"score":942,"play_id":"3cbb43bd-80d1-4b86-b191-ab8db2281793","local_time":"20210111153329","is_ascension_mode":true,"campfire_choices":[{"data":"AT_ShadowStep","floor":7.0,"key":"SMITH"},{"data":"AT_TwilightShroud","floor":13.0,"key":"SMITH"},{"floor":15.0,"key":"REST"},{"data":"AT_TinkerSharpsword","floor":30.0,"key":"SMITH"}],"circlet_count":0,"master_deck":["AscendersBane","Strike_G","Strike_G","Strike_G","Defend_G","Defend_G","Defend_G","Defend_G","Defend_G","Survivor","Neutralize","AT_ShadowStep+1","Masterful Stab","Dagger Spray","Backstab","Well Laid Plans","Dodge and Roll","AT_TwilightShroud+1","A Thousand Cuts","Terror+1","Calculated Gamble","AT_ThistleTea","Burst","Backflip","AT_TinkerSharpsword+1"],"relics":["testmod-TestBox","AT_ATBox","testmod-ObsoleteBoomerang","AT_TrinityForce","AddBug","SecretRecord","SecretRecord","Baka2","SecretRecord","SecretRecord","SecretRecord"],"acts_visited":["Exordium","TheCity"],"potions_floor_usage":[],"damage_taken":[{"damage":0.0,"enemies":"Small Slimes","floor":1.0,"turns":2.0},{"damage":0.0,"enemies":"Cultist","floor":2.0,"turns":2.0},{"damage":1.0,"enemies":"2 Louse","floor":3.0,"turns":2.0},{"damage":0.0,"enemies":"Gremlin Gang","floor":4.0,"turns":1.0},{"damage":0.0,"enemies":"Large Slime","floor":5.0,"turns":1.0},{"damage":0.0,"enemies":"3 Sentries","floor":6.0,"turns":2.0},{"damage":6.0,"enemies":"Exordium Thugs","floor":8.0,"turns":1.0},{"damage":0.0,"enemies":"Gremlin Nob","floor":10.0,"turns":2.0},{"damage":6.0,"enemies":"Exordium Wildlife","floor":11.0,"turns":2.0},{"damage":6.0,"enemies":"Gremlin Gang","floor":12.0,"turns":2.0},{"damage":5.0,"enemies":"Lagavulin","floor":14.0,"turns":3.0},{"damage":0.0,"enemies":"Slime Boss","floor":16.0,"turns":3.0},{"damage":4.0,"enemies":"Chosen","floor":18.0,"turns":3.0},{"damage":29.0,"enemies":"2 Thieves","floor":21.0,"turns":3.0},{"damage":4.0,"enemies":"Centurion and Healer","floor":22.0,"turns":2.0},{"damage":13.0,"enemies":"Book of Stabbing","floor":23.0,"turns":7.0},{"damage":0.0,"enemies":"Snake Plant","floor":25.0,"turns":1.0},{"damage":0.0,"enemies":"Gremlin Leader","floor":27.0,"turns":4.0},{"damage":0.0,"enemies":"Shelled Parasite and Fungi","floor":28.0,"turns":1.0},{"damage":0.0,"enemies":"Book of Stabbing","floor":29.0,"turns":1.0},{"damage":18,"enemies":"Gremlin Leader","floor":31,"turns":2}],"seed_played":"5496992727863999440","potions_obtained":[{"floor":1.0,"key":"SkillPotion"},{"floor":5.0,"key":"EssenceOfSteel"},{"floor":11.0,"key":"PowerPotion"},{"floor":16.0,"key":"Energy Potion"},{"floor":21.0,"key":"DuplicationPotion"},{"floor":23.0,"key":"Strength Potion"},{"floor":27.0,"key":"SkillPotion"}],"is_trial":false,"path_per_floor":["M","M","M","M","M","E","R","M","T","E","M","M","R","E","R","B",null,"M","?","$","M","M","E","T","M","T","E","M","E","R","E"],"character_chosen":"THE_SILENT","items_purchased":["testmod-Laevatain"],"campfire_rested":1,"item_purchase_floors":[20],"current_hp_per_floor":[59,59,60,60,60,60,60,54,54,54,51,45,45,40,59,59,64,60,60,60,31,27,14,14,14,14,14,14,14,14,0,0],"gold":262,"neow_bonus":"BOSS_RELIC","is_daily":false,"chose_seed":false,"campfire_upgraded":3,"win_rate":0.0,"timestamp":1610350409,"path_taken":["M","M","M","M","M","E","R","M","T","E","M","M","R","E","R","BOSS","M","?","$","M","?","E","?","M","T","E","M","E","R","E"],"items_purchased_type":["Relic"],"build_version":"2020-12-22","purchased_purges":1,"victory":false,"max_hp_per_floor":[66,66,66,66,66,66,66,66,66,66,66,66,66,66,66,66,66,66,66,66,66,66,66,66,66,66,66,66,66,66,66,66],"relic_stats":{"counters":[21,45],"obtain_stats":[{"Baka2":12,"testmod-TestBox":0,"AT_ATBox":0,"AT_TrinityForce":0,"testmod-ObsoleteBoomerang":0,"DemoMod:GlassGuonStoneRelic":1,"AddBug":1,"SecretRecord":1,"Baka":1,"Ring of the Snake":0},{"Baka2":10,"testmod-TestBox":0,"AT_ATBox":0,"AT_TrinityForce":0,"testmod-ObsoleteBoomerang":0,"DemoMod:GlassGuonStoneRelic":1,"AddBug":1,"SecretRecord":1,"Baka":1,"Ring of the Snake":0},{"Baka2":17,"testmod-TestBox":0,"AT_ATBox":0,"AT_TrinityForce":0,"testmod-ObsoleteBoomerang":0,"DemoMod:GlassGuonStoneRelic":2,"AddBug":2,"SecretRecord":2,"Baka":2,"Ring of the Snake":0}]},"card_choices":[{"not_picked":["Deadly Poison","Deflect"],"picked":"Masterful Stab","floor":1.0},{"not_picked":["Slice","Outmaneuver"],"picked":"Dagger Spray","floor":2.0},{"not_picked":["Setup","Concentrate"],"picked":"Backstab","floor":3.0},{"not_picked":["Malaise","Cloak And Dagger","Setup"],"picked":"SKIP","floor":4.0},{"not_picked":["Concentrate","Bane","PiercingWail"],"picked":"SKIP","floor":5.0},{"not_picked":["Corpse Explosion","Skewer"],"picked":"Well Laid Plans","floor":6.0},{"not_picked":["Accuracy","Flying Knee","Underhanded Strike"],"picked":"SKIP","floor":8.0},{"not_picked":["Flying Knee","Prepared","Underhanded Strike"],"picked":"SKIP","floor":10.0},{"not_picked":["Cloak And Dagger","Malaise"],"picked":"Dodge and Roll","floor":11.0},{"not_picked":["Bouncing Flask","Dagger Spray"],"picked":"AT_TwilightShroud","floor":12.0},{"not_picked":["Underhanded Strike","Sucker Punch","Dodge and Roll"],"picked":"SKIP","floor":14.0},{"not_picked":["Corpse Explosion","Malaise"],"picked":"A Thousand Cuts","floor":16.0},{"not_picked":["Underhanded Strike","Cloak And Dagger"],"picked":"Terror+1","floor":18.0},{"not_picked":["Outmaneuver","Calculated Gamble","Blade Dance+1"],"picked":"SKIP","floor":21.0},{"not_picked":["AT_WindFlip+1","Reflex+1"],"picked":"AT_ThistleTea","floor":22.0},{"not_picked":["Heel Hook","Endless Agony"],"picked":"Burst","floor":23.0},{"not_picked":["Concentrate","Reflex"],"picked":"Backflip","floor":25.0},{"not_picked":["Underhanded Strike","Skewer","Storm of Steel"],"picked":"SKIP","floor":27.0},{"not_picked":["Sucker Punch","Flechettes","A Thousand Cuts"],"picked":"SKIP","floor":28.0},{"not_picked":["Poisoned Stab+1","Bouncing Flask"],"picked":"AT_TinkerSharpsword","floor":29.0}],"player_experience":69266,"relics_obtained":[{"floor":1.0,"key":"Baka"},{"floor":1.0,"key":"AddBug"},{"floor":2.0,"key":"Unceasing Top"},{"floor":4.0,"key":"SecretRecord"},{"floor":6.0,"key":"FossilizedHelix"},{"floor":10.0,"key":"AT_ATBox"},{"floor":10.0,"key":"Oddly Smooth Stone"},{"floor":12.0,"key":"Baka2"},{"floor":12.0,"key":"SecretRecord"},{"floor":14.0,"key":"DemoMod:VorpalBullet"},{"floor":16.0,"key":"SecretRecord"},{"floor":23.0,"key":"HornCleat"},{"floor":24.0,"key":"AT_ChloranthyRing"},{"floor":26.0,"key":"PageOfScorchedGirl"},{"floor":27.0,"key":"SecretRecord"},{"floor":27.0,"key":"Anchor"},{"floor":29.0,"key":"Boot"}],"event_choices":[{"damage_healed":0.0,"max_hp_gain":0.0,"max_hp_loss":0.0,"gold_gain":0.0,"cards_transformed":["Strike_G"],"event_name":"Transmorgrifier","player_choice":"Transformed","floor":19.0,"gold_loss":0.0,"damage_taken":0.0,"cards_obtained":["Calculated Gamble"]}],"is_beta":false,"boss_relics":[{"not_picked":["testmod-CardMagician","SoulBox"],"picked":"AT_MortalBlade"}],"items_purged_floors":[20],"is_endless":false,"potions_floor_spawned":[1,5,6,11,12,16,21,23,25,27],"killed_by":"Gremlin Leader","ascension_level":20}}