{"host":"bvr4vhlu71s3njyz","time":1610327833,"event":{"mods":["2.2 Compatiblity","AchievementEnabler","Act Like it!","Aspiration","Astrologer","Bard","BaseMod","Beaked The Cultist","Better Altar","Better Match","Better Note","Better Sensory Stone","Better Skull","Better Third Choice","CCEM","Conjunction","Downfall","Fiend Mod","Friendly Minions","Gremlin Mod","GungeonMod","Hallownest","Hermit","Hubris","Infinite Spire","Jorbs\u0027s Wanderer Trilogy","Mad Scientist","Mimic Mod","Minty Spire (QoL Compilation)","Potionbrewer","Quarter Circle Forward PUNCH!","QueenMod","Replay The Spire","Robot Space Explorer","Shade Mod","Shedinja","Slumbering Mod","StSLib","The Blackbeard","The Bladedancer","The Bug Knight","The Caster","The Clintock","The Construct","The Cursed","The Dragon Tamer","The Exalted","The Forsaken","The Hayseed","The Hierophant","The Judge","The Marked","The Mystic","The Necromancer","The Poker Player","The Runesmith","The Sage","The Showman","TheArtist","TheFirefly","TheLocksmith","Trackpad","Wandering Minibosses","thorton","vexMod"],"gold_per_floor":[113,78,88,88,263,263,277,277,277,112,129,148,180,197,197,299,299,319,319,294,294,309,309,339,349,374,392,392,392,409,409,409],"floor_reached":31,"playtime":2043,"items_purged":["Doubt"],"score":257,"play_id":"1624741a-21ca-4bc6-b43d-07fca1407bb4","local_time":"20210110201713","is_ascension_mode":false,"campfire_choices":[{"data":"theMarked:Overthink","floor":6,"key":"SMITH"},{"data":"theMarked:SoldierOfQuellstein","floor":8,"key":"SMITH"},{"floor":15,"key":"REST"},{"floor":23,"key":"REST"},{"floor":28,"key":"REST"}],"circlet_count":0,"master_deck":["theMarked:Strike","theMarked:Strike","theMarked:Strike","theMarked:Strike","theMarked:Strike","theMarked:Defend+1","theMarked:Defend","theMarked:Defend+1","theMarked:Defend","theMarked:SoldierOfQuellstein+1","theMarked:Overthink+1","Shedinja:Substitute","theMarked:CreepingChasm","theMarked:Static+1","theMarked:RogueSparks","theMarked:WardOff","theMarked:Reabsorb","theMarked:DeterminationOfTheMarked","theMarked:SwordAndMagic","theMarked:Opportunist","theMarked:SoldierForm","theMarked:ContemptForTheProud","theMarked:Indomitable","theMarked:TakeOffHeels","theMarked:Frustration+1","theMarked:Aftermath","theMarked:SuspiciousRaven"],"relics":["theMarked:ArtifactOfAir","CCEMRelics:D6","Mummified Hand","sagemod:Falmels_Amulet","Replay:Baseball","War Paint","Gremlin Food","aspiration:Stabinomicon"],"acts_visited":["Exordium","TheCity"],"potions_floor_usage":[16,24],"damage_taken":[{"damage":2,"enemies":"Jaw Worm","floor":1,"turns":5},{"damage":0,"enemies":"2 Louse","floor":3,"turns":4},{"damage":0,"enemies":"theSlumbering:NewCultist","floor":7,"turns":4},{"damage":2,"enemies":"2 Fungi Beasts","floor":11,"turns":3},{"damage":13,"enemies":"Lots of Slimes","floor":12,"turns":2},{"damage":14,"enemies":"theSlumbering:Adrasteia","floor":13,"turns":7},{"damage":0,"enemies":"Blue Slaver","floor":14,"turns":4},{"damage":50,"enemies":"Hexaghost","floor":16,"turns":11},{"damage":9,"enemies":"Shell Parasite","floor":18,"turns":7},{"damage":26,"enemies":"Chosen","floor":22,"turns":6},{"damage":12,"enemies":"HollowMod:Nosk","floor":24,"turns":7},{"damage":1,"enemies":"Snecko","floor":25,"turns":4},{"damage":18,"enemies":"Cultist and Chosen","floor":27,"turns":6},{"damage":14,"enemies":"Chosen and Byrds","floor":30,"turns":5},{"damage":29,"enemies":"Snake Plant","floor":31,"turns":2}],"seed_played":"8128665929113120349","potions_obtained":[{"floor":7,"key":"potionbrewer:ToxicPotion"},{"floor":12,"key":"Reflective Coating"},{"floor":13,"key":"Conjunction:LightningMarble"},{"floor":16,"key":"potionbrewer:BarricadePotion"},{"floor":22,"key":"champ:CounterPotion"},{"floor":24,"key":"sneckomod:MuddlingPotion"}],"is_trial":false,"path_per_floor":["M","?","M","?","?","R","M","R","T","$","M","M","E","M","R","B",null,"M","?","?","?","M","R","E","M","T","M","R","?","M","M"],"character_chosen":"THE_DEFAULT","items_purchased":["theMarked:RogueSparks","theMarked:WardOff"],"campfire_rested":3,"item_purchase_floors":[10,10],"current_hp_per_floor":[75,75,75,75,75,75,75,75,75,75,73,60,46,46,69,19,77,68,68,68,68,42,65,53,52,52,34,57,41,27,0,0],"gold":409,"neow_bonus":"TEN_PERCENT_HP_BONUS","is_daily":false,"chose_seed":false,"campfire_upgraded":2,"win_rate":0.0,"timestamp":1610327833,"path_taken":["M","?","M","?","?","R","M","R","T","$","M","M","E","M","R","BOSS","M","?","?","?","M","R","E","M","T","?","R","?","M","M"],"items_purchased_type":["Card","Card"],"build_version":"2020-12-22","purchased_purges":1,"victory":false,"max_hp_per_floor":[77,77,77,77,77,77,77,77,77,77,77,77,77,77,77,77,77,77,77,77,77,77,77,77,77,77,77,77,77,77,77,77],"card_choices":[{"not_picked":["theMarked:TunnelVision","theMarked:ResourceFulStrike"],"picked":"theMarked:Overthink","floor":1},{"not_picked":["theMarked:Aftermath","theMarked:Improvise"],"picked":"theMarked:CreepingChasm","floor":3},{"not_picked":["theMarked:SelfDefenseTraining","theMarked:Aftermath"],"picked":"theMarked:Static","floor":7},{"not_picked":["theMarked:RepellingDischarge","theMarked:HeightenedSenses"],"picked":"theMarked:Reabsorb","floor":11},{"not_picked":["theMarked:Overthink","theMarked:Reabsorb"],"picked":"theMarked:DeterminationOfTheMarked","floor":12},{"not_picked":["theMarked:Frustration","theMarked:RepellingDischarge"],"picked":"theMarked:SwordAndMagic","floor":13},{"not_picked":["theMarked:BanishingStrike","theMarked:WastefulDefense"],"picked":"theMarked:Opportunist","floor":14},{"not_picked":["theMarked:MuscleMemory","theMarked:Vacuum"],"picked":"theMarked:SoldierForm","floor":16},{"not_picked":["theMarked:RepellingDischarge","theMarked:Static"],"picked":"theMarked:ContemptForTheProud","floor":18},{"not_picked":["theMarked:Electrocute+1","theMarked:CreepingChasm"],"picked":"theMarked:Indomitable","floor":22},{"not_picked":["theMarked:Parkour","theMarked:WardOff"],"picked":"theMarked:TakeOffHeels","floor":24},{"not_picked":["theMarked:TakeCover","theMarked:Static+1"],"picked":"theMarked:Frustration+1","floor":25},{"not_picked":["theMarked:WastefulAttack","theMarked:RepellingDischarge"],"picked":"theMarked:Aftermath","floor":27},{"not_picked":["theMarked:Indomitable+1","theMarked:Improvise"],"picked":"theMarked:SuspiciousRaven","floor":30}],"player_experience":1289646,"relics_obtained":[{"floor":9,"key":"CCEMRelics:D6"},{"floor":13,"key":"Mummified Hand"},{"floor":24,"key":"War Paint"},{"floor":26,"key":"Gremlin Food"},{"floor":29,"key":"aspiration:Stabinomicon"}],"event_choices":[{"damage_healed":0,"gold_gain":175,"player_choice":"AGREE","damage_taken":88,"max_hp_gain":0,"max_hp_loss":0,"event_name":"betterThird:BetterSerpent","floor":5,"gold_loss":0},{"damage_healed":0,"gold_gain":0,"player_choice":"Ignored","damage_taken":0,"max_hp_gain":0,"max_hp_loss":0,"event_name":"betterNote:BetterNote","floor":19,"gold_loss":0,"cards_obtained":["Iron Wave"]},{"damage_healed":0,"gold_gain":0,"player_choice":"Gave Potion","damage_taken":0,"relics_obtained":["Replay:Baseball"],"max_hp_gain":0,"max_hp_loss":0,"event_name":"WeMeetAgain","floor":21,"gold_loss":0},{"damage_healed":0,"gold_gain":0,"player_choice":"Obtained Book","damage_taken":16,"max_hp_gain":0,"max_hp_loss":0,"event_name":"Cursed Tome","floor":29,"gold_loss":0}],"is_beta":false,"boss_relics":[{"not_picked":["vexMod:EndlessSickness","aspiration:RunicSpoon"],"picked":"sagemod:Falmels_Amulet"}],"items_purged_floors":[10],"is_endless":false,"potions_floor_spawned":[7,12,13,16,22,24],"killed_by":"Snake Plant","ascension_level":0}}