{"host":"b995t17pt6d05w8c","time":1610373115,"event":{"mods":["AchievementEnabler","BaseMod","Colored Map","Minty Spire (QoL Compilation)","SuperFastMode"],"gold_per_floor":[20,20,37,55,69,69,69,19,45,72,31,41,53,70,70,169,169,185,198,15,25,41,41,67,67,94,94,105,105,205,295,295,395,395,409,429,440,522,541,541,560,560,560,571,258,275,275,285,285,285],"floor_reached":51,"playtime":1865,"items_purged":["Defend_R"],"score":1190,"play_id":"17a60f03-af4f-41c5-b853-81554ff0225d","local_time":"20210111225155","is_ascension_mode":true,"campfire_choices":[{"data":"Armaments","floor":6.0,"key":"SMITH"},{"data":"Evolve","floor":15.0,"key":"SMITH"},{"data":"Body Slam","floor":23.0,"key":"SMITH"},{"data":"Battle Trance","floor":25.0,"key":"SMITH"},{"floor":27.0,"key":"REST"},{"floor":32.0,"key":"REST"},{"floor":40,"key":"REST"},{"data":"Power Through","floor":42,"key":"SMITH"},{"data":"Second Wind","floor":49,"key":"SMITH"}],"circlet_count":0,"master_deck":["AscendersBane","Defend_R","Defend_R","Bash","Twin Strike","Disarm","Evolve+1","Armaments+1","Battle Trance+1","Second Wind+1","Body Slam+1","Wild Strike","Immolate","Seeing Red","Impervious","Power Through+1","Reckless Charge+1","Shrug It Off","Dark Embrace+1","Warcry","Deep Breath","Purity"],"relics":["Burning Blood","Lantern","Vajra","Empty Cage","Membership Card","Centennial Puzzle","Happy Flower","Enchiridion","Champion Belt","Self Forming Clay","Velvet Choker","Singing Bowl","Bottled Lightning","OrangePellets","Meat on the Bone"],"acts_visited":["Exordium","TheCity","TheBeyond"],"potions_floor_usage":[46,50],"damage_taken":[{"damage":1.0,"enemies":"Cultist","floor":1.0,"turns":4.0},{"damage":7.0,"enemies":"Jaw Worm","floor":3.0,"turns":3.0},{"damage":10.0,"enemies":"Small Slimes","floor":4.0,"turns":4.0},{"damage":17.0,"enemies":"Looter","floor":5.0,"turns":3.0},{"damage":22.0,"enemies":"3 Sentries","floor":10.0,"turns":7.0},{"damage":23.0,"enemies":"Large Slime","floor":12.0,"turns":6.0},{"damage":9.0,"enemies":"Gremlin Gang","floor":13.0,"turns":9.0},{"damage":15.0,"enemies":"Exordium Thugs","floor":14.0,"turns":5.0},{"damage":1.0,"enemies":"The Guardian","floor":16.0,"turns":13.0},{"damage":19.0,"enemies":"3 Byrds","floor":18.0,"turns":3.0},{"damage":18.0,"enemies":"2 Thieves","floor":19.0,"turns":3.0},{"damage":11.0,"enemies":"Chosen and Byrds","floor":21.0,"turns":6.0},{"damage":15.0,"enemies":"Shelled Parasite and Fungi","floor":22.0,"turns":6.0},{"damage":14.0,"enemies":"Slavers","floor":24.0,"turns":6.0},{"damage":0.0,"enemies":"3 Cultists","floor":28.0,"turns":4.0},{"damage":0.0,"enemies":"Colosseum Slavers","floor":30.0,"turns":5.0},{"damage":10.0,"enemies":"Colosseum Nobs","floor":30.0,"turns":4.0},{"damage":63.0,"enemies":"Champ","floor":33.0,"turns":11.0},{"damage":28,"enemies":"3 Darklings","floor":35,"turns":6},{"damage":0,"enemies":"Orb Walker","floor":36,"turns":4},{"damage":21,"enemies":"Maw","floor":37,"turns":8},{"damage":1,"enemies":"Sphere and 2 Shapes","floor":39,"turns":4},{"damage":11,"enemies":"3 Darklings","floor":41,"turns":3},{"damage":3,"enemies":"Maw","floor":44,"turns":7},{"damage":14,"enemies":"Spire Growth","floor":46,"turns":6},{"damage":4,"enemies":"3 Darklings","floor":48,"turns":4},{"damage":11,"enemies":"Donu and Deca","floor":50,"turns":9}],"seed_played":"-3012329638580631242","potions_obtained":[{"floor":1.0,"key":"Dexterity Potion"},{"floor":3.0,"key":"BloodPotion"},{"floor":13.0,"key":"Fire Potion"},{"floor":19.0,"key":"BloodPotion"},{"floor":28.0,"key":"PowerPotion"},{"floor":33.0,"key":"ElixirPotion"},{"floor":36,"key":"Ancient Potion"},{"floor":37,"key":"BloodPotion"},{"floor":46,"key":"LiquidMemories"}],"is_trial":false,"path_per_floor":["M","?","M","M","M","R","$","?","T","E","$","M","M","M","R","B",null,"M","M","$","M","M","R","E","R","T","R","M","?","?","?","R","B",null,"M","M","M","T","M","R","M","R","T","M","$","M","?","M","R","B",null],"character_chosen":"IRONCLAD","items_purchased":["Second Wind","Membership Card","Impervious","OrangePellets","Meat on the Bone","Warcry","Deep Breath"],"campfire_rested":3,"item_purchase_floors":[11,20,20,45,45,45,45],"current_hp_per_floor":[77,77,76,72,61,61,61,61,61,45,45,28,41,32,32,37,69,56,44,44,39,30,30,22,22,22,46,52,36,38,26,50,9,62,40,46,31,31,38,62,59,59,59,64,64,75,69,73,73,68],"gold":285,"neow_bonus":"REMOVE_TWO","is_daily":false,"chose_seed":false,"campfire_upgraded":6,"win_rate":0.0,"timestamp":1610373115,"path_taken":["M","?","M","M","M","R","$","?","T","E","?","M","?","M","R","BOSS","M","M","$","M","M","R","E","R","T","R","M","?","?","?","R","BOSS","M","M","?","?","M","R","M","R","T","M","$","M","?","M","R","BOSS"],"items_purchased_type":["Card","Relic","Card","Relic","Relic","Card","Card"],"build_version":"2020-12-22","purchased_purges":1,"victory":true,"max_hp_per_floor":[80,80,80,80,80,80,80,80,80,80,80,80,80,80,80,80,80,80,80,80,80,80,80,80,80,80,80,80,80,80,80,80,80,80,80,80,80,80,82,82,84,84,84,86,86,88,92,94,94,94],"card_choices":[{"not_picked":["True Grit","Dark Embrace"],"picked":"Twin Strike","floor":1.0},{"not_picked":["Warcry","Clash"],"picked":"Evolve","floor":3.0},{"not_picked":["Perfected Strike","Shockwave"],"picked":"Armaments","floor":4.0},{"not_picked":["Armaments","Clash","Iron Wave"],"picked":"SKIP","floor":5.0},{"not_picked":["Rupture","Entrench"],"picked":"Battle Trance","floor":10.0},{"not_picked":["Fiend Fire","Armaments","Headbutt"],"picked":"SKIP","floor":12.0},{"not_picked":["Warcry","Clash"],"picked":"Body Slam","floor":13.0},{"not_picked":["Shockwave","Carnage"],"picked":"Wild Strike","floor":14.0},{"not_picked":["Juggernaut","Demon Form"],"picked":"Immolate","floor":16.0},{"not_picked":["Thunderclap","Havoc","Armaments"],"picked":"SKIP","floor":18.0},{"not_picked":["Entrench","Armaments"],"picked":"Seeing Red","floor":19.0},{"not_picked":["Headbutt+1","Heavy Blade"],"picked":"Power Through","floor":21.0},{"not_picked":["Flame Barrier","Body Slam"],"picked":"Reckless Charge+1","floor":22.0},{"not_picked":["Infernal Blade+1","Cleave"],"picked":"Shrug It Off","floor":24.0},{"not_picked":["Body Slam","Clash+1","Sword Boomerang"],"picked":"SKIP","floor":28.0},{"not_picked":["Sword Boomerang","Heavy Blade","Body Slam"],"picked":"SKIP","floor":35},{"not_picked":["Perfected Strike","Pommel Strike","Havoc"],"picked":"SKIP","floor":36},{"not_picked":["Iron Wave","Thunderclap"],"picked":"Dark Embrace+1","floor":37},{"not_picked":["Infernal Blade","Twin Strike","Brutality"],"picked":"Singing Bowl","floor":39},{"not_picked":["Body Slam","Spot Weakness","Flex+1"],"picked":"Singing Bowl","floor":41},{"not_picked":["Sever Soul","Shrug It Off+1","Bloodletting+1"],"picked":"Singing Bowl","floor":44},{"not_picked":["Headbutt","Sword Boomerang","Armaments"],"picked":"Singing Bowl","floor":46},{"not_picked":["Secret Technique","PanicButton","Panache"],"picked":"Singing Bowl","floor":47},{"not_picked":["Discovery","Deep Breath","The Bomb"],"picked":"Singing Bowl","floor":47},{"not_picked":["Madness","Impatience"],"picked":"Purity","floor":47},{"not_picked":["Intimidate+1","Hemokinesis","Combust"],"picked":"Singing Bowl","floor":48}],"player_experience":96059,"relics_obtained":[{"floor":9.0,"key":"Lantern"},{"floor":10.0,"key":"Vajra"},{"floor":24.0,"key":"Centennial Puzzle"},{"floor":26.0,"key":"Happy Flower"},{"floor":29.0,"key":"Enchiridion"},{"floor":30.0,"key":"Champion Belt"},{"floor":30.0,"key":"Self Forming Clay"},{"floor":38,"key":"Singing Bowl"},{"floor":43,"key":"Bottled Lightning"}],"event_choices":[{"damage_healed":0.0,"max_hp_gain":0.0,"max_hp_loss":0.0,"gold_gain":0.0,"cards_transformed":["Strike_R"],"event_name":"Living Wall","player_choice":"Change","floor":2.0,"gold_loss":0.0,"damage_taken":0.0,"cards_obtained":["Disarm"]},{"cards_removed":["Strike_R"],"damage_healed":0.0,"max_hp_gain":0.0,"max_hp_loss":0.0,"gold_gain":0.0,"event_name":"The Cleric","player_choice":"Card Removal","floor":8.0,"gold_loss":50.0,"damage_taken":0.0},{"damage_healed":0.0,"max_hp_gain":0.0,"max_hp_loss":0.0,"gold_gain":0.0,"event_name":"Cursed Tome","player_choice":"Obtained Book","floor":29.0,"gold_loss":0.0,"damage_taken":16.0},{"damage_healed":0.0,"max_hp_gain":0.0,"max_hp_loss":0.0,"gold_gain":0.0,"event_name":"Colosseum","player_choice":"Fight","floor":30.0,"gold_loss":0.0,"damage_taken":0.0},{"damage_healed":0.0,"max_hp_gain":0.0,"max_hp_loss":0.0,"gold_gain":0.0,"event_name":"Colosseum","player_choice":"Fought Nobs","floor":30.0,"gold_loss":0.0,"damage_taken":0.0},{"damage_healed":0.0,"max_hp_gain":0.0,"max_hp_loss":0.0,"gold_gain":90.0,"event_name":"Knowing Skull","player_choice":"GOLD ","floor":31.0,"potions_obtained":[],"gold_loss":0.0,"damage_taken":12.0,"cards_obtained":[]},{"damage_healed":0,"gold_gain":0,"player_choice":"Memory 3","damage_taken":10,"max_hp_gain":0,"max_hp_loss":0,"event_name":"SensoryStone","floor":47,"gold_loss":0}],"is_beta":false,"boss_relics":[{"not_picked":["Sozu","Astrolabe"],"picked":"Empty Cage"},{"not_picked":["Coffee Dripper","Runic Dome"],"picked":"Velvet Choker"}],"items_purged_floors":[45],"is_endless":false,"potions_floor_spawned":[1,3,13,14,19,28,33,36,37,46],"ascension_level":12}}