{"host":"ss2ocoam53r2lno0","time":1610360666,"event":{"mods":["Act Like it!","BaseMod","ChefMod","Clockwork Mod","Colored Powertips","Curses Come First","Dark Map","Displayed Cursed Tome","Downfall","Evolution","Googly Eyes","Hallownest","Highlight Path","Minty Spire (QoL Compilation)","Poor People Problems","Rare Cards Sparkle","Robot Space Explorer","Shade Mod","Shop Mod","Spicy Shops","StSLib","The Marked"],"gold_per_floor":[116,65,65,85,97,97,124,136,136,136,163,163,173,190,190,190,190],"floor_reached":16,"playtime":907,"items_purged":[],"score":112,"play_id":"df0f4efc-dcee-43f2-aac6-a71160f3b49b","local_time":"20210111112426","is_ascension_mode":false,"campfire_choices":[{"data":"Clockwork:ChargingBlade","floor":6.0,"key":"SMITH"},{"floor":10.0,"key":"REST"},{"data":"Clockwork:ChargingBlade","floor":12.0,"key":"SMITH"},{"data":"Clockwork:RitualDaggerMk0","floor":15.0,"key":"SMITH"}],"circlet_count":0,"master_deck":["Clockwork:ChargingBlade+1","Clockwork:Strike","Clockwork:Strike","Clockwork:Strike","Clockwork:Shield","Clockwork:Shield","Clockwork:Shield","Clockwork:Shield","Clockwork:Tinker","Clockwork:WarmUp","Slimebound:Icky","Clockwork:ChargingBlade+1","Clockwork:RitualDaggerMk0+1"],"relics":["Clockwork:MomentumEngine","EVO:Axolotl","CaptainsWheel","Anchor","Clockwork:Varja","Thread and Needle","Gremlin Horn","Pen Nib"],"acts_visited":["Exordium"],"potions_floor_usage":[],"damage_taken":[{"damage":21.0,"enemies":"Jaw Worm","floor":1.0,"turns":9.0},{"damage":18.0,"enemies":"Cultist","floor":4.0,"turns":8.0},{"damage":0.0,"enemies":"2 Louse","floor":5.0,"turns":5.0},{"damage":22.0,"enemies":"3 Sentries","floor":7.0,"turns":10.0},{"damage":0.0,"enemies":"2 Fungi Beasts","floor":8.0,"turns":4.0},{"damage":10.0,"enemies":"Gremlin Nob","floor":11.0,"turns":4.0},{"damage":0.0,"enemies":"Red Slaver","floor":13.0,"turns":4.0},{"damage":0.0,"enemies":"3 Louse","floor":14.0,"turns":1.0},{"damage":54,"enemies":"Hexaghost","floor":16,"turns":9}],"seed_played":"-2631153757297009088","potions_obtained":[{"floor":1.0,"key":"Regen Potion"},{"floor":7.0,"key":"champ:CounterPotion"},{"floor":11.0,"key":"SpeedPotion"},{"floor":13.0,"key":"Explosive Potion"}],"is_trial":false,"path_per_floor":["M","?","$","M","M","R","E","M","T","R","E","R","M","M","R","B"],"character_chosen":"CLOCKWORK","items_purchased":[],"campfire_rested":1,"item_purchase_floors":[],"current_hp_per_floor":[64,64,64,61,61,61,39,39,39,64,54,54,54,54,54,0,0],"gold":190,"neow_bonus":"ONE_RARE_RELIC","is_daily":false,"chose_seed":false,"campfire_upgraded":3,"win_rate":0.0,"timestamp":1610360666,"path_taken":["M","?","?","M","M","R","E","M","T","R","E","R","M","M","R","BOSS"],"items_purchased_type":[],"build_version":"2020-12-22","purchased_purges":0,"victory":false,"max_hp_per_floor":[85,85,85,85,85,85,85,85,85,85,85,85,85,85,85,85,85],"card_choices":[{"not_picked":["Clockwork:ReserveSystems","Clockwork:SnapKeep"],"picked":"Clockwork:CraftVarja","floor":1.0},{"not_picked":["Clockwork:RampUp","Clockwork:SnapKeep","Clockwork:Roundhouse"],"picked":"SKIP","floor":4.0},{"not_picked":["Clockwork:SystemScan","Clockwork:RampUp","Clockwork:CogShield"],"picked":"SKIP","floor":5.0},{"not_picked":["Clockwork:InertialShield","Clockwork:SnapKeep","Clockwork:Randomization"],"picked":"SKIP","floor":7.0},{"not_picked":["Clockwork:ReserveSystems","Clockwork:AdaptiveCannon","Clockwork:SystemHardening"],"picked":"SKIP","floor":8.0},{"not_picked":["Clockwork:SearchingStrike","Clockwork:AdaptiveShield"],"picked":"Clockwork:ChargingBlade","floor":11.0},{"not_picked":["Clockwork:ForgeStrike","Clockwork:Scour"],"picked":"Clockwork:RitualDaggerMk0","floor":13.0},{"not_picked":["Clockwork:AdaptiveShield","Clockwork:ChargingBlade","Clockwork:Minimalism"],"picked":"SKIP","floor":14.0}],"player_experience":652885,"relics_obtained":[{"floor":7.0,"key":"Thread and Needle"},{"floor":9.0,"key":"Gremlin Horn"},{"floor":11.0,"key":"Pen Nib"}],"event_choices":[{"damage_healed":0.0,"max_hp_gain":0.0,"max_hp_loss":0.0,"gold_gain":0.0,"event_name":"WeMeetAgain","player_choice":"Paid Gold","floor":2.0,"gold_loss":51.0,"damage_taken":0.0,"relics_obtained":["Anchor"]}],"is_beta":false,"boss_relics":[],"items_purged_floors":[],"is_endless":false,"potions_floor_spawned":[1,7,11,13],"killed_by":"Hexaghost","ascension_level":0}}