{"host":"0ndhasp09f4rkdar","time":1610337614,"event":{"mods":["BaseMod","Dio Mod","Hermit","Hero for Fun","Minty Spire (QoL Compilation)","Replay The Spire","StSLib","SuperFastMode","The Bladedancer"],"gold_per_floor":[113,127,227,238,253,253,285,301,326,326,341,355,29,29,29,29,29],"floor_reached":16,"playtime":787,"items_purged":[],"score":104,"play_id":"17fc177d-d8e8-4062-8c0c-554387955225","local_time":"20210111120014","is_ascension_mode":false,"campfire_choices":[{"data":"Terror","floor":6,"key":"SMITH"},{"floor":10,"key":"REST"},{"floor":15,"key":"REST"}],"circlet_count":0,"master_deck":["Strike_G","Strike_G","Strike_G","Strike_G","Defend_G","Defend_G","Defend_G","Defend_G","Defend_G","Survivor","Neutralize+1","Hidden Blade","Terror+1","ReplayTheSpireMod:Shiv Toss","Sucker Punch","Dagger Spray","Slice","Tools of the Trade","Dagger Spray+1"],"relics":["Ring of the Snake","ReplayTheSpireMod:Shallot","Toy Ornithopter","Replay:Mystery Machine"],"acts_visited":["Exordium"],"potions_floor_usage":[16],"damage_taken":[{"damage":0,"enemies":"2 Louse","floor":1,"turns":3},{"damage":1,"enemies":"Cultist","floor":2,"turns":4},{"damage":0,"enemies":"Jaw Worm","floor":4,"turns":3},{"damage":24,"enemies":"Exordium Thugs","floor":5,"turns":6},{"damage":32,"enemies":"3 Sentries","floor":7,"turns":9},{"damage":4,"enemies":"Gremlin Gang","floor":8,"turns":6},{"damage":0,"enemies":"3 Louse","floor":11,"turns":3},{"damage":0,"enemies":"2 Fungi Beasts","floor":12,"turns":3},{"damage":72,"enemies":"Fading Forest","floor":16,"turns":9}],"seed_played":"4132844974872433749","potions_obtained":[{"floor":2,"key":"Swift Potion"},{"floor":5,"key":"Swift Potion"},{"floor":7,"key":"Reflective Coating"},{"floor":12,"key":"CunningPotion"}],"is_trial":false,"path_per_floor":["M","M","?","M","M","R","E","M","T","R","M","M","$","?","R","B"],"character_chosen":"THE_SILENT","items_purchased":["Tools of the Trade","Replay:Mystery Machine","Dagger Spray+1"],"campfire_rested":2,"item_purchase_floors":[13,13,13],"current_hp_per_floor":[70,69,69,69,45,45,13,9,9,30,30,30,30,30,51,0,0],"gold":29,"neow_bonus":"UPGRADE_CARD","is_daily":false,"chose_seed":false,"campfire_upgraded":1,"win_rate":0.0,"timestamp":1610337614,"path_taken":["M","M","?","M","?","R","E","M","T","R","M","M","$","?","R","BOSS"],"items_purchased_type":["Card","Relic","Card"],"build_version":"2020-12-22","purchased_purges":0,"victory":false,"max_hp_per_floor":[70,70,70,70,70,70,70,70,70,70,70,70,70,70,70,70,70],"card_choices":[{"not_picked":["Bane","Footwork"],"picked":"Hidden Blade","floor":1},{"not_picked":["Deadly Poison","Flying Knee"],"picked":"Terror","floor":2},{"not_picked":["Quick Slash","Footwork"],"picked":"ReplayTheSpireMod:Shiv Toss","floor":4},{"not_picked":["Bane","Replay:Poison Smokescreen"],"picked":"Sucker Punch","floor":5},{"not_picked":["Sneak Up","Skewer","Eviscerate"],"picked":"SKIP","floor":7},{"not_picked":["ReplayTheSpireMod:Tripwire","Deadly Poison"],"picked":"Dagger Spray","floor":8},{"not_picked":["Quick Slash","Crippling Poison"],"picked":"Slice","floor":11},{"not_picked":["Slice","Terror","Outmaneuver"],"picked":"SKIP","floor":12}],"player_experience":204681,"relics_obtained":[{"floor":7,"key":"ReplayTheSpireMod:Shallot"},{"floor":9,"key":"Toy Ornithopter"}],"event_choices":[{"damage_healed":0,"gold_gain":100,"player_choice":"Pray","damage_taken":0,"max_hp_gain":0,"max_hp_loss":0,"event_name":"Golden Shrine","floor":3,"gold_loss":0}],"is_beta":false,"boss_relics":[],"items_purged_floors":[],"is_endless":false,"potions_floor_spawned":[2,5,7,12],"killed_by":"Fading Forest","ascension_level":0}}