{"host":"a5lz0e76zb3fcwkm","time":1610373937,"event":{"mods":["AchievementEnabler","BaseMod","Colored Map","Colored Powertips","Minty Spire (QoL Compilation)","StSLib","SuperFastMode"],"gold_per_floor":[368,368,384,659,669,669,629,629,629,646,403,403,17,31,31,107,107,125,125,40,57,74,74,84,117,117,127,127,138,150,169,169,169,169],"floor_reached":33,"playtime":588,"items_purged":["Regret"],"score":522,"play_id":"cc15d06d-24bc-421e-9180-e93f56e941b4","local_time":"20210111230537","is_ascension_mode":true,"campfire_choices":[{"data":"Shockwave","floor":6.0,"key":"SMITH"},{"data":"Seeing Red","floor":8.0,"key":"SMITH"},{"data":"Perfected Strike","floor":12.0,"key":"SMITH"},{"data":"Perfected Strike","floor":15,"key":"SMITH"},{"floor":23,"key":"RECALL"},{"data":"Evolve","floor":28,"key":"SMITH"},{"data":"Entrench","floor":32,"key":"SMITH"}],"circlet_count":0,"master_deck":["AscendersBane","Strike_R","Strike_R","Strike_R","Strike_R","Strike_R","Defend_R","Defend_R","Defend_R","Defend_R","Bash","Shockwave+1","Seeing Red+1","Perfected Strike+1","Perfected Strike+1","Flame Barrier","Wild Strike","Feel No Pain","Second Wind","Immolate+1","Feed+1","Evolve+1","Pommel Strike+1","Entrench+1","Body Slam+1"],"relics":["Burning Blood","Anchor","Orrery","Molten Egg 2","Mark of Pain","Lantern","Calipers"],"acts_visited":["Exordium","TheCity"],"potions_floor_usage":[16,25,31,33,33],"damage_taken":[{"damage":9.0,"enemies":"Jaw Worm","floor":1.0,"turns":4.0},{"damage":4.0,"enemies":"Small Slimes","floor":3.0,"turns":4.0},{"damage":10.0,"enemies":"Cultist","floor":5.0,"turns":4.0},{"damage":5.0,"enemies":"Looter","floor":7.0,"turns":4.0},{"damage":0.0,"enemies":"Exordium Wildlife","floor":10.0,"turns":3.0},{"damage":17,"enemies":"Lots of Slimes","floor":14,"turns":5},{"damage":31,"enemies":"Hexaghost","floor":16,"turns":9},{"damage":0,"enemies":"Chosen","floor":18,"turns":2},{"damage":11,"enemies":"Spheric Guardian","floor":21,"turns":3},{"damage":21,"enemies":"Snake Plant","floor":22,"turns":3},{"damage":13,"enemies":"Centurion and Healer","floor":24,"turns":4},{"damage":30,"enemies":"Gremlin Leader","floor":25,"turns":5},{"damage":0,"enemies":"Cultist and Chosen","floor":27,"turns":5},{"damage":19,"enemies":"Snake Plant","floor":29,"turns":3},{"damage":3,"enemies":"Centurion and Healer","floor":30,"turns":4},{"damage":1,"enemies":"3 Cultists","floor":31,"turns":3},{"damage":35,"enemies":"Collector","floor":33,"turns":3}],"seed_played":"5457802988157195455","potions_obtained":[{"floor":1.0,"key":"FearPotion"},{"floor":3.0,"key":"Regen Potion"},{"floor":10.0,"key":"Weak Potion"},{"floor":18,"key":"CultistPotion"},{"floor":25,"key":"Fire Potion"},{"floor":31,"key":"SkillPotion"}],"is_trial":false,"path_per_floor":["M","?","M","?","M","R","M","R","T","M","$","R","$","M","R","B",null,"M","$","?","M","M","R","M","E","T","M","R","M","M","M","R","B"],"character_chosen":"IRONCLAD","items_purchased":["Orrery","Molten Egg 2","Feel No Pain","Second Wind"],"campfire_rested":0,"item_purchase_floors":[11,13,13,13],"current_hp_per_floor":[47,47,49,49,45,45,60,60,60,66,66,66,66,55,55,30,64,70,70,70,65,50,50,47,23,23,33,33,20,23,28,28,0,0],"gold":169,"neow_bonus":"TWO_FIFTY_GOLD","is_daily":false,"chose_seed":false,"campfire_upgraded":6,"win_rate":0.0,"timestamp":1610373937,"path_taken":["M","?","M","?","M","R","M","R","T","M","$","R","$","M","R","BOSS","M","?","?","M","?","R","M","E","T","M","R","M","M","M","R","BOSS"],"items_purchased_type":["Relic","Relic","Card","Card"],"build_version":"2020-12-22","purchased_purges":1,"victory":false,"max_hp_per_floor":[75,75,75,75,75,75,75,75,75,75,75,75,75,75,75,75,75,75,75,75,75,75,75,79,79,79,83,83,83,83,83,83,83,83],"card_choices":[{"not_picked":["Ghostly Armor","Clothesline"],"picked":"Shockwave","floor":1.0},{"not_picked":["Rampage","Rage","Iron Wave"],"picked":"SKIP","floor":3.0},{"not_picked":["Headbutt","Thunderclap","Iron Wave"],"picked":"SKIP","floor":5.0},{"not_picked":["Pummel","Entrench"],"picked":"Seeing Red","floor":7.0},{"not_picked":["Sword Boomerang","Infernal Blade"],"picked":"Perfected Strike","floor":10.0},{"not_picked":["Body Slam","Ghostly Armor"],"picked":"Perfected Strike","floor":11.0},{"not_picked":["True Grit","Reaper"],"picked":"Flame Barrier","floor":11.0},{"not_picked":["Body Slam","Clothesline"],"picked":"Wild Strike","floor":11.0},{"not_picked":["Combust","Flame Barrier"],"picked":"Immolate+1","floor":14},{"not_picked":["Limit Break","Impervious"],"picked":"Feed+1","floor":16},{"not_picked":["Iron Wave+1","Clash+1","Ghostly Armor"],"picked":"SKIP","floor":18},{"not_picked":["Rampage+1","Combust","Clash+1"],"picked":"SKIP","floor":21},{"not_picked":["Searing Blow+1","Dropkick+1","Clash+1"],"picked":"SKIP","floor":22},{"not_picked":["Searing Blow+1","Dropkick+1","Clash+1"],"picked":"SKIP","floor":22},{"not_picked":["Anger+1","Dual Wield"],"picked":"Evolve","floor":24},{"not_picked":["Disarm","True Grit","Seeing Red"],"picked":"SKIP","floor":25},{"not_picked":["Anger+1","Pommel Strike+1","Twin Strike+1"],"picked":"SKIP","floor":27},{"not_picked":["Anger+1","Twin Strike+1"],"picked":"Pommel Strike+1","floor":27},{"not_picked":["Cleave+1","Fire Breathing","Hemokinesis+1"],"picked":"SKIP","floor":29},{"not_picked":["Rampage+1","Thunderclap+1"],"picked":"Entrench","floor":30},{"not_picked":["Reckless Charge+1","Warcry"],"picked":"Body Slam+1","floor":31}],"player_experience":1718328,"relics_obtained":[{"floor":9.0,"key":"Anchor"},{"floor":25,"key":"Calipers"}],"event_choices":[{"damage_healed":0.0,"max_hp_gain":0.0,"max_hp_loss":0.0,"gold_gain":0.0,"event_name":"Liars Game","player_choice":"Ignored","floor":2.0,"gold_loss":0.0,"damage_taken":0.0},{"damage_healed":0.0,"max_hp_gain":0.0,"max_hp_loss":0.0,"gold_gain":275.0,"event_name":"Golden Shrine","player_choice":"Desecrate","floor":4.0,"gold_loss":0.0,"damage_taken":0.0,"cards_obtained":["Regret"]},{"damage_healed":0,"gold_gain":0,"player_choice":"Obtained Relic","damage_taken":0,"relics_obtained":["Lantern"],"max_hp_gain":0,"max_hp_loss":0,"event_name":"Addict","floor":20,"gold_loss":85}],"is_beta":false,"boss_relics":[{"not_picked":["Busted Crown","Tiny House"],"picked":"Mark of Pain"}],"items_purged_floors":[11],"is_endless":false,"potions_floor_spawned":[1,3,10,14,18,22,24,25,31],"killed_by":"Collector","ascension_level":20}}