{"host":"d66n7ln59ex8canu","time":1610396471,"event":{"mods":["AchievementEnabler","BaseMod","Colored Map","Minty Spire (QoL Compilation)","Quick Restart","StSLib"],"gold_per_floor":[111,122,139,153,6,6,6,39,39,39,54,73,73,85,85,85,85],"floor_reached":16,"playtime":572,"items_purged":[],"score":125,"play_id":"7a58b0bb-4264-428d-8b42-f5566a93c4b0","local_time":"20210111152111","is_ascension_mode":true,"campfire_choices":[{"data":"Cloak And Dagger","floor":6,"key":"SMITH"},{"data":"Cloak And Dagger","floor":13,"key":"SMITH"},{"data":"Endless Agony","floor":15,"key":"SMITH"}],"circlet_count":0,"master_deck":["Strike_G","Strike_G","Strike_G","Strike_G","Strike_G","Defend_G","Defend_G","Defend_G","Defend_G","Defend_G","Survivor","Neutralize","Cloak And Dagger+1","Dagger Spray","Acrobatics","Dodge and Roll","Cloak And Dagger+1","PiercingWail","Slice","Endless Agony+1"],"relics":["Ring of the Snake","NeowsBlessing","Orichalcum","Bottled Flame","InkBottle"],"acts_visited":["Exordium"],"potions_floor_usage":[8,16,16],"damage_taken":[{"damage":0,"enemies":"Small Slimes","floor":1,"turns":1},{"damage":0,"enemies":"2 Louse","floor":2,"turns":1},{"damage":0,"enemies":"Jaw Worm","floor":3,"turns":1},{"damage":26,"enemies":"Gremlin Gang","floor":4,"turns":4},{"damage":5,"enemies":"3 Sentries","floor":8,"turns":10},{"damage":0,"enemies":"Lots of Slimes","floor":11,"turns":3},{"damage":14,"enemies":"Large Slime","floor":12,"turns":8},{"damage":0,"enemies":"3 Louse","floor":14,"turns":3},{"damage":48,"enemies":"Hexaghost","floor":16,"turns":14}],"seed_played":"6951909920498484631","potions_obtained":[{"floor":4,"key":"EssenceOfSteel"},{"floor":8,"key":"SkillPotion"},{"floor":11,"key":"FearPotion"}],"is_trial":false,"path_per_floor":["M","M","M","M","$","R","?","E","T","?","M","M","R","M","R","B"],"character_chosen":"THE_SILENT","items_purchased":["Orichalcum"],"campfire_rested":0,"item_purchase_floors":[5],"current_hp_per_floor":[70,70,70,44,44,44,44,39,39,62,62,48,48,48,48,0,0],"gold":85,"neow_bonus":"THREE_ENEMY_KILL","is_daily":false,"chose_seed":false,"campfire_upgraded":3,"win_rate":0.0,"timestamp":1610396471,"path_taken":["M","M","M","M","$","R","?","E","T","?","?","?","R","M","R","BOSS"],"items_purchased_type":["Relic"],"build_version":"2020-12-22","purchased_purges":0,"victory":false,"max_hp_per_floor":[70,70,70,70,70,70,70,70,70,70,70,70,70,70,70,70,70],"card_choices":[{"not_picked":["Quick Slash","Dodge and Roll"],"picked":"Cloak And Dagger","floor":1},{"not_picked":["Sucker Punch","Terror"],"picked":"Dagger Spray","floor":2},{"not_picked":["Riddle With Holes","Eviscerate"],"picked":"Acrobatics","floor":3},{"not_picked":["Prepared","Predator"],"picked":"Dodge and Roll","floor":4},{"not_picked":["Glass Knife","Infinite Blades"],"picked":"Cloak And Dagger","floor":8},{"not_picked":["Bane","Sucker Punch"],"picked":"PiercingWail","floor":11},{"not_picked":["Outmaneuver","Deadly Poison"],"picked":"Slice","floor":12},{"not_picked":["Slice","Quick Slash"],"picked":"Endless Agony","floor":14}],"player_experience":312379,"relics_obtained":[{"floor":8,"key":"Bottled Flame"},{"floor":9,"key":"InkBottle"}],"event_choices":[{"damage_healed":0,"gold_gain":0,"player_choice":"Ignored","damage_taken":0,"max_hp_gain":0,"max_hp_loss":0,"event_name":"Golden Wing","floor":7,"gold_loss":0},{"damage_healed":23,"gold_gain":0,"player_choice":"Banana","damage_taken":0,"max_hp_gain":0,"max_hp_loss":0,"event_name":"Big Fish","floor":10,"gold_loss":0}],"is_beta":false,"boss_relics":[],"items_purged_floors":[],"is_endless":false,"potions_floor_spawned":[4,8,11],"killed_by":"Hexaghost","ascension_level":4}}