{"host":"lxihx0b6awoz2w1j","time":1610384848,"event":{"mods":["Aspiration","BaseMod","Better Third Choice","CapriCore","Colored Powertips","Downfall","Hermit","Hubris","Infinite Spire","JesterMod","Luminous","Marisa????????","Melee Mod","Minty Spire (QoL Compilation)","Prisma Mod","Quick Restart","Relic Stats","Replay The Spire","Shade Mod","Spicy Shops","StSLib","The Alterego","The Blue Laboratory","The Cursed","The Disciple","The Forsaken","The Immortal","The Jungle","The Marked","The Runesmith","The Senshi","The Servant 0.9.4","Waifu the Spire"],"gold_per_floor":[118,42,58,58,68,99,99,116,116,116,141,141,141,141,141,245,245,259,53,128,148,148,148],"floor_reached":22,"playtime":708,"items_purged":[],"score":142,"play_id":"d43b86ab-57d3-44a6-a975-f888d253b785","local_time":"20210111180728","is_ascension_mode":false,"campfire_choices":[{"data":"Iron Wave","floor":7.0,"key":"SMITH"},{"data":"infinitespire:OneForAll","floor":12.0,"key":"SMITH"}],"circlet_count":0,"master_deck":["Strike_R","Strike_R","Strike_R","Strike_R","Strike_R","Defend_R","Defend_R","Defend_R","Defend_R","Bash","Sword Boomerang","Feel No Pain+1","Iron Wave+1","hubris:CleavingFinish","ReplayTheSpireMod:Stacked","infinitespire:OneForAll+1","Evolve+1","Barricade+1","Defy Death","Clothesline","Twin Strike"],"relics":["Burning Blood","aspiration:Nostalgia","infinitespire:DarkRift","Frozen Egg 2","infinitespire:ShieldingShard","Omamori","Replay:WaspNest","Electric Blood","Blue Doll"],"acts_visited":["Exordium","TheCity"],"potions_floor_usage":[21],"damage_taken":[{"damage":8.0,"enemies":"Jaw Worm","floor":1.0,"turns":5.0},{"damage":1.0,"enemies":"2 Louse","floor":3.0,"turns":3.0},{"damage":3.0,"enemies":"Small Slimes","floor":5.0,"turns":3.0},{"damage":20.0,"enemies":"3 Sentries","floor":6.0,"turns":9.0},{"damage":0.0,"enemies":"Looter","floor":8.0,"turns":4.0},{"damage":25.0,"enemies":"Gremlin Nob","floor":11.0,"turns":5.0},{"damage":0.0,"enemies":"Slime Boss","floor":16.0,"turns":3.0},{"damage":5.0,"enemies":"Chosen","floor":18.0,"turns":3.0},{"damage":26,"enemies":"2 Thieves","floor":21,"turns":3},{"damage":0,"enemies":"Snake Plant","floor":22,"turns":1}],"seed_played":"3307545726590219796","potions_obtained":[{"floor":3.0,"key":"blueLaboratory:LouseDecoction"},{"floor":5.0,"key":"GamblersBrew"},{"floor":16.0,"key":"blueLaboratory:PhilterOfMotion"},{"floor":18.0,"key":"Explosive Potion"}],"is_trial":false,"path_per_floor":["M","$","M","?","M","E","R","M","T","?","E","R","?","T","R","B",null,"M","$","?","M","M"],"character_chosen":"IRONCLAD","items_purchased":["Feel No Pain","Blue Doll","Clothesline"],"campfire_rested":0,"item_purchase_floors":[2,19,19],"current_hp_per_floor":[78,78,80,80,80,66,66,72,72,77,58,58,58,58,83,85,85,85,85,77,57,57,57],"gold":148,"neow_bonus":"NOSTALGIA","is_daily":false,"chose_seed":false,"campfire_upgraded":2,"win_rate":0.0,"timestamp":1610384848,"path_taken":["M","$","M","?","M","E","R","M","T","?","E","R","?","?","R","BOSS","M","$","?","?","M"],"items_purchased_type":["Card","Relic","Card"],"build_version":"2020-12-22","purchased_purges":0,"victory":false,"max_hp_per_floor":[80,80,80,80,80,80,80,80,80,85,85,85,85,85,85,85,85,85,85,85,85,85,85],"relic_stats":{"counters":[10,39],"obtain_stats":[{"infinitespire:DarkRift":0,"infinitespire:ShieldingShard":9,"aspiration:Nostalgia":0,"Blue Doll":19,"Replay:WaspNest":14,"Omamori":11,"Frozen Egg 2":6,"Electric Blood":17,"Burning Blood":0},{"infinitespire:DarkRift":0,"infinitespire:ShieldingShard":5,"aspiration:Nostalgia":0,"Blue Doll":8,"Replay:WaspNest":6,"Omamori":6,"Frozen Egg 2":4,"Electric Blood":7,"Burning Blood":0},{"infinitespire:DarkRift":0,"infinitespire:ShieldingShard":24,"aspiration:Nostalgia":0,"Blue Doll":35,"Replay:WaspNest":29,"Omamori":29,"Frozen Egg 2":20,"Electric Blood":32,"Burning Blood":0}],"Burning Blood":43},"card_choices":[{"not_picked":["Dual Wield","Warcry"],"picked":"Sword Boomerang","floor":1.0},{"not_picked":["Thunderclap","Pommel Strike"],"picked":"Iron Wave","floor":3.0},{"not_picked":["hubris:SharpeningStone","Body Slam"],"picked":"hubris:CleavingFinish","floor":5.0},{"not_picked":["True Grit","Ghostly Armor"],"picked":"ReplayTheSpireMod:Stacked","floor":6.0},{"not_picked":["Armaments","ReplayTheSpireMod:Strike From Hell"],"picked":"infinitespire:OneForAll","floor":8.0},{"not_picked":["Replay:Undeath\u0027s Touch","Headbutt"],"picked":"Evolve+1","floor":11.0},{"not_picked":["hubris:StunningStrike","Eclipse"],"picked":"Barricade+1","floor":16.0},{"not_picked":["Iron Wave","Flex"],"picked":"Defy Death","floor":18.0},{"not_picked":["Iron Wave","Massacre"],"picked":"Twin Strike","floor":21}],"player_experience":571380,"relics_obtained":[{"floor":6.0,"key":"Frozen Egg 2"},{"floor":9.0,"key":"infinitespire:ShieldingShard"},{"floor":11.0,"key":"Omamori"},{"floor":14.0,"key":"Replay:WaspNest"}],"event_choices":[{"damage_healed":0.0,"max_hp_gain":0.0,"max_hp_loss":0.0,"gold_gain":0.0,"event_name":"The Cleric","player_choice":"Leave","floor":4.0,"gold_loss":0.0,"damage_taken":0.0},{"damage_healed":0.0,"max_hp_gain":5.0,"max_hp_loss":0.0,"gold_gain":0.0,"event_name":"Big Fish","player_choice":"Donut","floor":10.0,"gold_loss":0.0,"damage_taken":0.0},{"damage_healed":0.0,"max_hp_gain":0.0,"max_hp_loss":0.0,"gold_gain":0.0,"event_name":"Golden Wing","player_choice":"Ignored","floor":13.0,"gold_loss":0.0,"damage_taken":0.0},{"damage_healed":0,"gold_gain":75,"player_choice":"Touch","damage_taken":8,"max_hp_gain":0,"max_hp_loss":0,"event_name":"FaceTrader","floor":20,"gold_loss":0}],"is_beta":false,"boss_relics":[{"not_picked":["infinitespire:Cupcake","Snecko Eye"],"picked":"Electric Blood"}],"items_purged_floors":[],"is_endless":false,"potions_floor_spawned":[3,5,16,18],"killed_by":"Snake Plant","ascension_level":0}}