{"host":"ve4jblr3b80flk7t","time":1610380579,"event":{"mods":["Act Like it!","BaseMod","CapriCore","Chen","Marisa£®ÏF”Í°°ƒß¿Ì…≥£©","Minty Spire (QoL Compilation)","Prisma Mod","Reimu£®≤©¿ˆ¡È√Œ£©","Remilia£®¿Ÿ√◊¿Ú—«£©","Replay The Spire","StSLib","The Servant 0.9.4","UnlockEverythingMod","Youmu£®ªÍ∆«—˝√Œ£©","ÛÙª÷∏ƒœ"],"gold_per_floor":[119,71,83,83,135,23,23,23,97,151,151,151,185,185,197,197,197,297,297,311,311,322,340,340,340,340,340,186,201,201,201,201],"floor_reached":31,"playtime":1537,"items_purged":["Poor:ReiMu","PrismaMod:IllyaCommonDefend"],"score":229,"play_id":"c89a1331-67b3-4bee-b9de-01c5afdbcc37","local_time":"20210111235619","is_ascension_mode":false,"campfire_choices":[{"data":"PrismaMod:IllyaCarnivalOrbs","floor":8,"key":"SMITH"},{"data":"PrismaMod:IllyaUncommonDefend","floor":14,"key":"SMITH"},{"data":"PrismaMod:IllyaPoisonTippedWeapons","floor":17,"key":"SMITH"},{"floor":25,"key":"REST"}],"circlet_count":0,"master_deck":["PrismaMod:IllyaCommonDefend","PrismaMod:IllyaCommonDefend","PrismaMod:IllyaCommonAttack","PrismaMod:IllyaCommonDefend","PrismaMod:IllyaCommonAttack","PrismaMod:IllyaCommonDefend","PrismaMod:IllyaUncommonAttack","PrismaMod:IllyaUncommonDefend+1","PrismaMod:IllyaCheapChannelDefend","PrismaMod:IllyaCheapChannelPoison","PrismaMod:IllyaBride","PrismaMod:IllyaCarnivalOrbs+1","PrismaMod:IllyaUberChannel+1","PrismaMod:IllyaPoisonTippedWeapons+1","PrismaMod:IllyaPoisonTippedWeapons","PrismaMod:IllyaSaphire+1","PrismaMod:IllyaPoisonBlock+1","PrismaMod:IllyaCarnivalPrismaAstolfo+1","PrismaMod:IllyaTestament+1","PrismaMod:IllyaMinorReinForce+1","PrismaMod:IllyaAssassinRevenge+1","PrismaMod:IllyaUberChannel+1","PrismaMod:IllyaUberChannel+1","PrismaMod:IllyaHassanGift+1","PrismaMod:IllyaPartialInstallAssassin+1"],"relics":["PrismaMod:PrismaRuby","NeowsBlessing","YidongShenshe:ReiMu","Replay:Bottled Snecko","Toxic Egg 2","Iron Hammer","Astrolabe","Ancient Tea Set"],"acts_visited":["Exordium","TheCity"],"potions_floor_usage":[],"damage_taken":[{"damage":0,"enemies":"2 Louse","floor":1,"turns":1},{"damage":0,"enemies":"Jaw Worm","floor":3,"turns":1},{"damage":4,"enemies":"Lagavulin","floor":13,"turns":1},{"damage":0,"enemies":"Cultist","floor":15,"turns":3},{"damage":16,"enemies":"Fading Forest","floor":18,"turns":11},{"damage":10,"enemies":"2 Thieves","floor":20,"turns":5},{"damage":6,"enemies":"3 Byrds","floor":22,"turns":3},{"damage":46,"enemies":"Shelled Parasite and Fungi","floor":23,"turns":6},{"damage":27,"enemies":"Sentry and Sphere","floor":29,"turns":5},{"damage":14,"enemies":"Centurion and Healer","floor":31,"turns":3}],"seed_played":"-1343492708880669518","potions_obtained":[{"floor":13,"key":"Dexterity Potion"},{"floor":18,"key":"LiquidBronze"},{"floor":20,"key":"FearPotion"}],"is_trial":false,"path_per_floor":["M","$","M","?","?","R","$","R","T","T","PTL","PTL","E","R","M","?","R","B",null,"M","?","M","M","?","R","PTL","PTL","R","M","T","M"],"character_chosen":"ILLYA","items_purchased":["PrismaMod:IllyaCheapChannelPoison","PrismaMod:IllyaPoisonTippedWeapons","PrismaMod:IllyaHassanGift+1"],"campfire_rested":1,"item_purchase_floors":[2,6,28],"current_hp_per_floor":[75,75,75,75,45,45,45,45,45,45,45,45,41,41,41,41,41,31,75,65,65,59,13,13,35,35,35,35,11,11,0,0],"gold":201,"neow_bonus":"THREE_ENEMY_KILL","is_daily":false,"chose_seed":false,"campfire_upgraded":3,"win_rate":0.0,"timestamp":1610380579,"path_taken":["M","$","M","?","?","R","?","R","T","?","PTL","PTL","E","R","M","?","R","BOSS","M","?","M","M","?","R","PTL","PTL","R","M","T","M"],"items_purchased_type":["Card","Card","Card"],"build_version":"2020-12-22","purchased_purges":2,"victory":false,"max_hp_per_floor":[75,75,75,75,75,75,75,75,75,75,75,75,75,75,75,75,75,75,75,75,75,75,75,75,75,75,75,75,78,78,78,78],"card_choices":[{"not_picked":["PrismaMod:IllyaRubysPotion","PrismaMod:IllyaBride"],"picked":"PrismaMod:IllyaCheapChannelDefend","floor":1},{"not_picked":["PrismaMod:IllyaAOECommonAttack","PrismaMod:IllyaUncommonAOEAttack"],"picked":"PrismaMod:IllyaBride","floor":3},{"not_picked":["PrismaMod:IllyaEvokeAll","PrismaMod:IllyaMaid"],"picked":"PrismaMod:IllyaCarnivalOrbs","floor":5},{"not_picked":["PrismaMod:IllyaCheapChannelPoison","PrismaMod:IllyaRussianRoulette"],"picked":"PrismaMod:IllyaUberChannel","floor":5},{"not_picked":["PrismaMod:IllyaBerserCAR","PrismaMod:IllyaFeed"],"picked":"PrismaMod:IllyaSaphire+1","floor":13},{"not_picked":["PrismaMod:IllyaMinorRapidFire","PrismaMod:IllyaMaid+1"],"picked":"PrismaMod:IllyaPoisonBlock+1","floor":15},{"not_picked":["PrismaMod:IllyaUberAttackChannel+1","PrismaMod:IllyaInstallSaber"],"picked":"PrismaMod:IllyaCarnivalPrismaAstolfo+1","floor":18},{"not_picked":["PrismaMod:IllyaGrailKun+1","PrismaMod:IllyaDetonatingBlow+1"],"picked":"PrismaMod:IllyaUberChannel+1","floor":20},{"not_picked":["PrismaMod:IllyaAOECommonAttack","PrismaMod:IllyaMaid+1","PrismaMod:IllyaUncommonAOEAttack"],"picked":"SKIP","floor":22},{"not_picked":["PrismaMod:IllyaTestament","PrismaMod:IllyaUncommonEvoke+1"],"picked":"PrismaMod:IllyaUberChannel+1","floor":23},{"not_picked":["PrismaMod:IllyaStunPoison","PrismaMod:IllyaCommonEvoke+1"],"picked":"PrismaMod:IllyaPartialInstallAssassin+1","floor":29}],"player_experience":53704,"relics_obtained":[{"floor":5,"key":"Replay:Bottled Snecko"},{"floor":9,"key":"Toxic Egg 2"},{"floor":13,"key":"Iron Hammer"},{"floor":30,"key":"Ancient Tea Set"}],"event_choices":[{"damage_healed":0,"gold_gain":0,"player_choice":"¥¯◊ﬂ…Ò…Á","damage_taken":0,"relics_obtained":["YidongShenshe:ReiMu"],"max_hp_gain":0,"max_hp_loss":0,"event_name":"yidonshenshe","floor":4,"gold_loss":0,"cards_obtained":["Poor:ReiMu"]},{"damage_healed":0,"gold_gain":0,"player_choice":"Forge","damage_taken":0,"max_hp_gain":0,"max_hp_loss":0,"event_name":"Accursed Blacksmith","floor":16,"gold_loss":0,"cards_upgraded":["PrismaMod:IllyaUberChannel"]},{"damage_healed":0,"gold_gain":0,"player_choice":"Ignored","damage_taken":0,"max_hp_gain":0,"max_hp_loss":0,"event_name":"Ghosts","floor":21,"gold_loss":0},{"damage_healed":0,"gold_gain":0,"player_choice":"Bought 0 Potions","damage_taken":0,"max_hp_gain":0,"max_hp_loss":0,"event_name":"The Woman in Blue","floor":24,"gold_loss":0}],"is_beta":false,"boss_relics":[{"not_picked":["Runic Pyramid","Tiny House"],"picked":"Astrolabe"}],"items_purged_floors":[6,28],"is_endless":false,"potions_floor_spawned":[13,18,20],"killed_by":"Centurion and Healer","ascension_level":0}}