{"host":"1a3cjta80tad0aqj","time":1610358401,"event":{"mods":["2.2 Compatiblity","AchievementEnabler","BaseMod","Colored Map","DeckTracker","KOR Keyword Fix","Keyboard Shortcuts","Minty Spire (QoL Compilation)","Permanent Neow","Quick Restart","Random Character Button","StSLib","SuperFastMode","everything is the same but u backflip on backflip"],"gold_per_floor":[116,116,66,82,100,100,100,100,170,170,170,188,198,123,123,221,221,231,251,151,162,162,162,37,49,74,74,89,89,89,107,107,205,205,220,220,220,230,243,258,278,53,99,99,115,115,142,160,160,160],"floor_reached":51,"playtime":2083,"items_purged":["Defend_R","Strike_R","Defend_R","Defend_R"],"score":846,"play_id":"33382c2b-7e27-4c79-a928-fd5e00e1023b","local_time":"20210111184641","is_ascension_mode":false,"campfire_choices":[{"data":"Bash","floor":6.0,"key":"SMITH"},{"data":"Rampage","floor":8.0,"key":"SMITH"},{"floor":15.0,"key":"REST"},{"floor":23.0,"key":"REST"},{"data":"Feed","floor":27.0,"key":"SMITH"},{"data":"Dropkick","floor":29.0,"key":"SMITH"},{"floor":32.0,"key":"REST"},{"floor":44.0,"key":"REST"},{"floor":49.0,"key":"REST"}],"circlet_count":0,"master_deck":["Bash+1","Rampage+1","Feed+1","Dropkick+1","Shrug It Off+1"],"relics":["Burning Blood","HornCleat","Blue Candle","Empty Cage","Toxic Egg 2","Anchor","MutagenicStrength","Runic Pyramid","Juzu Bracelet","Happy Flower"],"acts_visited":["Exordium","TheCity","TheBeyond"],"potions_floor_usage":[50,50],"damage_taken":[{"damage":6.0,"enemies":"Jaw Worm","floor":1.0,"turns":4.0},{"damage":5.0,"enemies":"Small Slimes","floor":4.0,"turns":4.0},{"damage":0.0,"enemies":"2 Louse","floor":5.0,"turns":2.0},{"damage":4.0,"enemies":"Blue Slaver","floor":12.0,"turns":5.0},{"damage":9.0,"enemies":"Gremlin Gang","floor":13.0,"turns":6.0},{"damage":19.0,"enemies":"The Guardian","floor":16.0,"turns":8.0},{"damage":21.0,"enemies":"Spheric Guardian","floor":18.0,"turns":5.0},{"damage":10.0,"enemies":"2 Thieves","floor":19.0,"turns":3.0},{"damage":46.0,"enemies":"Cultist and Chosen","floor":21.0,"turns":7.0},{"damage":7.0,"enemies":"Centurion and Healer","floor":25.0,"turns":4.0},{"damage":0.0,"enemies":"Snecko","floor":28.0,"turns":3.0},{"damage":5.0,"enemies":"Chosen and Byrds","floor":31.0,"turns":4.0},{"damage":54.0,"enemies":"Champ","floor":33.0,"turns":7.0},{"damage":28.0,"enemies":"3 Darklings","floor":35.0,"turns":6.0},{"damage":0.0,"enemies":"Orb Walker","floor":38.0,"turns":2.0},{"damage":1.0,"enemies":"Spire Growth","floor":39.0,"turns":3.0},{"damage":19.0,"enemies":"3 Darklings","floor":40.0,"turns":5.0},{"damage":38.0,"enemies":"Sphere and 2 Shapes","floor":41.0,"turns":5.0},{"damage":26.0,"enemies":"Writhing Mass","floor":45.0,"turns":5.0},{"damage":13.0,"enemies":"Giant Head","floor":47.0,"turns":6.0},{"damage":14.0,"enemies":"3 Darklings","floor":48.0,"turns":6.0},{"damage":21,"enemies":"Time Eater","floor":50,"turns":6}],"seed_played":"7707760698710832458","potions_obtained":[{"floor":1.0,"key":"FearPotion"},{"floor":4.0,"key":"PowerPotion"},{"floor":12.0,"key":"Weak Potion"},{"floor":19.0,"key":"ElixirPotion"},{"floor":45.0,"key":"Swift Potion"}],"is_trial":false,"path_per_floor":["M","$","?","M","M","R","?","R","T","?","$","M","M","$","R","B",null,"M","M","$","M","T","R","$","M","T","R","M","R","?","M","R","B",null,"M","?","?","M","M","M","M","$","T","R","M","?","E","M","R","B",null],"character_chosen":"IRONCLAD","items_purchased":["Regen Potion"],"campfire_rested":5,"item_purchase_floors":[42],"current_hp_per_floor":[80,80,80,80,80,80,55,55,55,48,48,50,47,47,71,58,80,65,61,61,24,24,48,48,50,50,50,60,60,60,65,93,49,98,76,76,76,82,87,74,46,46,46,76,74,74,67,63,96,81],"gold":160,"neow_bonus":"TRANSFORM_CARD","is_daily":false,"chose_seed":true,"campfire_upgraded":4,"win_rate":0.0,"timestamp":1610358401,"path_taken":["M","$","?","M","M","R","?","R","T","?","?","M","M","$","R","BOSS","M","?","$","M","?","R","$","M","T","R","M","R","?","M","R","BOSS","M","?","?","M","M","M","?","$","T","R","M","?","E","M","R","BOSS"],"items_purchased_type":["Potion"],"build_version":"2020-12-22","purchased_purges":4,"victory":true,"max_hp_per_floor":[80,80,80,80,80,80,80,80,80,80,80,80,80,80,80,80,80,80,80,80,83,83,83,83,86,86,86,90,90,90,94,94,98,98,98,98,98,98,98,98,102,102,102,102,106,106,106,110,110,110],"card_choices":[{"not_picked":["Twin Strike","Searing Blow","Cleave"],"picked":"SKIP","floor":1.0},{"not_picked":["Flex","Havoc","Entrench"],"picked":"SKIP","floor":4.0},{"not_picked":["Flex","Havoc","Entrench"],"picked":"SKIP","floor":4.0},{"not_picked":["Entrench","Combust","Thunderclap"],"picked":"SKIP","floor":5.0},{"not_picked":["Cleave","Wild Strike","Sword Boomerang"],"picked":"SKIP","floor":12.0},{"not_picked":["Pommel Strike","Thunderclap","Havoc"],"picked":"SKIP","floor":13.0},{"not_picked":["Bludgeon","Berserk"],"picked":"Feed","floor":16.0},{"not_picked":["Sword Boomerang","Rupture"],"picked":"Dropkick","floor":18.0},{"not_picked":["Body Slam+1","Clothesline","Uppercut+1"],"picked":"SKIP","floor":19.0},{"not_picked":["Cleave","Pummel","Armaments+1"],"picked":"SKIP","floor":21.0},{"not_picked":["Disarm+1","Metallicize","Anger+1"],"picked":"SKIP","floor":25.0},{"not_picked":["Havoc+1","Twin Strike+1","Combust+1"],"picked":"SKIP","floor":28.0},{"not_picked":["Cleave","Body Slam+1","Havoc+1"],"picked":"SKIP","floor":31.0},{"not_picked":["Searing Blow","Whirlwind","Headbutt"],"picked":"SKIP","floor":35.0},{"not_picked":["Metallicize","Iron Wave+1"],"picked":"Shrug It Off+1","floor":38.0},{"not_picked":["Ghostly Armor+1","Perfected Strike","Pommel Strike"],"picked":"SKIP","floor":39.0},{"not_picked":["Searing Blow+1","Flame Barrier+1","Headbutt"],"picked":"SKIP","floor":40.0},{"not_picked":["Wild Strike+1","Thunderclap","Clothesline"],"picked":"SKIP","floor":41.0},{"not_picked":["Anger","Spot Weakness+1","Wild Strike+1"],"picked":"SKIP","floor":45.0},{"not_picked":["Fire Breathing+1","Thunderclap","True Grit+1"],"picked":"SKIP","floor":47.0},{"not_picked":["Shrug It Off+1","Armaments+1","Warcry+1"],"picked":"SKIP","floor":48.0}],"player_experience":293997,"relics_obtained":[{"floor":9.0,"key":"Blue Candle"},{"floor":22.0,"key":"Toxic Egg 2"},{"floor":26.0,"key":"Anchor"},{"floor":43.0,"key":"Juzu Bracelet"},{"floor":47.0,"key":"Happy Flower"}],"event_choices":[{"cards_removed":["Strike_R"],"damage_healed":0.0,"max_hp_gain":0.0,"max_hp_loss":0.0,"gold_gain":0.0,"event_name":"The Cleric","player_choice":"Card Removal","floor":3.0,"gold_loss":50.0,"damage_taken":0.0},{"damage_healed":0.0,"max_hp_gain":0.0,"max_hp_loss":0.0,"gold_gain":0.0,"event_name":"Scrap Ooze","player_choice":"Success","floor":7.0,"gold_loss":0.0,"damage_taken":25.0,"relics_obtained":["HornCleat"]},{"cards_removed":["Strike_R"],"damage_healed":0.0,"max_hp_gain":0.0,"max_hp_loss":0.0,"gold_gain":0.0,"event_name":"Golden Wing","player_choice":"Card Removal","floor":10.0,"gold_loss":0.0,"damage_taken":7.0},{"damage_healed":0.0,"max_hp_gain":0.0,"max_hp_loss":0.0,"gold_gain":0.0,"event_name":"Drug Dealer","player_choice":"Inject Mutagens","floor":30.0,"gold_loss":0.0,"damage_taken":0.0,"relics_obtained":["MutagenicStrength"]},{"damage_healed":0.0,"max_hp_gain":0.0,"max_hp_loss":0.0,"gold_gain":0.0,"event_name":"Mysterious Sphere","player_choice":"Ignored","floor":36.0,"gold_loss":0.0,"damage_taken":0.0},{"damage_healed":0.0,"max_hp_gain":0.0,"max_hp_loss":0.0,"gold_gain":0.0,"event_name":"Tomb of Lord Red Mask","player_choice":"Ignored","floor":37.0,"gold_loss":0.0,"damage_taken":0.0},{"damage_healed":0.0,"max_hp_gain":0.0,"max_hp_loss":0.0,"gold_gain":0.0,"event_name":"Upgrade Shrine","player_choice":"Ignored","floor":46.0,"gold_loss":0.0,"damage_taken":0.0}],"is_beta":false,"boss_relics":[{"not_picked":["SacredBark","Busted Crown"],"picked":"Empty Cage"},{"not_picked":["Black Star","Fusion Hammer"],"picked":"Runic Pyramid"}],"items_purged_floors":[14,20,24,42],"is_endless":false,"potions_floor_spawned":[1,4,12,16,19,28,31,33,35,41,45],"ascension_level":0}}