{"host":"ilhhjx796p2x2wmd","time":1610386615,"event":{"mods":["AchievementEnabler","BaseMod","BetterRewards","Colored Map","Colored Powertips","DeckTracker","Highlight Path","Minty Spire (QoL Compilation)","Rare Cards Sparkle","Shop Mod"],"gold_per_floor":[116,20,20,20,36,79,79,104,173,208,233,257,257,291,291,422,422,437,457,457,457,87,121,121,121,121],"floor_reached":25,"playtime":1140,"items_purged":["Defend_R"],"score":304,"play_id":"22d7cb7b-28a3-4144-842a-09652cdd0bf5","local_time":"20210112023655","is_ascension_mode":true,"campfire_choices":[{"data":"Armaments","floor":13,"key":"SMITH"},{"floor":15,"key":"REST"},{"data":"Berserk","floor":24,"key":"SMITH"}],"circlet_count":0,"master_deck":["Strike_R+1","Strike_R","Strike_R","Strike_R","Strike_R","Defend_R","Defend_R","Bash","Heavy Blade","Armaments+1","Reaper+1","Flex","True Grit","Bludgeon","True Grit","Pommel Strike","Double Tap","Shrug It Off","Berserk+1","Clothesline+1","RitualDagger","Shrug It Off"],"relics":["Burning Blood","NeowsBlessing","Golden Idol","Bag of Marbles","Pantograph","Bottled Lightning","Art of War","Sozu","Shuriken","CeramicFish"],"acts_visited":["Exordium","TheCity"],"potions_floor_usage":[16],"damage_taken":[{"damage":0,"enemies":"Cultist","floor":1,"turns":1},{"damage":0,"enemies":"Small Slimes","floor":5,"turns":1},{"damage":0,"enemies":"Lagavulin","floor":6,"turns":1},{"damage":0,"enemies":"2 Louse","floor":8,"turns":1},{"damage":16,"enemies":"Gremlin Nob","floor":10,"turns":3},{"damage":8,"enemies":"Blue Slaver","floor":11,"turns":2},{"damage":13,"enemies":"Large Slime","floor":12,"turns":3},{"damage":36,"enemies":"3 Sentries","floor":14,"turns":8},{"damage":55,"enemies":"The Guardian","floor":16,"turns":9},{"damage":10,"enemies":"3 Byrds","floor":18,"turns":5},{"damage":21,"enemies":"Shell Parasite","floor":19,"turns":4},{"damage":50,"enemies":"Gremlin Leader","floor":23,"turns":6},{"damage":31,"enemies":"Slavers","floor":25,"turns":4}],"seed_played":"-6372774709963166159","potions_obtained":[{"floor":5,"key":"Dexterity Potion"},{"floor":8,"key":"SteroidPotion"},{"floor":11,"key":"FairyPotion"}],"is_trial":false,"path_per_floor":["M","$","?","?","M","E","?","M","T","E","M","M","R","E","R","B",null,"M","M","?","?","$","E","R","E"],"character_chosen":"IRONCLAD","items_purchased":["Heavy Blade","Armaments","Shuriken","Shrug It Off"],"campfire_rested":1,"item_purchase_floors":[2,2,22,22],"current_hp_per_floor":[80,80,80,60,68,74,58,64,64,54,52,45,45,20,44,33,80,80,72,66,66,66,33,33,2,2],"gold":121,"neow_bonus":"THREE_ENEMY_KILL","is_daily":false,"chose_seed":false,"campfire_upgraded":2,"win_rate":0.0,"timestamp":1610386615,"path_taken":["M","$","?","?","M","E","?","M","T","E","M","M","R","E","R","BOSS","M","M","?","?","$","E","R","E"],"items_purchased_type":["Card","Card","Relic","Card"],"build_version":"2020-12-22","purchased_purges":1,"victory":false,"max_hp_per_floor":[80,80,80,80,80,80,80,80,80,80,80,80,80,80,80,80,80,80,80,80,80,80,80,80,80,80],"card_choices":[{"not_picked":["Warcry","Havoc","Second Wind"],"picked":"SKIP","floor":1},{"not_picked":["Dark Embrace","Wild Strike"],"picked":"Flex","floor":5},{"not_picked":["Warcry","Ghostly Armor"],"picked":"True Grit","floor":6},{"not_picked":["Sword Boomerang","Anger"],"picked":"Bludgeon","floor":8},{"not_picked":["Bludgeon","Clash"],"picked":"True Grit","floor":10},{"not_picked":["Heavy Blade","Blood for Blood"],"picked":"Pommel Strike","floor":11},{"not_picked":["Shrug It Off","Twin Strike"],"picked":"Double Tap","floor":12},{"not_picked":["Metallicize","Infernal Blade"],"picked":"Shrug It Off","floor":14},{"not_picked":["Brutality","Bludgeon"],"picked":"Berserk","floor":16},{"not_picked":["Feel No Pain","Sword Boomerang"],"picked":"Clothesline+1","floor":18},{"not_picked":["Burning Pact","Fire Breathing","Thunderclap"],"picked":"SKIP","floor":19},{"not_picked":["Metallicize","Dark Embrace+1","Iron Wave"],"picked":"SKIP","floor":23}],"player_experience":279385,"relics_obtained":[{"floor":6,"key":"Bag of Marbles"},{"floor":9,"key":"Pantograph"},{"floor":10,"key":"Bottled Lightning"},{"floor":14,"key":"Art of War"},{"floor":23,"key":"CeramicFish"}],"event_choices":[{"damage_healed":0,"gold_gain":0,"cards_transformed":["Defend_R"],"player_choice":"Change","damage_taken":0,"max_hp_gain":0,"max_hp_loss":0,"event_name":"Living Wall","floor":3,"gold_loss":0,"cards_obtained":["Reaper"]},{"damage_healed":0,"gold_gain":0,"player_choice":"Take Damage","damage_taken":20,"relics_obtained":["Golden Idol"],"max_hp_gain":0,"max_hp_loss":0,"event_name":"Golden Idol","floor":4,"gold_loss":0},{"damage_healed":0,"gold_gain":0,"player_choice":"Entered Light","damage_taken":16,"max_hp_gain":0,"max_hp_loss":0,"event_name":"Shining Light","floor":7,"gold_loss":0,"cards_upgraded":["Reaper","Strike_R"]},{"damage_healed":0,"gold_gain":0,"player_choice":"Joined the Cult","damage_taken":6,"max_hp_gain":0,"max_hp_loss":0,"event_name":"Nest","floor":20,"gold_loss":0,"cards_obtained":["RitualDagger"]},{"damage_healed":0,"gold_gain":0,"player_choice":"Ignored","damage_taken":0,"max_hp_gain":0,"max_hp_loss":0,"event_name":"Vampires","floor":21,"gold_loss":0}],"is_beta":false,"boss_relics":[{"not_picked":["Busted Crown","Coffee Dripper"],"picked":"Sozu"}],"items_purged_floors":[22],"is_endless":false,"potions_floor_spawned":[5,8,11,12,14,18],"killed_by":"Slavers","ascension_level":3}}