{"host":"foq4mrde4mssg7vt","time":1610373701,"event":{"mods":["AchievementEnabler","BaseMod","Colored Map","Colored Powertips","Highlight Path","Minty Spire (QoL Compilation)","Relic Stats","everything is the same but u backflip on backflip"],"gold_per_floor":[113,7,24,35,35,35,50,50,50,62,91,118,130,161,173,259,271,302,331,393,78,91,91,91,91],"floor_reached":24,"playtime":728,"items_purged":["Strike_R"],"score":522,"play_id":"964f6256-9f4a-41af-b2a4-1135eab57a19","local_time":"20210111220141","is_ascension_mode":true,"campfire_choices":[{"data":"Searing Blow","floor":6.0,"key":"SMITH"},{"data":"Searing Blow+1","floor":10.0,"key":"SMITH"},{"data":"Searing Blow+2","floor":15.0,"key":"SMITH"},{"floor":23,"key":"REST"}],"circlet_count":0,"master_deck":["AscendersBane","Strike_R","Strike_R","Defend_R","Defend_R","Defend_R","Defend_R","Bash","Sword Boomerang+1","Searing Blow+3","Shrug It Off","Warcry","Cleave","Flame Barrier","Fiend Fire+1","Headbutt","Demon Form","True Grit","Sever Soul+1","Feel No Pain","Spot Weakness"],"relics":["Burning Blood","MawBank","Empty Cage","Whetstone"],"acts_visited":["Exordium","TheCity"],"potions_floor_usage":[24],"damage_taken":[{"damage":8.0,"enemies":"Jaw Worm","floor":1.0,"turns":4.0},{"damage":0.0,"enemies":"2 Louse","floor":3.0,"turns":3.0},{"damage":6.0,"enemies":"Cultist","floor":4.0,"turns":3.0},{"damage":17.0,"enemies":"Exordium Thugs","floor":7.0,"turns":5.0},{"damage":17.0,"enemies":"Gremlin Gang","floor":11.0,"turns":6.0},{"damage":8.0,"enemies":"Large Slime","floor":12.0,"turns":5.0},{"damage":0.0,"enemies":"2 Fungi Beasts","floor":14.0,"turns":3.0},{"damage":24.0,"enemies":"Slime Boss","floor":16.0,"turns":12.0},{"damage":18.0,"enemies":"3 Byrds","floor":18.0,"turns":5.0},{"damage":23.0,"enemies":"Spheric Guardian","floor":19.0,"turns":4.0},{"damage":24,"enemies":"Snecko","floor":22,"turns":4},{"damage":44,"enemies":"Cultist and Chosen","floor":24,"turns":6}],"seed_played":"-9097711483288609937","potions_obtained":[{"floor":3.0,"key":"Swift Potion"},{"floor":12.0,"key":"Block Potion"},{"floor":19.0,"key":"SpeedPotion"},{"floor":22,"key":"LiquidMemories"}],"is_trial":false,"path_per_floor":["M","$","M","M","$","R","M","?","T","R","M","M","?","M","R","B",null,"M","M","?","$","M","R","M"],"character_chosen":"IRONCLAD","items_purchased":["Searing Blow","Shrug It Off","Whetstone","Feel No Pain"],"campfire_rested":1,"item_purchase_floors":[2,2,21,21],"current_hp_per_floor":[66,66,72,72,72,72,61,61,61,61,50,48,48,54,54,36,65,53,36,29,29,11,33,0,0],"gold":91,"neow_bonus":"THREE_CARDS","is_daily":false,"chose_seed":false,"campfire_upgraded":3,"win_rate":0.0,"timestamp":1610373701,"path_taken":["M","$","M","M","$","R","M","?","T","R","M","M","?","M","R","BOSS","M","M","?","$","?","R","M"],"items_purchased_type":["Card","Card","Relic","Card"],"build_version":"2020-12-22","purchased_purges":1,"victory":false,"max_hp_per_floor":[75,75,75,75,75,75,75,75,75,75,75,75,75,75,75,75,75,75,75,75,75,75,75,75,75],"relic_stats":{"counters":[12,60],"Whetstone":["Fiend Fire","Sword Boomerang"],"MawBank":144,"obtain_stats":[{"Whetstone":21,"MawBank":9,"Empty Cage":17,"Burning Blood":0},{"Whetstone":10,"MawBank":4,"Empty Cage":8,"Burning Blood":0},{"Whetstone":50,"MawBank":15,"Empty Cage":41,"Burning Blood":0}],"Burning Blood":66},"card_choices":[{"not_picked":["Whirlwind","Ghostly Armor"],"picked":"Twin Strike","floor":0.0},{"not_picked":["Flex","Havoc"],"picked":"Sword Boomerang","floor":1.0},{"not_picked":["Heavy Blade","Perfected Strike"],"picked":"Warcry","floor":3.0},{"not_picked":["Entrench","Burning Pact"],"picked":"Cleave","floor":4.0},{"not_picked":["Clothesline","Dark Embrace","Blood for Blood"],"picked":"SKIP","floor":7.0},{"not_picked":["Combust","True Grit"],"picked":"Flame Barrier","floor":11.0},{"not_picked":["Thunderclap","Havoc"],"picked":"Fiend Fire","floor":12.0},{"not_picked":["Rupture","Heavy Blade"],"picked":"Headbutt","floor":14.0},{"not_picked":["Juggernaut","Berserk"],"picked":"Demon Form","floor":16.0},{"not_picked":["Cleave","Evolve"],"picked":"True Grit","floor":18.0},{"not_picked":["Heavy Blade","Clash"],"picked":"Sever Soul+1","floor":19.0},{"not_picked":["Fire Breathing","Demon Form"],"picked":"Spot Weakness","floor":22}],"player_experience":444205,"relics_obtained":[{"floor":9.0,"key":"MawBank"}],"event_choices":[{"damage_healed":0.0,"max_hp_gain":0.0,"max_hp_loss":0.0,"gold_gain":0.0,"event_name":"The Cleric","player_choice":"Leave","floor":8.0,"gold_loss":0.0,"damage_taken":0.0},{"damage_healed":0.0,"max_hp_gain":0.0,"max_hp_loss":0.0,"gold_gain":0.0,"event_name":"Shining Light","player_choice":"Ignored","floor":13.0,"gold_loss":0.0,"damage_taken":0.0},{"damage_healed":0,"gold_gain":50,"player_choice":"Touch","damage_taken":7,"max_hp_gain":0,"max_hp_loss":0,"event_name":"FaceTrader","floor":20,"gold_loss":0}],"is_beta":false,"boss_relics":[{"not_picked":["Fusion Hammer","Runic Cube"],"picked":"Empty Cage"}],"items_purged_floors":[21],"is_endless":false,"potions_floor_spawned":[3,12,14,19,22],"killed_by":"Cultist and Chosen","ascension_level":16}}