{"host":"ci7cmvrwpmzqnw7e","time":1610347615,"event":{"mods":["BaseMod","BetterRewards","Colored Map","Downfall","GungeonMod","Highlight Path","Hubris","Infinite Spire","Minty Spire (QoL Compilation)","Random Character Button","Rare Cards Sparkle","Replay The Spire","Shop Mod","StSLib","The Disciple","The Forsaken","The Necromancer"],"gold_per_floor":[118,98,98,98,116,116,116,127,154,154,182,195,195,52,52,147,147,162,162,176,176,226,226,243,255,255,270,286,317,317,328,328,428,428,438,449,461,461,477,477,477],"floor_reached":40,"playtime":1328,"items_purged":["Strike_G"],"score":410,"play_id":"4949fe30-fb12-4e54-aa5c-a95e5698b7a5","local_time":"20210110234655","is_ascension_mode":false,"campfire_choices":[{"floor":6,"key":"REST"},{"floor":10,"key":"REST"},{"data":"Strike_G+1","floor":13,"key":"SMITH"},{"floor":15,"key":"REST"},{"data":"Defend_G+1","floor":23,"key":"SMITH"},{"data":"Strike_G+2","floor":30,"key":"SMITH"},{"floor":32,"key":"REST"}],"circlet_count":0,"master_deck":["Strike_G+3","Strike_G","Strike_G","Strike_G","Defend_G","Defend_G+2","Defend_G","Defend_G","Defend_G","Survivor+1","Neutralize","Riddle With Holes","Replay:Fractal Strike","Dagger Spray","Dagger Spray","Escape Plan","Phantasmal Killer","J.A.X.","Replay:Fractal Strike","ReplayTheSpireMod:Scrap Shanks+1","Hidden Blade","Footwork","Terror+1"],"relics":["Ring of the Serpent","Simple Rune","infinitespire:Golems Mask","infinitespire:WardingShard","hubris:KleinBottle","Mummified Hand","hubris:ToyBattleship","DemoMod:GundromedaStrain","hubris:OldNail","Membership Card","Unceasing Top","Girya","Cursed Key","theForsaken:Gavel","DemoMod:GlassGuonStoneRelic"],"acts_visited":["Exordium","TheCity","TheBeyond"],"potions_floor_usage":[29,31,33,33],"damage_taken":[{"damage":0,"enemies":"Jaw Worm","floor":1,"turns":4},{"damage":0,"enemies":"Cultist","floor":5,"turns":4},{"damage":0,"enemies":"2 Louse","floor":8,"turns":2},{"damage":6,"enemies":"Gremlin Nob","floor":11,"turns":4},{"damage":4,"enemies":"Lots of Slimes","floor":12,"turns":2},{"damage":17,"enemies":"Fading Forest","floor":16,"turns":11},{"damage":0,"enemies":"Chosen","floor":18,"turns":3},{"damage":8,"enemies":"3 Byrds","floor":20,"turns":4},{"damage":12,"enemies":"Snake Plant","floor":24,"turns":3},{"damage":3,"enemies":"3 Cultists","floor":25,"turns":2},{"damage":8,"enemies":"Centurion and Healer","floor":27,"turns":6},{"damage":0,"enemies":"Cultist and Chosen","floor":28,"turns":4},{"damage":15,"enemies":"Slavers","floor":29,"turns":4},{"damage":9,"enemies":"Snake Plant","floor":31,"turns":4},{"damage":14,"enemies":"Collector","floor":33,"turns":5},{"damage":14,"enemies":"3 Darklings","floor":35,"turns":2},{"damage":33,"enemies":"3 Shapes","floor":36,"turns":3},{"damage":16,"enemies":"Maw","floor":37,"turns":5},{"damage":0,"enemies":"4 Shapes","floor":39,"turns":5},{"damage":8,"enemies":"Sphere and 2 Shapes","floor":40,"turns":3}],"seed_played":"2800305753078594279","potions_obtained":[{"floor":2,"key":"PowerPotion"},{"floor":4,"key":"Flashbang"},{"floor":4,"key":"BlessingOfTheForge"},{"floor":8,"key":"SpeedPotion"},{"floor":25,"key":"CultistPotion"},{"floor":29,"key":"Explosive Potion"},{"floor":31,"key":"Poison Potion"},{"floor":39,"key":"SpeedPotion"}],"is_trial":false,"path_per_floor":["M","?","$","?","M","R","?","M","T","R","E","M","R","$","R","B",null,"M","?","M","AVR","?","R","M","M","T","M","M","E","R","M","R","B",null,"M","M","M","?","M","M"],"character_chosen":"THE_SILENT","items_purchased":["Simple Rune","infinitespire:Golems Mask","infinitespire:WardingShard","hubris:KleinBottle","hubris:OldNail"],"campfire_rested":4,"item_purchase_floors":[3,3,3,3,14],"current_hp_per_floor":[70,70,5,5,5,26,26,26,26,47,41,37,37,37,58,41,70,70,70,62,62,62,62,50,47,47,39,39,24,24,15,36,22,70,56,23,7,7,7,0,0],"gold":477,"neow_bonus":"UPGRADE_CARD","is_daily":false,"chose_seed":false,"campfire_upgraded":3,"win_rate":0.0,"timestamp":1610347615,"path_taken":["M","?","?","?","?","R","?","?","T","R","E","M","R","$","R","BOSS","M","?","M","AVR","?","R","M","M","T","M","?","E","R","?","R","BOSS","M","M","M","?","M","M"],"items_purchased_type":["Relic","Relic","Relic","Relic","Relic"],"build_version":"2020-12-22","purchased_purges":1,"victory":false,"max_hp_per_floor":[70,70,70,70,70,70,70,70,70,70,70,70,70,70,70,70,70,70,70,70,70,70,70,70,70,70,70,70,70,70,70,70,70,70,70,70,70,70,70,70,70],"card_choices":[{"not_picked":["PiercingWail","Underhanded Strike"],"picked":"Riddle With Holes","floor":1},{"not_picked":["ReplayTheSpireMod:Book of Names","infinitespire:Starlight"],"picked":"Replay:Fractal Strike","floor":3},{"not_picked":["Bane","Caltrops"],"picked":"Dagger Spray","floor":5},{"not_picked":["Deadly Poison","Underhanded Strike"],"picked":"Dagger Spray","floor":8},{"not_picked":["Backflip","Deadly Poison"],"picked":"Escape Plan","floor":11},{"not_picked":["Heel Hook","Dagger Throw","Outmaneuver"],"picked":"SKIP","floor":12},{"not_picked":["Tools of the Trade","Unload"],"picked":"Phantasmal Killer","floor":16},{"not_picked":["Masterful Stab+1","PiercingWail","Dagger Spray"],"picked":"SKIP","floor":18},{"not_picked":["Dagger Throw","Dodge and Roll","Flying Knee"],"picked":"SKIP","floor":20},{"not_picked":["Slice+1","Flechettes","Prepared"],"picked":"SKIP","floor":24},{"not_picked":["Dash+1","Backflip"],"picked":"ReplayTheSpireMod:Scrap Shanks+1","floor":25},{"not_picked":["Caltrops","Heel Hook","Flying Knee"],"picked":"SKIP","floor":27},{"not_picked":["Tactician","Backflip+1","Flechettes+1"],"picked":"SKIP","floor":28},{"not_picked":["Replay:Bag of Tricks","Blur","Toxin Wave+1"],"picked":"SKIP","floor":29},{"not_picked":["Replay:Bag of Tricks","Blur","Toxin Wave+1"],"picked":"SKIP","floor":29},{"not_picked":["Dodge and Roll+1","Dagger Spray+1"],"picked":"Hidden Blade","floor":31},{"not_picked":["Deflect+1","Backflip+1"],"picked":"Footwork","floor":35},{"not_picked":["PiercingWail+1","Reflex+1"],"picked":"Terror+1","floor":36},{"not_picked":["Escape Plan","Outmaneuver+1","Dagger Spray"],"picked":"SKIP","floor":37},{"not_picked":["Caltrops+1","All Out Attack","Deadly Poison+1"],"picked":"SKIP","floor":39}],"player_experience":51496,"relics_obtained":[{"floor":7,"key":"Mummified Hand"},{"floor":9,"key":"hubris:ToyBattleship"},{"floor":11,"key":"DemoMod:GundromedaStrain"},{"floor":26,"key":"Unceasing Top"},{"floor":29,"key":"Girya"}],"event_choices":[{"damage_healed":0,"gold_gain":0,"player_choice":"Bought 1 Potion","damage_taken":0,"max_hp_gain":0,"max_hp_loss":0,"event_name":"The Woman in Blue","floor":2,"gold_loss":0},{"damage_healed":0,"gold_gain":0,"player_choice":"Got Potions","damage_taken":0,"max_hp_gain":0,"max_hp_loss":0,"event_name":"Lab","floor":4,"gold_loss":0},{"damage_healed":0,"gold_gain":0,"player_choice":"Relic","damage_taken":0,"max_hp_gain":0,"max_hp_loss":0,"event_name":"Wheel of Change","floor":7,"gold_loss":0},{"damage_healed":0,"gold_gain":0,"player_choice":"Obtain J.A.X.","damage_taken":0,"max_hp_gain":0,"max_hp_loss":0,"event_name":"Drug Dealer","floor":19,"gold_loss":0,"cards_obtained":["J.A.X."]},{"damage_healed":0,"gold_gain":100,"player_choice":"Bet on Murderer","damage_taken":0,"max_hp_gain":0,"max_hp_loss":0,"event_name":"The Joust","floor":22,"gold_loss":50},{"damage_healed":0,"gold_gain":0,"player_choice":"Gave Potion","damage_taken":0,"relics_obtained":["theForsaken:Gavel"],"max_hp_gain":0,"max_hp_loss":0,"event_name":"WeMeetAgain","floor":38,"gold_loss":0}],"is_beta":false,"boss_relics":[{"not_picked":["Snecko Eye","ChewingGum"],"picked":"Ring of the Serpent"},{"not_picked":["HoveringKite","ReplayTheSpireMod:DimensionalGlitch"],"picked":"Cursed Key"}],"items_purged_floors":[21],"is_endless":false,"potions_floor_spawned":[8,12,25,28,29,31,39],"killed_by":"Sphere and 2 Shapes","ascension_level":0}}