{"host":"u5p72gjg7qm9i6r4","time":1610324201,"event":{"mods":["AchievementEnabler","BaseMod","Minty Spire (QoL Compilation)","Rare Cards Sparkle"],"gold_per_floor":[111,36,47,47,68,109,188,188,215,239,264,264,280,324,324,455,455,470,470,484,497,511,545,545,545,545],"floor_reached":25,"playtime":928,"items_purged":["Injury"],"score":307,"play_id":"e21047e3-00b4-4de9-95c8-0c7fa2c19a15","local_time":"20210110181641","is_ascension_mode":true,"campfire_choices":[{"floor":8,"key":"REST"},{"floor":15,"key":"REST"}],"circlet_count":0,"master_deck":["Strike_R","Strike_R","Strike_R","Defend_R","Defend_R","Defend_R","Defend_R","Bash","Pommel Strike","Anger","Injury","Cleave","Pummel","Cleave+1","Inflame","Clothesline","Heavy Blade","Inflame","Demon Form","Uppercut","Sword Boomerang+1","Shrug It Off","Iron Wave+1","Headbutt+1","Intimidate","Dual Wield"],"relics":["Burning Blood","Golden Idol","Bronze Scales","Ancient Tea Set","Strawberry","Oddly Smooth Stone","Black Star","Tiny Chest","Whetstone","Singing Bowl"],"acts_visited":["Exordium","TheCity"],"potions_floor_usage":[6,11,14,14,23,23,25,25],"damage_taken":[{"damage":6,"enemies":"Cultist","floor":1,"turns":3},{"damage":11,"enemies":"Small Slimes","floor":3,"turns":4},{"damage":1,"enemies":"2 Louse","floor":5,"turns":3},{"damage":52,"enemies":"3 Sentries","floor":6,"turns":7},{"damage":35,"enemies":"3 Sentries","floor":7,"turns":7},{"damage":7,"enemies":"Exordium Wildlife","floor":10,"turns":2},{"damage":0,"enemies":"Large Slime","floor":11,"turns":3},{"damage":4,"enemies":"2 Fungi Beasts","floor":13,"turns":2},{"damage":25,"enemies":"Lagavulin","floor":14,"turns":4},{"damage":64,"enemies":"Slime Boss","floor":16,"turns":8},{"damage":38,"enemies":"2 Thieves","floor":18,"turns":4},{"damage":11,"enemies":"Chosen","floor":20,"turns":6},{"damage":36,"enemies":"Snake Plant","floor":21,"turns":3},{"damage":16,"enemies":"Snecko","floor":22,"turns":5},{"damage":37,"enemies":"Gremlin Leader","floor":23,"turns":7},{"damage":15,"enemies":"Slavers","floor":25,"turns":1}],"seed_played":"5522255356887331670","potions_obtained":[{"floor":5,"key":"GamblersBrew"},{"floor":7,"key":"FearPotion"},{"floor":10,"key":"SneckoOil"},{"floor":13,"key":"ColorlessPotion"},{"floor":18,"key":"Regen Potion"},{"floor":21,"key":"Strength Potion"},{"floor":22,"key":"CultistPotion"},{"floor":23,"key":"FearPotion"}],"is_trial":false,"path_per_floor":["M","$","M","?","M","E","?","R","T","M","M","?","M","E","R","B",null,"M","?","M","M","M","E","?","E"],"character_chosen":"IRONCLAD","items_purchased":[],"campfire_rested":2,"item_purchase_floors":[],"current_hp_per_floor":[96,96,91,91,96,50,21,49,56,55,61,61,63,44,74,16,103,71,71,66,36,26,10,10,0,0],"gold":545,"neow_bonus":"TWENTY_PERCENT_HP_BONUS","is_daily":false,"chose_seed":false,"campfire_upgraded":0,"win_rate":0.0,"timestamp":1610324201,"path_taken":["M","$","?","?","M","E","?","R","T","M","M","?","M","E","R","BOSS","M","?","M","M","M","E","?","E"],"items_purchased_type":[],"build_version":"2020-12-22","purchased_purges":1,"victory":false,"max_hp_per_floor":[96,96,96,96,96,96,96,96,103,103,103,103,103,103,103,103,103,103,103,103,103,103,103,103,103,103],"card_choices":[{"not_picked":["Warcry","Rupture"],"picked":"Pommel Strike","floor":1},{"not_picked":["True Grit","Body Slam"],"picked":"Anger","floor":3},{"not_picked":["Armaments","Impervious"],"picked":"Cleave","floor":5},{"not_picked":["Armaments","Rage"],"picked":"Pummel","floor":6},{"not_picked":["Uppercut","True Grit"],"picked":"Cleave","floor":7},{"not_picked":["Rage","Twin Strike"],"picked":"Inflame","floor":10},{"not_picked":["Sword Boomerang","Warcry"],"picked":"Clothesline","floor":11},{"not_picked":["Rupture","Sentinel"],"picked":"Heavy Blade","floor":13},{"not_picked":["Infernal Blade","Headbutt"],"picked":"Inflame","floor":14},{"not_picked":["Feed","Impervious"],"picked":"Demon Form","floor":16},{"not_picked":["Rampage","Evolve"],"picked":"Uppercut","floor":18},{"not_picked":["Thunderclap","Twin Strike"],"picked":"Iron Wave+1","floor":20},{"not_picked":["Wild Strike","Havoc"],"picked":"Headbutt+1","floor":21},{"not_picked":["Berserk","Flex"],"picked":"Intimidate","floor":22},{"not_picked":["Body Slam","Carnage"],"picked":"Dual Wield","floor":23}],"player_experience":99321,"relics_obtained":[{"floor":6,"key":"Bronze Scales"},{"floor":7,"key":"Ancient Tea Set"},{"floor":9,"key":"Strawberry"},{"floor":14,"key":"Oddly Smooth Stone"},{"floor":23,"key":"Tiny Chest"},{"floor":23,"key":"Whetstone"}],"event_choices":[{"damage_healed":0,"gold_gain":0,"player_choice":"Take Wound","damage_taken":0,"relics_obtained":["Golden Idol"],"max_hp_gain":0,"max_hp_loss":0,"event_name":"Golden Idol","floor":4,"gold_loss":0,"cards_obtained":["Injury"]},{"damage_healed":0,"gold_gain":0,"player_choice":"Searched \u00271\u0027 times","damage_taken":0,"max_hp_gain":0,"max_hp_loss":0,"event_name":"Dead Adventurer","floor":7,"gold_loss":0},{"damage_healed":0,"gold_gain":0,"player_choice":"Ignored","damage_taken":0,"max_hp_gain":0,"max_hp_loss":0,"event_name":"Liars Game","floor":12,"gold_loss":0},{"damage_healed":0,"gold_gain":0,"cards_transformed":["Strike_R","Strike_R"],"player_choice":"Became Test Subject","damage_taken":0,"max_hp_gain":0,"max_hp_loss":0,"event_name":"Drug Dealer","floor":19,"gold_loss":0,"cards_obtained":["Sword Boomerang","Shrug It Off"]},{"damage_healed":0,"gold_gain":0,"player_choice":"Opened","damage_taken":0,"relics_obtained":["Singing Bowl"],"max_hp_gain":0,"max_hp_loss":0,"event_name":"The Mausoleum","floor":24,"gold_loss":0}],"is_beta":false,"boss_relics":[{"not_picked":["SlaversCollar","Sozu"],"picked":"Black Star"}],"items_purged_floors":[2],"is_endless":false,"potions_floor_spawned":[5,7,10,13,18,21,22,23],"killed_by":"Slavers","ascension_level":4}}