{"host":"ou23awlgcm0pi7o1","time":1610381110,"event":{"mods":["BaseMod","Colored Map","Downfall","Minty Spire (QoL Compilation)","StSLib","Unceasing Turn Reminder"],"gold_per_floor":[99,99,99,99,99,99,124,138,151,209,239,258,21,55,65,160,160,160,170,180,200,42,42,42,42,53,53,84,96,121,31,51,147,147,147,162,105,105,105,30,30,49,66,96,96,96,21,32,50,50],"floor_reached":51,"playtime":5357,"items_purged":["champ:Strike","champ:Strike"],"score":1044,"play_id":"6e13c193-5a62-4e4d-9905-f62ee67df688","local_time":"20210111160510","is_ascension_mode":true,"campfire_choices":[{"data":"champ:Taunt","floor":1,"key":"SMITH"},{"data":"champ:Balance","floor":6,"key":"SMITH"},{"data":"champ:SteelEdge","floor":18,"key":"SMITH"},{"data":"champ:IgnorePain","floor":23,"key":"SMITH"},{"data":"champ:Aggression","floor":25,"key":"SMITH"},{"floor":35,"key":"RECALL"},{"data":"champ:FocusedBerserking","floor":40,"key":"SMITH"},{"data":"champ:Lariat","floor":47,"key":"SMITH"}],"circlet_count":0,"master_deck":["champ:Strike","champ:Defend+1","champ:Defend","champ:Defend","champ:Defend","champ:Execute","champ:Taunt+1","champ:Aggression+1","champ:CrookedStrike","champ:FocusedBerserking+1","champ:Balance+1","champ:SwordSigil","champ:RisingSlash","champ:BerserkerStyle","champ:MurderStrike","champ:GladiatorStyle","Panache","champ:IgnorePain+1","champ:ShieldSigil","champ:SteelEdge+1","champ:ShieldSigil+1","champ:ShieldWall","champ:DefensiveStyle","champ:LastStand","champ:BerserkerStyle+1","champ:Lariat+1","champ:SwordSigil+1","champ:AdrenalArmor+1","champ:LastStand","champ:ArenaPreparation"],"relics":["champ:ChampionCrown","downfall:HeartsMalice","Akabeko","Pocketwatch","Bottled Flame","Meat on the Bone","champ:PowerArmor","War Paint","Mango","Art of War","SlaversCollar","Membership Card","Kunai","Guardian:PocketSentry","downfall:HeartBlessingBlue","Singing Bowl","Letter Opener","downfall:HeartBlessingGreen"],"acts_visited":["Exordium","TheCity","TheBeyond"],"potions_floor_usage":[10,10,21,21,29,29,30,36,48,50,50],"damage_taken":[{"damage":0,"enemies":"Small Slimes","floor":2,"turns":1},{"damage":0,"enemies":"Cultist","floor":3,"turns":1},{"damage":0,"enemies":"Jaw Worm","floor":5,"turns":1},{"damage":8,"enemies":"Blue Slaver","floor":8,"turns":4},{"damage":15,"enemies":"2 Fungi Beasts","floor":9,"turns":4},{"damage":9,"enemies":"Gremlin Nob","floor":10,"turns":3},{"damage":9,"enemies":"Gremlin Nob","floor":11,"turns":2},{"damage":6,"enemies":"3 Louse","floor":12,"turns":3},{"damage":43,"enemies":"downfall:FleeingMerchant","floor":13,"turns":4},{"damage":40,"enemies":"3 Sentries","floor":14,"turns":5},{"damage":40,"enemies":"Exordium Wildlife","floor":15,"turns":3},{"damage":71,"enemies":"downfall:Ironclad","floor":16,"turns":6},{"damage":43,"enemies":"Spheric Guardian","floor":19,"turns":4},{"damage":32,"enemies":"Chosen and Byrds","floor":20,"turns":4},{"damage":59,"enemies":"Sentry and Sphere","floor":21,"turns":5},{"damage":9,"enemies":"downfall:FleeingMerchant","floor":22,"turns":4},{"damage":21,"enemies":"3 Cultists","floor":26,"turns":6},{"damage":67,"enemies":"Gremlin Leader","floor":28,"turns":8},{"damage":30,"enemies":"Snake Plant","floor":29,"turns":4},{"damage":104,"enemies":"Slavers","floor":30,"turns":7},{"damage":30,"enemies":"downfall:FleeingMerchant","floor":31,"turns":4},{"damage":42,"enemies":"Centurion and Healer","floor":32,"turns":6},{"damage":73,"enemies":"downfall:Watcher","floor":33,"turns":10},{"damage":50,"enemies":"3 Darklings","floor":36,"turns":4},{"damage":15,"enemies":"downfall:FleeingMerchant","floor":37,"turns":4},{"damage":26,"enemies":"3 Shapes","floor":42,"turns":3},{"damage":80,"enemies":"Writhing Mass","floor":43,"turns":5},{"damage":95,"enemies":"Giant Head","floor":44,"turns":9},{"damage":14,"enemies":"Sphere and 2 Shapes","floor":48,"turns":3},{"damage":64,"enemies":"Jaw Worm Horde","floor":49,"turns":6},{"damage":51,"enemies":"downfall:Defect","floor":50,"turns":8}],"seed_played":"-5577940916366872147","potions_obtained":[{"floor":8,"key":"EntropicBrew"},{"floor":11,"key":"PowerPotion"},{"floor":14,"key":"Energy Potion"},{"floor":16,"key":"Guardian:BlockOnCardUsePotion"},{"floor":26,"key":"Guardian:BlockOnCardUsePotion"},{"floor":27,"key":"CultistPotion"},{"floor":29,"key":"Regen Potion"},{"floor":32,"key":"Explosive Potion"},{"floor":36,"key":"DuplicationPotion"},{"floor":43,"key":"LiquidBronze"},{"floor":46,"key":"Swift Potion"}],"is_trial":false,"path_per_floor":["R","M","M","?","M","R","T","M","M","?","E","M","$","E","M","B",null,"R","M","M","M","$","R","T","R","M","?","E","M","E","$","M","B",null,"R","M","$","?","?","R","T","M","M","E","$","?","R","M","M","B",null],"character_chosen":"THE_CHAMP","items_purchased":["champ:GladiatorStyle","Panache","War Paint","Membership Card","Kunai","Guardian:PocketSentry"],"campfire_rested":0,"item_purchase_floors":[13,13,22,37,37,37],"current_hp_per_floor":[90,90,90,90,90,90,90,87,87,86,86,85,85,64,67,30,75,75,74,71,54,69,69,69,69,78,78,82,90,55,55,70,55,92,92,84,84,84,84,94,94,100,73,43,43,43,43,78,65,65],"gold":50,"neow_bonus":"THREE_ENEMY_KILL","is_daily":false,"chose_seed":false,"campfire_upgraded":7,"win_rate":0.0,"timestamp":1610381110,"path_taken":["R","M","M","?","M","R","T","M","?","?","E","M","$","E","M","BOSS","R","M","M","M","$","R","T","R","M","?","E","M","E","$","M","BOSS","R","M","$","?","?","R","T","M","M","E","$","?","R","?","M","BOSS"],"items_purchased_type":["Card","Card","Relic","Relic","Relic","Relic"],"build_version":"2020-12-22","purchased_purges":2,"victory":true,"max_hp_per_floor":[90,90,90,90,90,90,90,90,90,90,90,90,90,90,90,90,90,90,90,90,90,90,90,90,90,90,90,104,104,104,104,104,104,104,104,104,104,104,104,114,114,116,118,118,118,118,118,125,127,127],"card_choices":[{"not_picked":["champ:DefensiveShout","champ:FanOfKnives"],"picked":"champ:Aggression","floor":2},{"not_picked":["champ:BladeFlurry","champ:Haymaker"],"picked":"champ:CrookedStrike","floor":3},{"not_picked":["champ:BerserkersShout","champ:TornadoPunch"],"picked":"champ:Balance","floor":5},{"not_picked":["champ:BerserkersShout","champ:AdrenalArmor"],"picked":"champ:SwordSigil","floor":8},{"not_picked":["champ:SkillfulDodge","champ:BerserkersShout","champ:FalseCounter"],"picked":"SKIP","floor":9},{"not_picked":["champ:DefensiveShout","champ:BladeFlurry"],"picked":"champ:RisingSlash","floor":10},{"not_picked":["champ:BladeFlurry","champ:TornadoPunch","champ:Circumvent"],"picked":"SKIP","floor":11},{"not_picked":["champ:Duel","champ:FanOfKnives"],"picked":"champ:BerserkerStyle","floor":12},{"not_picked":["champ:EnGarde","champ:CalledShot"],"picked":"champ:MurderStrike","floor":13},{"not_picked":["champ:StanceDance","champ:Backstep"],"picked":"champ:IgnorePain","floor":14},{"not_picked":["champ:SkillfulDodge","champ:CrookedStrike"],"picked":"champ:ShieldSigil","floor":15},{"not_picked":["champ:EnchantCrown","champ:VampiricStrike"],"picked":"champ:SteelEdge","floor":16},{"not_picked":["champ:FaceSlap+1","champ:TornadoPunch"],"picked":"champ:ShieldSigil","floor":19},{"not_picked":["champ:ShieldSigil","champ:BerserkersShout"],"picked":"champ:ShieldWall","floor":20},{"not_picked":["champ:AdrenalArmor","champ:DefensiveShout"],"picked":"champ:DefensiveStyle","floor":21},{"not_picked":["champ:CrookedStrike","champ:GutPunch"],"picked":"champ:LastStand","floor":22},{"not_picked":["champ:EnragedBash","champ:DefensiveShout","champ:DeathBlow"],"picked":"SKIP","floor":26},{"not_picked":["champ:Shatter","champ:FlashCut"],"picked":"champ:BerserkerStyle+1","floor":28},{"not_picked":["champ:BerserkersShout","champ:Circumvent"],"picked":"champ:Lariat","floor":29},{"not_picked":["champ:CheapShot","champ:GutPunch"],"picked":"champ:SwordSigil+1","floor":30},{"not_picked":["champ:AdrenalArmor","champ:PreciseThrust","champ:ShieldThrow"],"picked":"SKIP","floor":31},{"not_picked":["champ:DefensiveShout","champ:GladiatorsShout"],"picked":"champ:AdrenalArmor+1","floor":32},{"not_picked":["champ:CheapShot","champ:EnchantSword"],"picked":"champ:LastStand","floor":33},{"not_picked":["champ:FlashCut+1","champ:BladeFlurry+1"],"picked":"champ:ArenaPreparation","floor":36},{"not_picked":["champ:FlashCut","champ:EndlessRage","champ:DefensiveShout+1"],"picked":"SKIP","floor":37},{"not_picked":["champ:GladiatorsShout","champ:FanOfKnives+1","champ:AdrenalArmor+1"],"picked":"Singing Bowl","floor":42},{"not_picked":["champ:DefensiveStyle+1","champ:GutPunch+1","champ:BladeFlurry+1"],"picked":"Singing Bowl","floor":43},{"not_picked":["champ:DefensiveShout","champ:Riposte+1"],"picked":"champ:FightOn","floor":44},{"not_picked":["champ:BerserkersShout","champ:Backstep+1","champ:Encircle+1"],"picked":"Singing Bowl","floor":48},{"not_picked":["champ:BringItOn+1","champ:AdrenalArmor","champ:FanOfKnives+1"],"picked":"Singing Bowl","floor":49}],"player_experience":349364,"relics_obtained":[{"floor":7,"key":"Akabeko"},{"floor":11,"key":"Bottled Flame"},{"floor":14,"key":"Meat on the Bone"},{"floor":28,"key":"Mango"},{"floor":30,"key":"Art of War"},{"floor":41,"key":"Singing Bowl"},{"floor":44,"key":"Letter Opener"}],"event_choices":[{"damage_healed":0,"gold_gain":0,"cards_transformed":["champ:Strike"],"player_choice":"Transformed","damage_taken":0,"max_hp_gain":0,"max_hp_loss":0,"event_name":"Transmorgrifier","floor":4,"gold_loss":0,"cards_obtained":["champ:FocusedBerserking"]},{"damage_healed":0,"gold_gain":0,"player_choice":"Got Potions","damage_taken":0,"max_hp_gain":0,"max_hp_loss":0,"event_name":"Lab","floor":46,"gold_loss":0}],"is_beta":false,"boss_relics":[{"not_picked":["downfall:Hecktoplasm","Calling Bell"],"picked":"champ:PowerArmor"},{"not_picked":["SacredBark","Snecko Eye"],"picked":"SlaversCollar"}],"items_purged_floors":[31,37],"is_endless":false,"potions_floor_spawned":[8,11,12,14,16,20,26,29,32,36,43,44],"ascension_level":5}}