{"host":"80ojs5zx0tu8i1zz","time":1610359526,"event":{"mods":["AchievementEnabler","Arknights The Spire","Aspiration","BaseMod","ChefMod","Colored Map","Colored Powertips","Hermit","Hubris","Infinite Spire","Jorbs\u0027s Wanderer Trilogy","Minty Spire (QoL Compilation)","Replay The Spire","Shop Mod","StSLib","The Dragon Tamer","The Hayseed","The Hierophant","The Marked"],"gold_per_floor":[119,119,136,156,167,202,215,215,215,215,235,235,263,280,280,377,377,396,406,406,44,44,78,93,93,93,93],"floor_reached":25,"playtime":1765,"items_purged":["Underhanded Strike"],"score":335,"play_id":"ffc77297-3197-4ca5-be9d-f633cd45cbd7","local_time":"20210111120526","is_ascension_mode":false,"metric_token":1235,"campfire_choices":[{"data":"DTMod:Overwhelm","floor":8,"key":"SMITH"},{"data":"DTMod:Training","floor":12,"key":"SMITH"},{"floor":15,"key":"REST"}],"dtmod_dragon_data":[0,50,1,-1,12,0],"circlet_count":0,"master_deck":["DTMod:DoubleHit+1","DTMod:TargetDefense","DTMod:TargetDefense","DTMod:TargetDefense","DTMod:TargetDefense","DTMod:SwitchingTactic","DTMod:Training+1","DTMod:QuickFly","DTMod:FlameSlash","DTMod:BlueScale","DTMod:Safeguard","DTMod:Overwhelm+1","DTMod:Astonish","DTMod:Coolant","DTMod:BuildUp","DTMod:RepeatStrike","DTMod:Threaten","DTMod:Weaken","Finisher","Choke","DTMod:BalancedStrike+1","DTMod:CalculatedDefense","DTMod:Threaten","DTMod:ForkedFire+1"],"relics":["DTMod:PactStone","infinitespire:Broken Mirror","Bag of Preparation","infinitespire:Lychee Nut","aspiration:RitualDagger","aspiration:Lifesprig","MealTicket"],"acts_visited":["Exordium","TheCity"],"potions_floor_usage":[6,6,11,16,25],"damage_taken":[{"damage":0,"enemies":"Small Slimes","floor":1,"turns":4},{"damage":0,"enemies":"Cultist","floor":3,"turns":5},{"damage":0,"enemies":"Jaw Worm","floor":4,"turns":4},{"damage":0,"enemies":"3 Louse","floor":5,"turns":3},{"damage":0,"enemies":"3 Sentries","floor":6,"turns":11},{"damage":3,"enemies":"Large Slime","floor":7,"turns":9},{"damage":0,"enemies":"2 Fungi Beasts","floor":11,"turns":4},{"damage":0,"enemies":"Lagavulin","floor":13,"turns":5},{"damage":0,"enemies":"Red Slaver","floor":14,"turns":3},{"damage":0,"enemies":"Slime Boss","floor":16,"turns":10},{"damage":7,"enemies":"Spheric Guardian","floor":18,"turns":4},{"damage":10,"enemies":"Chosen","floor":19,"turns":5},{"damage":35,"enemies":"Book of Stabbing","floor":23,"turns":5},{"damage":7,"enemies":"Snecko","floor":24,"turns":4},{"damage":43,"enemies":"Slavers","floor":25,"turns":9}],"seed_played":"1769519485584630722","potions_obtained":[{"floor":3,"key":"Explosive Potion"},{"floor":4,"key":"Energy Potion"},{"floor":5,"key":"PowerPotion"},{"floor":11,"key":"GamblersBrew"},{"floor":13,"key":"Strength Potion"},{"floor":19,"key":"Dexterity Potion"}],"is_trial":false,"path_per_floor":["M","?","M","M","M","E","M","R","T","?","M","R","E","M","R","B",null,"M","M","?","$","?","E","M","E"],"character_chosen":"THE_DT","items_purchased":["aspiration:Lifesprig","DTMod:BalancedStrike+1","DTMod:CalculatedDefense"],"campfire_rested":1,"item_purchase_floors":[21,21,21],"current_hp_per_floor":[49,49,49,49,49,49,46,46,46,46,46,46,36,36,36,36,36,31,27,27,27,27,36,31,0,0,0],"gold":93,"neow_bonus":"TEN_PERCENT_HP_BONUS","is_daily":false,"chose_seed":false,"campfire_upgraded":2,"win_rate":0.0,"timestamp":1610359526,"path_taken":["M","?","M","?","M","E","M","R","T","?","M","R","E","M","R","BOSS","M","M","?","$","?","E","M","E"],"items_purchased_type":["Relic","Card","Card"],"build_version":"2020-12-22","purchased_purges":1,"victory":false,"max_hp_per_floor":[49,49,49,49,49,49,49,49,49,49,49,49,36,36,36,36,36,36,36,36,36,36,36,36,36,36,36],"card_choices":[{"not_picked":["DTMod:MagicField","DTMod:CrossStep"],"picked":"DTMod:Training","floor":1},{"not_picked":["DTMod:StarRain","DTMod:BreakAttack"],"picked":"DTMod:QuickFly","floor":3},{"not_picked":["DTMod:Haste","DTMod:ForkedFire"],"picked":"DTMod:FlameSlash","floor":4},{"not_picked":["DTMod:MagicField","DTMod:BurningEnergy"],"picked":"DTMod:BlueScale","floor":5},{"not_picked":["DTMod:MagicField","DTMod:ExcessFootwork"],"picked":"DTMod:Safeguard","floor":6},{"not_picked":["DTMod:MagicField","DTMod:Feint"],"picked":"DTMod:Overwhelm","floor":7},{"not_picked":["DTMod:CalculatedDefense","DTMod:MasterPlan"],"picked":"DTMod:Astonish","floor":11},{"not_picked":["DTMod:CleansingStrike","DTMod:MasterPlan"],"picked":"DTMod:Coolant","floor":13},{"not_picked":["DTMod:Feint","DTMod:SneakAttack"],"picked":"DTMod:BuildUp","floor":14},{"not_picked":["DTMod:LightShield","DTMod:ShadowImage"],"picked":"DTMod:RepeatStrike","floor":16},{"not_picked":["DTMod:BuildUp","DTMod:Hide"],"picked":"DTMod:Threaten","floor":18},{"not_picked":["DTMod:Shift","DTMod:Cover"],"picked":"DTMod:Weaken","floor":19},{"not_picked":["DTMod:PurifyingFlame","DTMod:QuickFly"],"picked":"DTMod:Threaten","floor":23},{"not_picked":["DTMod:Threaten+1","DTMod:Feint"],"picked":"DTMod:ForkedFire+1","floor":24}],"player_experience":212496,"relics_obtained":[{"floor":6,"key":"infinitespire:Broken Mirror"},{"floor":9,"key":"Bag of Preparation"},{"floor":13,"key":"infinitespire:Lychee Nut"},{"floor":23,"key":"MealTicket"}],"event_choices":[{"cards_removed":["DTMod:Strike"],"damage_healed":0,"gold_gain":0,"player_choice":"Purged","damage_taken":0,"max_hp_gain":0,"max_hp_loss":0,"event_name":"Purifier","floor":2,"gold_loss":0},{"damage_healed":0,"gold_gain":0,"player_choice":"Ignored","damage_taken":0,"max_hp_gain":0,"max_hp_loss":0,"event_name":"Vampires","floor":22,"gold_loss":0}],"is_beta":false,"boss_relics":[{"not_picked":["Cursed Key","Runic Pyramid"],"picked":"aspiration:RitualDagger"}],"items_purged_floors":[21],"is_endless":false,"potions_floor_spawned":[3,4,5,11,13,18,19],"killed_by":"Slavers","ascension_level":0}}