{"host":"ln76an1o32p2wxtf","time":1610348347,"event":{"mods":["AchievementEnabler","Act Like it!","BaseMod","BetterRewards","Colored Powertips","Energized Spire","GifTheSpireLib","Infinite Spire","Minty Spire (QoL Compilation)","Shop Mod","StSLib"],"gold_per_floor":[113,288,288,288,313,353,365,74,101,101,113,142,93,121,121,229,229,242,266,59,88,99,133,144,181,181,181,209,134,134,45,45,156,156,166,166,175,85,98,136,136,136,136],"floor_reached":42,"playtime":2558,"items_purged":["Doubt","Defend_G","Strike_G"],"score":504,"play_id":"7ed14d3b-e332-4060-943f-c19fd7ecf241","local_time":"20210111145907","is_ascension_mode":true,"campfire_choices":[{"floor":7.0,"key":"REST"},{"floor":15.0,"key":"REST"},{"floor":27.0,"key":"REST"},{"floor":32.0,"key":"RECALL"},{"floor":41,"key":"REST"}],"circlet_count":0,"master_deck":["Strike_G","Defend_G","Defend_G","Defend_G","Survivor","Neutralize","Accuracy","Mayhem+1","Accuracy","Backflip+1","Adrenaline","Blade Dance","Venomology","Backflip","Caltrops","Cloak And Dagger","Footwork+1","Night Terror","Concentrate+1","Caltrops","Bullet Time+1","Trip+1","Infinite Blades+1"],"relics":["Empty Cage","PreservedInsect","MawBank","Pen Nib","CaptainsWheel","CeramicFish","energizedSpire:SpiderWeb","Membership Card","Akabeko","Toy Ornithopter","Toxic Egg 2","WristBlade","Orichalcum"],"acts_visited":["Exordium","TheCity","TheBeyond"],"potions_floor_usage":[35,36,40,40,42,42,42],"damage_taken":[{"damage":0.0,"enemies":"Small Slimes","floor":1.0,"turns":4.0},{"damage":58.0,"enemies":"Lagavulin","floor":6.0,"turns":11.0},{"damage":7.0,"enemies":"2 Louse","floor":11.0,"turns":3.0},{"damage":3.0,"enemies":"Gremlin Nob","floor":12.0,"turns":4.0},{"damage":9.0,"enemies":"3 Sentries","floor":14.0,"turns":7.0},{"damage":10.0,"enemies":"The Guardian","floor":16.0,"turns":10.0},{"damage":0.0,"enemies":"Spheric Guardian","floor":18.0,"turns":4.0},{"damage":3.0,"enemies":"Chosen","floor":19.0,"turns":5.0},{"damage":4.0,"enemies":"3 Cultists","floor":21.0,"turns":5.0},{"damage":14.0,"enemies":"Sentry and Sphere","floor":22.0,"turns":4.0},{"damage":8.0,"enemies":"Book of Stabbing","floor":23.0,"turns":5.0},{"damage":11.0,"enemies":"Shelled Parasite and Fungi","floor":24.0,"turns":4.0},{"damage":27.0,"enemies":"Gremlin Leader","floor":25.0,"turns":6.0},{"damage":7.0,"enemies":"Chosen and Byrds","floor":28.0,"turns":5.0},{"damage":36.0,"enemies":"Collector","floor":33.0,"turns":7.0},{"damage":12,"enemies":"3 Shapes","floor":35,"turns":6},{"damage":51,"enemies":"infinitespire:Three Voidlings","floor":36,"turns":5},{"damage":12,"enemies":"3 Darklings","floor":39,"turns":4},{"damage":18,"enemies":"Nemesis","floor":40,"turns":7},{"damage":53,"enemies":"Reptomancer","floor":42,"turns":2}],"seed_played":"1885811537724629952","potions_obtained":[{"floor":1.0,"key":"PowerPotion"},{"floor":6.0,"key":"Poison Potion"},{"floor":14.0,"key":"Energy Potion"},{"floor":21.0,"key":"DuplicationPotion"},{"floor":22.0,"key":"CunningPotion"},{"floor":25.0,"key":"Poison Potion"},{"floor":28.0,"key":"ColorlessPotion"},{"floor":40,"key":"LiquidBronze"}],"is_trial":false,"path_per_floor":["M","?","?","?","T","E","R","$","T","?","M","E","$","E","R","B",null,"M","M","$","M","M","E","M","E","T","R","M","?","?","$","R","B",null,"M","?","?","?","M","E","R","E"],"character_chosen":"THE_SILENT","items_purchased":["Mayhem","Accuracy","Blade Dance","Membership Card","Caltrops","Caltrops"],"campfire_rested":4,"item_purchase_floors":[8,8,13,20,20,31],"current_hp_per_floor":[70,70,70,75,75,17,39,39,39,39,32,29,29,20,42,32,75,75,72,72,68,54,46,35,8,8,30,43,43,43,43,43,22,75,68,35,35,35,23,15,37,0,0],"gold":136,"neow_bonus":"BOSS_RELIC","is_daily":false,"chose_seed":false,"campfire_upgraded":0,"win_rate":0.0,"timestamp":1610348347,"path_taken":["M","?","?","?","?","E","R","$","T","?","M","E","$","E","R","BOSS","M","M","$","?","M","E","M","E","T","R","M","?","?","$","R","BOSS","M","?","?","?","M","E","R","E"],"items_purchased_type":["Card","Card","Card","Relic","Card","Card"],"build_version":"2020-12-22","purchased_purges":3,"victory":false,"max_hp_per_floor":[70,70,70,75,75,75,75,75,75,75,75,75,75,75,75,75,75,75,75,75,75,75,75,75,75,75,75,75,75,75,75,75,75,75,75,75,75,75,75,75,75,75,75],"card_choices":[{"not_picked":["Sucker Punch","Reflex","Bane"],"picked":"SKIP","floor":1.0},{"not_picked":["Bane","Underhanded Strike"],"picked":"Accuracy","floor":6.0},{"not_picked":["Backstab","Flechettes"],"picked":"Backflip","floor":11.0},{"not_picked":["Blade Dance","Heel Hook"],"picked":"Adrenaline","floor":12.0},{"not_picked":["Doppelganger","Expertise","Dodge and Roll"],"picked":"SKIP","floor":14.0},{"not_picked":["Unload","Malaise"],"picked":"Venomology","floor":16.0},{"not_picked":["Dodge and Roll+1","Flying Knee+1","Calculated Gamble"],"picked":"SKIP","floor":18.0},{"not_picked":["Slice","Eviscerate"],"picked":"Backflip","floor":19.0},{"not_picked":["Underhanded Strike","Terror"],"picked":"Cloak And Dagger","floor":21.0},{"not_picked":["Dodge and Roll","Tactician","Deflect"],"picked":"SKIP","floor":22.0},{"not_picked":["Quick Slash","Heel Hook"],"picked":"Footwork+1","floor":23.0},{"not_picked":["Deflect+1","Malaise","Slice"],"picked":"SKIP","floor":24.0},{"not_picked":["Dagger Throw+1","Acrobatics+1"],"picked":"Night Terror","floor":25.0},{"not_picked":["Acrobatics+1","Dagger Throw"],"picked":"Concentrate+1","floor":28.0},{"not_picked":["Unload","Corpse Explosion+1"],"picked":"Bullet Time+1","floor":33.0},{"not_picked":["Dash+1","Escape Plan+1","Dagger Throw"],"picked":"SKIP","floor":35},{"not_picked":["PanicButton+1","Flash of Steel"],"picked":"Trip+1","floor":37},{"not_picked":["Deadly Poison+1","Cloak And Dagger+1","PiercingWail+1"],"picked":"SKIP","floor":39},{"not_picked":["Expertise+1","Deflect+1"],"picked":"Infinite Blades+1","floor":40}],"player_experience":720668,"relics_obtained":[{"floor":3.0,"key":"PreservedInsect"},{"floor":5.0,"key":"MawBank"},{"floor":6.0,"key":"Pen Nib"},{"floor":12.0,"key":"CaptainsWheel"},{"floor":14.0,"key":"CeramicFish"},{"floor":23.0,"key":"Akabeko"},{"floor":25.0,"key":"Toy Ornithopter"},{"floor":26.0,"key":"Toxic Egg 2"},{"floor":40,"key":"Orichalcum"}],"event_choices":[{"damage_healed":0.0,"max_hp_gain":0.0,"max_hp_loss":0.0,"gold_gain":175.0,"event_name":"Liars Game","player_choice":"AGREE","floor":2.0,"gold_loss":0.0,"damage_taken":0.0,"cards_obtained":["Doubt"]},{"damage_healed":0.0,"max_hp_gain":5.0,"max_hp_loss":0.0,"gold_gain":0.0,"event_name":"Big Fish","player_choice":"Donut","floor":4.0,"gold_loss":0.0,"damage_taken":0.0},{"damage_healed":0.0,"max_hp_gain":0.0,"max_hp_loss":0.0,"gold_gain":0.0,"event_name":"Upgrade Shrine","player_choice":"Upgraded","floor":10.0,"gold_loss":0.0,"damage_taken":0.0,"cards_upgraded":["Mayhem"]},{"cards_removed":["Strike_G"],"damage_healed":0.0,"max_hp_gain":0.0,"max_hp_loss":0.0,"gold_gain":0.0,"event_name":"Beggar","player_choice":"Gave Gold","floor":29.0,"gold_loss":75.0,"damage_taken":0.0},{"damage_healed":0,"gold_gain":0,"player_choice":"Memory 1","damage_taken":0,"max_hp_gain":0,"max_hp_loss":0,"event_name":"SensoryStone","floor":37,"gold_loss":0},{"cards_removed":["Strike_G"],"damage_healed":0,"gold_gain":0,"player_choice":"Upgrade and Remove","damage_taken":0,"max_hp_gain":0,"max_hp_loss":0,"event_name":"Designer","floor":38,"gold_loss":90,"cards_upgraded":["Backflip"]}],"is_beta":false,"boss_relics":[{"not_picked":["Ectoplasm","HoveringKite"],"picked":"energizedSpire:SpiderWeb"},{"not_picked":["SlaversCollar","Astrolabe"],"picked":"WristBlade"}],"items_purged_floors":[8,20,31],"is_endless":false,"potions_floor_spawned":[1,6,14,21,22,25,28,40],"killed_by":"Reptomancer","ascension_level":1}}