{"host":"zksvs3x2ysy9npnz","time":1610397464,"event":{"mods":["Aspiration","BaseMod","Beaked The Cultist","BetterRewards","Clockwork Mod","Colored Map","Conspire","Downfall","Duelist Mod","Ekko","Energized Spire","Fiend Mod","Halation","Highlight Path","Hubris","Hunter ??","Infinite Spire","Jedi Mod","JesterMod","Magitek Elite","Minty Spire (QoL Compilation)","Permanent Neow","Quick Restart","Relic Stats","Replay The Spire","Retaliation","Shade Mod","Shop Mod","StSLib","The Construct","The Poker Player","The Runesmith","The Witch"],"gold_per_floor":[99,118,134,147,147,72,95,114,54,66,66,66,77,77,91,187,187,112,132,143,143,162,162,162,162,179,164,177,177,13,38,64,169,169,94,114,168,168,179,179,203,223,256,256,273,273,273,273,292,292,292,324,16,16,16],"floor_reached":56,"playtime":9409,"items_purged":[],"score":1388,"play_id":"3b31f5b5-37e4-4e4b-bc66-e5bb8f4f7e88","local_time":"20210111213744","is_ascension_mode":true,"campfire_choices":[{"floor":1.0,"key":"RECALL"},{"data":"hexamod:GhostOfSpirePresent","floor":6.0,"key":"SMITH"},{"data":"hexamod:HeatShield","floor":11.0,"key":"SMITH"},{"floor":18.0,"key":"DIG"},{"data":"hexamod:TimeOfNeed","floor":25.0,"key":"SMITH"},{"floor":29.0,"key":"REST"},{"data":"hexamod:EtherealExpedition","floor":35.0,"key":"SMITH"},{"floor":40.0,"key":"REST"},{"data":"infinitespire:Fortify","floor":40.0,"key":"SMITH"},{"floor":44.0,"key":"REST"},{"data":"hexamod:TimeOfNeed","floor":44.0,"key":"SMITH"},{"data":"hexamod:SkipABeat","floor":46.0,"key":"SMITH"},{"data":"infinitespire:NeuralNetwork","floor":54.0,"key":"SMITH"}],"circlet_count":0,"master_deck":["hexamod:Strike","hexamod:Strike","hexamod:Strike+1","hexamod:Defend","hexamod:Defend+1","hexamod:Defend","hexamod:Defend","hexamod:Sear","hexamod:Float","hexamod:GhostOfSpirePresent+1","hexamod:NightmareGuise+1","hexamod:GhostflameBarrier","hexamod:Incineration","hexamod:SpectersWail","hexamod:HeatShield+1","hexamod:ShieldOfDarkness","hexamod:Hexaguard","hexamod:AdvancingGuard","hexamod:TimeOfNeed+1","hexamod:FastForward","hexamod:NecessarySacrifice+1","hexamod:StepThrough+1","infinitespire:Fortify+1","hexamod:AdvancingGuard","hexamod:BurningTouch","hexamod:SkipABeat+1","hexamod:GhostflameInferno","hexamod:EtherealExpedition+1","expansioncontent:Corrupt","hexamod:Hexaguard","hexamod:UnleashSpirits","hexamod:AdvancingGuard+1","hexamod:SwordOfDarkness+1","hexamod:NightmareGuise","hexamod:TimeOfNeed+1","hexamod:RecurringNightmare","hexamod:BurningTouch","infinitespire:Gouge","infinitespire:Fortify","infinitespire:NeuralNetwork+1","Shrug It Off+1"],"relics":["hexamod:SpiritBrand","downfall:HeartBlessingRed","hubris:GrandSneckoEye","downfall:HeartBlessingBlue","hubris:FunFungus","infinitespire:Magic Flask","aspiration:AnachronicSnailShell","Busted Crown","downfall:HeartBlessingGreen","Calipers","Blood Vial","Eternal Feather","Centennial Puzzle","aspiration:IroncladSkillbook","InkBottle","Pocketwatch"],"acts_visited":["Exordium","TheCity","TheBeyond","TheEnding"],"potions_floor_usage":[55],"damage_taken":[{"damage":0.0,"enemies":"Cultist","floor":2.0,"turns":4.0},{"damage":0.0,"enemies":"2 Louse","floor":3.0,"turns":3.0},{"damage":0.0,"enemies":"Jaw Worm","floor":4.0,"turns":6.0},{"damage":3.0,"enemies":"Blue Slaver","floor":8.0,"turns":6.0},{"damage":0.0,"enemies":"downfall:FleeingMerchant","floor":9.0,"turns":4.0},{"damage":12.0,"enemies":"3 Louse","floor":10.0,"turns":3.0},{"damage":1.0,"enemies":"Gremlin Gang","floor":13.0,"turns":4.0},{"damage":8.0,"enemies":"Exordium Thugs","floor":15.0,"turns":6.0},{"damage":34.0,"enemies":"downfall:Ironclad","floor":16.0,"turns":16.0},{"damage":0.0,"enemies":"Chosen","floor":19.0,"turns":4.0},{"damage":16.0,"enemies":"Spheric Guardian","floor":20.0,"turns":4.0},{"damage":3.0,"enemies":"3 Cultists","floor":22.0,"turns":6.0},{"damage":24.0,"enemies":"Cultist and Chosen","floor":26.0,"turns":7.0},{"damage":0.0,"enemies":"downfall:FleeingMerchant","floor":27.0,"turns":4.0},{"damage":18.0,"enemies":"Shelled Parasite and Fungi","floor":28.0,"turns":10.0},{"damage":0.0,"enemies":"downfall:FleeingMerchant","floor":30.0,"turns":4.0},{"damage":0.0,"enemies":"theDuelist:KaibaA2","floor":31.0,"turns":5.0},{"damage":0.0,"enemies":"conspire:HollyBat","floor":32.0,"turns":9.0},{"damage":19.0,"enemies":"downfall:Silent","floor":33.0,"turns":13.0},{"damage":0.0,"enemies":"Orb Walker","floor":36.0,"turns":4.0},{"damage":75.0,"enemies":"2 Orb Walkers","floor":37.0,"turns":7.0},{"damage":0.0,"enemies":"3 Shapes","floor":39.0,"turns":4.0},{"damage":0.0,"enemies":"Jaw Worm Horde","floor":42.0,"turns":6.0},{"damage":23.0,"enemies":"Reptomancer","floor":43.0,"turns":7.0},{"damage":1.0,"enemies":"4 Shapes","floor":45.0,"turns":5.0},{"damage":6.0,"enemies":"Spire Growth","floor":49.0,"turns":6.0},{"damage":0.0,"enemies":"downfall:Watcher","floor":50.0,"turns":9.0},{"damage":29.0,"enemies":"downfall:CharBossMerchant","floor":52.0,"turns":8.0},{"damage":3,"enemies":"downfall:NeowBoss","floor":55,"turns":26}],"seed_played":"-4508979337585787983","potions_obtained":[{"floor":2.0,"key":"hexamod:EctoCoolerPotion"},{"floor":8.0,"key":"SteroidPotion"},{"floor":10.0,"key":"Reflective Coating"},{"floor":14.0,"key":"jedi:holywater"},{"floor":14.0,"key":"Elixir"},{"floor":16.0,"key":"SteroidPotion"},{"floor":19.0,"key":"BlessingOfTheForge"},{"floor":28.0,"key":"Adrenaline Potion"},{"floor":33.0,"key":"Ancient Potion"},{"floor":37.0,"key":"DistilledChaos"},{"floor":43.0,"key":"GamblersBrew"},{"floor":45.0,"key":"DistilledChaos"}],"is_trial":false,"path_per_floor":["R","M","M","M","?","R","T","M","$","M","R","?","M","?","M","B",null,"R_BF","M","M","?","M","?","T","R","M","$","M","R","$","E","M","B",null,"R","M","?","?","M","R","T","M","E","R","M","R","?","AVR","M","B",null,"E","$","R","B",null],"character_chosen":"THE_SPIRIT","items_purchased":["hexamod:ShieldOfDarkness","infinitespire:Magic Flask","expansioncontent:Corrupt","Pocketwatch"],"campfire_rested":3,"item_purchase_floors":[9,30,30,53],"current_hp_per_floor":[70,70,70,70,70,70,70,67,67,55,55,55,54,54,46,12,70,80,80,64,43,41,41,41,41,20,22,4,28,28,28,31,13,80,80,80,15,15,17,41,41,44,25,70,74,80,80,80,78,80,80,56,56,80,80],"gold":16,"neow_bonus":"THREE_CARDS","is_daily":false,"chose_seed":false,"campfire_upgraded":8,"win_rate":0.0,"timestamp":1610397464,"path_taken":["R","M","M","?","?","R","T","?","$","M","R","?","M","?","M","BOSS","R_BF","M","?","?","?","?","T","R","M","$","?","R","?","E","M","BOSS","R","M","?","?","?","R","T","M","E","R","M","R","?","AVR","M","BOSS","E","$","R","BOSS"],"items_purchased_type":["Card","Relic","Card","Relic"],"build_version":"2020-12-22","purchased_purges":0,"victory":true,"max_hp_per_floor":[70,70,70,70,70,70,70,70,70,70,70,70,70,70,70,70,70,80,80,80,80,80,80,80,80,80,80,80,80,80,80,80,80,80,80,80,80,80,80,80,80,80,80,80,80,80,80,80,80,80,80,80,80,80,80],"relic_stats":{"Blood Vial":8,"Centennial Puzzle":[9],"Busted Crown":24,"counters":[29,200],"Eternal Feather":51,"obtain_stats":[{"Calipers":37,"downfall:HeartBlessingRed":6,"downfall:HeartBlessingGreen":35,"Eternal Feather":43,"infinitespire:Magic Flask":30,"aspiration:IroncladSkillbook":48,"Blood Vial":41,"Centennial Puzzle":48,"Busted Crown":34,"downfall:HeartBlessingBlue":18,"aspiration:AnachronicSnailShell":31,"Simple Rune":24,"hubris:FunFungus":18,"hubris:GrandSneckoEye":17,"hexamod:SpiritBrand":0,"InkBottle":52,"Pocketwatch":53},{"Calipers":21,"downfall:HeartBlessingRed":3,"downfall:HeartBlessingGreen":19,"Eternal Feather":24,"infinitespire:Magic Flask":16,"aspiration:IroncladSkillbook":25,"Blood Vial":22,"Centennial Puzzle":25,"Busted Crown":19,"downfall:HeartBlessingBlue":9,"aspiration:AnachronicSnailShell":17,"Simple Rune":12,"hubris:FunFungus":9,"hubris:GrandSneckoEye":9,"hexamod:SpiritBrand":0,"InkBottle":28,"Pocketwatch":28},{"Calipers":129,"downfall:HeartBlessingRed":13,"downfall:HeartBlessingGreen":118,"Eternal Feather":146,"infinitespire:Magic Flask":91,"aspiration:IroncladSkillbook":151,"Blood Vial":133,"Centennial Puzzle":151,"Busted Crown":118,"downfall:HeartBlessingBlue":52,"aspiration:AnachronicSnailShell":96,"Simple Rune":66,"hubris:FunFungus":52,"hubris:GrandSneckoEye":52,"hexamod:SpiritBrand":0,"InkBottle":174,"Pocketwatch":174}],"InkBottle":[11],"Pocketwatch":[4]},"card_choices":[{"not_picked":["hexamod:ThirdSeal","hexamod:GhostOfSpirePast"],"picked":"hexamod:GhostOfSpirePresent","floor":0.0},{"not_picked":["hexamod:BurningTouch","hexamod:HauntingEcho"],"picked":"hexamod:NightmareGuise","floor":2.0},{"not_picked":["hexamod:PhantomCloak","hexamod:NecessarySacrifice"],"picked":"hexamod:GhostflameBarrier","floor":3.0},{"not_picked":["hexamod:GhostOfSpirePast","hexamod:PhantomCloak"],"picked":"hexamod:Incineration","floor":4.0},{"not_picked":["hexamod:InspiringFlames","hexamod:SuperheatedStrike"],"picked":"hexamod:SpectersWail","floor":8.0},{"not_picked":["hexamod:NightmareStrike","hexamod:Incineration"],"picked":"hexamod:HeatShield","floor":9.0},{"not_picked":["hexamod:ThermalTransfer","hexamod:PhantomFireball"],"picked":"hexamod:Hexaguard","floor":10.0},{"not_picked":["hexamod:HeatShield","hexamod:BurningTouch"],"picked":"hexamod:AdvancingGuard","floor":13.0},{"not_picked":["hexamod:FirstSeal","hexamod:BacktrackSmack","hexamod:NightmareStrike"],"picked":"SKIP","floor":15.0},{"not_picked":["hexamod:UnlimitedPower","hexamod:CrushingStance"],"picked":"hexamod:TimeOfNeed","floor":16.0},{"not_picked":["hexamod:NightmareGuise","hexamod:RainOfEmbers+1"],"picked":"hexamod:FastForward","floor":19.0},{"not_picked":["hexamod:Firestarter","hexamod:InspiringFlames+1"],"picked":"hexamod:NecessarySacrifice+1","floor":20.0},{"not_picked":["hexamod:ThermalTransfer","hexamod:GhostflameInferno"],"picked":"hexamod:StepThrough+1","floor":20.0},{"not_picked":["infinitespire:FinalStrike","ReplayTheSpireMod:Chaos Vortex"],"picked":"infinitespire:Fortify","floor":21.0},{"not_picked":["hexamod:ChargedBarrage","hexamod:GhostShield"],"picked":"hexamod:AdvancingGuard","floor":22.0},{"not_picked":["hexamod:FastForward","hexamod:Rewind+1"],"picked":"hexamod:BurningTouch","floor":26.0},{"not_picked":["hexamod:GhostOfSpirePresent","hexamod:Haunt"],"picked":"hexamod:SkipABeat","floor":26.0},{"not_picked":["hexamod:UnlimitedPower","hexamod:ExtraCrispy"],"picked":"hexamod:GhostflameInferno","floor":27.0},{"not_picked":["hexamod:NecessarySacrifice","hexamod:FourthSeal","hexamod:BurningTouch"],"picked":"SKIP","floor":28.0},{"not_picked":["hexamod:SpectersWail","hexamod:BurningTouch"],"picked":"hexamod:EtherealExpedition","floor":30.0},{"not_picked":["hexamod:RetreatToShadows","hexamod:NightmareGuise","hexamod:HeatMetal"],"picked":"SKIP","floor":31.0},{"not_picked":["hexamod:NightmareStrike+1","hexamod:BacktrackSmack"],"picked":"hexamod:Hexaguard","floor":32.0},{"not_picked":["hexamod:GiftsFromTheDead","hexamod:ApocalypticArmor"],"picked":"hexamod:UnleashSpirits","floor":33.0},{"not_picked":[],"picked":"hexamod:AdvancingGuard+1","floor":36.0},{"not_picked":[],"picked":"hexamod:SwordOfDarkness+1","floor":37.0},{"not_picked":[],"picked":"hexamod:NightmareGuise","floor":39.0},{"not_picked":[],"picked":"hexamod:TimeOfNeed","floor":42.0},{"not_picked":[],"picked":"hexamod:RecurringNightmare","floor":43.0},{"not_picked":[],"picked":"hexamod:BurningTouch","floor":45.0},{"not_picked":["hexamod:ThermalTransfer+1"],"picked":"Shrug It Off+1","floor":49.0},{"not_picked":["jedi:suffering+1","Reckless Charge+1"],"picked":"SKIP","floor":52.0}],"player_experience":2358844,"relics_obtained":[{"floor":18.0,"key":"hubris:FunFungus"},{"floor":24.0,"key":"Simple Rune"},{"floor":31.0,"key":"aspiration:AnachronicSnailShell"},{"floor":37.0,"key":"Calipers"},{"floor":41.0,"key":"Blood Vial"},{"floor":43.0,"key":"Eternal Feather"},{"floor":52.0,"key":"InkBottle"}],"event_choices":[{"damage_healed":0.0,"max_hp_gain":0.0,"max_hp_loss":0.0,"gold_gain":0.0,"event_name":"Lab","player_choice":"Got Potions","floor":14.0,"gold_loss":0.0,"damage_taken":0.0},{"damage_healed":0.0,"max_hp_gain":0.0,"max_hp_loss":0.0,"gold_gain":0.0,"event_name":"Transmorgrifier","player_choice":"Ignored","floor":23.0,"gold_loss":0.0,"damage_taken":0.0},{"damage_healed":0.0,"max_hp_gain":0.0,"max_hp_loss":0.0,"gold_gain":0.0,"event_name":"Mysterious Sphere","player_choice":"Fight","floor":37.0,"gold_loss":0.0,"damage_taken":0.0}],"is_beta":false,"boss_relics":[{"not_picked":["halation:LoveArrow","hubris:CrackedHourglass"],"picked":"hubris:GrandSneckoEye"},{"not_picked":["construct:WeddingRing","Replay:Wanted Poster"],"picked":"Busted Crown"}],"items_purged_floors":[],"is_endless":false,"potions_floor_spawned":[2,8,10,15,16,19,20,28,33,37,42,43,45,49],"ascension_level":2}}