{"host":"5jyeqch4fosnsiz2","time":1610381913,"event":{"mods":["BaseMod","Bestiary","Colored Map","Colored Powertips","Filter the Spire","Minty Spire (QoL Compilation)","Relic Stats","StSLib","Waifu the Spire","ojb\u0027s Better Paths Mod","ojb\u0027s Info Mod"],"gold_per_floor":[169,181,93,43,58,93,93,119,166,166,179,179,190,190,190,288,288,304,73,89,14,14,43,43,53,53,53,53],"floor_reached":27,"playtime":1038,"items_purged":["Strike_B"],"score":241,"play_id":"f02647f8-81af-4862-b8e6-8d4c02e6de24","local_time":"20210111111833","is_ascension_mode":false,"campfire_choices":[{"data":"Dualcast","floor":7,"key":"SMITH"},{"data":"Rip and Tear","floor":10,"key":"SMITH"},{"data":"Recycle","floor":12,"key":"SMITH"},{"floor":15,"key":"REST"}],"circlet_count":0,"master_deck":["Strike_B","Strike_B","Strike_B","Defend_B","Defend_B+1","Defend_B","Zap","Dualcast+1","Rip and Tear+1","Hologram","Doom and Gloom","Coolheaded","Sweeping Beam","Core Surge","Defragment+1","Conserve Battery","Leap+1","RitualDagger","Redo"],"relics":["Tiny House","Mercury Hourglass","Nunchaku","Regal Pillow","Velvet Choker","PreservedInsect","White Beast Statue","WingedGreaves"],"acts_visited":["Exordium","TheCity"],"potions_floor_usage":[2,16,16,25,27],"damage_taken":[{"damage":0,"enemies":"Cultist","floor":1,"turns":3},{"damage":2,"enemies":"2 Louse","floor":2,"turns":2},{"damage":5,"enemies":"Jaw Worm","floor":5,"turns":4},{"damage":21,"enemies":"Lagavulin","floor":6,"turns":7},{"damage":17,"enemies":"3 Sentries","floor":8,"turns":4},{"damage":0,"enemies":"Large Slime","floor":11,"turns":4},{"damage":0,"enemies":"3 Louse","floor":13,"turns":1},{"damage":45,"enemies":"Hexaghost","floor":16,"turns":7},{"damage":10,"enemies":"2 Thieves","floor":18,"turns":3},{"damage":9,"enemies":"Shell Parasite","floor":20,"turns":5},{"damage":23,"enemies":"Book of Stabbing","floor":23,"turns":5},{"damage":10,"enemies":"Centurion and Healer","floor":25,"turns":6},{"damage":22,"enemies":"Slavers","floor":27,"turns":1}],"seed_played":"2990660794010919514","potions_obtained":[{"floor":0,"key":"SteroidPotion"},{"floor":1,"key":"SteroidPotion"},{"floor":5,"key":"SkillPotion"},{"floor":8,"key":"FearPotion"},{"floor":13,"key":"FocusPotion"},{"floor":20,"key":"AttackPotion"},{"floor":25,"key":"PowerPotion"}],"is_trial":false,"path_per_floor":["M","M","$","?","M","E","R","E","T","R","M","R","M","?","R","B",null,"M","$","M","?","?","E","?","M","T","E"],"character_chosen":"DEFECT","items_purchased":["Doom and Gloom","Coolheaded","PreservedInsect"],"campfire_rested":1,"item_purchase_floors":[3,3,19],"current_hp_per_floor":[80,78,78,78,73,52,52,35,35,35,35,35,35,35,74,29,80,70,70,61,61,55,32,32,22,22,0,0],"gold":53,"neow_bonus":"BOSS_RELIC","is_daily":false,"chose_seed":false,"campfire_upgraded":3,"win_rate":0.0,"timestamp":1610381913,"path_taken":["M","M","$","?","M","E","R","E","T","R","M","R","M","?","R","BOSS","M","?","M","?","?","E","?","M","T","E"],"items_purchased_type":["Card","Card","Relic"],"build_version":"2020-12-22","purchased_purges":1,"victory":false,"max_hp_per_floor":[80,80,80,80,80,80,80,80,80,80,80,80,80,80,80,80,80,80,80,80,80,80,80,80,80,80,80,80],"relic_stats":{"Nunchaku":[5],"Regal Pillow":15,"counters":[13,52],"PreservedInsect":81,"obtain_stats":[{"Nunchaku":8,"Regal Pillow":9,"Tiny House":0,"Velvet Choker":17,"PreservedInsect":19,"WingedGreaves":26,"Cracked Core":0,"White Beast Statue":23,"Mercury Hourglass":6},{"Nunchaku":5,"Regal Pillow":5,"Tiny House":0,"Velvet Choker":8,"PreservedInsect":9,"WingedGreaves":12,"Cracked Core":0,"White Beast Statue":11,"Mercury Hourglass":4},{"Nunchaku":20,"Regal Pillow":20,"Tiny House":0,"Velvet Choker":32,"PreservedInsect":35,"WingedGreaves":51,"Cracked Core":0,"White Beast Statue":45,"Mercury Hourglass":16}],"Mercury Hourglass":[135]},"card_choices":[{"not_picked":["Hello World","Steam Power"],"picked":"Rip and Tear","floor":0},{"not_picked":["Melter","Reinforced Body"],"picked":"Hologram","floor":1},{"not_picked":["Stack","BootSequence","Compile Driver"],"picked":"SKIP","floor":2},{"not_picked":["Scrape","Skim"],"picked":"Sweeping Beam","floor":5},{"not_picked":["Gash","Tempest","Force Field"],"picked":"SKIP","floor":6},{"not_picked":["Sweeping Beam","Scrape"],"picked":"Core Surge","floor":8},{"not_picked":["Gash","Cold Snap"],"picked":"Recycle","floor":11},{"not_picked":["Hologram","Beam Cell"],"picked":"Defragment","floor":13},{"not_picked":["Amplify","Rainbow"],"picked":"Fission","floor":16},{"not_picked":["Compile Driver+1","Hologram"],"picked":"Conserve Battery","floor":18},{"not_picked":["FTL","Barrage"],"picked":"Leap+1","floor":20},{"not_picked":["Beam Cell+1","Turbo","Gash"],"picked":"SKIP","floor":23},{"not_picked":["Coolheaded+1","Hologram"],"picked":"Redo","floor":25}],"player_experience":296113,"relics_obtained":[{"floor":6,"key":"Mercury Hourglass"},{"floor":8,"key":"Nunchaku"},{"floor":9,"key":"Regal Pillow"},{"floor":23,"key":"White Beast Statue"},{"floor":26,"key":"WingedGreaves"}],"event_choices":[{"cards_removed":["Defend_B"],"damage_healed":0,"gold_gain":0,"player_choice":"Card Removal","damage_taken":0,"max_hp_gain":0,"max_hp_loss":0,"event_name":"The Cleric","floor":4,"gold_loss":50},{"damage_healed":0,"gold_gain":0,"player_choice":"Upgraded","damage_taken":0,"max_hp_gain":0,"max_hp_loss":0,"event_name":"Upgrade Shrine","floor":14,"gold_loss":0,"cards_upgraded":["Defragment"]},{"cards_removed":["Fission"],"damage_healed":0,"gold_gain":0,"player_choice":"Gave Gold","damage_taken":0,"max_hp_gain":0,"max_hp_loss":0,"event_name":"Beggar","floor":21,"gold_loss":75},{"damage_healed":0,"gold_gain":0,"player_choice":"Joined the Cult","damage_taken":6,"max_hp_gain":0,"max_hp_loss":0,"event_name":"Nest","floor":22,"gold_loss":0,"cards_obtained":["RitualDagger"]},{"cards_removed":["Recycle"],"damage_healed":0,"gold_gain":0,"player_choice":"Elegance","damage_taken":0,"max_hp_gain":0,"max_hp_loss":0,"event_name":"Back to Basics","floor":24,"gold_loss":0}],"is_beta":false,"boss_relics":[{"not_picked":["Coffee Dripper","Empty Cage"],"picked":"Velvet Choker"}],"items_purged_floors":[19],"is_endless":false,"potions_floor_spawned":[1,5,8,13,20,25],"killed_by":"Slavers","ascension_level":0}}