{"host":"8xi53560pl5zaoq2","time":1610347086,"event":{"mods":["BaseMod","Colored Map","Highlight Path","Minty Spire (QoL Compilation)","StSLib","Synergy Search"],"gold_per_floor":[112,129,149,149,162,179,179,198,222,242,242,252,279,279,279,279,279],"floor_reached":16,"playtime":725,"items_purged":[],"score":159,"play_id":"25cfb0a2-244a-4e40-b21d-d8355e7d5dd0","local_time":"20210110233806","is_ascension_mode":true,"campfire_choices":[{"data":"CrushJoints","floor":7,"key":"SMITH"},{"floor":11,"key":"REST"},{"floor":15,"key":"REST"}],"circlet_count":0,"master_deck":["AscendersBane","Strike_P","Strike_P","Defend_P","Defend_P","Defend_P","Eruption","Vigilance","SignatureMove","Consecrate","FearNoEvil","CrushJoints+1","Wireheading","Prostrate","FlurryOfBlows","Adaptation"],"relics":["PureWater","Omamori","Smiling Mask","Golden Idol"],"acts_visited":["Exordium"],"potions_floor_usage":[16],"damage_taken":[{"damage":0,"enemies":"Jaw Worm","floor":1,"turns":4},{"damage":3,"enemies":"2 Louse","floor":2,"turns":2},{"damage":1,"enemies":"Cultist","floor":3,"turns":3},{"damage":5,"enemies":"Gremlin Gang","floor":5,"turns":5},{"damage":18,"enemies":"Red Slaver","floor":6,"turns":5},{"damage":7,"enemies":"3 Louse","floor":8,"turns":2},{"damage":4,"enemies":"2 Fungi Beasts","floor":10,"turns":2},{"damage":0,"enemies":"Exordium Wildlife","floor":12,"turns":4},{"damage":20,"enemies":"Gremlin Nob","floor":13,"turns":4},{"damage":8,"enemies":"Slime Boss","floor":16,"turns":5}],"seed_played":"2646855474003588796","potions_obtained":[{"floor":2,"key":"BlessingOfTheForge"},{"floor":3,"key":"SpeedPotion"},{"floor":5,"key":"Ancient Potion"},{"floor":13,"key":"EssenceOfSteel"}],"is_trial":false,"path_per_floor":["M","M","M","?","M","M","R","M","T","M","R","M","E","?","R","B"],"character_chosen":"WATCHER","items_purchased":[],"campfire_rested":2,"item_purchase_floors":[],"current_hp_per_floor":[65,62,61,54,49,31,31,24,24,20,39,39,19,3,22,14,14],"gold":279,"neow_bonus":"REMOVE_TWO","is_daily":false,"chose_seed":false,"campfire_upgraded":1,"win_rate":0.0,"timestamp":1610347086,"path_taken":["M","M","M","?","M","M","R","M","T","M","R","M","E","?","R","BOSS"],"items_purchased_type":[],"build_version":"2020-12-22","purchased_purges":0,"victory":false,"max_hp_per_floor":[65,65,65,65,65,65,65,65,65,65,65,65,65,65,65,65,65],"card_choices":[{"not_picked":["Consecrate","FollowUp"],"picked":"SignatureMove","floor":1},{"not_picked":["Halt","WreathOfFlame"],"picked":"Consecrate","floor":2},{"not_picked":["ThirdEye","Meditate"],"picked":"FearNoEvil","floor":3},{"not_picked":["ClearTheMind","SashWhip","Halt"],"picked":"SKIP","floor":5},{"not_picked":["ForeignInfluence","ThirdEye"],"picked":"CrushJoints","floor":6},{"not_picked":["LikeWater","EmptyBody"],"picked":"Wireheading","floor":8},{"not_picked":["Conclude","FlyingSleeves"],"picked":"Prostrate","floor":10},{"not_picked":["WheelKick","Conclude"],"picked":"FlurryOfBlows","floor":12},{"not_picked":["Evaluate","CrushJoints"],"picked":"Adaptation","floor":13}],"player_experience":1287735,"relics_obtained":[{"floor":9,"key":"Omamori"},{"floor":13,"key":"Smiling Mask"}],"event_choices":[{"cards_removed":["Strike_P"],"damage_healed":0,"gold_gain":0,"player_choice":"Card Removal","damage_taken":7,"max_hp_gain":0,"max_hp_loss":0,"event_name":"Golden Wing","floor":4,"gold_loss":0},{"damage_healed":0,"gold_gain":0,"player_choice":"Take Damage","damage_taken":16,"relics_obtained":["Golden Idol"],"max_hp_gain":0,"max_hp_loss":0,"event_name":"Golden Idol","floor":14,"gold_loss":0}],"is_beta":false,"boss_relics":[],"items_purged_floors":[],"is_endless":false,"potions_floor_spawned":[2,3,5,13],"killed_by":"Slime Boss","ascension_level":10}}