{"host":"vohenq18pmg6jboc","time":1610350089,"event":{"mods":["Arknights The Spire","BaseMod","Chen","Gremlin Mod","Hermit","Koishi","Marisa¡]Ãú«B¡@Å]²z¨F¡^","Minty Spire (QoL Compilation)","Remilia¡]Á¢¦Ì²ú?¡^","StSLib","The Administrix","The Bug Knight","The Cursed","The Servant 0.9.4","Yakumo Yukari mod","Youmu¡]»î¾z§¯?¡^","Yuyuko"],"gold_per_floor":[110,129,129,129,154,154,223,238,238,238,7,7,107,131,131,260,260,279,303,303,303],"floor_reached":20,"playtime":1329,"items_purged":[],"score":162,"play_id":"d09e1457-32d8-46e0-965f-b82787cf22a2","local_time":"20210111152808","is_ascension_mode":false,"campfire_choices":[{"data":"Dagger Spray","floor":6,"key":"SMITH"},{"floor":10,"key":"REST"},{"data":"Infinite Blades","floor":12,"key":"SMITH"},{"data":"Caltrops","floor":15,"key":"SMITH"}],"circlet_count":0,"master_deck":["Strike_G","Strike_G","Strike_G","Strike_G","Strike_G","Defend_G","Defend_G","Defend_G","Defend_G","Defend_G","Survivor","Neutralize","Poisoned Stab","Dagger Spray+1","Blade Dance","Poisoned Stab+1","Unload+1","Mind Blast+1","Infinite Blades+1","Caltrops+1","Glass Knife+1","Outmaneuver+1","Dagger Throw+1"],"relics":["Ring of the Serpent","NeowsBlessing","Golden Idol","Bronze Scales","Molten Egg 2","Sundial"],"acts_visited":["Exordium","TheCity"],"potions_floor_usage":[],"damage_taken":[{"damage":0,"enemies":"Cultist","floor":1,"turns":1},{"damage":0,"enemies":"Small Slimes","floor":2,"turns":1},{"damage":0,"enemies":"Lagavulin Event","floor":7,"turns":1},{"damage":0,"enemies":"Jaw Worm","floor":8,"turns":3},{"damage":0,"enemies":"Large Slime","floor":14,"turns":2},{"damage":24,"enemies":"Hexaghost","floor":16,"turns":7},{"damage":19,"enemies":"Spheric Guardian","floor":18,"turns":3},{"damage":37,"enemies":"2 Thieves","floor":19,"turns":3},{"damage":18,"enemies":"Shelled Parasite and Fungi","floor":20,"turns":1}],"seed_played":"5774296344941020756","potions_obtained":[{"floor":8,"key":"SteroidPotion"},{"floor":14,"key":"GhostInAJar"},{"floor":16,"key":"EssenceOfSteel"},{"floor":19,"key":"Regen Potion"}],"is_trial":false,"path_per_floor":["M","M","$","?","T","R","?","M","T","R","$","R","?","M","R","B",null,"M","M","M"],"character_chosen":"THE_SILENT","items_purchased":["Unload+1","Mind Blast+1","Infinite Blades"],"campfire_rested":1,"item_purchase_floors":[11,11,11],"current_hp_per_floor":[70,70,70,53,53,53,53,53,53,70,70,70,70,70,70,46,70,51,14,0,0],"gold":303,"neow_bonus":"THREE_ENEMY_KILL","is_daily":false,"chose_seed":false,"campfire_upgraded":3,"win_rate":0.0,"timestamp":1610350088,"path_taken":["M","?","$","?","?","R","?","M","T","R","?","R","?","M","R","BOSS","M","?","M"],"items_purchased_type":["Card","Card","Card"],"build_version":"2020-12-22","purchased_purges":0,"victory":false,"max_hp_per_floor":[70,70,70,70,70,70,70,70,70,70,70,70,70,70,70,70,70,70,70,70,70],"card_choices":[{"not_picked":["Deflect","Crippling Poison"],"picked":"Poisoned Stab","floor":1},{"not_picked":["Dagger Throw","Acrobatics"],"picked":"Dagger Spray","floor":2},{"not_picked":["Quick Slash+1","Acrobatics"],"picked":"Blade Dance","floor":7},{"not_picked":["Backflip","PiercingWail"],"picked":"Poisoned Stab+1","floor":8},{"not_picked":["Underhanded Strike+1","Quick Slash+1"],"picked":"Caltrops","floor":14},{"not_picked":["Unload+1","Adrenaline"],"picked":"Glass Knife+1","floor":16},{"not_picked":["Dodge and Roll","Blade Dance"],"picked":"Outmaneuver+1","floor":18},{"not_picked":["Dodge and Roll","Caltrops"],"picked":"Dagger Throw+1","floor":19}],"player_experience":50161,"relics_obtained":[{"floor":5,"key":"Bronze Scales"},{"floor":9,"key":"Sundial"}],"event_choices":[{"damage_healed":0,"gold_gain":0,"player_choice":"Take Damage","damage_taken":17,"relics_obtained":["Golden Idol"],"max_hp_gain":0,"max_hp_loss":0,"event_name":"Golden Idol","floor":4,"gold_loss":0},{"damage_healed":0,"gold_gain":0,"player_choice":"Searched \u00272\u0027 times","damage_taken":0,"relics_obtained":["Molten Egg 2"],"max_hp_gain":0,"max_hp_loss":0,"event_name":"Dead Adventurer","floor":7,"gold_loss":0},{"damage_healed":0,"gold_gain":100,"player_choice":"Pray","damage_taken":0,"max_hp_gain":0,"max_hp_loss":0,"event_name":"Golden Shrine","floor":13,"gold_loss":0}],"is_beta":false,"boss_relics":[{"not_picked":["SlaversCollar","SacredBark"],"picked":"Ring of the Serpent"}],"items_purged_floors":[],"is_endless":false,"potions_floor_spawned":[8,14,16,19],"killed_by":"Shelled Parasite and Fungi","ascension_level":0}}