{"host":"ci7cmvrwpmzqnw7e","time":1610338028,"event":{"mods":["BaseMod","BetterRewards","Colored Map","Downfall","GungeonMod","Highlight Path","Hubris","Infinite Spire","Minty Spire (QoL Compilation)","Random Character Button","Rare Cards Sparkle","Replay The Spire","Shop Mod","StSLib","The Disciple","The Forsaken","The Necromancer"],"gold_per_floor":[110,125,150,168,168,168,197,129,129,129,59,59,79,79,79,182,182,193,193,205,222,232,232,232],"floor_reached":23,"playtime":879,"items_purged":["Strike_W"],"score":191,"play_id":"f0808181-e5c5-4cf8-870f-1287a703df99","local_time":"20210110210708","is_ascension_mode":false,"campfire_choices":[{"data":"Finger_Of_Death","floor":6,"key":"SMITH"},{"data":"Bone_Armory","floor":10,"key":"SMITH"},{"data":"Summon_Lich","floor":12,"key":"SMITH"}],"circlet_count":0,"master_deck":["Strike_W","Strike_W","Strike_W","Defend_W","Defend_W","Defend_W","Defend_W","Negative_Energy_Arrows","Bone_Wall","Finger_Of_Death+1","Finger_Of_Death","Whirlwind_of_Bones+1","Bone_Armory+1","Summon_Lich+1","Siphon_Strength","Summon_Vampire_Lady"],"relics":["Vampire_Amulet","NeowsBlessing","MealTicket","infinitespire:Eraser","Mirror","Painkiller Herb","SlaversCollar","Ice Cream"],"acts_visited":["Exordium","TheCity"],"potions_floor_usage":[7],"damage_taken":[{"damage":0,"enemies":"Cultist","floor":1,"turns":1},{"damage":0,"enemies":"Small Slimes","floor":2,"turns":1},{"damage":0,"enemies":"2 Louse","floor":4,"turns":1},{"damage":22,"enemies":"3 Sentries","floor":7,"turns":10},{"damage":7,"enemies":"2 Fungi Beasts","floor":13,"turns":4},{"damage":64,"enemies":"Slime Boss","floor":16,"turns":9},{"damage":21,"enemies":"Spheric Guardian","floor":18,"turns":4},{"damage":21,"enemies":"Shell Parasite","floor":20,"turns":4},{"damage":24,"enemies":"Snake Plant","floor":21,"turns":6},{"damage":40,"enemies":"Sentry and Sphere","floor":22,"turns":6},{"damage":13,"enemies":"Gremlin Leader","floor":23,"turns":2}],"seed_played":"-2270789759532777369","potions_obtained":[{"floor":4,"key":"ColorlessPotion"},{"floor":16,"key":"Venom Potion"},{"floor":21,"key":"Dexterity Potion"}],"is_trial":false,"path_per_floor":["M","M","T","M","?","R","E","$","T","R","$","R","M","?","R_BF","B",null,"?","AVR","?","?","?","E"],"character_chosen":"NECROMANCER","items_purchased":["Bone_Armory","Summon_Lich"],"campfire_rested":0,"item_purchase_floors":[8,11],"current_hp_per_floor":[75,75,75,75,75,75,59,74,74,74,75,75,72,72,75,19,75,56,56,46,24,3,0,0],"gold":232,"neow_bonus":"THREE_ENEMY_KILL","is_daily":false,"chose_seed":false,"campfire_upgraded":3,"win_rate":0.0,"timestamp":1610338028,"path_taken":["M","M","?","M","?","R","E","$","T","R","$","R","M","?","R_BF","BOSS","?","AVR","?","?","?","E"],"items_purchased_type":["Card","Card"],"build_version":"2020-12-22","purchased_purges":1,"victory":false,"max_hp_per_floor":[75,75,75,75,75,75,75,75,75,75,75,75,75,75,75,75,75,75,75,75,75,75,75,75],"card_choices":[{"not_picked":["Necromantic_Selection","Vampiric_Strike"],"picked":"Finger_Of_Death","floor":1},{"not_picked":["Negative_Energy_Burst","Negative_Energy_Javelin","Shackles_Of_Pain"],"picked":"SKIP","floor":2},{"not_picked":["Blood_Is_Power","Epidemic"],"picked":"Finger_Of_Death","floor":4},{"not_picked":["Death_March_Dance","Negative_Energy_Mist"],"picked":"Whirlwind_of_Bones","floor":7},{"not_picked":["Chill_Blood","Bone_Prison"],"picked":"Siphon_Strength","floor":13},{"not_picked":["Blood_Wake","Skeleton_Dragon"],"picked":"Summon_Vampire_Lady","floor":16},{"not_picked":["Chill_Blood","Shackles_Of_Pain","Negative_Energy_Burst"],"picked":"SKIP","floor":18},{"not_picked":["Bone_Bullets","Shackles_Of_Pain","Deaths_Shadow"],"picked":"SKIP","floor":20},{"not_picked":["Vampiric_Strike","Blood_Shield","Blood_Curse"],"picked":"SKIP","floor":21},{"not_picked":["Finger_Of_Death","Blood_for_Blood","Plague_Bolt"],"picked":"SKIP","floor":22}],"player_experience":42878,"relics_obtained":[{"floor":3,"key":"MealTicket"},{"floor":7,"key":"infinitespire:Eraser"},{"floor":9,"key":"Mirror"}],"event_choices":[{"damage_healed":0,"gold_gain":0,"player_choice":"Ignored","damage_taken":0,"max_hp_gain":0,"max_hp_loss":0,"event_name":"Liars Game","floor":5,"gold_loss":0}],"is_beta":false,"boss_relics":[{"not_picked":["Runic Dome","Ectoplasm"],"picked":"Painkiller Herb"}],"items_purged_floors":[19],"is_endless":false,"potions_floor_spawned":[4,16,21],"killed_by":"Gremlin Leader","ascension_level":0}}