{"host":"vlqejv0notyktumz","time":1610394325,"event":{"mods":["AchievementEnabler","BaseMod","Googly Eyes","Minty Spire (QoL Compilation)"],"gold_per_floor":[115,131,131,3,17,17,31,50,50,50,69,69,104,114,114,218,218,235,135,152,165,175,175,192,227,227,247,247,247,28,45,45,147,147,158,158,170,187,237,267,267,267,290,317,317,14,14,43,43,43,43],"floor_reached":50,"playtime":1698,"items_purged":["Defend_B","Defend_B","Strike_B","Defend_B"],"score":672,"play_id":"854d1bd2-f641-4cfe-9b4f-a5cc71d0300f","local_time":"20210111134525","is_ascension_mode":true,"campfire_choices":[{"data":"Doom and Gloom","floor":6,"key":"SMITH"},{"data":"All For One","floor":12,"key":"SMITH"},{"data":"Conserve Battery","floor":15,"key":"SMITH"},{"floor":23,"key":"RECALL"},{"floor":29,"key":"REST"},{"floor":32,"key":"REST"},{"data":"Undo","floor":41,"key":"SMITH"},{"data":"BootSequence","floor":45,"key":"SMITH"},{"floor":47,"key":"REST"},{"floor":49,"key":"REST"}],"circlet_count":0,"master_deck":["Strike_B","Strike_B","Defend_B","Zap+1","Dualcast","Auto Shields","Conserve Battery+1","Doom and Gloom+1","Ball Lightning","Coolheaded","All For One+1","BootSequence+1","Echo Form","Leap+1","Ball Lightning+1","Undo+1","Skim+1","Meteor Strike","Flash of Steel","Gash+1","Conserve Battery+1","Hologram+1","Gash+1","Reinforced Body+1"],"relics":["Cracked Core","StrikeDummy","Symbiotic Virus","Nuclear Battery","Darkstone Periapt","SlaversCollar","Lizard Tail","Blue Candle","CeramicFish","Strawberry"],"acts_visited":["Exordium","TheCity","TheBeyond"],"potions_floor_usage":[11,11,11,13,13,24,25,25,31,33,33,40,48],"damage_taken":[{"damage":0,"enemies":"2 Louse","floor":1,"turns":2},{"damage":0,"enemies":"Cultist","floor":2,"turns":4},{"damage":0,"enemies":"Small Slimes","floor":5,"turns":3},{"damage":5,"enemies":"Gremlin Gang","floor":7,"turns":3},{"damage":1,"enemies":"Looter","floor":8,"turns":3},{"damage":4,"enemies":"Exordium Thugs","floor":11,"turns":4},{"damage":15,"enemies":"Gremlin Nob","floor":13,"turns":3},{"damage":1,"enemies":"Blue Slaver","floor":14,"turns":3},{"damage":37,"enemies":"The Guardian","floor":16,"turns":9},{"damage":0,"enemies":"3 Byrds","floor":18,"turns":4},{"damage":2,"enemies":"Chosen","floor":20,"turns":3},{"damage":10,"enemies":"Shelled Parasite and Fungi","floor":21,"turns":4},{"damage":10,"enemies":"Cultist and Chosen","floor":22,"turns":6},{"damage":2,"enemies":"Snake Plant","floor":24,"turns":2},{"damage":20,"enemies":"Slavers","floor":25,"turns":5},{"damage":11,"enemies":"Centurion and Healer","floor":27,"turns":6},{"damage":0,"enemies":"Sentry and Sphere","floor":31,"turns":3},{"damage":26,"enemies":"Champ","floor":33,"turns":8},{"damage":9,"enemies":"3 Shapes","floor":35,"turns":6},{"damage":0,"enemies":"Orb Walker","floor":37,"turns":4},{"damage":16,"enemies":"Jaw Worm Horde","floor":38,"turns":4},{"damage":3,"enemies":"Mind Bloom Boss Battle","floor":39,"turns":6},{"damage":45,"enemies":"Reptomancer","floor":40,"turns":8},{"damage":33,"enemies":"4 Shapes","floor":44,"turns":5},{"damage":13,"enemies":"3 Darklings","floor":48,"turns":6},{"damage":70,"enemies":"Awakened One","floor":50,"turns":16}],"seed_played":"8960758274900961213","potions_obtained":[{"floor":2,"key":"SkillPotion"},{"floor":5,"key":"Weak Potion"},{"floor":10,"key":"EntropicBrew"},{"floor":10,"key":"EssenceOfSteel"},{"floor":13,"key":"LiquidBronze"},{"floor":14,"key":"GamblersBrew"},{"floor":25,"key":"PotionOfCapacity"},{"floor":27,"key":"DistilledChaos"},{"floor":31,"key":"FocusPotion"},{"floor":37,"key":"SteroidPotion"},{"floor":38,"key":"Fire Potion"},{"floor":44,"key":"EssenceOfSteel"}],"is_trial":false,"path_per_floor":["M","M","?","$","M","R","M","M","T","?","M","R","E","M","R","B",null,"M","$","M","M","M","R","M","E","T","M","?","R","$","M","R","B",null,"M","?","M","M","?","E","R","?","T","M","R","$","R","M","R","B"],"character_chosen":"DEFECT","items_purchased":["Conserve Battery","Flash of Steel","Strawberry"],"campfire_rested":4,"item_purchase_floors":[4,30,46],"current_hp_per_floor":[68,68,68,68,68,68,63,62,62,62,58,58,43,42,42,5,58,58,58,56,46,36,36,34,14,14,3,3,25,25,25,47,21,62,53,53,53,37,34,37,37,66,66,33,33,40,61,48,69,0,0],"gold":43,"neow_bonus":"UPGRADE_CARD","is_daily":false,"chose_seed":false,"campfire_upgraded":5,"win_rate":0.0,"timestamp":1610394325,"path_taken":["M","M","?","$","M","R","?","M","T","?","M","R","E","M","R","BOSS","M","$","M","?","M","R","M","E","T","M","?","R","?","M","R","BOSS","M","?","M","M","?","E","R","?","T","?","R","$","R","M","R","BOSS"],"items_purchased_type":["Card","Card","Relic"],"build_version":"2020-12-22","purchased_purges":4,"victory":false,"max_hp_per_floor":[75,75,75,75,75,75,75,75,75,75,75,75,75,75,75,75,75,75,75,75,75,75,75,75,75,75,75,75,75,75,75,75,75,75,75,75,75,75,75,75,75,66,66,66,66,73,73,73,73,73,73],"card_choices":[{"not_picked":["Steam","Cold Snap"],"picked":"Auto Shields","floor":1},{"not_picked":["Turbo","Aggregate","Recycle"],"picked":"SKIP","floor":2},{"not_picked":["Streamline","Compile Driver"],"picked":"Doom and Gloom","floor":5},{"not_picked":["Barrage","Go for the Eyes"],"picked":"Ball Lightning","floor":7},{"not_picked":["Auto Shields","Blizzard"],"picked":"Coolheaded","floor":8},{"not_picked":["Conserve Battery","Reinforced Body"],"picked":"All For One","floor":11},{"not_picked":["Reprogram","Streamline"],"picked":"BootSequence","floor":13},{"not_picked":["Streamline","Aggregate","Self Repair"],"picked":"SKIP","floor":14},{"not_picked":["Multi-Cast","Rainbow"],"picked":"Echo Form","floor":16},{"not_picked":["Coolheaded","Steam"],"picked":"Leap+1","floor":18},{"not_picked":["Beam Cell+1","Genetic Algorithm"],"picked":"Ball Lightning+1","floor":20},{"not_picked":["Conserve Battery","Leap+1","Streamline"],"picked":"SKIP","floor":21},{"not_picked":["Turbo","Conserve Battery","Hologram"],"picked":"SKIP","floor":22},{"not_picked":["Compile Driver","Heatsinks"],"picked":"Undo","floor":24},{"not_picked":["Echo Form","Rip and Tear"],"picked":"Skim+1","floor":25},{"not_picked":["Leap","Hologram","Sunder"],"picked":"SKIP","floor":27},{"not_picked":["Tempest","Cold Snap","Leap"],"picked":"SKIP","floor":31},{"not_picked":["Loop+1","Scrape+1"],"picked":"Gash+1","floor":35},{"not_picked":["Leap+1","Rebound","Consume+1"],"picked":"SKIP","floor":37},{"not_picked":["Capacitor+1","Sweeping Beam"],"picked":"Conserve Battery+1","floor":38},{"not_picked":["Barrage+1","Conserve Battery+1"],"picked":"Hologram+1","floor":39},{"not_picked":["Steam+1","Fission","Coolheaded+1"],"picked":"SKIP","floor":40},{"not_picked":["Compile Driver","Conserve Battery+1"],"picked":"Gash+1","floor":44},{"not_picked":["Barrage+1","Tempest+1"],"picked":"Reinforced Body+1","floor":48}],"player_experience":327817,"relics_obtained":[{"floor":9,"key":"StrikeDummy"},{"floor":13,"key":"Symbiotic Virus"},{"floor":25,"key":"Darkstone Periapt"},{"floor":39,"key":"Lizard Tail"},{"floor":40,"key":"Blue Candle"},{"floor":43,"key":"CeramicFish"}],"event_choices":[{"damage_healed":0,"gold_gain":0,"player_choice":"Bought 0 Potions","damage_taken":0,"max_hp_gain":0,"max_hp_loss":0,"event_name":"The Woman in Blue","floor":3,"gold_loss":0},{"damage_healed":0,"gold_gain":0,"player_choice":"Got Potions","damage_taken":0,"max_hp_gain":0,"max_hp_loss":0,"event_name":"Lab","floor":10,"gold_loss":0},{"damage_healed":0,"gold_gain":0,"cards_transformed":["Strike_B"],"player_choice":"Transformed","damage_taken":0,"max_hp_gain":0,"max_hp_loss":0,"event_name":"Transmorgrifier","floor":28,"gold_loss":0,"cards_obtained":["Meteor Strike"]},{"damage_healed":0,"gold_gain":0,"player_choice":"Ignored","damage_taken":0,"max_hp_gain":0,"max_hp_loss":0,"event_name":"Tomb of Lord Red Mask","floor":36,"gold_loss":0},{"damage_healed":0,"gold_gain":0,"player_choice":"Fight","damage_taken":0,"max_hp_gain":0,"max_hp_loss":0,"event_name":"MindBloom","floor":39,"gold_loss":0},{"damage_healed":66,"gold_gain":0,"player_choice":"Heal","damage_taken":0,"max_hp_gain":0,"max_hp_loss":9,"event_name":"The Moai Head","floor":42,"gold_loss":0}],"is_beta":false,"boss_relics":[{"not_picked":["Ectoplasm","Runic Pyramid"],"picked":"Nuclear Battery"},{"not_picked":["Fusion Hammer","Coffee Dripper"],"picked":"SlaversCollar"}],"items_purged_floors":[4,19,30,46],"is_endless":false,"potions_floor_spawned":[2,5,13,14,16,18,22,25,27,31,37,38,40,44],"killed_by":"Awakened One","ascension_level":7}}