{"host":"xh3brefae6wm9kl8","time":1610399355,"event":{"mods":["AchievementEnabler","BaseMod","GifTheSpireLib","Keyboard Shortcuts","Minty Spire (QoL Compilation)","Permanent Neow","Relic Stats","StSLib","SuperFastMode"],"gold_per_floor":[119,136,149,149,149,175,100,125,149,167,184,184,195,227,227,227,227],"floor_reached":16,"playtime":672,"items_purged":["Strike_B"],"score":214,"play_id":"2dfbcdad-a8d7-4798-a958-47390ef1459a","local_time":"20210112060915","is_ascension_mode":true,"campfire_choices":[{"floor":12,"key":"REST"},{"data":"Turbo","floor":15,"key":"SMITH"}],"circlet_count":0,"master_deck":["AscendersBane","Strike_B","Strike_B","Strike_B","Defend_B","Defend_B","Defend_B","Defend_B","Zap","Dualcast","Creative AI","Streamline","Ball Lightning","Glacier","Beam Cell","Chill","Ball Lightning","Hologram","Turbo+1"],"relics":["Cracked Core","Tiny Chest","Akabeko","Ice Cream","Pen Nib","FossilizedHelix"],"acts_visited":["Exordium"],"potions_floor_usage":[14,16,16],"damage_taken":[{"damage":9,"enemies":"Jaw Worm","floor":1,"turns":3},{"damage":0,"enemies":"2 Louse","floor":2,"turns":2},{"damage":6,"enemies":"Cultist","floor":3,"turns":3},{"damage":26,"enemies":"3 Sentries","floor":6,"turns":8},{"damage":6,"enemies":"Lagavulin","floor":8,"turns":5},{"damage":9,"enemies":"Lots of Slimes","floor":10,"turns":4},{"damage":0,"enemies":"Exordium Wildlife","floor":11,"turns":2},{"damage":1,"enemies":"Red Slaver","floor":13,"turns":3},{"damage":8,"enemies":"Gremlin Nob","floor":14,"turns":3},{"damage":22,"enemies":"Hexaghost","floor":16,"turns":9}],"seed_played":"-2027294492895427981","potions_obtained":[{"floor":3,"key":"SneckoOil"},{"floor":6,"key":"GamblersBrew"},{"floor":11,"key":"ColorlessPotion"},{"floor":13,"key":"DistilledChaos"},{"floor":14,"key":"SpeedPotion"}],"is_trial":false,"path_per_floor":["M","M","M","?","?","E","$","E","T","M","M","R","M","E","R","B"],"character_chosen":"DEFECT","items_purchased":[],"campfire_rested":1,"item_purchase_floors":[],"current_hp_per_floor":[55,55,49,54,49,23,23,17,17,8,8,30,29,21,21,0,0],"gold":227,"neow_bonus":"ONE_RANDOM_RARE_CARD","is_daily":false,"chose_seed":false,"campfire_upgraded":1,"win_rate":0.0,"timestamp":1610399355,"path_taken":["M","M","M","?","?","E","$","E","T","M","M","R","M","E","R","BOSS"],"items_purchased_type":[],"build_version":"2020-12-22","purchased_purges":1,"victory":false,"max_hp_per_floor":[71,71,71,76,76,76,76,76,76,76,76,76,76,76,76,76,76],"relic_stats":{"counters":[10,42],"Tiny Chest":0,"Pen Nib":[3],"obtain_stats":[{"Ice Cream":8,"Tiny Chest":5,"Pen Nib":9,"Cracked Core":0,"Akabeko":6,"FossilizedHelix":14},{"Ice Cream":5,"Tiny Chest":3,"Pen Nib":5,"Cracked Core":0,"Akabeko":4,"FossilizedHelix":9},{"Ice Cream":21,"Tiny Chest":8,"Pen Nib":21,"Cracked Core":0,"Akabeko":16,"FossilizedHelix":33}]},"card_choices":[{"not_picked":["Hologram","Undo"],"picked":"Streamline","floor":1},{"not_picked":["Sweeping Beam","Rip and Tear"],"picked":"Ball Lightning","floor":2},{"not_picked":["Go for the Eyes","Hologram"],"picked":"Glacier","floor":3},{"not_picked":["Hyperbeam","Streamline"],"picked":"Beam Cell","floor":6},{"not_picked":["Beam Cell","Go for the Eyes"],"picked":"Chill","floor":8},{"not_picked":["Rebound","Conserve Battery"],"picked":"Ball Lightning","floor":10},{"not_picked":["Sweeping Beam","Doom and Gloom"],"picked":"Hologram","floor":11},{"not_picked":["Auto Shields","Hologram","Hello World"],"picked":"SKIP","floor":13},{"not_picked":["Sweeping Beam","White Noise"],"picked":"Turbo","floor":14}],"player_experience":374033,"relics_obtained":[{"floor":6,"key":"Akabeko"},{"floor":8,"key":"Ice Cream"},{"floor":9,"key":"Pen Nib"},{"floor":14,"key":"FossilizedHelix"}],"event_choices":[{"damage_healed":0,"gold_gain":0,"player_choice":"Donut","damage_taken":0,"max_hp_gain":5,"max_hp_loss":0,"event_name":"Big Fish","floor":4,"gold_loss":0},{"damage_healed":0,"gold_gain":0,"player_choice":"Success","damage_taken":5,"relics_obtained":["Tiny Chest"],"max_hp_gain":0,"max_hp_loss":0,"event_name":"Scrap Ooze","floor":5,"gold_loss":0}],"is_beta":false,"boss_relics":[],"items_purged_floors":[7],"is_endless":false,"potions_floor_spawned":[3,6,11,13,14],"killed_by":"Hexaghost","ascension_level":15}}