{"host":"f6f8cjhjgha9mpdq","time":1610370381,"event":{"mods":["BaseMod","Minty Spire (QoL Compilation)","Permanent Neow","StSLib","SuperFastMode"],"gold_per_floor":[111,111,36,36,36,71,71,105,159,188,207,241,241,241,241,313,313,327,355,373,389,289,289,307,232,255,255,269,269,296,312,312,384,384,397,328,348,570,618,618,649,668,668,688,688,688,144,144,144,144,144],"floor_reached":50,"playtime":2491,"items_purged":["Defend_B","Hello World"],"score":1009,"play_id":"dc8cddc9-bf46-4ad0-b85c-299cb01ec18c","local_time":"20210111220620","is_ascension_mode":true,"campfire_choices":[{"data":"Zap","floor":7.0,"key":"SMITH"},{"data":"Dualcast","floor":15.0,"key":"SMITH"},{"data":"Hologram","floor":27.0,"key":"SMITH"},{"data":"Biased Cognition","floor":29.0,"key":"SMITH"},{"data":"Double Energy","floor":32.0,"key":"SMITH"},{"floor":40.0,"key":"DIG"},{"floor":49.0,"key":"DIG"}],"circlet_count":0,"master_deck":["AscendersBane","Zap+1","Dualcast+1","FTL","Reinforced Body","Double Energy+1","BootSequence","Core Surge","Rebound+1","Scrape","Biased Cognition+1","Hologram+1","Gash+1","Tempest+1","Beam Cell","Defragment+1","Core Surge","Reinforced Body","All For One","Force Field","Auto Shields","Madness+1","Madness","Dark Shackles","Panache","Forethought","Coolheaded"],"relics":["Cracked Core","NeowsBlessing","TungstenRod","Juzu Bracelet","Bag of Preparation","Sundial","Mango","Pandora\u0027s Box","Red Mask","Blood Vial","Nuclear Battery","Shovel","Toy Ornithopter","White Beast Statue","Torii","War Paint","Pen Nib","Medical Kit","Mummified Hand"],"acts_visited":["Exordium","TheCity","TheBeyond"],"potions_floor_usage":[50,50],"damage_taken":[{"damage":0.0,"enemies":"Jaw Worm","floor":1.0,"turns":1.0},{"damage":0.0,"enemies":"Gremlin Nob","floor":6.0,"turns":1.0},{"damage":0.0,"enemies":"3 Sentries","floor":8.0,"turns":1.0},{"damage":17.0,"enemies":"Lagavulin","floor":10.0,"turns":6.0},{"damage":0.0,"enemies":"Cultist","floor":11.0,"turns":2.0},{"damage":8.0,"enemies":"Gremlin Nob","floor":12.0,"turns":4.0},{"damage":15.0,"enemies":"The Guardian","floor":16.0,"turns":13.0},{"damage":0.0,"enemies":"3 Byrds","floor":18.0,"turns":2.0},{"damage":17.0,"enemies":"Masked Bandits","floor":19.0,"turns":3.0},{"damage":0.0,"enemies":"Shell Parasite","floor":20.0,"turns":3.0},{"damage":3.0,"enemies":"Shelled Parasite and Fungi","floor":21.0,"turns":2.0},{"damage":2.0,"enemies":"Snecko","floor":24.0,"turns":5.0},{"damage":0.0,"enemies":"Cultist and Chosen","floor":28.0,"turns":3.0},{"damage":4.0,"enemies":"Book of Stabbing","floor":30.0,"turns":5.0},{"damage":0.0,"enemies":"Sentry and Sphere","floor":31.0,"turns":2.0},{"damage":43.0,"enemies":"Champ","floor":33.0,"turns":6.0},{"damage":0.0,"enemies":"3 Darklings","floor":35.0,"turns":2.0},{"damage":13.0,"enemies":"Orb Walker","floor":37.0,"turns":3.0},{"damage":16.0,"enemies":"2 Orb Walkers","floor":39.0,"turns":3.0},{"damage":18.0,"enemies":"Reptomancer","floor":41.0,"turns":4.0},{"damage":32.0,"enemies":"3 Darklings","floor":42.0,"turns":4.0},{"damage":5.0,"enemies":"Transient","floor":44.0,"turns":5.0},{"damage":107,"enemies":"Time Eater","floor":50,"turns":11}],"seed_played":"6243588585156845562","potions_obtained":[{"floor":1.0,"key":"AttackPotion"},{"floor":8.0,"key":"Weak Potion"},{"floor":18.0,"key":"EssenceOfSteel"},{"floor":19.0,"key":"SpeedPotion"},{"floor":21.0,"key":"Block Potion"},{"floor":24.0,"key":"ColorlessPotion"},{"floor":37.0,"key":"Energy Potion"},{"floor":39.0,"key":"Ancient Potion"},{"floor":42.0,"key":"Regen Potion"},{"floor":44.0,"key":"GamblersBrew"}],"is_trial":false,"path_per_floor":["M","?","$","?","?","E","R","E","T","E","M","E","?","?","R","B",null,"M","?","M","M","$","?","M","?","T","R","M","R","E","M","R","B",null,"M","$","M","?","?","R","E","M","T","M","?","?","$","?","R","B"],"character_chosen":"DEFECT","items_purchased":["All For One","War Paint","Coolheaded","AttackPotion","Pen Nib","Medical Kit"],"campfire_rested":0,"item_purchase_floors":[36,47,47,47,47,47],"current_hp_per_floor":[64,64,64,57,62,62,62,62,62,45,45,51,51,34,34,19,72,72,55,55,52,52,52,50,50,50,50,50,50,46,48,48,7,69,71,71,60,60,46,46,35,5,5,22,12,3,3,100,100,0,0],"gold":144,"neow_bonus":"THREE_ENEMY_KILL","is_daily":false,"chose_seed":false,"campfire_upgraded":5,"win_rate":0.0,"timestamp":1610370380,"path_taken":["M","?","?","?","?","E","R","E","T","E","M","E","?","?","R","BOSS","BOSS","M","?","M","M","$","?","M","?","T","R","M","R","E","M","R","BOSS","M","$","M","?","?","R","E","M","T","M","?","?","?","?","R","BOSS"],"items_purchased_type":["Card","Relic","Card","Potion","Relic","Relic"],"build_version":"2020-12-22","purchased_purges":2,"victory":false,"max_hp_per_floor":[71,71,71,71,76,76,76,76,76,76,76,90,90,90,90,90,90,90,90,90,90,90,90,90,90,90,90,90,90,90,90,90,90,90,90,90,90,90,90,90,90,90,90,90,90,90,90,100,100,100,100],"card_choices":[{"not_picked":["Rebound","Aggregate"],"picked":"FTL","floor":1.0},{"not_picked":["Capacitor","Compile Driver"],"picked":"Double Energy","floor":6.0},{"not_picked":["Loop","Glacier"],"picked":"Sweeping Beam","floor":8.0},{"not_picked":["Turbo","Rip and Tear"],"picked":"BootSequence","floor":10.0},{"not_picked":["Go for the Eyes","Cold Snap"],"picked":"Core Surge","floor":11.0},{"not_picked":["Aggregate","BootSequence","Cold Snap"],"picked":"SKIP","floor":12.0},{"not_picked":["Seek","Buffer"],"picked":"Electrodynamics","floor":16.0},{"not_picked":["Glacier","Storm","Steam"],"picked":"SKIP","floor":18.0},{"not_picked":["Turbo","Streamline"],"picked":"Hologram","floor":19.0},{"not_picked":["Coolheaded","Cold Snap"],"picked":"Gash+1","floor":20.0},{"not_picked":["Rebound","Turbo","Machine Learning"],"picked":"SKIP","floor":21.0},{"not_picked":["Conserve Battery","Storm"],"picked":"Beam Cell","floor":24.0},{"not_picked":["Steam","Chill+1","Ball Lightning"],"picked":"SKIP","floor":28.0},{"not_picked":["Stack","Glacier"],"picked":"Defragment+1","floor":30.0},{"not_picked":["Hologram","Stack","Cold Snap"],"picked":"SKIP","floor":31.0},{"not_picked":["Multi-Cast","Amplify"],"picked":"Core Surge","floor":33.0},{"not_picked":["Consume+1","Cold Snap+1"],"picked":"Reinforced Body","floor":35.0},{"not_picked":["Stack","Reprogram+1"],"picked":"Force Field","floor":37.0},{"not_picked":["Aggregate+1","Cold Snap+1","Core Surge"],"picked":"SKIP","floor":41.0},{"not_picked":["Gash","Sweeping Beam","Compile Driver+1"],"picked":"SKIP","floor":42.0},{"not_picked":["Rebound","Sunder"],"picked":"Auto Shields","floor":44.0},{"not_picked":["Blind","Forethought"],"picked":"Dark Shackles","floor":46.0},{"not_picked":["Purity","Deep Breath"],"picked":"Panache","floor":46.0},{"not_picked":["Purity","Jack Of All Trades"],"picked":"Forethought","floor":46.0}],"player_experience":552091,"relics_obtained":[{"floor":6.0,"key":"TungstenRod"},{"floor":8.0,"key":"Juzu Bracelet"},{"floor":9.0,"key":"Bag of Preparation"},{"floor":10.0,"key":"Sundial"},{"floor":12.0,"key":"Mango"},{"floor":19.0,"key":"Red Mask"},{"floor":30.0,"key":"Blood Vial"},{"floor":39.0,"key":"Shovel"},{"floor":40.0,"key":"Toy Ornithopter"},{"floor":41.0,"key":"White Beast Statue"},{"floor":43.0,"key":"Torii"},{"floor":49.0,"key":"Mummified Hand"}],"event_choices":[{"damage_healed":0.0,"max_hp_gain":0.0,"max_hp_loss":0.0,"gold_gain":0.0,"cards_transformed":["Strike_B"],"event_name":"Transmorgrifier","player_choice":"Transformed","floor":2.0,"gold_loss":0.0,"damage_taken":0.0,"cards_obtained":["Reinforced Body"]},{"cards_removed":["Defend_B"],"damage_healed":0.0,"max_hp_gain":0.0,"max_hp_loss":0.0,"gold_gain":0.0,"event_name":"Golden Wing","player_choice":"Card Removal","floor":4.0,"gold_loss":0.0,"damage_taken":7.0},{"damage_healed":0.0,"max_hp_gain":5.0,"max_hp_loss":0.0,"gold_gain":0.0,"event_name":"Big Fish","player_choice":"Donut","floor":5.0,"gold_loss":0.0,"damage_taken":0.0},{"damage_healed":0.0,"max_hp_gain":0.0,"max_hp_loss":0.0,"gold_gain":0.0,"cards_transformed":["Strike_B"],"event_name":"Living Wall","player_choice":"Change","floor":13.0,"gold_loss":0.0,"damage_taken":0.0,"cards_obtained":["Rebound"]},{"damage_healed":0.0,"max_hp_gain":0.0,"max_hp_loss":0.0,"gold_gain":0.0,"event_name":"Shining Light","player_choice":"Entered Light","floor":14.0,"gold_loss":0.0,"damage_taken":18.0,"cards_upgraded":["Defend_B","Rebound"]},{"damage_healed":0.0,"max_hp_gain":0.0,"max_hp_loss":0.0,"gold_gain":0.0,"event_name":"Masked Bandits","player_choice":"Fought Bandits","floor":19.0,"gold_loss":0.0,"damage_taken":0.0},{"damage_healed":0.0,"max_hp_gain":0.0,"max_hp_loss":0.0,"gold_gain":0.0,"cards_transformed":["Sweeping Beam","Reprogram"],"event_name":"Drug Dealer","player_choice":"Became Test Subject","floor":23.0,"gold_loss":0.0,"damage_taken":0.0,"cards_obtained":["Blizzard","Tempest"]},{"cards_removed":["Blizzard"],"damage_healed":0.0,"max_hp_gain":0.0,"max_hp_loss":0.0,"gold_gain":0.0,"event_name":"Beggar","player_choice":"Gave Gold","floor":25.0,"gold_loss":75.0,"damage_taken":0.0},{"damage_healed":0.0,"max_hp_gain":0.0,"max_hp_loss":0.0,"gold_gain":222.0,"event_name":"Tomb of Lord Red Mask","player_choice":"Wore Mask","floor":38.0,"gold_loss":0.0,"damage_taken":0.0},{"damage_healed":0.0,"max_hp_gain":0.0,"max_hp_loss":0.0,"gold_gain":0.0,"event_name":"Mysterious Sphere","player_choice":"Fight","floor":39.0,"gold_loss":0.0,"damage_taken":0.0},{"damage_healed":0.0,"max_hp_gain":0.0,"max_hp_loss":0.0,"gold_gain":0.0,"event_name":"Winding Halls","player_choice":"Embrace Madness","floor":45.0,"gold_loss":0.0,"damage_taken":11.0,"cards_obtained":["Madness","Madness"]},{"damage_healed":0.0,"max_hp_gain":0.0,"max_hp_loss":0.0,"gold_gain":0.0,"event_name":"SensoryStone","player_choice":"Memory 3","floor":46.0,"gold_loss":0.0,"damage_taken":10.0},{"cards_removed":["Electrodynamics"],"damage_healed":87.0,"max_hp_gain":10.0,"max_hp_loss":0.0,"gold_gain":0.0,"event_name":"Bonfire Elementals","player_choice":"Offered Rare","floor":48.0,"gold_loss":0.0,"damage_taken":0.0}],"is_beta":false,"boss_relics":[{"not_picked":["Philosopher\u0027s Stone","Busted Crown"],"picked":"Pandora\u0027s Box"},{"not_picked":["Fusion Hammer","Snecko Eye"],"picked":"Nuclear Battery"}],"items_purged_floors":[3,22],"is_endless":false,"potions_floor_spawned":[1,8,18,19,21,24,37,39,42,44],"killed_by":"Time Eater","ascension_level":14}}