{"host":"Rich","time":1610381099,"event":{"mods":["AchievementEnabler","BaseMod","Highlight Path","Minty Spire (QoL Compilation)","Relic Stats"],"gold_per_floor":[111,186,286,302,302,336,356,356,356],"floor_reached":8,"playtime":158,"items_purged":[],"score":162,"play_id":"b99adece-f733-4435-9543-341ff59c1907","local_time":"20210111110459","is_ascension_mode":true,"campfire_choices":[],"circlet_count":0,"master_deck":["AscendersBane","Strike_G","Strike_G","Strike_G","Strike_G","Strike_G","Defend_G","Defend_G","Defend_G","Defend_G","Defend_G","Survivor","Neutralize","Blade Dance","Acrobatics","Leg Sweep","Dagger Spray"],"relics":["Ring of the Snake","NeowsBlessing","Snake Skull"],"acts_visited":["Exordium"],"potions_floor_usage":[8],"damage_taken":[{"damage":0,"enemies":"Cultist","floor":1,"turns":1},{"damage":0,"enemies":"Small Slimes","floor":4,"turns":1},{"damage":0,"enemies":"Lagavulin","floor":6,"turns":1},{"damage":11,"enemies":"Jaw Worm","floor":7,"turns":8},{"damage":67,"enemies":"Gremlin Nob","floor":8,"turns":4}],"seed_played":"1073267716698896515","potions_obtained":[{"floor":4,"key":"Block Potion"},{"floor":5,"key":"Strength Potion"}],"is_trial":false,"path_per_floor":["M","?","?","M","?","E","M","E"],"character_chosen":"THE_SILENT","items_purchased":[],"campfire_rested":0,"item_purchase_floors":[],"current_hp_per_floor":[59,48,48,48,48,48,37,0,0],"gold":356,"neow_bonus":"THREE_ENEMY_KILL","is_daily":false,"chose_seed":false,"campfire_upgraded":0,"win_rate":0.0,"timestamp":1610381099,"path_taken":["M","?","?","?","?","E","?","E"],"items_purchased_type":[],"build_version":"2020-12-18","purchased_purges":0,"victory":false,"max_hp_per_floor":[66,66,66,66,66,66,66,66,66],"relic_stats":{"counters":[5,15],"Snake Skull":[0],"obtain_stats":[{"NeowsBlessing":0,"Snake Skull":6,"Ring of the Snake":0},{"NeowsBlessing":0,"Snake Skull":3,"Ring of the Snake":0},{"NeowsBlessing":0,"Snake Skull":3,"Ring of the Snake":0}],"Ring of the Snake":[10]},"card_choices":[{"not_picked":["Acrobatics","Predator"],"picked":"Blade Dance","floor":1},{"not_picked":["Prepared","Skewer"],"picked":"Acrobatics","floor":4},{"not_picked":["Infinite Blades","Predator"],"picked":"Leg Sweep","floor":6},{"not_picked":["Accuracy","Riddle With Holes"],"picked":"Dagger Spray","floor":7}],"player_experience":1981911,"relics_obtained":[{"floor":6,"key":"Snake Skull"}],"event_choices":[{"damage_healed":0,"gold_gain":75,"player_choice":"Gather Gold","damage_taken":11,"max_hp_gain":0,"max_hp_loss":0,"event_name":"World of Goop","floor":2,"gold_loss":0},{"damage_healed":0,"gold_gain":100,"player_choice":"Gold","damage_taken":0,"max_hp_gain":0,"max_hp_loss":0,"event_name":"Wheel of Change","floor":3,"gold_loss":0},{"damage_healed":0,"gold_gain":0,"player_choice":"Got Potions","damage_taken":0,"max_hp_gain":0,"max_hp_loss":0,"event_name":"Lab","floor":5,"gold_loss":0}],"is_beta":true,"boss_relics":[],"items_purged_floors":[],"is_endless":false,"potions_floor_spawned":[4,6,7],"killed_by":"Gremlin Nob","ascension_level":20}}