{"host":"g01l53quoe6lrer0","time":1610350211,"event":{"mods":["2.2 Compatiblity","AchievementEnabler","BaseMod","Colored Map","Highlight Path","Keyboard Shortcuts","Minty Spire (QoL Compilation)","Permanent Neow","StSLib","SuperFastMode","everything is the same but u backflip on backflip"],"gold_per_floor":[115,131,131,143,10,10,38,38,38,54,80,95,95,111,111,111,111],"floor_reached":16,"playtime":448,"items_purged":["Regret"],"score":224,"play_id":"875f8e92-4192-488f-81fc-395e66d8f248","local_time":"20210111163011","is_ascension_mode":true,"campfire_choices":[{"data":"Fiend Fire","floor":6,"key":"SMITH"},{"floor":8,"key":"REST"},{"data":"Pommel Strike","floor":13,"key":"SMITH"},{"floor":15,"key":"REST"}],"circlet_count":0,"master_deck":["AscendersBane","Strike_R","Strike_R","Strike_R","Strike_R","Strike_R","Defend_R","Defend_R","Defend_R","Defend_R","Bash","Fiend Fire+1","Pommel Strike+1","Power Through","Bloodletting","Shrug It Off","Dual Wield","Second Wind","Headbutt"],"relics":["Burning Blood","Bird Faced Urn","Nunchaku","Eternal Feather","WingedGreaves"],"acts_visited":["Exordium"],"potions_floor_usage":[11,14],"damage_taken":[{"damage":1,"enemies":"Small Slimes","floor":1,"turns":4},{"damage":0,"enemies":"2 Louse","floor":2,"turns":2},{"damage":0,"enemies":"Cultist","floor":4,"turns":2},{"damage":59,"enemies":"3 Sentries","floor":7,"turns":12},{"damage":9,"enemies":"3 Louse","floor":10,"turns":4},{"damage":22,"enemies":"Lagavulin","floor":11,"turns":6},{"damage":18,"enemies":"Large Slime","floor":12,"turns":3},{"damage":0,"enemies":"Blue Slaver","floor":14,"turns":1},{"damage":53,"enemies":"Hexaghost","floor":16,"turns":9}],"seed_played":"-134886841121882454","potions_obtained":[{"floor":7,"key":"Swift Potion"},{"floor":10,"key":"SpeedPotion"},{"floor":12,"key":"Fire Potion"}],"is_trial":false,"path_per_floor":["M","M","?","M","$","R","E","R","T","M","E","M","R","M","R","B"],"character_chosen":"IRONCLAD","items_purchased":["Shrug It Off"],"campfire_rested":2,"item_purchase_floors":[5],"current_hp_per_floor":[73,75,75,75,75,75,22,44,44,41,25,13,22,28,59,6,6],"gold":111,"neow_bonus":"ONE_RANDOM_RARE_CARD","is_daily":false,"chose_seed":false,"campfire_upgraded":2,"win_rate":0.0,"timestamp":1610350211,"path_taken":["M","M","?","M","$","R","E","R","T","M","E","M","R","M","R","BOSS"],"items_purchased_type":["Card"],"build_version":"2020-12-22","purchased_purges":1,"victory":false,"max_hp_per_floor":[75,75,75,75,75,75,75,75,75,75,75,75,75,75,75,75,75],"card_choices":[{"not_picked":["True Grit","Iron Wave"],"picked":"Pommel Strike","floor":1},{"not_picked":["Twin Strike","Combust"],"picked":"Power Through","floor":2},{"not_picked":["True Grit","Sword Boomerang"],"picked":"Bloodletting","floor":4},{"not_picked":["Pommel Strike","Limit Break"],"picked":"Dual Wield","floor":7},{"not_picked":["Iron Wave","Dropkick","Infernal Blade"],"picked":"SKIP","floor":10},{"not_picked":["Dual Wield","Havoc"],"picked":"Second Wind","floor":11},{"not_picked":["Havoc","Anger","Shrug It Off"],"picked":"SKIP","floor":12},{"not_picked":["Infernal Blade","Clothesline"],"picked":"Headbutt","floor":14}],"player_experience":132718,"relics_obtained":[{"floor":7,"key":"Nunchaku"},{"floor":9,"key":"Eternal Feather"},{"floor":11,"key":"WingedGreaves"}],"event_choices":[{"damage_healed":0,"gold_gain":0,"player_choice":"Box","damage_taken":0,"relics_obtained":["Bird Faced Urn"],"max_hp_gain":0,"max_hp_loss":0,"event_name":"Big Fish","floor":3,"gold_loss":0,"cards_obtained":["Regret"]}],"is_beta":false,"boss_relics":[],"items_purged_floors":[5],"is_endless":false,"potions_floor_spawned":[7,10,12],"killed_by":"Hexaghost","ascension_level":20}}