{"host":"vmjjgffn5jm19cfo","time":1610367783,"event":{"mods":["BaseMod","Minty Spire (QoL Compilation)","Shop Mod"],"gold_per_floor":[114,37,37,62,76,76,91,91,91,41,216,27,27,41,41,41,41],"floor_reached":16,"playtime":535,"items_purged":[],"score":90,"play_id":"016fc800-1fb4-4c4b-825f-132934a0ae13","local_time":"20210111202303","is_ascension_mode":false,"campfire_choices":[{"data":"Reaper","floor":6.0,"key":"SMITH"},{"data":"Warcry","floor":13.0,"key":"SMITH"},{"floor":15.0,"key":"REST"}],"circlet_count":0,"master_deck":["Strike_R","Strike_R","Strike_R","Strike_R","Defend_R","Defend_R","Defend_R","Defend_R","Bash","Panache","Warcry+1","Reaper+1","Doubt","Combust","Rage"],"relics":["Burning Blood","Golden Idol","Bottled Flame","OrangePellets"],"acts_visited":["Exordium"],"potions_floor_usage":[16],"damage_taken":[{"damage":1.0,"enemies":"Cultist","floor":1.0,"turns":3.0},{"damage":2.0,"enemies":"2 Louse","floor":4.0,"turns":3.0},{"damage":17.0,"enemies":"Small Slimes","floor":5.0,"turns":3.0},{"damage":16.0,"enemies":"Blue Slaver","floor":7.0,"turns":4.0},{"damage":31.0,"enemies":"Exordium Thugs","floor":14.0,"turns":5.0},{"damage":74,"enemies":"The Guardian","floor":16,"turns":8}],"seed_played":"6177607002230245665","potions_obtained":[{"floor":7.0,"key":"Fire Potion"}],"is_trial":false,"path_per_floor":["M","$","?","M","M","R","M","?","T","?","?","$","R","M","R","B"],"character_chosen":"IRONCLAD","items_purchased":["Reaper","OrangePellets","Combust"],"campfire_rested":1,"item_purchase_floors":[2,12,12],"current_hp_per_floor":[72,72,54,66,55,55,45,45,45,45,45,45,45,30,51,0,0],"gold":41,"neow_bonus":"RANDOM_COLORLESS_2","is_daily":false,"chose_seed":false,"campfire_upgraded":2,"win_rate":0.0,"timestamp":1610367783,"path_taken":["M","$","?","M","M","R","M","?","T","?","?","$","R","M","R","BOSS"],"items_purchased_type":["Card","Relic","Card"],"build_version":"2020-12-22","purchased_purges":0,"victory":false,"max_hp_per_floor":[72,72,72,72,72,72,72,72,72,72,72,72,72,72,72,72,72],"card_choices":[{"not_picked":["Violence","The Bomb"],"picked":"Panache","floor":0.0},{"not_picked":["Rupture","Wild Strike"],"picked":"Warcry","floor":1.0},{"not_picked":["Cleave","Heavy Blade"],"picked":"Reckless Charge","floor":4.0},{"not_picked":["Sword Boomerang","Pummel","Pommel Strike"],"picked":"SKIP","floor":5.0},{"not_picked":["Reckless Charge","Pommel Strike","Cleave"],"picked":"SKIP","floor":7.0},{"not_picked":["Bludgeon","Pommel Strike"],"picked":"Rage","floor":14.0}],"player_experience":325050,"relics_obtained":[{"floor":9.0,"key":"Bottled Flame"}],"event_choices":[{"damage_healed":0.0,"max_hp_gain":0.0,"max_hp_loss":0.0,"gold_gain":0.0,"event_name":"Golden Idol","player_choice":"Take Damage","floor":3.0,"gold_loss":0.0,"damage_taken":18.0,"relics_obtained":["Golden Idol"]},{"cards_removed":["Reckless Charge"],"damage_healed":0.0,"max_hp_gain":0.0,"max_hp_loss":0.0,"gold_gain":0.0,"event_name":"Living Wall","player_choice":"Forget","floor":8.0,"gold_loss":0.0,"damage_taken":0.0},{"cards_removed":["Strike_R"],"damage_healed":0.0,"max_hp_gain":0.0,"max_hp_loss":0.0,"gold_gain":0.0,"event_name":"The Cleric","player_choice":"Card Removal","floor":10.0,"gold_loss":50.0,"damage_taken":0.0},{"damage_healed":0.0,"max_hp_gain":0.0,"max_hp_loss":0.0,"gold_gain":175.0,"event_name":"Liars Game","player_choice":"AGREE","floor":11.0,"gold_loss":0.0,"damage_taken":0.0,"cards_obtained":["Doubt"]}],"is_beta":false,"boss_relics":[],"items_purged_floors":[],"is_endless":false,"potions_floor_spawned":[7],"killed_by":"The Guardian","ascension_level":0}}