{"host":"ovxa65d68iy9l57e","time":1610405981,"event":{"mods":["AchievementEnabler","BaseMod","Better Altar","Better Skull","Better Vampires","Colored Map","Curses Come First","Minty Spire (QoL Compilation)","Relic Stats","StSLib"],"gold_per_floor":[365,365,64,64,75,75,75,75],"floor_reached":7,"playtime":268,"items_purged":["Strike_B"],"score":45,"play_id":"8237481f-63f6-4153-bb7d-1e76eb6cd3be","local_time":"20210111235941","is_ascension_mode":true,"campfire_choices":[{"data":"Turbo","floor":6,"key":"SMITH"}],"circlet_count":0,"master_deck":["Strike_B","Strike_B","Strike_B","Defend_B","Defend_B","Defend_B","Defend_B","Zap+1","Dualcast+1","Glacier","Conserve Battery","Hologram","Decay","Turbo+1"],"relics":["Cracked Core","HandDrill"],"acts_visited":["Exordium"],"potions_floor_usage":[7],"damage_taken":[{"damage":4,"enemies":"Jaw Worm","floor":1,"turns":4},{"damage":0,"enemies":"Cultist","floor":5,"turns":3},{"damage":56,"enemies":"Gremlin Nob","floor":7,"turns":5}],"seed_played":"2377038576341327919","potions_obtained":[{"floor":1,"key":"Energy Potion"}],"is_trial":false,"path_per_floor":["M","?","$","?","M","R","E"],"character_chosen":"DEFECT","items_purchased":["HandDrill","Conserve Battery","Hologram"],"campfire_rested":0,"item_purchase_floors":[3,3,3],"current_hp_per_floor":[50,35,35,35,35,35,0,0],"gold":75,"neow_bonus":"TWO_FIFTY_GOLD","is_daily":false,"chose_seed":false,"campfire_upgraded":1,"win_rate":0.0,"timestamp":1610405981,"path_taken":["M","?","$","?","?","R","E"],"items_purchased_type":["Relic","Card","Card"],"build_version":"2020-12-22","purchased_purges":1,"victory":false,"max_hp_per_floor":[75,75,75,75,75,75,75,75],"relic_stats":{"counters":[3,12],"HandDrill":[0],"obtain_stats":[{"HandDrill":3,"Cracked Core":0},{"HandDrill":1,"Cracked Core":0},{"HandDrill":4,"Cracked Core":0}]},"card_choices":[{"not_picked":["Barrage","Steam"],"picked":"Glacier","floor":1},{"not_picked":["Compile Driver","Auto Shields"],"picked":"Turbo","floor":5}],"player_experience":266584,"relics_obtained":[],"event_choices":[{"damage_healed":0,"gold_gain":0,"player_choice":"Entered Light","damage_taken":15,"max_hp_gain":0,"max_hp_loss":0,"event_name":"Shining Light","floor":2,"gold_loss":0,"cards_upgraded":["Zap","Dualcast"]},{"damage_healed":0,"gold_gain":0,"player_choice":"Cursed","damage_taken":0,"max_hp_gain":0,"max_hp_loss":0,"event_name":"Wheel of Change","floor":4,"gold_loss":0,"cards_obtained":["Decay"]}],"is_beta":false,"boss_relics":[],"items_purged_floors":[3],"is_endless":false,"potions_floor_spawned":[1],"killed_by":"Gremlin Nob","ascension_level":3}}