{"host":"a0d98l75j0h1o085","time":1610398589,"event":{"mods":["AlwaysNeverKeys","BaseMod","Downfall","Highlight Path","Minty Spire (QoL Compilation)","StSLib"],"gold_per_floor":[118,132,82,82,82,82,111,111,111,130,149,89,108,128,128,224,224,236,253,52,52,52,52,52],"floor_reached":23,"playtime":2070,"items_purged":["Strike_G","Defend_G"],"score":335,"play_id":"cabd4a1f-24a5-4422-a4bf-36ce6767ebd7","local_time":"20210111205629","is_ascension_mode":true,"campfire_choices":[{"data":"Neutralize","floor":6,"key":"SMITH"},{"data":"Defend_G","floor":8,"key":"SMITH"},{"data":"Noxious Fumes","floor":15,"key":"SMITH"}],"circlet_count":0,"master_deck":["AscendersBane","Strike_G","Strike_G","Strike_G","Defend_G+1","Defend_G","Survivor","Neutralize+1","After Image","Noxious Fumes+1","Envenom","Backflip","Acrobatics+1","Acrobatics+1"],"relics":["Ring of the Snake","NeowsBlessing","Shuriken","The Courier","Black Star","DollysMirror"],"acts_visited":["Exordium","TheCity"],"potions_floor_usage":[16,23],"damage_taken":[{"damage":0,"enemies":"Cultist","floor":1,"turns":1},{"damage":0,"enemies":"2 Louse","floor":2,"turns":1},{"damage":0,"enemies":"3 Sentries","floor":7,"turns":1},{"damage":0,"enemies":"Jaw Worm","floor":10,"turns":4},{"damage":12,"enemies":"Gremlin Gang","floor":11,"turns":7},{"damage":1,"enemies":"Looter","floor":13,"turns":4},{"damage":0,"enemies":"Blue Slaver","floor":14,"turns":5},{"damage":13,"enemies":"The Guardian","floor":16,"turns":10},{"damage":0,"enemies":"Chosen","floor":18,"turns":6},{"damage":4,"enemies":"Shell Parasite","floor":19,"turns":8},{"damage":57,"enemies":"Book of Stabbing","floor":23,"turns":5}],"seed_played":"-1670262102079631447","potions_obtained":[{"floor":7,"key":"Fire Potion"},{"floor":11,"key":"Weak Potion"},{"floor":14,"key":"AttackPotion"},{"floor":16,"key":"LiquidBronze"}],"is_trial":false,"path_per_floor":["M","M","?","?","?","R","E","R","T","M","M","$","M","M","R","B",null,"M","M","$","?","?","E"],"character_chosen":"THE_SILENT","items_purchased":["DollysMirror"],"campfire_rested":0,"item_purchase_floors":[20],"current_hp_per_floor":[63,63,63,63,56,56,56,56,56,56,44,44,43,43,43,30,60,60,56,56,56,56,0,0],"gold":52,"neow_bonus":"THREE_ENEMY_KILL","is_daily":false,"chose_seed":false,"campfire_upgraded":3,"win_rate":0.0,"timestamp":1610398589,"path_taken":["M","M","?","?","?","R","E","R","T","M","M","$","?","M","R","BOSS","M","?","$","?","?","E"],"items_purchased_type":["Relic"],"build_version":"2020-12-22","purchased_purges":2,"victory":false,"max_hp_per_floor":[70,70,70,70,70,70,70,70,70,70,70,70,70,70,70,70,70,70,70,70,70,70,70,70],"card_choices":[{"not_picked":["Outmaneuver","Slice","Dagger Throw"],"picked":"SKIP","floor":1},{"not_picked":["Bane","Dagger Throw","PiercingWail"],"picked":"SKIP","floor":2},{"not_picked":["Backstab","Calculated Gamble"],"picked":"After Image","floor":7},{"not_picked":["Deadly Poison","Bane","Flying Knee"],"picked":"SKIP","floor":10},{"not_picked":["Slice","Underhanded Strike","Sucker Punch"],"picked":"SKIP","floor":11},{"not_picked":["Slice","Dagger Spray","Outmaneuver"],"picked":"SKIP","floor":13},{"not_picked":["Dagger Throw","Outmaneuver"],"picked":"Noxious Fumes","floor":14},{"not_picked":["Burst","Wraith Form v2"],"picked":"Envenom","floor":16},{"not_picked":["Dodge and Roll","Bane"],"picked":"Backflip","floor":18},{"not_picked":["Dodge and Roll+1","Noxious Fumes"],"picked":"Acrobatics+1","floor":19}],"player_experience":871318,"relics_obtained":[{"floor":7,"key":"Shuriken"},{"floor":9,"key":"The Courier"}],"event_choices":[{"cards_removed":["Defend_G"],"damage_healed":0,"gold_gain":0,"player_choice":"Card Removal","damage_taken":0,"max_hp_gain":0,"max_hp_loss":0,"event_name":"The Cleric","floor":3,"gold_loss":50},{"cards_removed":["Strike_G"],"damage_healed":0,"gold_gain":0,"player_choice":"Forget","damage_taken":0,"max_hp_gain":0,"max_hp_loss":0,"event_name":"Living Wall","floor":4,"gold_loss":0},{"cards_removed":["Defend_G"],"damage_healed":0,"gold_gain":0,"player_choice":"Card Removal","damage_taken":7,"max_hp_gain":0,"max_hp_loss":0,"event_name":"Golden Wing","floor":5,"gold_loss":0},{"damage_healed":0,"gold_gain":0,"player_choice":"Ignored","damage_taken":0,"max_hp_gain":0,"max_hp_loss":0,"event_name":"The Mausoleum","floor":21,"gold_loss":0}],"is_beta":false,"boss_relics":[{"not_picked":["Astrolabe","Philosopher\u0027s Stone"],"picked":"Black Star"}],"items_purged_floors":[12,20],"is_endless":false,"potions_floor_spawned":[7,11,14,16],"killed_by":"Book of Stabbing","ascension_level":11}}