{"host":"5uokajoawb3dos2b","time":1610383933,"event":{"mods":["Act Like it!","BaseMod","Downfall","Gensokyo","Minty Spire (QoL Compilation)","Reimu£®≤©¿ˆ¡È√Œ£©","Shop Mod","StSLib","Waifu the Spire","Yakumo Yukari mod"],"gold_per_floor":[111,111,16,16,16,16,16,44,95,120,139,63,390,390,486,486,497,96,0,20,67,99,19,19,19,36,36,48,48,68,68,68,68],"floor_reached":33,"playtime":1828,"items_purged":["Pain"],"score":329,"play_id":"cfb4d6ef-6087-419f-8b35-d820ea41e6d3","local_time":"20210112005213","is_ascension_mode":false,"campfire_choices":[{"data":"CareerPray:ReiMu","floor":7,"key":"SMITH"},{"floor":15,"key":"REST"},{"floor":25,"key":"REST"},{"floor":32,"key":"REST"}],"circlet_count":0,"master_deck":["Strike_Lin:ReiMu","Strike_Lin:ReiMu","Strike_Lin:ReiMu","Strike_Lin:ReiMu","Defend_Lin:ReiMu","Defend_Lin:ReiMu","Defend_Lin:ReiMu","Defend_Lin:ReiMu","NB:ReiMu","Stagnation:ReiMu","CareerPray:ReiMu+1","TightArray:ReiMu","RainPray2:ReiMu","YinYangSign:ReiMu","Conquer:ReiMu","SafetyPray:ReiMu+1","Gathering:ReiMu","KamiRite:ReiMu","Free:ReiMu","CurseOfTheBell","SubcavityInstant:ReiMu","expansioncontent:DashGenerateEvil","Intuition:ReiMu","CareerPray:ReiMu","Gensokyo:ReactiveArmor","FoulBorder2:ReiMu","SpiritualOutbreak2:ReiMu+1","SafetyPray:ReiMu"],"relics":["FlyPower:ReiMu","NeowsBlessing","Gensokyo:PortableGap","Gensokyo:LunaticRedEyes","Mummified Hand","Pen Nib","Pear","Mercury Hourglass","PureWhite:ReiMu","Centennial Puzzle","Question Card","StoneCalendar","MerchantsRug","Bottled Flame","HornCleat","Gensokyo:DayTheSeaSplit","Kunai"],"acts_visited":["Gensokyo:Gensokyo","Gensokyo:Gensokyoer"],"potions_floor_usage":[14,16,29,33],"damage_taken":[{"damage":0,"enemies":"Gensokyo:Python","floor":1,"turns":1},{"damage":0,"enemies":"Gensokyo:Aya","floor":8,"turns":1},{"damage":4,"enemies":"Gensokyo:Cirno","floor":11,"turns":2},{"damage":17,"enemies":"Gensokyo:3_Fairies","floor":12,"turns":6},{"damage":10,"enemies":"Gensokyo:Aya","floor":14,"turns":9},{"damage":37,"enemies":"Gensokyo:Kokoro","floor":16,"turns":10},{"damage":5,"enemies":"Gensokyo:2_Gloops","floor":18,"turns":3},{"damage":0,"enemies":"Gensokyo:AngelMirror","floor":21,"turns":3},{"damage":48,"enemies":"Gensokyo:Koishi","floor":23,"turns":7},{"damage":9,"enemies":"Gensokyo:Wraith","floor":27,"turns":5},{"damage":36,"enemies":"Gensokyo:3_Gloops","floor":29,"turns":5},{"damage":0,"enemies":"Gensokyo:Slime_Group","floor":31,"turns":3},{"damage":49,"enemies":"Gensokyo:Eternal_Rivals","floor":33,"turns":6}],"seed_played":"-4055320719855296232","potions_obtained":[{"floor":12,"key":"EssenceOfSteel"},{"floor":14,"key":"BlessingOfTheForge"},{"floor":21,"key":"SkillPotion"},{"floor":27,"key":"BlessingOfTheForge"},{"floor":29,"key":"Energy Potion"}],"is_trial":false,"path_per_floor":["M","?","COS","?","?","?","R","E","T","E","M","$","E","R","B",null,"M","$","?","M","$","E","COS","R","T","M","?","M","?","M","R","B"],"character_chosen":"REIMU","items_purchased":["Gathering:ReiMu","MerchantsRug","expansioncontent:DashGenerateEvil"],"campfire_rested":3,"item_purchase_floors":[13,19,19],"current_hp_per_floor":[65,59,59,59,59,64,64,64,61,67,50,50,40,61,24,71,66,66,66,66,66,18,18,39,39,30,30,10,10,10,31,0,0],"gold":68,"neow_bonus":"THREE_ENEMY_KILL","is_daily":false,"chose_seed":false,"campfire_upgraded":1,"win_rate":0.0,"timestamp":1610383933,"path_taken":["M","?","COS","?","?","?","R","E","T","E","M","?","E","R","BOSS","M","$","?","?","?","E","COS","R","T","?","?","M","?","M","R","BOSS"],"items_purchased_type":["Card","Relic","Card"],"build_version":"2020-12-22","purchased_purges":1,"victory":false,"max_hp_per_floor":[65,59,59,59,59,64,64,64,61,71,71,71,71,71,71,71,71,71,71,71,71,71,71,71,71,71,71,71,71,71,71,71,71],"card_choices":[{"not_picked":["SpringWay:ReiMu","OrbThrow:ReiMu"],"picked":"CareerPray:ReiMu","floor":1},{"not_picked":["Intuition:ReiMu","Enchanting:ReiMu"],"picked":"TightArray:ReiMu","floor":4},{"not_picked":["UniversalSpiritual:ReiMu","ForcedLanding:ReiMu"],"picked":"RainPray2:ReiMu","floor":4},{"not_picked":["EmergencyTakeOff:ReiMu","Enchanting:ReiMu"],"picked":"YinYangSign:ReiMu","floor":8},{"not_picked":["BlastKick2:ReiMu","InherentArray:ReiMu"],"picked":"Conquer:ReiMu","floor":11},{"not_picked":["TakeOff:ReiMu","Enchanting:ReiMu"],"picked":"SafetyPray:ReiMu","floor":12},{"not_picked":["Dreaming2:ReiMu","Intuition:ReiMu"],"picked":"KamiRite:ReiMu","floor":14},{"not_picked":["Authority:ReiMu","Determination:ReiMu"],"picked":"Free:ReiMu","floor":16},{"not_picked":["Amulet:ReiMu","YinYangSange:ReiMu","Crusade:ReiMu"],"picked":"SubcavityInstant:ReiMu","floor":18},{"not_picked":["Conquer:ReiMu","OrbThrow:ReiMu","SubAcupoint:ReiMu"],"picked":"Intuition:ReiMu","floor":21},{"not_picked":["OrbThrow:ReiMu","Conquer:ReiMu+1","TightArray:ReiMu"],"picked":"CareerPray:ReiMu","floor":23},{"not_picked":["Conquer:ReiMu","AirStrike:ReiMu","SpringWay:ReiMu+1"],"picked":"FoulBorder2:ReiMu","floor":27},{"not_picked":["WonderfulDomain:ReiMu","PrayRite:ReiMu","Amulet:ReiMu"],"picked":"SpiritualOutbreak2:ReiMu+1","floor":29},{"not_picked":["Intuition:ReiMu+1","PhosphorusFlame:ReiMu","Conquer:ReiMu"],"picked":"SafetyPray:ReiMu","floor":31}],"player_experience":76542,"relics_obtained":[{"floor":8,"key":"Mummified Hand"},{"floor":9,"key":"Pen Nib"},{"floor":11,"key":"Pear"},{"floor":14,"key":"Mercury Hourglass"},{"floor":17,"key":"Centennial Puzzle"},{"floor":17,"key":"Question Card"},{"floor":17,"key":"StoneCalendar"},{"floor":23,"key":"Bottled Flame"},{"floor":26,"key":"HornCleat"}],"event_choices":[],"is_beta":false,"boss_relics":[{"not_picked":["Fusion Hammer","Sozu"],"picked":"Calling Bell"}],"items_purged_floors":[19],"is_endless":false,"potions_floor_spawned":[12,14,21,27,29],"killed_by":"Gensokyo:Eternal_Rivals","ascension_level":0}}