{"host":"bm1qfstn98p1odmu","time":1610402510,"event":{"mods":["AchievementEnabler","BaseMod","Bestiary","Block Reminder","Colored Map","Colored Powertips","DeckTracker","Highlight Path","Minty Spire (QoL Compilation)","Relic Stats","Replay The Spire","StSLib"],"gold_per_floor":[112,126,138,161,161,161,172,172,198,217,251,271,271,285,195,195,195],"floor_reached":16,"playtime":956,"items_purged":[],"score":104,"play_id":"ed743edd-c01a-4cb1-9ee5-d926d94d4784","local_time":"20210112000150","is_ascension_mode":false,"campfire_choices":[{"data":"Zap","floor":6,"key":"SMITH"}],"circlet_count":0,"master_deck":["Strike_B","Strike_B","Defend_B","Defend_B","Defend_B+1","Zap+1","Genetic Algorithm","Gash","Aggregate","Go for the Eyes"],"relics":["Cracked Core","NeowsBlessing","Geode","ReplayTheSpireMod:Lightbulb","Strawberry"],"acts_visited":["Exordium"],"potions_floor_usage":[11,16],"damage_taken":[{"damage":0,"enemies":"Cultist","floor":1,"turns":1},{"damage":0,"enemies":"2 Louse","floor":2,"turns":1},{"damage":0,"enemies":"Small Slimes","floor":3,"turns":1},{"damage":6,"enemies":"Red Slaver","floor":7,"turns":3},{"damage":1,"enemies":"3 Louse","floor":10,"turns":3},{"damage":21,"enemies":"Lagavulin","floor":11,"turns":5},{"damage":2,"enemies":"Blue Slaver","floor":12,"turns":3},{"damage":33,"enemies":"Large Slime","floor":14,"turns":5},{"damage":19,"enemies":"Slime Boss","floor":16,"turns":6}],"seed_played":"2493000287121287693","potions_obtained":[{"floor":1,"key":"LiquidMemories"},{"floor":3,"key":"Energy Potion"},{"floor":10,"key":"Weak Potion"},{"floor":14,"key":"FearPotion"}],"is_trial":false,"path_per_floor":["M","M","M","T","?","R","M","?","T","M","E","M","?","M","R_BF","B"],"character_chosen":"DEFECT","items_purchased":[],"campfire_rested":0,"item_purchase_floors":[],"current_hp_per_floor":[75,75,75,75,75,75,69,62,62,61,47,45,45,12,12,0,0],"gold":195,"neow_bonus":"THREE_ENEMY_KILL","is_daily":false,"chose_seed":false,"campfire_upgraded":1,"win_rate":0.0,"timestamp":1610402510,"path_taken":["M","M","?","?","?","R","M","?","T","M","E","M","?","M","R_BF","BOSS"],"items_purchased_type":[],"build_version":"2020-12-22","purchased_purges":0,"victory":false,"max_hp_per_floor":[75,75,75,75,75,75,75,75,75,75,82,82,82,82,82,82,82],"relic_stats":{"counters":[9,28],"obtain_stats":[{"NeowsBlessing":0,"Strawberry":11,"Geode":4,"Cracked Core":0,"ReplayTheSpireMod:Lightbulb":9},{"NeowsBlessing":0,"Strawberry":6,"Geode":3,"Cracked Core":0,"ReplayTheSpireMod:Lightbulb":4},{"NeowsBlessing":0,"Strawberry":14,"Geode":3,"Cracked Core":0,"ReplayTheSpireMod:Lightbulb":6}]},"card_choices":[{"not_picked":["ReplaySort","ReplayTheSpireMod:Reroute Power","ReplayGash"],"picked":"SKIP","floor":1},{"not_picked":["Consume","Ball Lightning","Time Bomb"],"picked":"SKIP","floor":2},{"not_picked":["ReplayTheSpireMod:Reroute Power","Leap","Barrage"],"picked":"SKIP","floor":3},{"not_picked":["Storm","White Noise","Chaos"],"picked":"SKIP","floor":7},{"not_picked":["Leap","Barrage"],"picked":"Genetic Algorithm","floor":10},{"not_picked":["Cold Snap","Panic Button"],"picked":"Gash","floor":11},{"not_picked":["Cold Snap","FIFO Queue"],"picked":"Aggregate","floor":12},{"not_picked":["Meteor Strike","Time Bomb"],"picked":"Go for the Eyes","floor":14}],"player_experience":52114,"relics_obtained":[{"floor":4,"key":"Geode"},{"floor":9,"key":"ReplayTheSpireMod:Lightbulb"},{"floor":11,"key":"Strawberry"}],"event_choices":[{"cards_removed":["Defend_B"],"damage_healed":0,"gold_gain":0,"player_choice":"Forget","damage_taken":0,"max_hp_gain":0,"max_hp_loss":0,"event_name":"Living Wall","floor":5,"gold_loss":0},{"cards_removed":["Dualcast"],"damage_healed":0,"gold_gain":0,"player_choice":"Card Removal","damage_taken":7,"max_hp_gain":0,"max_hp_loss":0,"event_name":"Golden Wing","floor":8,"gold_loss":0},{"cards_removed":["Strike_B"],"damage_healed":0,"gold_gain":0,"player_choice":"Offered Basic","damage_taken":0,"max_hp_gain":0,"max_hp_loss":0,"event_name":"Bonfire Elementals","floor":13,"gold_loss":0},{"cards_removed":["Strike_B"],"damage_healed":0,"gold_gain":0,"player_choice":"Upgrade and Remove","damage_taken":0,"max_hp_gain":0,"max_hp_loss":0,"event_name":"Designer","floor":15,"gold_loss":90,"cards_upgraded":["Defend_B"]}],"is_beta":false,"boss_relics":[],"items_purged_floors":[],"is_endless":false,"potions_floor_spawned":[1,3,10,14],"killed_by":"Slime Boss","ascension_level":0}}