{"host":"jvd5k9mqzerszifx","time":1610374496,"event":{"mods":["AchievementEnabler","Act Like it!","BaseMod","Better Note","Better Third Choice","Colored Map","Colored Powertips","Conspire","Gensokyo","Hallownest","Hermit","Hubris","Infinite Spire","Lobotomy","Minty Spire (QoL Compilation)","MostiFishMod","Replay The Spire","Reworked Bosses","Spicy Shops","StSLib","The Administrix","The Bug Knight","The Cursed","The Factory","The Jungle","【功能Mod】聪明的最终Boss"],"gold_per_floor":[124,94,120,150,178,178,178,244,244,244,294,344,382,439,439,695,695,745,795,835,883,925,925,905,981,981,512,512,552,588,616,616,854,854,902,938,938,938,964,964,1012,1012,1012,1050,960,960,996,1026,1026,1026],"floor_reached":51,"playtime":3986,"items_purged":[],"score":598,"play_id":"1b2e7642-a554-4428-b8ad-44c6636c0015","local_time":"20210111221456","is_ascension_mode":false,"campfire_choices":[{"data":"HollowMod:NailStrikeStart","floor":6.0,"key":"SMITH"},{"data":"HollowMod:NailStrikeStart","floor":6.0,"key":"SMITH"},{"data":"HollowMod:NailStrikeStart","floor":6.0,"key":"SMITH"},{"data":"HollowMod:NailStrikeStart","floor":6.0,"key":"SMITH"},{"data":"HollowMod:QuickDashStart","floor":6.0,"key":"SMITH"},{"data":"HollowMod:QuickDashStart","floor":6.0,"key":"SMITH"},{"data":"HollowMod:QuickDashStart","floor":6.0,"key":"SMITH"},{"data":"HollowMod:QuickDashStart","floor":6.0,"key":"SMITH"},{"data":"HollowMod:PogoStrike","floor":6.0,"key":"SMITH"},{"data":"HollowMod:SoulMaster","floor":6.0,"key":"SMITH"},{"data":"HollowMod:DungDefenderAura","floor":6.0,"key":"SMITH"},{"data":"HollowMod:DungDefenderAura","floor":6.0,"key":"SMITH"},{"data":"HollowMod:DashSlash","floor":6.0,"key":"SMITH"},{"data":"HollowMod:MantisMark","floor":6.0,"key":"SMITH"},{"data":"HollowMod:CornifersMapStart","floor":6.0,"key":"SMITH"},{"floor":6.0,"key":"RECALL"},{"data":"HollowMod:CoiledNail","floor":10.0,"key":"SMITH"},{"floor":10.0,"key":"REST"},{"data":"HollowMod:GoodIntentions","floor":15.0,"key":"SMITH"},{"data":"HollowMod:LifebloodCocoon","floor":15.0,"key":"SMITH"},{"data":"HollowMod:CycloneSlash","floor":15.0,"key":"SMITH"},{"data":"HollowMod:SoulSplash","floor":15.0,"key":"SMITH"},{"floor":15.0,"key":"REST"},{"data":"HollowMod:NailStrikeStart+1","floor":15.0,"key":"PURGE"},{"data":"HollowMod:NailStrikeStart+1","floor":15.0,"key":"PURGE"},{"data":"HollowMod:QuickDashStart+1","floor":15.0,"key":"PURGE"},{"data":"HollowMod:QuickDashStart+1","floor":15.0,"key":"PURGE"},{"data":"HollowMod:AwokenDreamNail","floor":23.0,"key":"SMITH"},{"data":"HollowMod:TaintedHusks","floor":23.0,"key":"SMITH"},{"data":"HollowMod:SoulSplash","floor":23.0,"key":"SMITH"},{"floor":23.0,"key":"REST"},{"data":"HollowMod:MantisMark","floor":32.0,"key":"SMITH"},{"data":"HollowMod:HuntersJournal","floor":32.0,"key":"SMITH"},{"data":"HollowMod:VengefulVoid","floor":32.0,"key":"SMITH"},{"data":"HollowMod:VengefulVoid+1","floor":32.0,"key":"PURGE"},{"floor":32.0,"key":"REST"},{"data":"HollowMod:Hiveblood","floor":40,"key":"SMITH"},{"data":"HollowMod:SharpenedNail","floor":40,"key":"SMITH"},{"data":"HollowMod:ChannelNail","floor":40,"key":"SMITH"},{"data":"HollowMod:QuickDashStart+1","floor":40,"key":"PURGE"},{"data":"HollowMod:NailStrikeStart+1","floor":40,"key":"PURGE"},{"data":"HollowMod:NailStrikeStart+1","floor":40,"key":"PURGE"},{"data":"HollowMod:QuickDashStart+1","floor":40,"key":"PURGE"},{"data":"HollowMod:DungDefenderAura+1","floor":40,"key":"PURGE"},{"floor":46,"key":"REST"},{"data":"HollowMod:CoiledNail","floor":49,"key":"SMITH"},{"data":"HollowMod:SharpenedNail+1","floor":49,"key":"PURGE"},{"floor":49,"key":"REST"}],"circlet_count":0,"master_deck":["HollowMod:PogoStrike+1","HollowMod:SoulMaster+1","HollowMod:DungDefenderAura+1","HollowMod:DashSlash+1","HollowMod:MantisMark+1","HollowMod:CornifersMapStart+1","HollowMod:CoiledNail+1","HollowMod:GoodIntentions+1","HollowMod:LifebloodCocoon+1","HollowMod:CycloneSlash+1","HollowMod:SoulSplash+1","HollowMod:AwokenDreamNail+1","HollowMod:GrimmsGift+1","HollowMod:HowlingWraiths+1","HollowMod:MothsMistake+1","HollowMod:TaintedHusks+1","HollowMod:SoulSplash+1","HollowMod:MantisMark+1","HollowMod:HuntersJournal+1","HollowMod:HuntersJournal+1","HollowMod:Hiveblood+1","HollowMod:SoulEater+1","HollowMod:ChannelNail+1","HollowMod:PerfectDash+1","HollowMod:SoulEater+1","HollowMod:CoiledNail+1","HollowMod:FastStrike+1"],"relics":["HollowMod:VesselMask","Peace Pipe","Ginger","Turnip","Unceasing Top","Omamori","Ice Cream","The Courier","Medical Kit","WingedGreaves","DaveBox","BirthdayGift-Icosahedron","SynthV:TestCard","Golden Idol","Replay:Bottled Snecko","Replay:Ancient Bell","Bag of Marbles","conspire:DeflatedDodgeball","Gambling Chip","Meat on the Bone","Chameleon Ring","HollowMod:MillibellesNoteRelic","Replay:Bottled Flurry","hubris:SlimyHat","Blue Doll","Painkiller Herb","hubris:Towel","Kunai","hubris:CuriousFeather"],"acts_visited":["Exordium","theJungle:Jungle","TheBeyond"],"potions_floor_usage":[39,41,44,44,50,50,50],"damage_taken":[{"damage":0.0,"enemies":"Cultist","floor":1.0,"turns":4.0},{"damage":0.0,"enemies":"Jaw Worm","floor":3.0,"turns":3.0},{"damage":0.0,"enemies":"Small Slimes","floor":4.0,"turns":3.0},{"damage":0.0,"enemies":"2 Fungi Beasts","floor":5.0,"turns":2.0},{"damage":0.0,"enemies":"Looter","floor":8.0,"turns":3.0},{"damage":0.0,"enemies":"Gremlin Gang","floor":11.0,"turns":2.0},{"damage":0.0,"enemies":"Large Slime","floor":12.0,"turns":4.0},{"damage":0.0,"enemies":"Exordium Wildlife","floor":13.0,"turns":3.0},{"damage":0.0,"enemies":"Exordium Thugs","floor":14.0,"turns":2.0},{"damage":0.0,"enemies":"Fading Forest","floor":16.0,"turns":11.0},{"damage":0.0,"enemies":"theJungle:Flameango_and_Byrd","floor":18.0,"turns":4.0},{"damage":0.0,"enemies":"theJungle:GiantWrat","floor":19.0,"turns":2.0},{"damage":10.0,"enemies":"theJungle:2_Snecko_Cultists","floor":20.0,"turns":4.0},{"damage":0.0,"enemies":"theJungle:JungleHuntersEncounter","floor":21.0,"turns":3.0},{"damage":0.0,"enemies":"theJungle:Lyon","floor":22.0,"turns":2.0},{"damage":10.0,"enemies":"theJungle:MamaSnecko","floor":25.0,"turns":4.0},{"damage":7.0,"enemies":"theJungle:2_Snecko_Cultists","floor":29.0,"turns":3.0},{"damage":0.0,"enemies":"theJungle:SlimyTreeVines","floor":30.0,"turns":2.0},{"damage":9.0,"enemies":"theJungle:JungleHuntersEncounter","floor":31.0,"turns":3.0},{"damage":29.0,"enemies":"theJungle:TotemBoss","floor":33.0,"turns":3.0},{"damage":25.0,"enemies":"Orb Walker","floor":35.0,"turns":2.0},{"damage":0,"enemies":"3 Darklings","floor":36,"turns":3},{"damage":6,"enemies":"Transient","floor":39,"turns":5},{"damage":10,"enemies":"Jaw Worm Horde","floor":41,"turns":2},{"damage":0,"enemies":"3 Darklings","floor":44,"turns":2},{"damage":15,"enemies":"Sphere and 2 Shapes","floor":47,"turns":2},{"damage":9,"enemies":"Maw","floor":48,"turns":4},{"damage":44,"enemies":"Replay:Hell Engine","floor":50,"turns":7}],"seed_played":"-4247252796745901780","potions_obtained":[{"floor":3.0,"key":"SteroidPotion"},{"floor":4.0,"key":"Strength Potion"},{"floor":13.0,"key":"Adrenaline Potion"},{"floor":18.0,"key":"Venom Potion"},{"floor":24.0,"key":"Fire Potion"},{"floor":28.0,"key":"Reflective Coating"},{"floor":28.0,"key":"CultistPotion"},{"floor":31.0,"key":"SkillPotion"},{"floor":40,"key":"PowerPotion"},{"floor":40,"key":"DistilledChaos"},{"floor":42,"key":"BlessingOfTheForge"},{"floor":42,"key":"Strength Potion"},{"floor":44,"key":"EssenceOfSteel"},{"floor":47,"key":"SkillPotion"}],"is_trial":false,"path_per_floor":["M","$","M","M","M","R","?","M","T","R","M","M","M","M","R","B",null,"M","M","M","M","M","R","?","E","T","$","?","M","M","M","R","B",null,"?","?","?","T","?","T","?","T","T","?","?","T","?","?","T","B",null],"character_chosen":"THE_BUGKNIGHT","items_purchased":["HollowMod:DungDefenderAura","HollowMod:MillibellesNoteRelic","Replay:Bottled Flurry","hubris:SlimyHat","Blue Doll"],"campfire_rested":6,"item_purchase_floors":[2,27,27,27,27],"current_hp_per_floor":[75,75,75,75,75,75,75,75,75,75,75,75,75,75,75,75,75,75,75,66,67,68,75,75,66,66,66,66,60,61,53,75,47,75,51,52,52,52,61,61,52,52,52,60,60,75,61,69,75,52],"gold":1026,"neow_bonus":"TRANSFORM_CARD","is_daily":false,"chose_seed":false,"campfire_upgraded":30,"win_rate":0.0,"timestamp":1610374496,"path_taken":["M","$","M","?","M","R","?","M","T","R","M","M","M","M","R","BOSS","M","M","M","M","M","R","?","E","T","$","?","M","M","M","R","BOSS","?","?","?","?","?","T","?","T","T","?","?","T","?","?","T","BOSS"],"items_purchased_type":["Card","Relic","Relic","Relic","Relic"],"build_version":"2020-12-22","purchased_purges":0,"victory":true,"max_hp_per_floor":[75,75,75,75,75,75,75,75,75,75,75,75,75,75,75,75,75,75,75,75,75,75,75,75,75,75,75,75,75,75,75,75,75,75,75,75,75,75,75,75,75,75,75,75,75,75,75,75,75,75],"card_choices":[{"not_picked":["HollowMod:ShadowDash","HollowMod:CornifersMapStart"],"picked":"HollowMod:DungDefenderAura","floor":1.0},{"not_picked":["HollowMod:SoulSplash","HollowMod:SharpenedNail","HollowMod:DoubleDash","HollowMod:HowlingWraiths"],"picked":"HollowMod:DashSlash","floor":3.0},{"not_picked":["HollowMod:BaldurShell","HollowMod:MawleksShell","HollowMod:VengefulVoid","HollowMod:SiblingsShadow"],"picked":"HollowMod:MantisMark","floor":4.0},{"not_picked":["HollowMod:InfectedCysts","HollowMod:SoulShaman","HollowMod:SiblingsShadow","HollowMod:SoulStrike"],"picked":"HollowMod:CornifersMapStart","floor":5.0},{"not_picked":["HollowMod:InfectedCysts","HollowMod:SharpenedShadows","HollowMod:HerrahsAnger","HollowMod:ChannelNail"],"picked":"HollowMod:CoiledNail","floor":8.0},{"not_picked":["HollowMod:Weaversong","HollowMod:Grubsong","HollowMod:CrystalDash","HollowMod:DoubleDash"],"picked":"HollowMod:GoodIntentions","floor":11.0},{"not_picked":["HollowMod:MonomonsArchive","HollowMod:SharpenedNail","HollowMod:InfectedCysts","HollowMod:InfectedAttack"],"picked":"HollowMod:LifebloodCocoon","floor":12.0},{"not_picked":["HollowMod:SoulStrike","HollowMod:GoodIntentions","HollowMod:VengefulVoid","HollowMod:HeavyBlow"],"picked":"HollowMod:CycloneSlash","floor":13.0},{"not_picked":["HollowMod:PureNailStrike","HollowMod:HornetsHelp","HollowMod:DashSlash","HollowMod:SoulVessel"],"picked":"HollowMod:SoulSplash","floor":14.0},{"not_picked":["HollowMod:LordofShades","HollowMod:SoulMaster","HollowMod:HornetsHelp","HollowMod:HerrahsAnger"],"picked":"HollowMod:AwokenDreamNail","floor":16.0},{"not_picked":["Decay","Replay:Hysterical Blindness","ReplayTheSpireMod:Restless Dread","Pain"],"picked":"Gensokyo:ImpossibleRequest","floor":17.0},{"not_picked":["Gensokyo:ImpossibleRequest","Languid","conspire:NecroticWound","infinitespire:Pacifist"],"picked":"Gensokyo:AllTheWorldsEvil","floor":17.0},{"not_picked":["Looming Evil","Decay","Delirium","Parasite"],"picked":"Gensokyo:ImpossibleRequest","floor":17.0},{"not_picked":["HollowMod:HeavyBlow","HollowMod:PureVessel","HollowMod:CloakDash","HollowMod:DashSlash"],"picked":"HollowMod:GrimmsGift+1","floor":18.0},{"not_picked":["HollowMod:CycloneSlash","HollowMod:CloakDash","HollowMod:GrimmsGift","HollowMod:BlackTendrils"],"picked":"HollowMod:HowlingWraiths+1","floor":19.0},{"not_picked":["HollowMod:SharpenedShadows","HollowMod:NewJinnsSoul","HollowMod:DashSlash","HollowMod:QuirrelsAssistance"],"picked":"HollowMod:MothsMistake+1","floor":20.0},{"not_picked":["HollowMod:NewJinnsSoul","HollowMod:InfectedCysts+1","HollowMod:SharpenedNail+1","HollowMod:HeavyBlow+1"],"picked":"HollowMod:TaintedHusks","floor":21.0},{"not_picked":["HollowMod:SiblingsSouls","HollowMod:MonarchWings","HollowMod:SoulEater+1","HollowMod:RecoilStrike"],"picked":"HollowMod:SoulSplash","floor":22.0},{"not_picked":["HollowMod:DoubleDash+1","HollowMod:WhiteLadysBlessing","HollowMod:NewJinnsSoul","HollowMod:SoulEater"],"picked":"HollowMod:MantisMark","floor":25.0},{"not_picked":["HollowMod:SoulEater+1","HollowMod:SoulVessel","HollowMod:DreamGate","HollowMod:CloakDash"],"picked":"HollowMod:HuntersJournal","floor":29.0},{"not_picked":["HollowMod:DashSlash","HollowMod:GoodIntentions","HollowMod:NewJinnsSoul","HollowMod:SiblingsSouls"],"picked":"HollowMod:VengefulVoid","floor":30.0},{"not_picked":["HollowMod:PureNailStrike","HollowMod:TaintedHusks","HollowMod:InfectedAttack","HollowMod:LifebloodCocoon"],"picked":"HollowMod:HuntersJournal+1","floor":31.0},{"not_picked":["HollowMod:SoulMaster","HollowMod:RadiancesLament","HollowMod:WhiteLadysBlessing","HollowMod:Weaversong"],"picked":"HollowMod:Hiveblood","floor":33.0},{"not_picked":["HollowMod:CycloneSlash","HollowMod:HowlingWraiths","HollowMod:TaintedHusks","HollowMod:DoubleDash+1"],"picked":"HollowMod:SharpenedNail","floor":35.0},{"not_picked":["HollowMod:VengefulSpirit+1","HollowMod:SharpenedNail","HollowMod:DashSlash+1","HollowMod:SharpenedShadows+1"],"picked":"HollowMod:SoulEater+1","floor":36},{"not_picked":["HollowMod:SharpenedNail","HollowMod:LifebloodCocoon","HollowMod:HeavyBlow","HollowMod:TaintedHusks+1"],"picked":"HollowMod:ChannelNail","floor":39},{"not_picked":["HollowMod:GreatSlash","HollowMod:ShadowDash","HollowMod:CycloneSlash+1","HollowMod:SoulMaster"],"picked":"HollowMod:PerfectDash+1","floor":41},{"not_picked":["HollowMod:SoulShaman+1","HollowMod:PureVessel","HollowMod:PerfectDash+1","HollowMod:DashSlash"],"picked":"HollowMod:SoulEater+1","floor":44},{"not_picked":["HollowMod:InfectedCysts+1","HollowMod:DesolateDive","HollowMod:ChannelNail","HollowMod:SoulSplash"],"picked":"HollowMod:CoiledNail","floor":47},{"not_picked":["HollowMod:DungDefenderAura+1","HollowMod:DreamGate","HollowMod:SharpenedNail","HollowMod:LuriensSpire"],"picked":"HollowMod:FastStrike+1","floor":48}],"player_experience":210632,"relics_obtained":[{"floor":1.0,"key":"SynthV:TestCard"},{"floor":9.0,"key":"Replay:Bottled Snecko"},{"floor":25.0,"key":"Meat on the Bone"},{"floor":26.0,"key":"Chameleon Ring"},{"floor":43,"key":"Kunai"}],"event_choices":[{"damage_healed":0.0,"max_hp_gain":0.0,"max_hp_loss":0.0,"gold_gain":0.0,"event_name":"Golden Idol","player_choice":"Take Wound","floor":7.0,"gold_loss":0.0,"damage_taken":0.0,"relics_obtained":["Golden Idol"],"cards_obtained":["Injury"]},{"damage_healed":0.0,"max_hp_gain":0.0,"max_hp_loss":0.0,"gold_gain":0.0,"event_name":"The Woman in Blue","player_choice":"Bought 1 Potion","floor":24.0,"gold_loss":0.0,"damage_taken":0.0},{"damage_healed":0.0,"max_hp_gain":0.0,"max_hp_loss":0.0,"gold_gain":0.0,"event_name":"Lab","player_choice":"Got Potions","floor":28.0,"gold_loss":0.0,"damage_taken":0.0},{"damage_healed":0,"gold_gain":0,"player_choice":"Paid Gold","damage_taken":0,"relics_obtained":["hubris:CuriousFeather"],"max_hp_gain":0,"max_hp_loss":0,"event_name":"WeMeetAgain","floor":45,"gold_loss":90}],"is_beta":false,"boss_relics":[{"not_picked":["Tiny House","Snecko Eye"],"picked":"Replay:Ancient Bell"},{"not_picked":["infinitespire:Lucky Rock","Bag of Preparation"],"picked":"Bag of Marbles"},{"not_picked":["infinitespire:Midas Blood","hubris:DuctTape"],"picked":"conspire:DeflatedDodgeball"},{"not_picked":["hubris:AstralHammer","FossilizedHelix"],"picked":"Gambling Chip"},{"not_picked":["ChiXiaoBlade","Black Star"],"picked":"Painkiller Herb"}],"items_purged_floors":[],"is_endless":false,"potions_floor_spawned":[3,4,13,14,18,25,29,30,31,44,47],"ascension_level":0}}