{"host":"4328iixd8pca51w5","time":1610374371,"event":{"mods":["2.2 Compatiblity","AchievementEnabler","BaseMod","CapriCore","Colored Map","KOR Keyword Fix","Minty Spire (QoL Compilation)","StSLib","WarShipGirlsR/??á´Ò³R mod"],"gold_per_floor":[109,0,11,11,23,57,68,68,68,88,106,139,39,39,39,138,138,154,206,206,81,101,134,134,134,161,199,199,199,199,219,219,329,329,369,380,401,428,446,471,471,487,487,487,48,48,48,70,70,70],"floor_reached":51,"playtime":3365,"items_purged":["rmod:strick","rmod:strick","rmod:basicallowance","rmod:strick"],"score":706,"play_id":"20037c5c-e128-4007-b8bf-6262d9a60607","local_time":"20210111231251","is_ascension_mode":false,"campfire_choices":[{"data":"rmod:goodfighter","floor":8.0,"key":"SMITH"},{"data":"rmod:supportaircraftcarrier","floor":15.0,"key":"SMITH"},{"data":"rmod:ammunitionsupply","floor":24,"key":"SMITH"},{"data":"rmod:openingtorpedo","floor":28,"key":"SMITH"},{"data":"rmod:acesubmarine","floor":32,"key":"SMITH"},{"data":"rmod:heivgo","floor":41,"key":"SMITH"},{"data":"rmod:aviationdawn","floor":46,"key":"SMITH"},{"data":"rmod:expedition+2","floor":49,"key":"SMITH"}],"circlet_count":0,"master_deck":["rmod:strick","rmod:defend","rmod:defend","rmod:defend","rmod:maingunfire","rmod:fletcherpendant","rmod:expedition+3","rmod:ammunitionsupply+1","rmod:tearstotiara","rmod:goodfighter+1","rmod:intelligenceanalysis","rmod:aviationdawn+1","rmod:supportaircraftcarrier+1","rmod:acesubmarine+1","rmod:aggressivemary","rmod:rockthrower+1","rmod:desperatesituation","rmod:openingtorpedo+1","rmod:desperatesituation","rmod:heivgo+1","rmod:windflower","rmod:wolves","rmod:fletcherpendant+1"],"relics":["Question Card","Meat on the Bone","Sundial","Art of War","rmod:mogul","Ginger","Toy Ornithopter","CeramicFish","rmod:monthlycard","FossilizedHelix","White Beast Statue","Chemical X","Pen Nib"],"acts_visited":["Exordium","TheCity","TheBeyond"],"potions_floor_usage":[23,30,33,40,48,50,50],"damage_taken":[{"damage":0.0,"enemies":"Cultist","floor":1.0,"turns":3.0},{"damage":0.0,"enemies":"Jaw Worm","floor":3.0,"turns":4.0},{"damage":0.0,"enemies":"2 Louse","floor":5.0,"turns":2.0},{"damage":16.0,"enemies":"3 Sentries","floor":6.0,"turns":8.0},{"damage":3.0,"enemies":"Lots of Slimes","floor":7.0,"turns":6.0},{"damage":5.0,"enemies":"3 Louse","floor":10.0,"turns":2.0},{"damage":0.0,"enemies":"Looter","floor":11.0,"turns":2.0},{"damage":2.0,"enemies":"Lagavulin","floor":12.0,"turns":5.0},{"damage":40.0,"enemies":"Hexaghost","floor":16.0,"turns":6.0},{"damage":4,"enemies":"Chosen","floor":18,"turns":5},{"damage":9,"enemies":"3 Byrds","floor":19,"turns":4},{"damage":16,"enemies":"Shelled Parasite and Fungi","floor":22,"turns":3},{"damage":30,"enemies":"Gremlin Leader","floor":23,"turns":4},{"damage":33,"enemies":"Book of Stabbing","floor":27,"turns":3},{"damage":0,"enemies":"Centurion and Healer","floor":30,"turns":1},{"damage":7,"enemies":"Chosen and Byrds","floor":31,"turns":5},{"damage":39,"enemies":"Automaton","floor":33,"turns":8},{"damage":14,"enemies":"Orb Walker","floor":35,"turns":3},{"damage":23,"enemies":"3 Darklings","floor":36,"turns":4},{"damage":0,"enemies":"Transient","floor":37,"turns":6},{"damage":22,"enemies":"Jaw Worm Horde","floor":38,"turns":5},{"damage":18,"enemies":"Spire Growth","floor":39,"turns":3},{"damage":36,"enemies":"Nemesis","floor":40,"turns":5},{"damage":0,"enemies":"Transient","floor":42,"turns":6},{"damage":0,"enemies":"Jaw Worm Horde","floor":48,"turns":4},{"damage":62,"enemies":"Time Eater","floor":50,"turns":9}],"seed_played":"2560239013353031335","potions_obtained":[{"floor":1.0,"key":"SpeedPotion"},{"floor":6.0,"key":"Strength Potion"},{"floor":7.0,"key":"GamblersBrew"},{"floor":10.0,"key":"Explosive Potion"},{"floor":16.0,"key":"BlessingOfTheForge"},{"floor":18,"key":"SmokeBomb"},{"floor":20,"key":"LiquidBronze"},{"floor":20,"key":"Fire Potion"},{"floor":27,"key":"Ancient Potion"},{"floor":36,"key":"Regen Potion"},{"floor":39,"key":"SpeedPotion"},{"floor":42,"key":"DistilledChaos"},{"floor":48,"key":"AttackPotion"}],"is_trial":false,"path_per_floor":["M","$","M","?","M","E","M","R","T","M","M","E","$","T","R","B",null,"M","M","?","$","M","E","R","?","T","E","R","?","M","M","R","B",null,"M","M","M","M","M","E","R","M","T","?","$","R","?","M","R","B",null],"character_chosen":"PRAEFECT","items_purchased":["rmod:expedition","Chemical X","Pen Nib"],"campfire_rested":0,"item_purchase_floors":[2,45,45],"current_hp_per_floor":[82,82,82,82,82,66,63,63,63,58,58,56,56,56,56,28,82,78,69,69,69,53,35,35,35,35,14,14,14,31,36,36,14,82,68,45,45,35,29,24,24,36,36,36,36,36,36,53,53,13],"gold":70,"neow_bonus":"TEN_PERCENT_HP_BONUS","is_daily":false,"chose_seed":false,"campfire_upgraded":8,"win_rate":0.0,"timestamp":1610374371,"path_taken":["M","$","M","?","M","E","M","R","T","M","M","E","?","?","R","BOSS","M","M","?","$","?","E","R","?","T","E","R","?","M","M","R","BOSS","M","M","M","M","M","E","R","M","T","?","$","R","?","?","R","BOSS"],"items_purchased_type":["Card","Relic","Relic"],"build_version":"2020-12-22","purchased_purges":4,"victory":true,"max_hp_per_floor":[82,82,82,82,82,82,82,82,82,82,82,82,82,82,82,82,82,82,82,82,82,82,82,82,82,82,82,82,82,82,82,82,82,82,82,82,82,82,82,82,82,82,82,82,82,82,82,82,82,82],"card_choices":[{"not_picked":["rmod:steelsupply","rmod:circuitoustactics"],"picked":"rmod:fletcherpendant","floor":1.0},{"not_picked":["rmod:steelsupply","rmod:slowdown"],"picked":"rmod:ammunitionsupply","floor":3.0},{"not_picked":["rmod:aluminumsupply","rmod:fuelsupply"],"picked":"rmod:tearstotiara","floor":5.0},{"not_picked":["rmod:aluminumsupply","rmod:fletcherpendant","rmod:fuelsupply"],"picked":"SKIP","floor":6.0},{"not_picked":["rmod:supportescort","rmod:capitalist","rmod:fuelsupply"],"picked":"rmod:goodfighter","floor":7.0},{"not_picked":["rmod:garrisonisland","rmod:wife","rmod:desperatesituation"],"picked":"rmod:intelligenceanalysis","floor":10.0},{"not_picked":["rmod:tearstotiara","rmod:fuelsupply","rmod:fletcherpendant"],"picked":"rmod:aviationdawn","floor":11.0},{"not_picked":["rmod:steelsupply","rmod:intelligenceanalysis","rmod:unsinkable"],"picked":"rmod:supportaircraftcarrier","floor":12.0},{"not_picked":["rmod:windflower","rmod:stealaluminum","rmod:seals"],"picked":"rmod:acesubmarine","floor":16.0},{"not_picked":["rmod:steelsupply","rmod:aviationdawn","rmod:luckystar+1"],"picked":"rmod:aggressivemary","floor":18},{"not_picked":["rmod:unsinkable+1","rmod:fletcherpendant","rmod:steelsupply+1"],"picked":"rmod:rockthrower+1","floor":19},{"not_picked":["rmod:punchline","rmod:fuelsupply","rmod:bulid"],"picked":"rmod:desperatesituation","floor":22},{"not_picked":["rmod:tearstotiara","rmod:supportescort","rmod:fuelsupply","rmod:fletcher"],"picked":"SKIP","floor":23},{"not_picked":["rmod:intelligenceanalysis","rmod:aggressivemary","rmod:rockthrower+1"],"picked":"rmod:openingtorpedo","floor":27},{"not_picked":["rmod:intelligenceanalysis","rmod:tearstotiara","rmod:fuelsupply+1","rmod:supportaircraftcarrier"],"picked":"SKIP","floor":31},{"not_picked":["rmod:supriseattacks","rmod:stealaluminum","rmod:acesubmarine"],"picked":"rmod:desperatesituation","floor":33},{"not_picked":["rmod:steelsupply","rmod:fletcherpendant","rmod:slowdown"],"picked":"rmod:heivgo","floor":35},{"not_picked":["rmod:slowdown+1","rmod:steelsupply+1","rmod:victimresponsibility+1","rmod:firesupport"],"picked":"SKIP","floor":36},{"not_picked":["rmod:punchline+1","rmod:aluminumsupply+1","rmod:tearstotiara"],"picked":"rmod:windflower","floor":37},{"not_picked":["rmod:firesupport+1","rmod:unsinkable+1","rmod:diamondstrike"],"picked":"rmod:wolves","floor":38},{"not_picked":["rmod:rockthrower","rmod:selfconfidence","rmod:steelsupply","rmod:sl+1"],"picked":"SKIP","floor":39},{"not_picked":["rmod:bulid","rmod:goodsister+1","rmod:tearstotiara","rmod:intelligenceanalysis"],"picked":"SKIP","floor":40},{"not_picked":["rmod:firesupport","rmod:aviationdawn","rmod:tearstotiara+1","rmod:slowdown+1"],"picked":"SKIP","floor":42},{"not_picked":["rmod:victimresponsibility+1","rmod:slowdown+1","rmod:mineteam"],"picked":"rmod:fletcherpendant+1","floor":48}],"player_experience":161220,"relics_obtained":[{"floor":6.0,"key":"Question Card"},{"floor":9.0,"key":"Meat on the Bone"},{"floor":12.0,"key":"Sundial"},{"floor":14.0,"key":"Art of War"},{"floor":23,"key":"Ginger"},{"floor":26,"key":"Toy Ornithopter"},{"floor":27,"key":"CeramicFish"},{"floor":40,"key":"FossilizedHelix"},{"floor":43,"key":"White Beast Statue"}],"event_choices":[{"damage_healed":0.0,"max_hp_gain":0.0,"max_hp_loss":0.0,"gold_gain":0.0,"event_name":"Accursed Blacksmith","player_choice":"Forge","floor":4.0,"gold_loss":0.0,"damage_taken":0.0,"cards_upgraded":["rmod:expedition"]},{"damage_healed":0,"gold_gain":0,"player_choice":"Got Potions","damage_taken":0,"max_hp_gain":0,"max_hp_loss":0,"event_name":"Lab","floor":20,"gold_loss":0},{"cards_removed":["rmod:defend"],"damage_healed":0,"gold_gain":0,"player_choice":"Elegance","damage_taken":0,"max_hp_gain":0,"max_hp_loss":0,"event_name":"Back to Basics","floor":25,"gold_loss":0},{"damage_healed":0,"gold_gain":0,"player_choice":"Ignored","damage_taken":0,"max_hp_gain":0,"max_hp_loss":0,"event_name":"Cursed Tome","floor":29,"gold_loss":0},{"damage_healed":0,"gold_gain":0,"player_choice":"Ignored","damage_taken":0,"max_hp_gain":0,"max_hp_loss":0,"event_name":"Tomb of Lord Red Mask","floor":44,"gold_loss":0},{"damage_healed":0,"gold_gain":0,"player_choice":"Upgraded","damage_taken":0,"max_hp_gain":0,"max_hp_loss":0,"event_name":"Upgrade Shrine","floor":47,"gold_loss":0,"cards_upgraded":["rmod:expedition"]}],"is_beta":false,"boss_relics":[{"not_picked":["Fusion Hammer","Calling Bell"],"picked":"rmod:mogul"},{"not_picked":["SlaversCollar","Empty Cage"],"picked":"rmod:monthlycard"}],"items_purged_floors":[2,13,21,45],"is_endless":false,"potions_floor_spawned":[1,6,7,10,16,18,22,27,36,39,42,48],"ascension_level":0}}