{"host":"yhemb00fn7g5zwp1","time":1610358218,"event":{"mods":["AchievementEnabler","Act Like it!","BaseMod","CapriCore","Gensokyo","Highlight Path","KinomotoSakuraMod(ƒæ÷Æ±æ”£)","Koishi","KomeijiMod","Lobotomy","LobotomyExtend","Marisa£®ÏF”Í°°ƒß¿Ì…≥£©","Minty Spire (QoL Compilation)","MostiFishMod","Pale of the Ancients","Prisma Mod","Reimu£®≤©¿ˆ¡È√Œ£©","StSLib","Td1madao Mod","The Immortal","The Servant 0.9.4","Yakumo Yukari mod","Youmu£®ªÍ∆«—˝√Œ£©","Yuyuko","vexMod","°æ“≈ŒÔø®≈∆°øREMEMod","ÛÙª÷∏ƒœ"],"gold_per_floor":[112,112,132,132,148,148,162,174,253,253,253,253],"floor_reached":11,"playtime":647,"items_purged":[],"score":90,"play_id":"36d959e8-331e-4ee2-a37d-86ed459f4959","local_time":"20210111174338","is_ascension_mode":false,"campfire_choices":[],"circlet_count":0,"master_deck":["SpecialBullet","SpecialBullet","SpecialBullet","SpecialBullet","SpecialBullet","SpecialBullet","SpecialBullet","SpecialBullet","InformationCode","RecordCode","SecurityCode","OSAHOGD","Soda","OldLady","Wingbeat","Injury","GalaxyChild","ShedSkin","Mercenary","GreenStem","FairyFestival","Loneliness"],"relics":["CogitoBucket","REME_ComplimentaryCards","DaveBox","SynthV:TestCard","LetterFromLob","Unceasing Top","vexMod:BerryBomb"],"acts_visited":["Exordium"],"potions_floor_usage":[11],"damage_taken":[{"damage":0,"enemies":"Gensokyo:3_Fairies","floor":1,"turns":2},{"damage":16,"enemies":"Gensokyo:2_Kodama","floor":3,"turns":3},{"damage":7,"enemies":"Gensokyo:Gryphon","floor":5,"turns":3},{"damage":7,"enemies":"Gensokyo:Python_and_Kodama","floor":7,"turns":4},{"damage":15,"enemies":"Gensokyo:5_Fairies","floor":8,"turns":7},{"damage":86,"enemies":"Gensokyo:Cirno","floor":11,"turns":7}],"seed_played":"-7688286411701543672","potions_obtained":[{"floor":1,"key":"ZuzhouPotion:ReiMu"},{"floor":3,"key":"JyouchiReiPotion"}],"is_trial":false,"path_per_floor":["M","?","M","?","M","R","M","M","T","R","E"],"character_chosen":"Angela","items_purchased":[],"campfire_rested":0,"item_purchase_floors":[],"current_hp_per_floor":[71,71,66,66,68,68,73,66,72,72,0,0],"gold":253,"neow_bonus":"TWENTY_PERCENT_HP_BONUS","is_daily":false,"chose_seed":false,"campfire_upgraded":0,"win_rate":0.0,"timestamp":1610358218,"path_taken":["M","?","M","?","M","R","M","M","T","R","E"],"items_purchased_type":[],"build_version":"2020-12-22","purchased_purges":0,"victory":false,"max_hp_per_floor":[84,84,84,84,84,84,84,84,90,90,90,90],"card_choices":[{"not_picked":["Laetitia","CrumblingArmor"],"picked":"OSAHOGD","floor":1},{"not_picked":["Lantern"],"picked":"Soda","floor":1},{"not_picked":["PunishingBird","ShyLook"],"picked":"OldLady","floor":3},{"not_picked":["SolemnVow","WristCuter","Gaze"],"picked":"Wingbeat","floor":3},{"not_picked":["DespairKnight","WallGazer"],"picked":"GalaxyChild","floor":5},{"not_picked":["RapturousDream","Ecstasy","WristCuter"],"picked":"ShedSkin","floor":5},{"not_picked":["Murderer","LaLuna"],"picked":"Mercenary","floor":7},{"not_picked":["Horn","Harmony","Penitence"],"picked":"GreenStem","floor":7},{"not_picked":["ShyLook","Wellcheers"],"picked":"FairyFestival","floor":8},{"not_picked":["Lantern","Horn","Lamp"],"picked":"Loneliness","floor":8}],"player_experience":432784,"relics_obtained":[{"floor":1,"key":"SynthV:TestCard"},{"floor":1,"key":"LetterFromLob"},{"floor":9,"key":"vexMod:BerryBomb"}],"event_choices":[],"is_beta":false,"boss_relics":[],"items_purged_floors":[],"is_endless":false,"potions_floor_spawned":[1,3],"killed_by":"Gensokyo:Cirno","ascension_level":0}}