{"host":"8h3glbk9j4k4ylc4","time":1610389758,"event":{"mods":["AchievementEnabler","Act Like it!","BaseMod","Colored Map","Colored Powertips","Downfall","Energized Spire","Gensokyo","Hallownest","Hermit","Hubris","Infinite Spire","Jorbs\u0027s Wanderer Trilogy","Lobotomy","Marisa????????","Minty Spire (QoL Compilation)","Replay The Spire","Somnambulant","StSLib","The Animator","The Bug Knight","The Judge"],"gold_per_floor":[99,99,99,99,99,99,125,159,159,184,196,207,207,239,253,356,356,281,281,281,40,40,40,40,91,141,198,250,250,306,36,126,228,228,228,279,279,279,337,357,357,424,424,424,454,514,514,539,596,636,636],"floor_reached":52,"playtime":3448,"items_purged":["hexamod:Strike","hexamod:Strike","hexamod:Strike","hexamod:Defend"],"score":943,"play_id":"bb220928-97eb-40e3-b9e8-f19bafb54a6d","local_time":"20210111202918","is_ascension_mode":false,"campfire_choices":[{"data":"hexamod:Sear","floor":1,"key":"SMITH"},{"data":"hexamod:Firestarter","floor":6,"key":"SMITH"},{"data":"hexamod:AdvancingGuard","floor":9,"key":"SMITH"},{"data":"hexamod:DynamicBlow","floor":13,"key":"SMITH"},{"data":"hexamod:HexaLevel","floor":18,"key":"SMITH"},{"floor":29,"key":"REST"},{"floor":35,"key":"RECALL"},{"data":"hexamod:VolcanoVisage","floor":43,"key":"SMITH"}],"circlet_count":0,"master_deck":["hexamod:Sear+1","hexamod:Float","hexamod:AdvancingGuard+1","hexamod:SpectralAdrenaline+1","hexamod:Firestarter+1","hexamod:RadiantFlame+1","hexamod:DynamicBlow+1","hexamod:FastForward","hexamod:SpectersWail","hexamod:HexaLevel+1","hexamod:ExtraCrispy","hexamod:ShieldOfDarkness","hexamod:ThermalTransfer+1","hexamod:GhostflameBarrier+1","hexamod:PhantomCloak","hexamod:VolcanoVisage+1","infinitespire:Collect","ReplayTheSpireMod:Chaos Vortex","hexamod:NightmareGuise","hexamod:EmpoweredFlame"],"relics":["hexamod:SpiritBrand","downfall:HeartsMalice","ReplayFunnel","Letter Opener","Anchor","infinitespire:Joker Card","Philosopher\u0027s Stone","downfall:HeartBlessingGreen","HollowMod:JonisBlessing","downfall:KnowingSkull","Dream Catcher","Pear","hexamod:MatchstickCase","Black Star","Replay:WaspNest","Empty Cage","Molten Egg 2","Bag of Preparation","hubris:GlazedTorus","hubris:TenFootPole","Eternal Feather"],"acts_visited":["Exordium","TheCity","TheBeyond"],"potions_floor_usage":[42,48],"damage_taken":[{"damage":0,"enemies":"2 Louse","floor":3,"turns":1},{"damage":0,"enemies":"Cultist","floor":5,"turns":1},{"damage":0,"enemies":"Gremlin Nob","floor":8,"turns":1},{"damage":0,"enemies":"Small Slimes","floor":11,"turns":4},{"damage":1,"enemies":"Blue Slaver","floor":12,"turns":3},{"damage":32,"enemies":"3 Sentries","floor":14,"turns":12},{"damage":0,"enemies":"Exordium Thugs","floor":15,"turns":3},{"damage":19,"enemies":"downfall:Ironclad","floor":16,"turns":9},{"damage":3,"enemies":"downfall:FleeingMerchant","floor":21,"turns":4},{"damage":31,"enemies":"3 Byrds","floor":25,"turns":4},{"damage":2,"enemies":"Shelled Parasite and Fungi","floor":26,"turns":4},{"damage":0,"enemies":"Snake Plant","floor":27,"turns":4},{"damage":1,"enemies":"Centurion and Healer","floor":28,"turns":6},{"damage":3,"enemies":"Cultist and Chosen","floor":30,"turns":7},{"damage":10,"enemies":"downfall:FleeingMerchant","floor":31,"turns":4},{"damage":0,"enemies":"Shelled Parasite and Fungi","floor":32,"turns":5},{"damage":0,"enemies":"downfall:Silent","floor":33,"turns":9},{"damage":0,"enemies":"3 Darklings","floor":36,"turns":6},{"damage":0,"enemies":"3 Shapes","floor":39,"turns":4},{"damage":10,"enemies":"Transient","floor":40,"turns":5},{"damage":7,"enemies":"Nemesis","floor":42,"turns":6},{"damage":0,"enemies":"R_Hoarder","floor":45,"turns":7},{"damage":0,"enemies":"Jaw Worm Horde","floor":46,"turns":5},{"damage":0,"enemies":"downfall:FleeingMerchant","floor":48,"turns":4},{"damage":0,"enemies":"Spire Growth","floor":49,"turns":3},{"damage":14,"enemies":"downfall:Watcher","floor":50,"turns":9}],"seed_played":"-5607969316999426027","potions_obtained":[{"floor":8,"key":"FairyPotion"},{"floor":11,"key":"Dexterity Potion"},{"floor":12,"key":"sneckomod:MuddlingPotion"},{"floor":27,"key":"Adrenaline Potion"},{"floor":32,"key":"Fire Potion"},{"floor":42,"key":"Swift Potion"}],"is_trial":false,"path_per_floor":["R","?","M","?","M","R","T","E","R","T","M","M","R","E","M","B",null,"R","?","?","$","?","AVR","T","M","M","M","M","R","M","$","M","B",null,"R_BF","M","?","AVR","M","M","T","E","R","?","E","M","?","$","M","B",null,null],"character_chosen":"THE_SPIRIT","items_purchased":["HollowMod:JonisBlessing","hexamod:MatchstickCase","hexamod:PhantomCloak"],"campfire_rested":1,"item_purchase_floors":[21,31,31],"current_hp_per_floor":[70,70,70,70,70,70,70,70,70,70,70,69,69,37,37,18,70,70,70,70,67,60,60,70,39,37,37,36,60,57,47,47,47,80,80,80,80,80,80,70,70,63,63,63,63,63,63,63,63,49,49],"gold":636,"neow_bonus":"THREE_ENEMY_KILL","is_daily":false,"chose_seed":false,"campfire_upgraded":6,"win_rate":0.0,"timestamp":1610389758,"path_taken":["R","?","?","?","M","R","T","E","R","?","M","?","R","E","M","BOSS","R","?","?","$","?","AVR","T","?","M","M","M","R","M","$","M","BOSS","R_BF","M","?","AVR","M","M","T","E","R","?","E","M","?","?","M","BOSS"],"items_purchased_type":["Relic","Relic","Card"],"build_version":"2020-12-22","purchased_purges":4,"victory":true,"max_hp_per_floor":[70,70,70,70,70,70,70,70,70,70,70,70,70,70,70,70,70,70,70,70,70,70,70,80,80,80,80,80,80,80,80,80,80,80,80,80,80,80,80,80,80,80,80,80,80,80,80,80,80,80,80],"card_choices":[{"not_picked":["hexamod:HeatCrush","hexamod:Rewind"],"picked":"hexamod:AdvancingGuard","floor":3},{"not_picked":["hexamod:GhostLash","hexamod:GhostOfSpireFuture"],"picked":"hexamod:Firestarter","floor":5},{"not_picked":["hexamod:RecurringNightmare","hexamod:Hexaguard"],"picked":"hexamod:UnleashSpirits","floor":8},{"not_picked":["hexamod:AdvancingGuard","hexamod:NightmareGuise"],"picked":"hexamod:RadiantFlame","floor":11},{"not_picked":["hexamod:StepThrough","hexamod:RecurringNightmare"],"picked":"hexamod:DynamicBlow","floor":12},{"not_picked":["hexamod:ParanormalForm","hexamod:RainOfEmbers"],"picked":"hexamod:FastForward","floor":14},{"not_picked":["hexamod:SwordOfDarkness","hexamod:FastForward"],"picked":"hexamod:SpectersWail","floor":15},{"not_picked":["hexamod:FifthSeal","hexamod:EmpoweringStance"],"picked":"hexamod:HexaLevel","floor":16},{"not_picked":["hexamod:GhostShield","hexamod:NecessarySacrifice"],"picked":"hexamod:ExtraCrispy","floor":21},{"not_picked":["hexamod:DynamicBlow","hexamod:HauntingEcho+1"],"picked":"hexamod:ShieldOfDarkness","floor":25},{"not_picked":["hexamod:StepThrough","hexamod:Again","hexamod:HauntingEcho+1"],"picked":"SKIP","floor":26},{"not_picked":["hexamod:Hexaguard","hexamod:GhostLash","hexamod:SkipABeat"],"picked":"SKIP","floor":27},{"not_picked":["hexamod:GhostLash","hexamod:FastForward"],"picked":"hexamod:ThermalTransfer+1","floor":28},{"not_picked":["hexamod:Firestarter+1","hexamod:StepThrough+1","hexamod:ThermalTransfer+1"],"picked":"SKIP","floor":30},{"not_picked":["hexamod:NightmareGuise","hexamod:TimeWarp"],"picked":"hexamod:GhostflameBarrier+1","floor":31},{"not_picked":["hexamod:FourthSeal","hexamod:ExtraCrispy+1","hexamod:HauntingEcho"],"picked":"SKIP","floor":32},{"not_picked":["hexamod:TimeOfNeed","hexamod:ParanormalForm"],"picked":"hexamod:VolcanoVisage","floor":33},{"not_picked":["hexamod:GhostShield","hexamod:SecondSeal","hexamod:GhostflameBarrier"],"picked":"SKIP","floor":36},{"not_picked":["hexamod:GhostOfSpirePresent","hexamod:NightmareStrike+1"],"picked":"hexamod:NightmareGuise","floor":39},{"not_picked":["hexamod:NightmareGuise","hexamod:Firestarter","hexamod:GhostShield"],"picked":"SKIP","floor":40},{"not_picked":["hexamod:GhostLash+1","hexamod:ShieldOfDarkness+1"],"picked":"hexamod:EmpoweredFlame","floor":42},{"not_picked":["hexamod:PhantomCloak","hexamod:SoulSteal+1","hexamod:SpectralAdrenaline+1"],"picked":"SKIP","floor":45},{"not_picked":["hexamod:GhostShield+1","hexamod:FourthSeal","hexamod:FastForward"],"picked":"SKIP","floor":46},{"not_picked":["hexamod:ThermalTransfer+1","hexamod:FastForward","hexamod:SecondSeal"],"picked":"SKIP","floor":48},{"not_picked":["hexamod:FourthSeal","hexamod:RadiantFlame","hexamod:RecurringNightmare+1"],"picked":"SKIP","floor":49}],"player_experience":373656,"relics_obtained":[{"floor":7,"key":"ReplayFunnel"},{"floor":8,"key":"Letter Opener"},{"floor":10,"key":"Anchor"},{"floor":14,"key":"infinitespire:Joker Card"},{"floor":24,"key":"Pear"},{"floor":41,"key":"Molten Egg 2"},{"floor":42,"key":"Bag of Preparation"},{"floor":42,"key":"hubris:GlazedTorus"},{"floor":45,"key":"hubris:TenFootPole"},{"floor":45,"key":"Eternal Feather"}],"event_choices":[{"cards_removed":["hexamod:Strike"],"damage_healed":0,"gold_gain":0,"player_choice":"Offered Basic","damage_taken":0,"max_hp_gain":0,"max_hp_loss":0,"event_name":"Bonfire Elementals","floor":2,"gold_loss":0},{"damage_healed":0,"gold_gain":0,"player_choice":"Ignored","damage_taken":0,"max_hp_gain":0,"max_hp_loss":0,"event_name":"Vampires","floor":20,"gold_loss":0},{"damage_healed":0,"gold_gain":0,"player_choice":"Ignored","damage_taken":0,"max_hp_gain":0,"max_hp_loss":0,"event_name":"Mysterious Sphere","floor":44,"gold_loss":0}],"is_beta":false,"boss_relics":[{"not_picked":["Runic Pyramid","hubris:VirtuousBlindfold"],"picked":"Philosopher\u0027s Stone"},{"not_picked":["Sozu","energizedSpire:EnergizedDie"],"picked":"Black Star"}],"items_purged_floors":[21,23,31,38],"is_endless":false,"potions_floor_spawned":[8,11,12,14,27,30,32,40,42,46],"ascension_level":0}}