{"host":"4328iixd8pca51w5","time":1610347311,"event":{"mods":["2.2 Compatiblity","AchievementEnabler","BaseMod","CapriCore","Colored Map","KOR Keyword Fix","Minty Spire (QoL Compilation)","StSLib","The Immortal"],"gold_per_floor":[118,118,118,138,156,156,156,331,331,331,342,354,99,118,118,219,219,219,219,219],"floor_reached":18,"playtime":748,"items_purged":["Doubt"],"score":228,"play_id":"3255360d-3125-4f0a-bb94-23b7910ad250","local_time":"20210111154151","is_ascension_mode":true,"campfire_choices":[{"data":"MokouMod:SearingShot","floor":6.0,"key":"SMITH"},{"data":"MokouMod:ResoluteFlare","floor":10.0,"key":"SMITH"},{"data":"MokouMod:ResonanceReactor","floor":15.0,"key":"SMITH"}],"circlet_count":0,"master_deck":["AscendersBane","MokouMod:Strike","MokouMod:Strike","MokouMod:Strike","MokouMod:Strike","MokouMod:Defend","MokouMod:Defend","MokouMod:Defend","MokouMod:Defend","MokouMod:HeatSpark+1","MokouMod:ResoluteFlare+1","MokouMod:SearingShot+1","MokouMod:Sear","MokouMod:ResonanceReactor+1","MokouMod:BurningDraft","MokouMod:Rebirth"],"relics":["MokouMod:PhoenixFeather","Gremlin Horn","Regal Pillow","Membership Card","Runic Pyramid"],"acts_visited":["Exordium","TheCity"],"potions_floor_usage":[],"damage_taken":[{"damage":1.0,"enemies":"Cultist","floor":1.0,"turns":4.0},{"damage":0.0,"enemies":"Small Slimes","floor":4.0,"turns":3.0},{"damage":10.0,"enemies":"2 Louse","floor":5.0,"turns":2.0},{"damage":3.0,"enemies":"Large Slime","floor":11.0,"turns":4.0},{"damage":11.0,"enemies":"Blue Slaver","floor":12.0,"turns":3.0},{"damage":1.0,"enemies":"2 Fungi Beasts","floor":14.0,"turns":3.0},{"damage":18,"enemies":"Slime Boss","floor":16,"turns":6},{"damage":12,"enemies":"3 Byrds","floor":18,"turns":2}],"seed_played":"2530301539319373505","potions_obtained":[{"floor":1.0,"key":"SteroidPotion"},{"floor":4.0,"key":"Fire Potion"}],"is_trial":false,"path_per_floor":["M","?","?","M","M","R","?","?","T","R","M","M","$","M","R","B",null,"M"],"character_chosen":"MKU","items_purchased":["Membership Card","MokouMod:ResonanceReactor","MokouMod:BurningDraft"],"campfire_rested":0,"item_purchase_floors":[13,13,13],"current_hp_per_floor":[74,71,71,71,61,61,54,54,54,54,51,40,40,39,39,21,67,55,55,55],"gold":219,"neow_bonus":"TEN_PERCENT_HP_BONUS","is_daily":false,"chose_seed":false,"campfire_upgraded":3,"win_rate":0.0,"timestamp":1610347311,"path_taken":["M","?","?","M","?","R","?","?","T","R","M","M","$","M","R","BOSS","M"],"items_purchased_type":["Relic","Card","Card"],"build_version":"2020-12-22","purchased_purges":1,"victory":false,"max_hp_per_floor":[82,82,82,82,82,82,82,82,82,82,82,82,82,82,82,82,82,82,82,82],"card_choices":[{"not_picked":["MokouMod:Trailblazer","MokouMod:WarmUp","MokouMod:Stoke"],"picked":"SKIP","floor":1.0},{"not_picked":["MokouMod:Refresh","MokouMod:SearingShot"],"picked":"MokouMod:ResoluteFlare","floor":4.0},{"not_picked":["MokouMod:IndiscriminateIgnition","MokouMod:Sear"],"picked":"MokouMod:SearingShot","floor":5.0},{"not_picked":["MokouMod:Burn","MokouMod:SearingShot"],"picked":"MokouMod:Sear","floor":11.0},{"not_picked":["MokouMod:Firecracker","MokouMod:EternalBurstReactor","MokouMod:Cataclysm"],"picked":"SKIP","floor":12.0},{"not_picked":["MokouMod:SearingShot","MokouMod:IcarusDive","MokouMod:HouraiForge"],"picked":"SKIP","floor":14.0},{"not_picked":["MokouMod:SpontaneousHumanCombustion","MokouMod:PhoenixForm"],"picked":"MokouMod:Rebirth","floor":16}],"player_experience":214159,"relics_obtained":[{"floor":9.0,"key":"Regal Pillow"}],"event_choices":[{"damage_healed":0.0,"max_hp_gain":0.0,"max_hp_loss":0.0,"gold_gain":0.0,"event_name":"Scrap Ooze","player_choice":"Success","floor":2.0,"gold_loss":0.0,"damage_taken":3.0,"relics_obtained":["Gremlin Horn"]},{"damage_healed":0.0,"max_hp_gain":0.0,"max_hp_loss":0.0,"gold_gain":0.0,"event_name":"Accursed Blacksmith","player_choice":"Forge","floor":3.0,"gold_loss":0.0,"damage_taken":0.0,"cards_upgraded":["MokouMod:HeatSpark"]},{"cards_removed":["MokouMod:Strike"],"damage_healed":0.0,"max_hp_gain":0.0,"max_hp_loss":0.0,"gold_gain":0.0,"event_name":"Golden Wing","player_choice":"Card Removal","floor":7.0,"gold_loss":0.0,"damage_taken":7.0},{"damage_healed":0.0,"max_hp_gain":0.0,"max_hp_loss":0.0,"gold_gain":175.0,"event_name":"Liars Game","player_choice":"AGREE","floor":8.0,"gold_loss":0.0,"damage_taken":0.0,"cards_obtained":["Doubt"]}],"is_beta":false,"boss_relics":[{"not_picked":["Velvet Choker","Sozu"],"picked":"Runic Pyramid"}],"items_purged_floors":[13],"is_endless":false,"potions_floor_spawned":[1,4],"killed_by":"3 Byrds","ascension_level":10}}