{"host":"zekcc3vicrep0och","time":1610347004,"event":{"mods":["AchievementEnabler","BaseMod","Colored Map","Colored Powertips","Displayed Cursed Tome","Highlight Path","Minty Spire (QoL Compilation)","Quick Restart","Relic Stats","StSLib","The Cursed"],"gold_per_floor":[366,331,406,406,29,29,46,73,142,162,162,179,209,209,209,280,280,293,6,6,21,21,21,46,46,71,97,97,19,30,65,65,138,138,158,158,158,178,178,178,206,222,249,281,291,291,309,391,391,391,391],"floor_reached":50,"playtime":1851,"items_purged":[],"score":1115,"play_id":"a3e65b8c-0ba8-49ba-8293-9d58281495dc","local_time":"20210111093644","is_ascension_mode":true,"campfire_choices":[{"data":"Bash","floor":6.0,"key":"SMITH"},{"data":"Twin Strike","floor":11.0,"key":"SMITH"},{"data":"Disarm","floor":15.0,"key":"SMITH"},{"data":"Shockwave","floor":23.0,"key":"SMITH"},{"data":"Offering","floor":25.0,"key":"SMITH"},{"floor":28.0,"key":"REST"},{"data":"Double Tap","floor":32.0,"key":"SMITH"},{"data":"Madness","floor":40.0,"key":"SMITH"},{"data":"Dual Wield","floor":46.0,"key":"SMITH"},{"floor":49.0,"key":"REST"}],"circlet_count":0,"master_deck":["AscendersBane","Strike_R+1","Strike_R","Strike_R","Defend_R","Defend_R","Defend_R","Defend_R","Bash+1","Battle Trance","Twin Strike+1","Shockwave+1","Cleave+1","Disarm+1","Twin Strike+1","Offering+1","Double Tap+1","Inflame+1","Impervious","Shrug It Off","Madness+1","Madness","Metallicize+1","True Grit+1","Dual Wield+1","Dropkick"],"relics":["Black Blood","StrikeDummy","Omamori","Pantograph","Tiny Chest","Calling Bell","Pen Nib","HornCleat","Bird Faced Urn","Singing Bowl","Frozen Egg 2","InkBottle","Red Skull","Bronze Scales","Letter Opener","Whetstone","Sundial","Orichalcum","MealTicket","Molten Egg 2"],"acts_visited":["Exordium","TheCity","TheBeyond"],"potions_floor_usage":[50],"damage_taken":[{"damage":10.0,"enemies":"Small Slimes","floor":1.0,"turns":4.0},{"damage":0.0,"enemies":"2 Louse","floor":7.0,"turns":3.0},{"damage":7.0,"enemies":"3 Sentries","floor":8.0,"turns":8.0},{"damage":4.0,"enemies":"Jaw Worm","floor":10.0,"turns":3.0},{"damage":6.0,"enemies":"Looter","floor":12.0,"turns":3.0},{"damage":0.0,"enemies":"Gremlin Nob","floor":13.0,"turns":3.0},{"damage":11.0,"enemies":"The Guardian","floor":16.0,"turns":11.0},{"damage":0.0,"enemies":"Chosen","floor":18.0,"turns":3.0},{"damage":17.0,"enemies":"2 Thieves","floor":21.0,"turns":3.0},{"damage":26.0,"enemies":"Gremlin Leader","floor":24.0,"turns":7.0},{"damage":42.0,"enemies":"Slavers","floor":27.0,"turns":6.0},{"damage":24.0,"enemies":"Snake Plant","floor":30.0,"turns":2.0},{"damage":9.0,"enemies":"Book of Stabbing","floor":31.0,"turns":2.0},{"damage":42.0,"enemies":"Collector","floor":33.0,"turns":8.0},{"damage":8.0,"enemies":"Orb Walker","floor":35.0,"turns":4.0},{"damage":11.0,"enemies":"3 Shapes","floor":38.0,"turns":7.0},{"damage":19.0,"enemies":"Giant Head","floor":41.0,"turns":7.0},{"damage":9.0,"enemies":"Jaw Worm Horde","floor":42.0,"turns":3.0},{"damage":50.0,"enemies":"Nemesis","floor":44.0,"turns":7.0},{"damage":6.0,"enemies":"Writhing Mass","floor":45.0,"turns":5.0},{"damage":6.0,"enemies":"Spire Growth","floor":47.0,"turns":2.0},{"damage":90,"enemies":"Time Eater","floor":50,"turns":9}],"seed_played":"8238360770741754957","potions_obtained":[{"floor":7.0,"key":"Weak Potion"},{"floor":10.0,"key":"AttackPotion"},{"floor":12.0,"key":"LiquidBronze"},{"floor":13.0,"key":"Energy Potion"},{"floor":21.0,"key":"Swift Potion"},{"floor":24.0,"key":"SkillPotion"},{"floor":30.0,"key":"GamblersBrew"},{"floor":38.0,"key":"Block Potion"},{"floor":45.0,"key":"PowerPotion"}],"is_trial":false,"path_per_floor":["M","?","?","?","$","R","M","E","T","M","R","M","E","?","R","B",null,"M","$","?","M","T","R","E","R","T","E","R","$","M","E","R","B",null,"M","?","?","M","T","R","E","M","T","E","M","R","M","T","R","B"],"character_chosen":"IRONCLAD","items_purchased":["StrikeDummy","Twin Strike","Fire Potion","Singing Bowl","Inflame+1"],"campfire_rested":2,"item_purchase_floors":[5,5,5,19,29],"current_hp_per_floor":[46,64,53,46,46,46,52,51,51,53,53,53,59,59,59,70,74,75,75,75,66,66,66,48,48,48,12,35,35,21,22,22,13,66,70,70,55,60,60,60,57,60,60,26,36,36,44,44,70,0,0],"gold":391,"neow_bonus":"TWO_FIFTY_GOLD","is_daily":false,"chose_seed":false,"campfire_upgraded":8,"win_rate":0.0,"timestamp":1610347004,"path_taken":["M","?","?","?","$","R","M","E","T","M","R","?","E","?","R","BOSS","M","?","?","M","?","R","E","R","T","E","R","$","M","E","R","BOSS","M","?","?","M","?","R","E","M","T","E","M","R","M","?","R","BOSS"],"items_purchased_type":["Relic","Card","Potion","Relic","Card"],"build_version":"2020-12-22","purchased_purges":0,"victory":false,"max_hp_per_floor":[75,75,75,75,75,75,75,75,75,75,75,75,75,75,75,75,75,75,75,75,77,77,77,79,79,79,79,79,79,81,83,83,83,83,83,83,83,85,85,85,87,87,87,87,87,87,87,87,87,87,87],"relic_stats":{"Singing Bowl":12,"counters":[22,110],"Black Blood":163,"Pen Nib":[11],"Letter Opener":[79],"Whetstone":["Strike_R","Cleave"],"Orichalcum":[30],"Sundial":[4],"Pantograph":58,"Bird Faced Urn":[22],"Bronze Scales":[143],"Tiny Chest":2,"MealTicket":0,"obtain_stats":[{"Singing Bowl":19,"Black Blood":34,"Pen Nib":17,"Omamori":8,"Letter Opener":31,"Whetstone":39,"Frozen Egg 2":22,"Orichalcum":43,"Burning Blood":0,"Calling Bell":17,"HornCleat":17,"Sundial":41,"Pantograph":9,"Bird Faced Urn":17,"Bronze Scales":27,"Tiny Chest":13,"MealTicket":44,"Molten Egg 2":48,"StrikeDummy":5,"InkBottle":24,"Red Skull":26},{"Singing Bowl":8,"Black Blood":14,"Pen Nib":7,"Omamori":3,"Letter Opener":13,"Whetstone":16,"Frozen Egg 2":9,"Orichalcum":18,"Burning Blood":0,"Calling Bell":7,"HornCleat":7,"Sundial":17,"Pantograph":3,"Bird Faced Urn":7,"Bronze Scales":11,"Tiny Chest":6,"MealTicket":19,"Molten Egg 2":21,"StrikeDummy":1,"InkBottle":10,"Red Skull":10},{"Singing Bowl":38,"Black Blood":66,"Pen Nib":35,"Omamori":15,"Letter Opener":58,"Whetstone":77,"Frozen Egg 2":41,"Orichalcum":87,"Burning Blood":0,"Calling Bell":35,"HornCleat":35,"Sundial":84,"Pantograph":15,"Bird Faced Urn":35,"Bronze Scales":54,"Tiny Chest":24,"MealTicket":94,"Molten Egg 2":101,"StrikeDummy":4,"InkBottle":48,"Red Skull":48}],"InkBottle":[13]},"card_choices":[{"not_picked":["Havoc","Blood for Blood"],"picked":"Battle Trance","floor":1.0},{"not_picked":["Pummel","Clash","Reckless Charge"],"picked":"SKIP","floor":7.0},{"not_picked":["Flex","Shrug It Off"],"picked":"Shockwave","floor":8.0},{"not_picked":["Rupture","Blood for Blood"],"picked":"Cleave","floor":10.0},{"not_picked":["Shockwave","Power Through"],"picked":"Disarm","floor":12.0},{"not_picked":["Warcry","Perfected Strike"],"picked":"Twin Strike","floor":13.0},{"not_picked":["Impervious","Barricade"],"picked":"Offering","floor":16.0},{"not_picked":["Wild Strike","Blood for Blood","Perfected Strike"],"picked":"SKIP","floor":18.0},{"not_picked":["Warcry","Evolve","Clash"],"picked":"Singing Bowl","floor":21.0},{"not_picked":["Iron Wave","Wild Strike","Warcry"],"picked":"Singing Bowl","floor":24.0},{"not_picked":["Iron Wave","Clash"],"picked":"Double Tap","floor":27.0},{"not_picked":["Headbutt","Seeing Red","Thunderclap"],"picked":"Singing Bowl","floor":30.0},{"not_picked":["True Grit","Whirlwind","Sword Boomerang"],"picked":"Singing Bowl","floor":31.0},{"not_picked":["Juggernaut+1","Double Tap"],"picked":"Impervious","floor":33.0},{"not_picked":["True Grit","Flex"],"picked":"Shrug It Off","floor":35.0},{"not_picked":["Rupture+1","Iron Wave+1","Intimidate"],"picked":"Singing Bowl","floor":38.0},{"not_picked":["Wild Strike","Hemokinesis+1","Bludgeon"],"picked":"Singing Bowl","floor":41.0},{"not_picked":["Anger","True Grit+1"],"picked":"Metallicize+1","floor":42.0},{"not_picked":["Headbutt+1","Warcry+1"],"picked":"True Grit+1","floor":44.0},{"not_picked":["Clothesline","Cleave"],"picked":"Dual Wield","floor":45.0},{"not_picked":["Seeing Red","Twin Strike"],"picked":"Dropkick","floor":47.0}],"player_experience":504194,"relics_obtained":[{"floor":8.0,"key":"Omamori"},{"floor":9.0,"key":"Pantograph"},{"floor":13.0,"key":"Tiny Chest"},{"floor":17.0,"key":"Pen Nib"},{"floor":17.0,"key":"HornCleat"},{"floor":17.0,"key":"Bird Faced Urn"},{"floor":22.0,"key":"Frozen Egg 2"},{"floor":24.0,"key":"InkBottle"},{"floor":26.0,"key":"Red Skull"},{"floor":27.0,"key":"Bronze Scales"},{"floor":31.0,"key":"Letter Opener"},{"floor":39.0,"key":"Whetstone"},{"floor":41.0,"key":"Sundial"},{"floor":43.0,"key":"Orichalcum"},{"floor":44.0,"key":"MealTicket"},{"floor":48.0,"key":"Molten Egg 2"}],"event_choices":[{"damage_healed":18.0,"max_hp_gain":0.0,"max_hp_loss":0.0,"gold_gain":0.0,"event_name":"The Cleric","player_choice":"Healed","floor":2.0,"gold_loss":35.0,"damage_taken":0.0},{"damage_healed":0.0,"max_hp_gain":0.0,"max_hp_loss":0.0,"gold_gain":75.0,"event_name":"World of Goop","player_choice":"Gather Gold","floor":3.0,"gold_loss":0.0,"damage_taken":11.0},{"cards_removed":["Strike_R"],"damage_healed":0.0,"max_hp_gain":0.0,"max_hp_loss":0.0,"gold_gain":0.0,"event_name":"Golden Wing","player_choice":"Card Removal","floor":4.0,"gold_loss":0.0,"damage_taken":7.0},{"damage_healed":0.0,"max_hp_gain":0.0,"max_hp_loss":0.0,"gold_gain":0.0,"event_name":"Accursed Blacksmith","player_choice":"Forge","floor":14.0,"gold_loss":0.0,"damage_taken":0.0,"cards_upgraded":["Twin Strike"]},{"damage_healed":0.0,"max_hp_gain":0.0,"max_hp_loss":0.0,"gold_gain":0.0,"event_name":"Ghosts","player_choice":"Ignored","floor":20.0,"gold_loss":0.0,"damage_taken":0.0},{"cards_removed":["Strike_R"],"damage_healed":0.0,"max_hp_gain":0.0,"max_hp_loss":0.0,"gold_gain":0.0,"event_name":"Falling","player_choice":"Removed Attack","floor":36.0,"gold_loss":0.0,"damage_taken":0.0},{"damage_healed":0.0,"max_hp_gain":0.0,"max_hp_loss":0.0,"gold_gain":0.0,"event_name":"Winding Halls","player_choice":"Embrace Madness","floor":37.0,"gold_loss":0.0,"damage_taken":15.0,"cards_obtained":["Madness","Madness"]}],"is_beta":false,"boss_relics":[{"not_picked":["Fusion Hammer","Velvet Choker"],"picked":"Calling Bell"},{"not_picked":["SacredBark","SlaversCollar"],"picked":"Black Blood"}],"items_purged_floors":[],"is_endless":false,"potions_floor_spawned":[7,10,12,13,21,24,30,38,45],"killed_by":"Time Eater","ascension_level":17}}