{"host":"94aus4jnk6thj94q","time":1610369027,"event":{"mods":["BaseMod","Minty Spire (QoL Compilation)","Quick Restart","StSLib"],"gold_per_floor":[13,26,43,43,57,57,85,85,85,10,10,27,27,27],"floor_reached":13,"playtime":741,"items_purged":[],"score":85,"play_id":"eac8e2ea-f4b7-4b5e-8a76-8db7c2515edf","local_time":"20210111144347","is_ascension_mode":false,"campfire_choices":[{"data":"Zap","floor":6.0,"key":"SMITH"},{"floor":8.0,"key":"REST"}],"circlet_count":0,"master_deck":["Strike_B","Strike_B","Strike_B","Defend_B","Defend_B","Defend_B","Defend_B","Zap+1","Dualcast","Redo","Undo","Capacitor","Coolheaded"],"relics":["Cracked Core","StrikeDummy","WingedGreaves"],"acts_visited":["Exordium"],"potions_floor_usage":[],"damage_taken":[{"damage":5.0,"enemies":"Small Slimes","floor":1.0,"turns":3.0},{"damage":1.0,"enemies":"Cultist","floor":2.0,"turns":4.0},{"damage":0.0,"enemies":"2 Louse","floor":3.0,"turns":2.0},{"damage":4.0,"enemies":"Red Slaver","floor":5.0,"turns":3.0},{"damage":22.0,"enemies":"3 Sentries","floor":7.0,"turns":9.0},{"damage":11.0,"enemies":"Exordium Wildlife","floor":12.0,"turns":3.0},{"damage":0,"enemies":"Lagavulin","floor":13,"turns":1}],"seed_played":"-5501024847898106411","potions_obtained":[{"floor":3.0,"key":"PowerPotion"},{"floor":4.0,"key":"DuplicationPotion"},{"floor":4.0,"key":"Block Potion"},{"floor":5.0,"key":"FearPotion"}],"is_trial":false,"path_per_floor":["M","M","M","?","M","R","E","R","T","$","?","M","E"],"character_chosen":"DEFECT","items_purchased":["Capacitor"],"campfire_rested":1,"item_purchase_floors":[10],"current_hp_per_floor":[84,83,83,83,79,79,57,83,83,83,83,72,72,72],"gold":27,"neow_bonus":"TWENTY_PERCENT_HP_BONUS","is_daily":false,"chose_seed":false,"campfire_upgraded":1,"win_rate":0.0,"timestamp":1610369027,"path_taken":["M","M","M","?","M","R","E","R","T","?","?","M","E"],"items_purchased_type":["Card"],"build_version":"2020-12-22","purchased_purges":0,"victory":false,"max_hp_per_floor":[89,89,89,89,89,89,89,89,89,89,89,89,89,89],"card_choices":[{"not_picked":["Turbo","Steam","Auto Shields"],"picked":"SKIP","floor":1.0},{"not_picked":["Beam Cell","Go for the Eyes"],"picked":"Redo","floor":2.0},{"not_picked":["Rebound","Hologram"],"picked":"Undo","floor":3.0},{"not_picked":["Stack","Turbo","Beam Cell"],"picked":"SKIP","floor":5.0},{"not_picked":["Hello World","All For One","Stack"],"picked":"SKIP","floor":7.0},{"not_picked":["Steam Power","Storm"],"picked":"Coolheaded","floor":12.0}],"player_experience":5760521,"relics_obtained":[{"floor":7.0,"key":"StrikeDummy"},{"floor":9.0,"key":"WingedGreaves"}],"event_choices":[{"damage_healed":0.0,"max_hp_gain":0.0,"max_hp_loss":0.0,"gold_gain":0.0,"event_name":"Lab","player_choice":"Got Potions","floor":4.0,"gold_loss":0.0,"damage_taken":0.0},{"cards_removed":["Strike_B"],"damage_healed":0.0,"max_hp_gain":0.0,"max_hp_loss":0.0,"gold_gain":0.0,"event_name":"Purifier","player_choice":"Purged","floor":11.0,"gold_loss":0.0,"damage_taken":0.0}],"is_beta":false,"boss_relics":[],"items_purged_floors":[],"is_endless":false,"potions_floor_spawned":[3,5],"killed_by":"Lagavulin","ascension_level":0}}