{"host":"axqzpfaj96olobtx","time":1610370681,"event":{"mods":["BaseMod","Colored Map","Colored Powertips","Minty Spire (QoL Compilation)","Relic Stats","StSLib"],"gold_per_floor":[219,219,394,196,207,233,233,263,263,278,298,298,0,10,10,105,105,124,124,135,10,10,35,35,35,35,51,84,84,95,121,121,220,220,231,231,243,260,260,260,57,57,102,102,113,125,175,175,175,175],"floor_reached":51,"playtime":1828,"items_purged":["Doubt","Defend_P","Bite"],"score":1059,"play_id":"a0e1dc8d-05ac-4c81-9a2c-902a058cc0bc","local_time":"20210111131121","is_ascension_mode":true,"campfire_choices":[{"data":"Eruption","floor":7.0,"key":"SMITH"},{"data":"BowlingBash","floor":12.0,"key":"SMITH"},{"data":"Vengeance","floor":15.0,"key":"SMITH"},{"data":"Ghostly","floor":25,"key":"SMITH"},{"data":"Ghostly","floor":29,"key":"SMITH"},{"data":"Tantrum","floor":32,"key":"SMITH"},{"data":"Ghostly","floor":40,"key":"SMITH"},{"data":"Ghostly","floor":42,"key":"SMITH"},{"data":"Ghostly","floor":44,"key":"SMITH"},{"data":"Ragnarok","floor":49,"key":"SMITH"}],"circlet_count":0,"master_deck":["Eruption+1","Vigilance","FearNoEvil","BowlingBash+1","CutThroughFate","CarveReality","Crescendo","ThirdEye","Vengeance+1","Blasphemy","FollowUp","Bite","Bite","Bite","Bite","EmptyBody","Halt","Tantrum+1","Ghostly+1","Ghostly+1","Ghostly+1","Ghostly+1","Ghostly+1","Ragnarok+1","Adaptation","Indignation"],"relics":["PureWater","Sundial","InkBottle","Orichalcum","CaptainsWheel","Runic Pyramid","White Beast Statue","Mummified Hand","Torii","Matryoshka","Empty Cage","Blood Vial","Smiling Mask","Thread and Needle"],"acts_visited":["Exordium","TheCity","TheBeyond"],"potions_floor_usage":[23,28,33,33,37,50,50,50],"damage_taken":[{"damage":0.0,"enemies":"2 Louse","floor":1.0,"turns":2.0},{"damage":2.0,"enemies":"Small Slimes","floor":5.0,"turns":3.0},{"damage":10.0,"enemies":"3 Sentries","floor":6.0,"turns":7.0},{"damage":14.0,"enemies":"Gremlin Nob","floor":8.0,"turns":3.0},{"damage":1.0,"enemies":"Jaw Worm","floor":10.0,"turns":3.0},{"damage":2.0,"enemies":"Looter","floor":11.0,"turns":2.0},{"damage":0.0,"enemies":"3 Louse","floor":14.0,"turns":2.0},{"damage":0.0,"enemies":"Slime Boss","floor":16.0,"turns":4.0},{"damage":3.0,"enemies":"3 Byrds","floor":18.0,"turns":4.0},{"damage":3,"enemies":"Chosen","floor":20,"turns":3},{"damage":16,"enemies":"Slavers","floor":23,"turns":4},{"damage":0,"enemies":"Snake Plant","floor":27,"turns":5},{"damage":0,"enemies":"Gremlin Leader","floor":28,"turns":4},{"damage":0,"enemies":"Snecko","floor":30,"turns":6},{"damage":0,"enemies":"Book of Stabbing","floor":31,"turns":5},{"damage":0,"enemies":"Collector","floor":33,"turns":6},{"damage":0,"enemies":"3 Darklings","floor":35,"turns":4},{"damage":1,"enemies":"Orb Walker","floor":37,"turns":3},{"damage":0,"enemies":"Transient","floor":38,"turns":5},{"damage":0,"enemies":"Jaw Worm Horde","floor":45,"turns":3},{"damage":0,"enemies":"Writhing Mass","floor":46,"turns":5},{"damage":0,"enemies":"Mind Bloom Boss Battle","floor":47,"turns":6},{"damage":0,"enemies":"Time Eater","floor":50,"turns":7}],"seed_played":"-8544903675178197229","potions_obtained":[{"floor":1.0,"key":"AttackPotion"},{"floor":8.0,"key":"Fire Potion"},{"floor":11.0,"key":"SkillPotion"},{"floor":14.0,"key":"BottledMiracle"},{"floor":16.0,"key":"FearPotion"},{"floor":23,"key":"SkillPotion"},{"floor":27,"key":"DuplicationPotion"},{"floor":28,"key":"BottledMiracle"},{"floor":30,"key":"AttackPotion"},{"floor":33,"key":"Dexterity Potion"},{"floor":35,"key":"Fire Potion"},{"floor":37,"key":"Ambrosia"},{"floor":38,"key":"PowerPotion"},{"floor":45,"key":"DuplicationPotion"}],"is_trial":false,"path_per_floor":["M","?","?","$","M","E","R","E","T","M","M","R","$","M","R","B",null,"M","?","M","$","?","E","?","R","T","M","E","R","M","E","R","B",null,"M","?","M","M","?","R","$","R","T","R","M","M","?","?","R","B",null],"character_chosen":"WATCHER","items_purchased":["BowlingBash","GamblersBrew","CaptainsWheel","Halt","Indignation"],"campfire_rested":0,"item_purchase_floors":[4,4,13,21,41],"current_hp_per_floor":[72,65,65,65,63,53,53,39,39,38,36,36,36,36,36,36,72,69,50,50,50,42,38,27,27,27,27,27,27,27,27,27,27,27,27,27,27,27,27,27,27,27,27,27,27,27,27,27,27,27],"gold":175,"neow_bonus":"HUNDRED_GOLD","is_daily":false,"chose_seed":false,"campfire_upgraded":10,"win_rate":0.0,"timestamp":1610370681,"path_taken":["M","?","?","$","M","E","R","E","T","M","?","R","$","M","R","BOSS","M","?","M","$","?","E","?","R","T","M","E","R","M","E","R","BOSS","M","?","M","M","?","R","$","R","T","R","M","?","?","?","R","BOSS"],"items_purchased_type":["Card","Potion","Relic","Card","Card"],"build_version":"2020-12-22","purchased_purges":3,"victory":true,"max_hp_per_floor":[72,72,72,72,72,72,72,72,72,72,72,72,72,72,72,72,72,72,50,50,50,55,55,27,27,27,27,27,27,27,27,27,27,27,27,27,27,27,27,27,27,27,27,27,27,27,27,27,27,27],"relic_stats":{"Blood Vial":0,"Torii":4,"counters":[23,96],"Sundial":[6],"Mummified Hand":[6],"Orichalcum":[150],"Smiling Mask":0,"obtain_stats":[{"Torii":28,"Thread and Needle":47,"Orichalcum":9,"Empty Cage":34,"Smiling Mask":43,"White Beast Statue":23,"Blood Vial":43,"CaptainsWheel":13,"Matryoshka":31,"Sundial":6,"Mummified Hand":26,"PureWater":0,"InkBottle":8,"Runic Pyramid":17},{"Torii":13,"Thread and Needle":22,"Orichalcum":4,"Empty Cage":16,"Smiling Mask":19,"White Beast Statue":11,"Blood Vial":19,"CaptainsWheel":6,"Matryoshka":15,"Sundial":3,"Mummified Hand":11,"PureWater":0,"InkBottle":4,"Runic Pyramid":8},{"Torii":46,"Thread and Needle":89,"Orichalcum":15,"Empty Cage":63,"Smiling Mask":75,"White Beast Statue":37,"Blood Vial":75,"CaptainsWheel":20,"Matryoshka":57,"Sundial":12,"Mummified Hand":37,"PureWater":0,"InkBottle":15,"Runic Pyramid":26}],"InkBottle":[31]},"card_choices":[{"not_picked":["BattleHymn","CrushJoints"],"picked":"FearNoEvil","floor":1.0},{"not_picked":["SashWhip","FearNoEvil"],"picked":"CutThroughFate","floor":5.0},{"not_picked":["Perseverance","ReachHeaven","Prostrate"],"picked":"SKIP","floor":6.0},{"not_picked":["Indignation","BattleHymn"],"picked":"CarveReality","floor":8.0},{"not_picked":["ConjureBlade","Evaluate"],"picked":"Crescendo","floor":10.0},{"not_picked":["FlyingSleeves","Evaluate"],"picked":"ThirdEye","floor":11.0},{"not_picked":["Evaluate","Crescendo"],"picked":"Vengeance","floor":14.0},{"not_picked":["Establishment","Brilliance"],"picked":"Blasphemy","floor":16.0},{"not_picked":["BowlingBash+1","SandsOfTime"],"picked":"FollowUp","floor":18},{"not_picked":["EmptyFist","Prostrate"],"picked":"EmptyBody","floor":20},{"not_picked":["FollowUp","JustLucky+1"],"picked":"Tantrum","floor":23},{"not_picked":["CutThroughFate","Sanctity+1","EmptyBody+1"],"picked":"SKIP","floor":27},{"not_picked":["DeusExMachina","SignatureMove","Prostrate"],"picked":"SKIP","floor":28},{"not_picked":["Crescendo","Sanctity","Evaluate"],"picked":"SKIP","floor":30},{"not_picked":["Indignation","FollowUp","CarveReality"],"picked":"SKIP","floor":31},{"not_picked":["ConjureBlade","MasterReality"],"picked":"Ragnarok","floor":33},{"not_picked":["JustLucky","FollowUp+1","Study"],"picked":"SKIP","floor":35},{"not_picked":["Protect+1","Prostrate+1"],"picked":"Adaptation","floor":37},{"not_picked":["WreathOfFlame","Crescendo","Evaluate+1"],"picked":"SKIP","floor":38},{"not_picked":["Evaluate","InnerPeace","Crescendo+1"],"picked":"SKIP","floor":45},{"not_picked":["Swivel+1","FlyingSleeves","Consecrate"],"picked":"SKIP","floor":46}],"player_experience":34480,"relics_obtained":[{"floor":6.0,"key":"Sundial"},{"floor":8.0,"key":"InkBottle"},{"floor":9.0,"key":"Orichalcum"},{"floor":23,"key":"White Beast Statue"},{"floor":26,"key":"Mummified Hand"},{"floor":28,"key":"Torii"},{"floor":31,"key":"Matryoshka"},{"floor":43,"key":"Blood Vial"},{"floor":43,"key":"Smiling Mask"},{"floor":47,"key":"Thread and Needle"}],"event_choices":[{"cards_removed":["Defend_P"],"damage_healed":0.0,"max_hp_gain":0.0,"max_hp_loss":0.0,"gold_gain":0.0,"event_name":"Golden Wing","player_choice":"Card Removal","floor":2.0,"gold_loss":0.0,"damage_taken":7.0},{"damage_healed":0.0,"max_hp_gain":0.0,"max_hp_loss":0.0,"gold_gain":175.0,"event_name":"Liars Game","player_choice":"AGREE","floor":3.0,"gold_loss":0.0,"damage_taken":0.0,"cards_obtained":["Doubt"]},{"damage_healed":0,"gold_gain":0,"player_choice":"Became a vampire","damage_taken":0,"max_hp_gain":0,"max_hp_loss":22,"event_name":"Vampires","floor":19,"gold_loss":0,"cards_obtained":["Bite","Bite","Bite","Bite","Bite"]},{"damage_healed":0,"gold_gain":0,"player_choice":"Shed Blood","damage_taken":13,"max_hp_gain":5,"max_hp_loss":0,"event_name":"Forgotten Altar","floor":22,"gold_loss":0},{"damage_healed":0,"gold_gain":0,"player_choice":"Became a Ghost","damage_taken":0,"max_hp_gain":0,"max_hp_loss":28,"event_name":"Ghosts","floor":24,"gold_loss":0,"cards_obtained":["Ghostly","Ghostly","Ghostly","Ghostly","Ghostly"]},{"damage_healed":0,"gold_gain":0,"player_choice":"Ignored","damage_taken":0,"max_hp_gain":0,"max_hp_loss":0,"event_name":"Tomb of Lord Red Mask","floor":36,"gold_loss":0},{"damage_healed":0,"gold_gain":0,"player_choice":"Ignored","damage_taken":0,"max_hp_gain":0,"max_hp_loss":0,"event_name":"SecretPortal","floor":39,"gold_loss":0},{"damage_healed":0,"gold_gain":0,"player_choice":"Fight","damage_taken":0,"max_hp_gain":0,"max_hp_loss":0,"event_name":"MindBloom","floor":47,"gold_loss":0},{"damage_healed":0,"gold_gain":0,"player_choice":"Ignored","damage_taken":0,"max_hp_gain":0,"max_hp_loss":0,"event_name":"Mysterious Sphere","floor":48,"gold_loss":0}],"is_beta":false,"boss_relics":[{"not_picked":["Fusion Hammer","Calling Bell"],"picked":"Runic Pyramid"},{"not_picked":["Velvet Choker","Sozu"],"picked":"Empty Cage"}],"items_purged_floors":[4,21,41],"is_endless":false,"potions_floor_spawned":[1,8,11,14,16,23,27,28,30,31,33,35,37,38,45,46,47],"ascension_level":1}}