{"host":"oy4pyvr762z5n0bb","time":1610391812,"event":{"mods":["AchievementEnabler","BaseMod","Colored Map","Colored Powertips","Googly Eyes","Key Reminder","Minty Spire (QoL Compilation)","Quick Restart","Relic Sorter","Slay the Relics Exporter","StSLib","SuperFastMode","Unceasing Turn Reminder","slay the spire mod where everything is the same but ironclad has a cowboy hat"],"gold_per_floor":[116,291,309,14,14,14,14,14,14,14,55,73,73,4,4,127,127,147,170,210,135,135,168,90,90,90,90,90,110,62,62,62,185,185,200,100,100,115,115,146,146,146,173,173,206,229,252,101,101,101,101],"floor_reached":50,"playtime":785,"items_purged":["Strike_R","Strike_R"],"score":801,"play_id":"847fc2d6-0979-4176-a3de-8f881e938ab4","local_time":"20210111110332","is_ascension_mode":true,"campfire_choices":[{"data":"Bash","floor":6,"key":"SMITH"},{"data":"Strike_R","floor":8,"key":"SMITH"},{"floor":13,"key":"REST"},{"data":"Limit Break","floor":15,"key":"SMITH"},{"floor":28,"key":"REST"},{"floor":32,"key":"REST"},{"floor":42,"key":"REST"},{"data":"Limit Break","floor":44,"key":"SMITH"},{"data":"Inflame","floor":49,"key":"SMITH"}],"circlet_count":0,"master_deck":["Strike_R","Strike_R","Strike_R+1","Defend_R","Defend_R","Defend_R","Defend_R+1","Bash+1","Injury","Double Tap+1","Rampage+1","Sword Boomerang+1","Sword Boomerang","Sentinel+1","Limit Break+1","Limit Break+1","Heavy Blade","Sword Boomerang","True Grit+1","Inflame+1","Doubt","True Grit","Impervious","CurseOfTheBell","Shockwave+1","Ghostly Armor","Shrug It Off+1","Parasite","Inflame+1"],"relics":["Burning Blood","Shuriken","Question Card","Golden Idol","Red Skull","Cursed Key","Red Mask","Unceasing Top","keyreminder:keyreminder","Gremlin Horn","Calling Bell","Art of War","Mercury Hourglass","Du-Vu Doll","War Paint","Centennial Puzzle","Pen Nib","Brimstone"],"acts_visited":["Exordium","TheCity","TheBeyond"],"potions_floor_usage":[11,16,19,29,35,50,50],"damage_taken":[{"damage":0,"enemies":"Small Slimes","floor":1,"turns":3},{"damage":9,"enemies":"Jaw Worm","floor":3,"turns":4},{"damage":25,"enemies":"3 Sentries","floor":11,"turns":7},{"damage":0,"enemies":"2 Louse","floor":12,"turns":1},{"damage":37,"enemies":"Slime Boss","floor":16,"turns":8},{"damage":23,"enemies":"Shell Parasite","floor":18,"turns":4},{"damage":0,"enemies":"Spheric Guardian","floor":19,"turns":3},{"damage":55,"enemies":"Masked Bandits","floor":20,"turns":5},{"damage":19,"enemies":"Book of Stabbing","floor":23,"turns":3},{"damage":21,"enemies":"Snake Plant","floor":29,"turns":3},{"damage":45,"enemies":"Champ","floor":33,"turns":9},{"damage":23,"enemies":"3 Shapes","floor":35,"turns":3},{"damage":17,"enemies":"3 Darklings","floor":38,"turns":2},{"damage":45,"enemies":"Nemesis","floor":40,"turns":5},{"damage":7,"enemies":"Giant Head","floor":45,"turns":5},{"damage":0,"enemies":"Sphere and 2 Shapes","floor":46,"turns":3},{"damage":5,"enemies":"Transient","floor":47,"turns":5},{"damage":81,"enemies":"Donu and Deca","floor":50,"turns":3}],"seed_played":"-7365078481617474416","potions_obtained":[{"floor":3,"key":"Fruit Juice"},{"floor":11,"key":"AttackPotion"},{"floor":18,"key":"DistilledChaos"},{"floor":23,"key":"Fire Potion"},{"floor":33,"key":"Fire Potion"},{"floor":40,"key":"Strength Potion"},{"floor":47,"key":"BloodPotion"}],"is_trial":false,"path_per_floor":["M","?","M","$","?","R","?","R","T","?","E","M","R","$","R","B",null,"M","M","?","$","?","E","$","?","T","?","R","M","$","?","R","B",null,"M","$","?","M","?","E","?","R","T","R","E","M","M","$","R","B"],"character_chosen":"IRONCLAD","items_purchased":["Shuriken","Sword Boomerang","Limit Break","Inflame","True Grit","Brimstone"],"campfire_rested":4,"item_purchase_floors":[4,4,14,24,30,48],"current_hp_per_floor":[78,78,75,75,59,59,59,59,59,39,25,31,56,56,56,25,70,53,59,10,10,38,25,25,25,25,25,50,35,35,35,60,21,69,52,52,52,41,74,35,35,57,57,57,56,62,63,63,63,0,0],"gold":101,"neow_bonus":"THREE_RARE_CARDS","is_daily":false,"chose_seed":false,"campfire_upgraded":5,"win_rate":0.0,"timestamp":1610391812,"path_taken":["M","?","M","$","?","R","?","R","T","?","E","M","R","$","R","BOSS","M","M","?","$","?","E","$","?","T","?","R","?","$","?","R","BOSS","M","$","?","?","?","E","?","R","T","R","E","M","M","?","R","BOSS"],"items_purchased_type":["Relic","Card","Card","Card","Card","Relic"],"build_version":"2020-12-22","purchased_purges":2,"victory":false,"max_hp_per_floor":[80,80,80,80,80,80,80,80,80,80,85,85,85,85,85,85,85,85,85,85,85,85,85,85,85,85,85,85,85,85,85,85,85,85,85,85,85,85,74,74,74,74,74,74,74,74,74,74,74,74,74],"card_choices":[{"not_picked":["Limit Break","Berserk"],"picked":"Double Tap","floor":0},{"not_picked":["Armaments","Flex"],"picked":"Rampage","floor":1},{"not_picked":["Wild Strike","Perfected Strike","Power Through"],"picked":"SKIP","floor":3},{"not_picked":["Clash","Thunderclap","Whirlwind"],"picked":"Sword Boomerang","floor":11},{"not_picked":["Twin Strike","Pummel","Perfected Strike"],"picked":"Sentinel","floor":12},{"not_picked":["Brutality","Exhume","Feed"],"picked":"Limit Break","floor":16},{"not_picked":["Wild Strike","Sever Soul","Perfected Strike"],"picked":"Heavy Blade","floor":18},{"not_picked":["Entrench","Reckless Charge","Evolve"],"picked":"Sword Boomerang","floor":19},{"not_picked":["Iron Wave","Fire Breathing+1","Headbutt"],"picked":"True Grit+1","floor":20},{"not_picked":["Double Tap","Thunderclap+1","Twin Strike","Dual Wield"],"picked":"SKIP","floor":23},{"not_picked":["Cleave","Clash","Rage","Metallicize"],"picked":"SKIP","floor":29},{"not_picked":["Feed","Berserk","Bludgeon"],"picked":"Impervious","floor":33},{"not_picked":["Twin Strike","Sword Boomerang+1","Flex"],"picked":"Shockwave+1","floor":35},{"not_picked":["Pommel Strike","Headbutt","Fire Breathing+1"],"picked":"Ghostly Armor","floor":38},{"not_picked":["Feel No Pain+1","Fiend Fire","Havoc"],"picked":"Shrug It Off+1","floor":40},{"not_picked":["Shockwave+1","Iron Wave","Sentinel","Shrug It Off"],"picked":"SKIP","floor":45},{"not_picked":["Iron Wave","Perfected Strike","Sentinel"],"picked":"Inflame+1","floor":46},{"not_picked":["Twin Strike","Anger+1","Wild Strike","Shrug It Off+1"],"picked":"SKIP","floor":47}],"player_experience":731170,"relics_obtained":[{"floor":9,"key":"Question Card"},{"floor":11,"key":"Red Skull"},{"floor":20,"key":"Red Mask"},{"floor":23,"key":"Unceasing Top"},{"floor":26,"key":"Gremlin Horn"},{"floor":34,"key":"Art of War"},{"floor":34,"key":"Mercury Hourglass"},{"floor":34,"key":"Du-Vu Doll"},{"floor":40,"key":"War Paint"},{"floor":43,"key":"Centennial Puzzle"},{"floor":45,"key":"Pen Nib"}],"event_choices":[{"damage_healed":0,"gold_gain":175,"player_choice":"AGREE","damage_taken":0,"max_hp_gain":0,"max_hp_loss":0,"event_name":"Liars Game","floor":2,"gold_loss":0,"cards_obtained":["Doubt"]},{"damage_healed":0,"gold_gain":0,"player_choice":"Entered Light","damage_taken":16,"max_hp_gain":0,"max_hp_loss":0,"event_name":"Shining Light","floor":5,"gold_loss":0,"cards_upgraded":["Rampage","Double Tap"]},{"damage_healed":0,"gold_gain":0,"player_choice":"Grow","damage_taken":0,"max_hp_gain":0,"max_hp_loss":0,"event_name":"Living Wall","floor":7,"gold_loss":0,"cards_upgraded":["Sword Boomerang"]},{"damage_healed":0,"gold_gain":0,"player_choice":"Take Damage","damage_taken":20,"relics_obtained":["Golden Idol"],"max_hp_gain":0,"max_hp_loss":0,"event_name":"Golden Idol","floor":10,"gold_loss":0},{"damage_healed":0,"gold_gain":0,"player_choice":"Fought Bandits","damage_taken":0,"max_hp_gain":0,"max_hp_loss":0,"event_name":"Masked Bandits","floor":20,"gold_loss":0},{"damage_healed":28,"gold_gain":0,"player_choice":"Heal","damage_taken":0,"max_hp_gain":0,"max_hp_loss":0,"event_name":"The Library","floor":22,"gold_loss":0},{"damage_healed":0,"gold_gain":0,"player_choice":"Ignored","damage_taken":0,"max_hp_gain":0,"max_hp_loss":0,"event_name":"Cursed Tome","floor":25,"gold_loss":0},{"cards_removed":["Doubt"],"damage_healed":0,"gold_gain":0,"player_choice":"Purged","damage_taken":0,"max_hp_gain":0,"max_hp_loss":0,"event_name":"Purifier","floor":27,"gold_loss":0},{"damage_healed":0,"gold_gain":0,"player_choice":"Ignored","damage_taken":0,"max_hp_gain":0,"max_hp_loss":0,"event_name":"Ghosts","floor":31,"gold_loss":0},{"damage_healed":0,"gold_gain":0,"player_choice":"0 cards matched","damage_taken":0,"max_hp_gain":0,"max_hp_loss":0,"event_name":"Match and Keep!","floor":37,"gold_loss":0,"cards_obtained":[]},{"damage_healed":74,"gold_gain":0,"player_choice":"Heal","damage_taken":0,"max_hp_gain":0,"max_hp_loss":11,"event_name":"The Moai Head","floor":39,"gold_loss":0},{"damage_healed":0,"gold_gain":0,"player_choice":"Ignored","damage_taken":0,"max_hp_gain":0,"max_hp_loss":0,"event_name":"Mysterious Sphere","floor":41,"gold_loss":0}],"is_beta":false,"boss_relics":[{"not_picked":["SlaversCollar","Runic Pyramid"],"picked":"Cursed Key"},{"not_picked":["Snecko Eye","Tiny House"],"picked":"Calling Bell"}],"items_purged_floors":[21,36],"is_endless":false,"potions_floor_spawned":[3,11,18,23,33,40,47],"killed_by":"Donu and Deca","ascension_level":9}}