{"host":"sav7uxregyirlf69","time":1610330186,"event":{"mods":["AchievementEnabler","BaseMod","Colored Map","DeckTracker","Keyboard Shortcuts","Minty Spire (QoL Compilation)","READ ME - Guardian Mod","StSLib","SuperFastMode"],"gold_per_floor":[115,115,132,132,57,90,100,100,153,153,182,194,194,194,194,315,315,339,358,358,101,121,121,156,156,156,189,202,301,159,159,159,159,159],"floor_reached":33,"playtime":503,"items_purged":["Defend_G","Strike_G","Injury"],"score":512,"play_id":"8d341e18-bf46-49a4-8904-fde7e21e157c","local_time":"20210111105626","is_ascension_mode":true,"campfire_choices":[{"data":"Concentrate","floor":8,"key":"SMITH"},{"data":"Reflex","floor":10,"key":"SMITH"},{"data":"Neutralize","floor":13,"key":"SMITH"},{"data":"Dagger Throw","floor":15,"key":"SMITH"},{"data":"Noxious Fumes","floor":23,"key":"SMITH"},{"data":"Corpse Explosion","floor":25,"key":"SMITH"},{"data":"Survivor","floor":32,"key":"SMITH"}],"circlet_count":0,"master_deck":["AscendersBane","Strike_G","Strike_G","Defend_G","Defend_G","Defend_G","Defend_G","Survivor+1","Neutralize+1","Concentrate+1","Dagger Throw+1","Riddle With Holes","Reflex+1","Corpse Explosion+1","Dagger Spray+1","Noxious Fumes+1","Backflip+1","Footwork+1","Dodge and Roll+1"],"relics":["Ring of the Snake","NeowsBlessing","Anchor","Akabeko","StoneCalendar","Golden Idol","Cursed Key","CultistMask","Medical Kit","Darkstone Periapt","The Courier"],"acts_visited":["Exordium","TheCity"],"potions_floor_usage":[16,22,24,27,33],"damage_taken":[{"damage":0,"enemies":"Small Slimes","floor":1,"turns":1},{"damage":0,"enemies":"2 Louse","floor":3,"turns":1},{"damage":0,"enemies":"Lagavulin","floor":6,"turns":1},{"damage":0,"enemies":"Jaw Worm","floor":7,"turns":3},{"damage":21,"enemies":"Gremlin Nob","floor":11,"turns":4},{"damage":0,"enemies":"Looter","floor":12,"turns":1},{"damage":21,"enemies":"The Guardian","floor":16,"turns":12},{"damage":0,"enemies":"3 Byrds","floor":18,"turns":2},{"damage":0,"enemies":"Spheric Guardian","floor":19,"turns":1},{"damage":0,"enemies":"Snake Plant","floor":22,"turns":2},{"damage":0,"enemies":"Slavers","floor":24,"turns":1},{"damage":22,"enemies":"Book of Stabbing","floor":27,"turns":6},{"damage":0,"enemies":"Centurion and Healer","floor":28,"turns":4},{"damage":43,"enemies":"Collector","floor":33,"turns":7}],"seed_played":"-4535490168431237522","potions_obtained":[{"floor":7,"key":"Strength Potion"},{"floor":11,"key":"Poison Potion"},{"floor":12,"key":"Block Potion"},{"floor":19,"key":"SkillPotion"},{"floor":24,"key":"Explosive Potion"}],"is_trial":false,"path_per_floor":["M","?","M","?","$","E","M","R","T","R","E","M","R","?","R","B",null,"M","M","?","$","M","R","E","R","T","E","M","?","$","?","R","B"],"character_chosen":"THE_SILENT","items_purchased":["Medical Kit","PowerPotion"],"campfire_rested":0,"item_purchase_floors":[21,30],"current_hp_per_floor":[63,63,63,68,68,68,68,68,68,68,47,47,47,47,47,26,58,58,58,58,58,58,58,58,58,64,42,42,42,42,42,42,0,0],"gold":159,"neow_bonus":"THREE_ENEMY_KILL","is_daily":false,"chose_seed":false,"campfire_upgraded":7,"win_rate":0.0,"timestamp":1610330186,"path_taken":["M","?","M","?","?","E","M","R","T","R","E","M","R","?","R","BOSS","M","M","?","$","M","R","E","R","T","E","?","?","$","?","R","BOSS"],"items_purchased_type":["Relic","Potion"],"build_version":"2020-12-22","purchased_purges":3,"victory":false,"max_hp_per_floor":[70,70,70,75,75,75,75,75,75,75,75,75,75,69,69,69,69,69,69,69,69,69,69,69,69,75,75,75,75,75,75,75,75,75],"card_choices":[{"not_picked":["Prepared","PiercingWail","Dodge and Roll"],"picked":"SKIP","floor":1},{"not_picked":["Terror","Concentrate"],"picked":"Dagger Throw","floor":3},{"not_picked":["Night Terror","Bane"],"picked":"Riddle With Holes","floor":6},{"not_picked":["Crippling Poison","Poisoned Stab"],"picked":"Reflex","floor":7},{"not_picked":["Finisher","A Thousand Cuts","Deflect"],"picked":"SKIP","floor":11},{"not_picked":["Quick Slash","Cloak And Dagger","Leg Sweep"],"picked":"SKIP","floor":12},{"not_picked":["Phantasmal Killer","After Image"],"picked":"Corpse Explosion","floor":16},{"not_picked":["Sucker Punch+1","Cloak And Dagger","Dash+1"],"picked":"SKIP","floor":18},{"not_picked":["Distraction","Dagger Throw+1"],"picked":"Dagger Spray+1","floor":19},{"not_picked":["Bane","Flying Knee"],"picked":"Noxious Fumes","floor":22},{"not_picked":["Escape Plan","PiercingWail+1"],"picked":"Backflip+1","floor":24},{"not_picked":["Bane","Deadly Poison"],"picked":"Footwork+1","floor":27},{"not_picked":["Dodge and Roll+1","Outmaneuver","Concentrate"],"picked":"SKIP","floor":28},{"not_picked":["Outmaneuver","Concentrate"],"picked":"Dodge and Roll+1","floor":28}],"player_experience":1235658,"relics_obtained":[{"floor":6,"key":"Anchor"},{"floor":9,"key":"Akabeko"},{"floor":11,"key":"StoneCalendar"},{"floor":24,"key":"Darkstone Periapt"},{"floor":27,"key":"The Courier"}],"event_choices":[{"damage_healed":0,"gold_gain":0,"cards_transformed":["Strike_G"],"player_choice":"Change","damage_taken":0,"max_hp_gain":0,"max_hp_loss":0,"event_name":"Living Wall","floor":2,"gold_loss":0,"cards_obtained":["Concentrate"]},{"damage_healed":0,"gold_gain":0,"player_choice":"Donut","damage_taken":0,"max_hp_gain":5,"max_hp_loss":0,"event_name":"Big Fish","floor":4,"gold_loss":0},{"damage_healed":0,"gold_gain":0,"player_choice":"Lose Max HP","damage_taken":0,"relics_obtained":["Golden Idol"],"max_hp_gain":0,"max_hp_loss":6,"event_name":"Golden Idol","floor":14,"gold_loss":0},{"damage_healed":0,"gold_gain":0,"player_choice":"Trade","damage_taken":0,"relics_obtained":["CultistMask"],"max_hp_gain":0,"max_hp_loss":0,"event_name":"FaceTrader","floor":20,"gold_loss":0},{"damage_healed":0,"gold_gain":99,"player_choice":"Stole From Cult","damage_taken":0,"max_hp_gain":0,"max_hp_loss":0,"event_name":"Nest","floor":29,"gold_loss":0},{"cards_removed":["Strike_G"],"damage_healed":0,"gold_gain":0,"player_choice":"Card Removal","damage_taken":0,"max_hp_gain":0,"max_hp_loss":0,"event_name":"Wheel of Change","floor":31,"gold_loss":0}],"is_beta":false,"boss_relics":[{"not_picked":["SacredBark","WristBlade"],"picked":"Cursed Key"}],"items_purged_floors":[5,21,30],"is_endless":false,"potions_floor_spawned":[7,11,12,19,24],"killed_by":"Collector","ascension_level":10}}