{"host":"bpkhhmvsfrvlto2l","time":1610384068,"event":{"mods":["2.2 Compatiblity","AchievementEnabler","Act Like it!","AlwaysNeverKeys","Aspiration","BaseMod","Better Silent Start","Challenge The Spire","Colored Map","Colored Powertips","Custom Start","Downfall","Energized Spire","Friendly Minions","GifTheSpireLib","Halation","Hubris","Infinite Spire","Ironclad Rager","Mimic Mod","Minty Spire (QoL Compilation)","Permanent Neow","Quick Restart","Random Character Button","Relic Sorter","Replay The Spire","Spikes Relics","StSLib","Stuff the Spire","Swap Starting Deck Mod","Trackpad"],"gold_per_floor":[99,113,130,130,144,69,69,87,87,12,0,87,118,130,143,247,247,172,172,172,172,190,221,259,259,292,292,292,292,292,319,336,458,458,458,497,516,541,562,562,602,626,626,641,641,653,653,653,653,653],"floor_reached":48,"playtime":2310,"items_purged":["hexamod:SkipABeat","Parasite"],"score":522,"play_id":"dbaa589e-c53b-430d-ab23-0e9111bbe016","local_time":"20210111115428","is_ascension_mode":false,"campfire_choices":[{"floor":1,"key":"RECALL"},{"floor":6,"key":"DIG"},{"floor":10,"key":"DIG"},{"floor":18,"key":"DIG"},{"floor":25,"key":"REST"},{"floor":27,"key":"DIG"},{"floor":30,"key":"REST"},{"data":"Twin Strike","floor":40,"key":"SMITH"},{"floor":47,"key":"REST"}],"circlet_count":0,"master_deck":["hexamod:Strike","hexamod:Strike","hexamod:Strike","hexamod:Strike+1","hexamod:Defend+1","hexamod:Defend","hexamod:Defend+1","hexamod:Defend+1","hexamod:Sear","hexamod:Float","hexamod:ExtraCrispy+1","hexamod:ExtraCrispy+1","hexamod:Firestarter","hexamod:Firestarter","hexamod:TimeOfNeed","ReplayTheSpireMod:Stacked+1","hexamod:EmpoweringStance+1","Twin Strike+1","Infernal Blade+1","Limit Break","ReplayTheSpireMod:Muscle Training+1"],"relics":["hexamod:SpiritBrand","Shovel","downfall:HeartBlessingRed","Pondfish Scales","downfall:HeartBlessingBlue","SpikesRelics:DaevaFist","Bag of Marbles","downfall:HeartBlessingGreen","Smiling Mask","halation:EternalFortune","StuffTheSpire:HeavyRock","GiantMaggot","infinitespire:Midas Blood","PreservedInsect","Durian","aspiration:IroncladSkillbook","hexamod:TheBrokenSeal","hexamod:SoulConsumer","hubris:Towel","trackpad:PocketGalaxy"],"acts_visited":["Exordium","TheCity","TheBeyond"],"potions_floor_usage":[5,13,13,14,16,16,16,23,23,23,23,26,26,26,26,32,32,32,33,33,33,37,39,39,46],"damage_taken":[{"damage":5,"enemies":"Jaw Worm","floor":2,"turns":3},{"damage":7,"enemies":"Small Slimes","floor":3,"turns":3},{"damage":0,"enemies":"Cultist","floor":5,"turns":3},{"damage":11,"enemies":"2 Fungi Beasts","floor":8,"turns":5},{"damage":2,"enemies":"downfall:FleeingMerchant","floor":11,"turns":4},{"damage":33,"enemies":"Lagavulin","floor":13,"turns":9},{"damage":1,"enemies":"3 Louse","floor":14,"turns":5},{"damage":0,"enemies":"Large Slime","floor":15,"turns":6},{"damage":20,"enemies":"downfall:Watcher","floor":16,"turns":12},{"damage":29,"enemies":"3 Byrds","floor":22,"turns":7},{"damage":98,"enemies":"Gremlin Leader","floor":23,"turns":13},{"damage":39,"enemies":"Sentry and Sphere","floor":24,"turns":15},{"damage":38,"enemies":"Book of Stabbing","floor":26,"turns":6},{"damage":18,"enemies":"Sentry and Sphere","floor":31,"turns":8},{"damage":15,"enemies":"Centurion and Healer","floor":32,"turns":9},{"damage":90,"enemies":"downfall:Defect","floor":33,"turns":12},{"damage":23,"enemies":"3 Shapes","floor":36,"turns":7},{"damage":5,"enemies":"Orb Walker","floor":37,"turns":4},{"damage":37,"enemies":"Jaw Worm Horde","floor":38,"turns":7},{"damage":28,"enemies":"Transient","floor":39,"turns":5},{"damage":4,"enemies":"Spire Growth","floor":41,"turns":9},{"damage":10,"enemies":"Spire Growth","floor":42,"turns":6},{"damage":17,"enemies":"Writhing Mass","floor":44,"turns":5},{"damage":5,"enemies":"3 Darklings","floor":46,"turns":6},{"damage":0,"enemies":"Nemesis","floor":48,"turns":3}],"seed_played":"4889997452739363129","potions_obtained":[{"floor":3,"key":"Reflective Coating"},{"floor":5,"key":"Fruit Juice"},{"floor":8,"key":"infinitespire:BlackPotion"},{"floor":11,"key":"Adrenaline Potion"},{"floor":13,"key":"LiquidMemories"},{"floor":14,"key":"Cursed Concoction"},{"floor":15,"key":"Regen Potion"},{"floor":15,"key":"hexamod:InfernoChargePotion"},{"floor":16,"key":"SteroidPotion"},{"floor":16,"key":"SmokeBomb"},{"floor":22,"key":"EntropicBrew"},{"floor":22,"key":"FairyPotion"},{"floor":23,"key":"EntropicBrew"},{"floor":24,"key":"SneckoOil"},{"floor":31,"key":"EntropicBrew"},{"floor":31,"key":"hexamod:EctoCoolerPotion"},{"floor":32,"key":"Block Potion"},{"floor":33,"key":"Weak Potion"},{"floor":36,"key":"Dexterity Potion"},{"floor":37,"key":"Weak Potion"},{"floor":38,"key":"Regen Potion"},{"floor":44,"key":"Block Potion"}],"is_trial":false,"path_per_floor":["R","M","M","?","M","R","T","M","?","R","$","?","E","M","M","B",null,"R_BF","?","?","?","M","E","MIM","R","E","R","AVR","?","R","M","M","B",null,"R_BF","M","M","M","M","R","MIM","M","?","M","AVR","M","R","E"],"character_chosen":"THE_SPIRIT","items_purchased":[],"campfire_rested":3,"item_purchase_floors":[],"current_hp_per_floor":[63,58,51,51,56,56,56,45,52,62,60,29,6,5,5,1,78,78,81,81,81,52,52,20,44,13,13,18,18,43,32,24,24,86,86,96,95,62,53,53,53,47,47,34,34,33,60,60,60,60],"gold":653,"neow_bonus":"ONE_RARE_RELIC","is_daily":false,"chose_seed":false,"campfire_upgraded":1,"win_rate":0.0,"timestamp":1610384068,"path_taken":["R","M","M","?","M","R","T","M","?","R","$","?","E","?","M","BOSS","R_BF","?","?","?","M","E","MIM","R","E","R","AVR","?","R","M","M","BOSS","R_BF","M","M","M","M","R","MIM","M","?","M","AVR","M","R","E"],"items_purchased_type":[],"build_version":"2020-12-22","purchased_purges":2,"victory":false,"max_hp_per_floor":[63,63,63,63,68,68,68,68,68,78,78,78,78,78,78,78,78,78,81,81,81,81,81,81,81,81,81,86,86,86,86,86,86,86,86,96,96,96,96,96,96,96,96,96,93,93,93,93,93,93],"card_choices":[{"not_picked":["hexamod:AdvancingGuard","hexamod:BurningTouch"],"picked":"hexamod:ThirdSeal","floor":3},{"not_picked":["hexamod:EtherealExpedition","hexamod:NightmareStrike"],"picked":"hexamod:FourthSeal","floor":5},{"not_picked":["hexamod:BurningTouch","hexamod:GhostShield","hexamod:NightmareGuise"],"picked":"SKIP","floor":8},{"not_picked":["hexamod:NightmareStrike","hexamod:Hexaguard","hexamod:GhostShield"],"picked":"SKIP","floor":8},{"not_picked":["hexamod:AdvancingGuard","hexamod:GhostflameBarrier","hexamod:GhostShield"],"picked":"SKIP","floor":11},{"not_picked":["hexamod:BurningTouch","hexamod:NightmareStrike","hexamod:GhostShield"],"picked":"SKIP","floor":11},{"not_picked":["hexamod:BurningTouch","hexamod:Rewind"],"picked":"hexamod:ExtraCrispy","floor":13},{"not_picked":["hexamod:ThermalTransfer","hexamod:InspiringFlames","hexamod:RainOfEmbers"],"picked":"SKIP","floor":13},{"not_picked":["hexamod:BurningTouch","hexamod:NightmareGuise"],"picked":"hexamod:ExtraCrispy","floor":14},{"not_picked":["hexamod:Hexaguard","hexamod:SkipABeat"],"picked":"hexamod:Firestarter","floor":14},{"not_picked":["hexamod:RainOfEmbers","hexamod:GhostOfSpireFuture"],"picked":"hexamod:Firestarter","floor":15},{"not_picked":["hexamod:HeatCrush","hexamod:SwordOfDarkness","hexamod:PhantomFireball"],"picked":"SKIP","floor":15},{"not_picked":["hexamod:WildfireWeapon","hexamod:HexaLevel"],"picked":"hexamod:FifthSeal","floor":16},{"not_picked":["hexamod:UnleashSpirits","hexamod:EmpoweringStance"],"picked":"hexamod:TimeOfNeed","floor":16},{"not_picked":["hexamod:SpectersWail+1","hexamod:BurningTouch"],"picked":"hexamod:FirstSeal","floor":22},{"not_picked":["hexamod:NightmareGuise","hexamod:FastForward+1"],"picked":"hexamod:SkipABeat","floor":22},{"not_picked":["hexamod:SecondSeal","hexamod:ThirdSeal"],"picked":"hexamod:SixthSeal","floor":23},{"not_picked":["hexamod:NightmareStrike","hexamod:GhostflameBarrier+1","hexamod:GhostShield+1"],"picked":"SKIP","floor":23},{"not_picked":["hexamod:GhostOfSpireFuture+1","hexamod:HeatMetal","hexamod:Again"],"picked":"SKIP","floor":23},{"not_picked":["hexamod:ThirdSeal","hexamod:FourthSeal","hexamod:SixthSeal"],"picked":"SKIP","floor":26},{"not_picked":["hexamod:HauntingEcho","hexamod:ShieldOfDarkness","hexamod:AdvancingGuard+1"],"picked":"SKIP","floor":26},{"not_picked":["hexamod:GhostflameBarrier+1","hexamod:ThirdSeal","hexamod:SkipABeat+1"],"picked":"SKIP","floor":26},{"not_picked":["hexamod:ThirdSeal","hexamod:FirstSeal","hexamod:SixthSeal"],"picked":"SKIP","floor":32},{"not_picked":["hexamod:NecessarySacrifice","hexamod:SwordOfDarkness+1","hexamod:ThirdSeal"],"picked":"SKIP","floor":32},{"not_picked":["hexamod:BacktrackSmack","hexamod:SwordOfDarkness","hexamod:SpectersWail"],"picked":"SKIP","floor":32},{"not_picked":["hexamod:SixthSeal","hexamod:FourthSeal"],"picked":"hexamod:SecondSeal","floor":33},{"not_picked":["StuffTheSpire:RagingBull+1","Armaments+1","hexamod:RainOfEmbers+1"],"picked":"Twin Strike","floor":36},{"not_picked":["Shrug It Off+1","hexamod:EtherealExpedition","Run Through","Twin Strike+1"],"picked":"SKIP","floor":37},{"not_picked":["StuffTheSpire:Resist","hexamod:NightmareStrike","hexamod:Again+1"],"picked":"Infernal Blade+1","floor":38},{"not_picked":["ReplayTheSpireMod:Strike From Hell","Armaments+1","StuffTheSpire:Incineration","StuffTheSpire:RockThrow+1"],"picked":"SKIP","floor":39},{"not_picked":["hexamod:Hexaguard","Burning Pact+1","ReplayTheSpireMod:Stacked"],"picked":"Limit Break","floor":41},{"not_picked":["Replay:Undeath\u0027s Touch","Flame Barrier","hexamod:InspiringFlames+1"],"picked":"ReplayTheSpireMod:Muscle Training+1","floor":44},{"not_picked":["hexamod:BacktrackSmack+1","Metallicize","ICR:Frenzy+1","Intimidate"],"picked":"SKIP","floor":46}],"player_experience":65152,"relics_obtained":[{"floor":6,"key":"Pondfish Scales"},{"floor":10,"key":"SpikesRelics:DaevaFist"},{"floor":12,"key":"Bag of Marbles"},{"floor":13,"key":"Nunchaku"},{"floor":18,"key":"Smiling Mask"},{"floor":23,"key":"StuffTheSpire:HeavyRock"},{"floor":24,"key":"GiantMaggot"},{"floor":26,"key":"infinitespire:Midas Blood"},{"floor":27,"key":"PreservedInsect"},{"floor":41,"key":"hexamod:SoulConsumer"}],"event_choices":[{"damage_healed":0,"gold_gain":0,"player_choice":"Read","damage_taken":0,"max_hp_gain":0,"max_hp_loss":0,"event_name":"The Library","floor":20,"gold_loss":0,"cards_obtained":["ReplayTheSpireMod:Stacked"]}],"is_beta":false,"boss_relics":[{"not_picked":["Kintsugi","Replay:Wanted Poster","trackpad:StolenKidneys"]},{"not_picked":["StuffTheSpire:Kangaroo","Replay:Bronze Core"],"picked":"aspiration:IroncladSkillbook"}],"items_purged_floors":[28,45],"is_endless":false,"potions_floor_spawned":[3,5,15,16,22,31,32,36,37,38,44],"killed_by":"Nemesis","ascension_level":0}}