{"host":"rdkrwszfl07lpbj9","time":1610400374,"event":{"mods":["Act Like it!","Aspiration","BaseMod","Beaked The Cultist","Colored Powertips","Downfall","Friendly Minions","Hermit","Hubris","Infinite Spire","Minty Spire (QoL Compilation)","Replay The Spire","StSLib","The Construct","The Elementalist","The Hierophant","The Jungle","The Marked","The Runesmith"],"gold_per_floor":[99,99,99,18,18,37,37,66,66,51,51,69,80,105,123,123,123,123],"floor_reached":16,"playtime":767,"items_purged":[],"score":133,"play_id":"6fdea9db-c2af-4fed-8680-58c443e49dd6","local_time":"20210111132614","is_ascension_mode":false,"campfire_choices":[{"data":"hexamod:Sear","floor":1,"key":"SMITH"},{"data":"hexamod:VolcanoVisage","floor":9,"key":"SMITH"}],"circlet_count":0,"master_deck":["hexamod:Strike","hexamod:Strike","hexamod:Strike","hexamod:Strike","hexamod:Defend","hexamod:Defend","hexamod:Defend","hexamod:Defend","hexamod:Sear+1","hexamod:Firestarter","Survivor","hexamod:VolcanoVisage+1","hexamod:GhostflameBarrier","hexamod:GhostflameBarrier","hexamod:HeatCrush","hexamod:Incineration","Burst"],"relics":["downfall:HeartsMalice","m_HexaRing","Incense Burner","Shovel","Frozen Egg 2"],"acts_visited":["Exordium"],"potions_floor_usage":[14,16],"damage_taken":[{"damage":0,"enemies":"infinitespire:Voidling","floor":2,"turns":1},{"damage":0,"enemies":"downfall:FleeingMerchant","floor":4,"turns":1},{"damage":0,"enemies":"Small Slimes","floor":5,"turns":1},{"damage":0,"enemies":"Cultist","floor":6,"turns":3},{"damage":13,"enemies":"Replay:BlueRogue","floor":8,"turns":6},{"damage":0,"enemies":"downfall:FleeingMerchant","floor":10,"turns":4},{"damage":8,"enemies":"Red Slaver","floor":12,"turns":3},{"damage":6,"enemies":"3 Louse","floor":13,"turns":4},{"damage":0,"enemies":"Gremlin Nob","floor":14,"turns":3},{"damage":0,"enemies":"Blue Slaver","floor":15,"turns":4},{"damage":45,"enemies":"downfall:Defect","floor":16,"turns":5}],"seed_played":"4076452055481510452","potions_obtained":[{"floor":6,"key":"Swift Potion"},{"floor":12,"key":"Fire Potion"},{"floor":14,"key":"AttackPotion"},{"floor":15,"key":"Fire Potion"}],"is_trial":false,"path_per_floor":["R","M","?","$","M","M","T","E","R","$","?","M","M","E","M","B"],"character_chosen":"THE_SPIRIT","items_purchased":["hexamod:GhostflameBarrier"],"campfire_rested":0,"item_purchase_floors":[4],"current_hp_per_floor":[70,70,70,70,70,70,70,57,57,57,57,49,43,43,43,0,0,0],"gold":123,"neow_bonus":"THREE_ENEMY_KILL","is_daily":false,"chose_seed":false,"campfire_upgraded":2,"win_rate":0.0,"timestamp":1610400374,"path_taken":["R","?","?","?","M","M","T","E","R","$","?","M","M","E","M","BOSS"],"items_purchased_type":["Card"],"build_version":"2020-12-22","purchased_purges":0,"victory":false,"max_hp_per_floor":[70,70,70,70,70,70,70,70,70,70,70,70,70,70,70,70,70,70],"card_choices":[{"not_picked":["hexamod:ShieldOfDarkness","hexamod:ThermalTransfer"],"picked":"hexamod:Firestarter","floor":2},{"not_picked":["hexamod:SpectersWail","Poisoned Stab"],"picked":"hexamod:VolcanoVisage","floor":4},{"not_picked":["hexamod:RainOfEmbers","hexamod:ThermalTransfer"],"picked":"hexamod:GhostflameBarrier","floor":5},{"not_picked":["hexamod:FastForward","hexamod:RainOfEmbers","hexamod:BacktrackSmack"],"picked":"SKIP","floor":6},{"not_picked":["hexamod:NightmareGuise","hexamod:GhostShield"],"picked":"hexamod:HeatCrush","floor":8},{"not_picked":["hexamod:InspiringFlames","hexamod:SkipABeat","hexamod:RecurringNightmare"],"picked":"SKIP","floor":10},{"not_picked":["hexamod:HauntingEcho","Bane"],"picked":"hexamod:Incineration","floor":12},{"not_picked":["Bane","hexamod:Again","hexamod:GhostShield"],"picked":"SKIP","floor":13},{"not_picked":["hexamod:Hexaguard","hexamod:SpectersWail"],"picked":"Burst","floor":14},{"not_picked":["hexamod:NightmareStrike","hexamod:ThermalTransfer","hexamod:ShieldOfDarkness"],"picked":"SKIP","floor":15}],"player_experience":997270,"relics_obtained":[{"floor":7,"key":"Incense Burner"},{"floor":8,"key":"Shovel"},{"floor":14,"key":"Frozen Egg 2"}],"event_choices":[],"is_beta":false,"boss_relics":[],"items_purged_floors":[],"is_endless":false,"potions_floor_spawned":[6,12,14,15],"killed_by":"downfall:Defect","ascension_level":0}}