{"host":"9vk21r6l9dtkpvh9","time":1610406443,"event":{"mods":["100% Spire Juice","2.2 Compatiblity","AchievementEnabler","Act Like it!","Astrologer","Bartender","BaseMod","Better Altar","Better Match","Better Note","Better Sensory Stone","Better Skull","Better Third Choice","BetterRewards","CapriCore","CatGirl Mod","Colored Map","Colored Powertips","Conspire","DeckTracker","Downfall","Energized Spire","Gensokyo","GifTheSpireLib","Hermit","Hubris","Infinite Spire","Jorbs\u0027s Wanderer Trilogy","Koishi","LagranYue(???·?)","Luminous","Mad Scientist","Marisa????????","Mimic Mod","Minty Spire (QoL Compilation)","Potionbrewer","Rare Cards Sparkle","Relic Stats","Replay The Spire","SOS???????","Shade Mod","Spicy Shops","StSLib","SuperFastMode","Td1madao Mod","The Animator","The Forsaken","The Gatherer","The Hierophant","The Immortal","The Jungle","The Marked","The Mystic","The Necromancer","The Runesmith","The Senshi","The Servant 0.9.4","The Valiant","The Wild Card","TheBandit","TheSwordswoman","TheWitcher","WarShipGirlsR/????R mod","vexMod","???Mod??????Boss"],"gold_per_floor":[123,150,172,198,207,251,251,278,278,278,305,340,367,394,394,498,498,525,9,9,108,152,152,186,209,235,259,597,606,606,634,634,739,739,750,883,912,912,971,1002,1002,1042,1067,1076,1106,1122,1122,1135,1135,1135,1135,1135,464,495,495],"floor_reached":56,"playtime":4358,"items_purged":["Strike_G","Strike_G","Strike_G"],"score":1374,"play_id":"61623544-695d-4916-9c86-4be7c8733518","local_time":"20210111180723","is_ascension_mode":true,"campfire_choices":[{"data":"Noxious Fumes","floor":10,"key":"SMITH"},{"data":"infinitespire:Neurotoxin","floor":23,"key":"SMITH"},{"data":"infinitespire:SevenWalls","floor":30,"key":"SMITH"},{"data":"Malaise","floor":32,"key":"SMITH"},{"floor":41,"key":"RECALL"},{"data":"infinitespire:UltimateForm","floor":49,"key":"SMITH"},{"data":"infinitespire:UltimateForm+1","floor":52,"key":"SMITH"}],"circlet_count":0,"master_deck":["Strike_G","Defend_G","Defend_G","Defend_G","Defend_G","Defend_G","Survivor","Neutralize","Quick Slash","Noxious Fumes+1","Toxin Wave","Crippling Poison","theWildCard:Arsene","Bullet Time","Leg Sweep+1","Caltrops","Poisoned Stab","Blade Dance","Bane","infinitespire:Neurotoxin+1","Dagger Throw+1","Noxious Fumes","PiercingWail","Predator","Malaise+1","Toxin Wave+1","Draining Mist+1","infinitespire:SevenWalls+1","Backflip","Glass Knife","hubris:Sniper+1","Footwork+1","Well Laid Plans","Blur+1","Dagger Throw","infinitespire:UltimateForm+2","Dagger Throw"],"relics":["Ring of the Snake","LagranYue:RandomDrawCardRelic","CeramicFish","Mango","Question Card","energizedSpire:DeadBattery","Oddly Smooth Stone","potionbrewer:Keyblade","theForsaken:Lifeblossom","potionbrewer:ToyAutogyro","Orichalcum","Old Coin","BranchBurnRelic","Snecko Eye","Peace Pipe","conspire:InfiniteJournal","Snack Pack","Vajra","conspire:Boomerang","Singing Bowl","ReplayTheSpireMod:TigerMarble","Replay:Baseball","theSenshi:SailorFukuRelic"],"acts_visited":["Exordium","TheCity","TheBeyond","TheEnding"],"potions_floor_usage":[12,12,14,55,55,55],"damage_taken":[{"damage":1,"enemies":"Small Slimes","floor":1,"turns":4},{"damage":1,"enemies":"Jaw Worm","floor":2,"turns":6},{"damage":0,"enemies":"Cultist","floor":3,"turns":4},{"damage":6,"enemies":"3 Louse","floor":4,"turns":3},{"damage":17,"enemies":"Replay:BlueRogue","floor":6,"turns":7},{"damage":0,"enemies":"Blue Slaver","floor":8,"turns":4},{"damage":0,"enemies":"2 Fungi Beasts","floor":11,"turns":4},{"damage":28,"enemies":"Gremlin Nob","floor":12,"turns":6},{"damage":3,"enemies":"Looter","floor":13,"turns":4},{"damage":13,"enemies":"Large Slime","floor":14,"turns":8},{"damage":50,"enemies":"Fading Forest","floor":16,"turns":11},{"damage":10,"enemies":"conspire:FuzzyDice","floor":18,"turns":6},{"damage":18,"enemies":"conspire:MimicChest","floor":22,"turns":6},{"damage":8,"enemies":"Replay:Snechameleon","floor":24,"turns":7},{"damage":2,"enemies":"2 Thieves","floor":25,"turns":4},{"damage":6,"enemies":"Snecko","floor":27,"turns":3},{"damage":0,"enemies":"conspire:SneckoGhost","floor":28,"turns":6},{"damage":8,"enemies":"Chosen and Byrds","floor":31,"turns":4},{"damage":8,"enemies":"hubris:MusketHawk","floor":33,"turns":8},{"damage":0,"enemies":"3 Shapes","floor":35,"turns":3},{"damage":0,"enemies":"Orb Walker","floor":37,"turns":2},{"damage":0,"enemies":"Mind Bloom Boss Battle","floor":39,"turns":6},{"damage":0,"enemies":"Giant Head","floor":40,"turns":5},{"damage":34,"enemies":"Reptomancer","floor":42,"turns":7},{"damage":0,"enemies":"Nemesis","floor":45,"turns":4},{"damage":0,"enemies":"Jaw Worm Horde","floor":46,"turns":6},{"damage":15,"enemies":"Transient","floor":48,"turns":5},{"damage":26,"enemies":"Replay:Hell Engine","floor":50,"turns":7},{"damage":0,"enemies":"Shield and Spear","floor":54,"turns":6},{"damage":23,"enemies":"The Heart","floor":55,"turns":11}],"seed_played":"3511769403758553387","potions_obtained":[{"floor":3,"key":"potionbrewer:InfectionPotion"},{"floor":8,"key":"Weak Potion"},{"floor":11,"key":"Adrenaline Potion"},{"floor":12,"key":"potionbrewer:DiscountPotion"},{"floor":16,"key":"potionbrewer:InfectionPotion"},{"floor":22,"key":"potionbrewer:NoxiousPotion"},{"floor":24,"key":"PowerPotion"},{"floor":27,"key":"potionbrewer:EndurancePotion"}],"is_trial":false,"path_per_floor":["M","M","M","M","?","E","?","M","T","R","M","E","M","M","R_BF","B",null,"M","$","?","?","?","R","E","M","T","M","E","?","R","M","R","B",null,"M","?","M","?","?","E","R","E","T","AVR","E","M","?","M","R","B",null,"R","$","E","B",null],"character_chosen":"THE_SILENT","items_purchased":["Oddly Smooth Stone","potionbrewer:Keyblade","theForsaken:Lifeblossom","Noxious Fumes","ReplayTheSpireMod:TigerMarble","Replay:Baseball","infinitespire:BlackPotion","Dagger Throw"],"campfire_rested":0,"item_purchase_floors":[19,19,19,19,53,53,53,53],"current_hp_per_floor":[69,68,68,62,62,45,45,45,59,59,59,31,28,15,40,6,84,74,74,74,74,62,62,60,64,64,64,70,48,48,46,46,73,84,84,51,56,56,62,68,68,67,67,67,81,88,88,80,80,81,90,90,90,92,76],"gold":495,"neow_bonus":"RANDOM_COMMON_RELIC","is_daily":false,"chose_seed":false,"campfire_upgraded":6,"win_rate":0.0,"timestamp":1610406443,"path_taken":["M","M","M","M","?","E","?","M","T","R","M","E","?","M","R_BF","BOSS","M","$","?","?","?","R","E","M","T","M","E","?","R","M","R","BOSS","M","?","M","?","?","E","R","E","T","AVR","E","M","?","M","R","BOSS","R","$","E","BOSS"],"items_purchased_type":["Relic","Relic","Relic","Card","Relic","Relic","Potion","Card"],"build_version":"2020-12-22","purchased_purges":3,"victory":true,"max_hp_per_floor":[70,70,70,70,70,70,70,70,84,84,84,84,84,84,84,84,84,84,84,84,84,84,84,84,84,84,84,84,84,84,84,84,84,84,84,84,84,84,84,84,84,84,84,84,86,88,88,90,90,90,90,90,90,92,92],"relic_stats":{"Peace Pipe":0,"Singing Bowl":8,"counters":[30,167],"CeramicFish":261,"Snecko Eye":[124,122,117,113],"Orichalcum":[150],"Question Card":27,"obtain_stats":[{"LagranYue:RandomDrawCardRelic":0,"Singing Bowl":45,"CeramicFish":0,"Dead Branch":6,"Oddly Smooth Stone":19,"Vajra":43,"Mango":9,"theForsaken:Lifeblossom":19,"conspire:Boomerang":44,"potionbrewer:ToyAutogyro":22,"Orichalcum":24,"Question Card":12,"energizedSpire:DeadBattery":17,"Old Coin":28,"conspire:InfiniteJournal":40,"Peace Pipe":39,"BranchBurnRelic":32,"Replay:Baseball":53,"Snecko Eye":34,"Snack Pack":42,"ReplayTheSpireMod:TigerMarble":53,"potionbrewer:Keyblade":19,"theSenshi:SailorFukuRelic":54,"Ring of the Snake":0},{"LagranYue:RandomDrawCardRelic":0,"Singing Bowl":25,"CeramicFish":0,"Dead Branch":5,"Oddly Smooth Stone":12,"Vajra":24,"Mango":6,"theForsaken:Lifeblossom":12,"conspire:Boomerang":24,"potionbrewer:ToyAutogyro":13,"Orichalcum":14,"Question Card":8,"energizedSpire:DeadBattery":11,"Old Coin":17,"conspire:InfiniteJournal":23,"Peace Pipe":22,"BranchBurnRelic":18,"Replay:Baseball":28,"Snecko Eye":19,"Snack Pack":24,"ReplayTheSpireMod:TigerMarble":28,"potionbrewer:Keyblade":12,"theSenshi:SailorFukuRelic":29,"Ring of the Snake":0},{"LagranYue:RandomDrawCardRelic":0,"Singing Bowl":132,"CeramicFish":0,"Dead Branch":24,"Oddly Smooth Stone":67,"Vajra":128,"Mango":28,"theForsaken:Lifeblossom":67,"conspire:Boomerang":128,"potionbrewer:ToyAutogyro":73,"Orichalcum":80,"Question Card":38,"energizedSpire:DeadBattery":61,"Old Coin":93,"conspire:InfiniteJournal":121,"Peace Pipe":116,"BranchBurnRelic":97,"Replay:Baseball":150,"Snecko Eye":105,"Snack Pack":128,"ReplayTheSpireMod:TigerMarble":150,"potionbrewer:Keyblade":67,"theSenshi:SailorFukuRelic":156,"Ring of the Snake":0}],"Ring of the Snake":[60]},"card_choices":[{"not_picked":["hubris:Counter","Replay:Poison Smokescreen"],"picked":"Quick Slash","floor":1},{"not_picked":["Underhanded Strike","Reflex"],"picked":"Noxious Fumes","floor":2},{"not_picked":["Setup","ReplayTheSpireMod:Shiv Toss"],"picked":"Toxin Wave","floor":3},{"not_picked":["Setup","Cloak And Dagger"],"picked":"Crippling Poison","floor":4},{"not_picked":["hubris:Counter","Flying Knee"],"picked":"Bullet Time","floor":6},{"not_picked":["Bane","Catalyst"],"picked":"Leg Sweep","floor":8},{"not_picked":["ReplayTheSpireMod:Exploit Weakness","Poisoned Stab"],"picked":"Caltrops","floor":11},{"not_picked":["Hidden Blade","hubris:TrickCloak"],"picked":"Poisoned Stab","floor":12},{"not_picked":["Heel Hook","Underhanded Strike","Cloak And Dagger"],"picked":"Blade Dance","floor":13},{"not_picked":["Poisoned Stab","Outmaneuver","Slice"],"picked":"Bane","floor":14},{"not_picked":["Doppelganger","Grand Finale","Wraith Form v2"],"picked":"infinitespire:Neurotoxin","floor":16},{"not_picked":["Distraction","Replay:Poison Smokescreen","Hidden Blade"],"picked":"Dagger Throw+1","floor":18},{"not_picked":["hubris:TrickCloak","Backflip","Tactician+1"],"picked":"PiercingWail","floor":22},{"not_picked":["Accuracy","Cloak And Dagger","Acrobatics"],"picked":"Predator","floor":24},{"not_picked":["Sucker Punch","Prepared+1","Blade Dance"],"picked":"Malaise","floor":25},{"not_picked":["Cloak And Dagger","Deadly Poison","Flying Knee+1"],"picked":"Toxin Wave+1","floor":27},{"not_picked":["ReplayTheSpireMod:Exploit Weakness+1","Dodge and Roll+1","Acrobatics"],"picked":"Draining Mist+1","floor":28},{"not_picked":["infinitespire:DeathsTouch","ReplayTheSpireMod:Echoes of Time"],"picked":"infinitespire:SevenWalls","floor":29},{"not_picked":["Expertise","Fluid Movement","Cloak And Dagger+1"],"picked":"Backflip","floor":31},{"not_picked":["Corpse Explosion","A Thousand Cuts","Poison Darts"],"picked":"Glass Knife","floor":33},{"not_picked":["Deadly Poison+1","Cloak And Dagger+1","Hidden Blade+1","Dash"],"picked":"SKIP","floor":35},{"not_picked":["Dodge and Roll","Deflect+1","Distraction"],"picked":"hubris:Sniper+1","floor":36},{"not_picked":["All Out Attack+1","Concentrate","Well Laid Plans+1"],"picked":"Footwork+1","floor":36},{"not_picked":["Prepared","Sucker Punch","Doppelganger"],"picked":"Well Laid Plans","floor":37},{"not_picked":["Underhanded Strike+1","Bane+1","Finisher"],"picked":"Blur+1","floor":39},{"not_picked":["Quick Slash","Replay:Bag of Tricks","Die Die Die","Well Laid Plans"],"picked":"SKIP","floor":40},{"not_picked":["Dodge and Roll","Well Laid Plans+1","Crippling Poison+1"],"picked":"Dagger Throw","floor":42},{"not_picked":["Fluid Movement","Dagger Spray+1","Dagger Throw","Masterful Stab+1"],"picked":"Singing Bowl","floor":45},{"not_picked":["Hidden Blade+1","ReplayTheSpireMod:From All Sides","Acrobatics","Cloak And Dagger"],"picked":"Singing Bowl","floor":46},{"not_picked":["conspire:PoisonWeapons","Dagger Spray","Cloak And Dagger","hubris:Sniper"],"picked":"Singing Bowl","floor":48},{"not_picked":["Crippling Poison","Flying Knee","Bane","PiercingWail"],"picked":"Singing Bowl","floor":54}],"player_experience":647660,"relics_obtained":[{"floor":6,"key":"Dead Branch"},{"floor":9,"key":"Mango"},{"floor":12,"key":"Question Card"},{"floor":22,"key":"potionbrewer:ToyAutogyro"},{"floor":24,"key":"Orichalcum"},{"floor":28,"key":"Old Coin"},{"floor":39,"key":"Peace Pipe"},{"floor":40,"key":"conspire:InfiniteJournal"},{"floor":42,"key":"Snack Pack"},{"floor":43,"key":"Vajra"},{"floor":45,"key":"Singing Bowl"},{"floor":54,"key":"theSenshi:SailorFukuRelic"}],"event_choices":[{"cards_removed":["Strike_G"],"damage_healed":0,"gold_gain":0,"player_choice":"Offered Basic","damage_taken":0,"max_hp_gain":0,"max_hp_loss":0,"event_name":"Bonfire Elementals","floor":7,"gold_loss":0},{"damage_healed":0,"gold_gain":99,"player_choice":"Steal","damage_taken":0,"max_hp_gain":0,"max_hp_loss":0,"event_name":"betterThird:BetterNest","floor":21,"gold_loss":0},{"damage_healed":0,"gold_gain":0,"player_choice":"Fight","damage_taken":0,"max_hp_gain":0,"max_hp_loss":0,"event_name":"MindBloom","floor":39,"gold_loss":0},{"damage_healed":0,"gold_gain":0,"player_choice":"Ignored","damage_taken":0,"max_hp_gain":0,"max_hp_loss":0,"event_name":"Tomb of Lord Red Mask","floor":47,"gold_loss":0}],"is_beta":false,"boss_relics":[{"not_picked":["energizedSpire:RedRose","Sozu"],"picked":"energizedSpire:DeadBattery"},{"not_picked":["Runesmith:UraniumAnvil","energizedSpire:HugeHouse"],"picked":"Snecko Eye"}],"items_purged_floors":[19,44,53],"is_endless":false,"potions_floor_spawned":[3,8,11,12,16,22,24,27,35,37,42,46],"ascension_level":3}}