{"host":"d7v3kvhe79blqf0r","time":1610357206,"event":{"mods":["ATMod(°¢èªMod)","Act Like it!","BaseMod","Dota2Spire","Gensokyo","Koishi","Lobotomy","LobotomyExtend","Marisa£¨ìFÓê¡¡Ä§ÀíÉ³£©","Minty Spire (QoL Compilation)","Quick Restart","Replay The Spire","RumiaBox-Â¶Ã×æ«µÄÉñÃØºÐ×Ó","StSLib","The Alterego","UnlockEverythingMod","WarShipGirlsR/Õ½½¢ÉÙÅ®R mod","Yakumo Yukari mod","Youmu£¨»êÆÇÑýÃÎ£©","Yuyuko","¡¾ÒÅÎï¿¨ÅÆ¡¿REMEMod"],"gold_per_floor":[130,60,60,71,89,89,19,37,37,56,56,84,1,18,18,123,123,133,133,168,168,168,168,168,168],"floor_reached":24,"playtime":3544,"items_purged":[],"score":194,"play_id":"4f743e2a-4707-4968-a148-cedfa66c6526","local_time":"20210111172646","is_ascension_mode":false,"campfire_choices":[{"data":"AT_WaterDrop","floor":6.0,"key":"SMITH"},{"data":"Observe_purple_2","floor":11.0,"key":"SMITH"},{"floor":15.0,"key":"REST"},{"data":"Boundary_ObjectiveBoundary_purple","floor":23,"key":"SMITH"}],"circlet_count":0,"master_deck":["AT_purpleEX","AT_purpleEX+1","Defend_purpleEX","Defend_purpleEX","Defend_purpleEX","Observe_purple_1","Observe_purple_2+1","AT_WomanClash","AT_WaterDrop+1","Boundary_ObjectiveBoundary_purple+1","ExternalForce_HighSpeedFlying_purple+1","MonsterNeedle_purple","StateErode_purple","Yakumo_Ran_purple","Boundary_of_Extermination_purpleEX","ExistenceContinue_purple","Pot Of Greed","Pot Of Greed","Monsters_DoubleDeathButterfly_purple","Computing_the_future_purpleEX","MeetDecomposer_purple+1","Photoelasticity_Doppler_Effect_purple","Nest_LightFlightworm_purple","Night Terror"],"relics":["Boundary_crack","Memoryfragments_purpleEX","AT_ATBox","REME_ComplimentaryCards","Blue Doll","AddBug","SecretRecord","SecretRecord"],"acts_visited":["Gensokyo:Gensokyo","Gensokyo:Gensokyoer"],"potions_floor_usage":[16,16],"damage_taken":[{"damage":1.0,"enemies":"Gensokyo:3_Fairies","floor":1.0,"turns":5.0},{"damage":0.0,"enemies":"Gensokyo:Gryphon","floor":4.0,"turns":5.0},{"damage":0.0,"enemies":"Gensokyo:2_Kodama","floor":5.0,"turns":6.0},{"damage":2.0,"enemies":"Gensokyo:CorruptedTreant","floor":8.0,"turns":5.0},{"damage":4.0,"enemies":"Gensokyo:5_Fairies","floor":10.0,"turns":6.0},{"damage":17.0,"enemies":"Gensokyo:Aya","floor":12.0,"turns":7.0},{"damage":9.0,"enemies":"Gensokyo:3_Kodama","floor":14.0,"turns":7.0},{"damage":22,"enemies":"Gensokyo:Yukari","floor":16,"turns":11},{"damage":0,"enemies":"Gensokyo:Chomper","floor":18,"turns":4},{"damage":63,"enemies":"Gensokyo:Koishi","floor":24,"turns":6}],"seed_played":"-2748453800363847463","potions_obtained":[{"floor":5.0,"key":"Ancient Potion"},{"floor":10.0,"key":"SkillPotion"},{"floor":12.0,"key":"BlessingOfTheForge"},{"floor":14.0,"key":"Venom Potion"}],"is_trial":false,"path_per_floor":["M","?","?","M","M","R","?","M","T","M","R","E","COS","M","R","B",null,"M","?","?","?","?","R","E"],"character_chosen":"Youkari","items_purchased":[],"campfire_rested":1,"item_purchase_floors":[],"current_hp_per_floor":[70,70,42,42,42,42,42,42,42,40,40,23,23,14,35,13,70,70,70,70,70,63,63,0,0],"gold":168,"neow_bonus":"RANDOM_COMMON_RELIC","is_daily":false,"chose_seed":false,"campfire_upgraded":3,"win_rate":0.0,"timestamp":1610357206,"path_taken":["M","?","?","?","M","R","?","M","T","M","R","E","COS","M","R","BOSS","M","?","?","?","?","R","E"],"items_purchased_type":[],"build_version":"2020-12-22","purchased_purges":0,"victory":false,"max_hp_per_floor":[70,70,70,70,70,70,70,70,70,70,70,70,70,70,70,70,70,70,70,70,70,70,70,70,70],"card_choices":[{"not_picked":["ButterflyHabitatTemple_purple","ExternalForce_HighSpeedFlying_purple"],"picked":"Boundary_ObjectiveBoundary_purple","floor":1.0},{"not_picked":["Worldmountain_purple","RuleDissolution_purple"],"picked":"ExternalForce_HighSpeedFlying_purple","floor":4.0},{"not_picked":["Worldmountain_purple","Boundary_DynamicStaticEquilibrium_purple"],"picked":"MonsterNeedle_purple","floor":5.0},{"not_picked":["DarkRealmRedLine_purple","SfantasyHide_purple"],"picked":"StateErode_purple","floor":8.0},{"not_picked":["Realm_recovery_purpleEX","MonsterNeedle_purple"],"picked":"Yakumo_Ran_purple","floor":10.0},{"not_picked":["RealityDreamConfluencek_purple","Worldmountain_purple"],"picked":"Boundary_of_Extermination_purpleEX","floor":12.0},{"not_picked":["AdvanceAttack_purple","DimensionStaggered_purple"],"picked":"ExistenceContinue_purple","floor":14.0},{"not_picked":["ContainerChange_purple","D_absorption_purple"],"picked":"Monsters_DoubleDeathButterfly_purple","floor":16},{"not_picked":["LoveAcrossDimensions_purple","Monsters_DoubleDeathButterfly_purple"],"picked":"Computing_the_future_purpleEX","floor":16},{"not_picked":["StateDuplicate_purple","Charmbait_purple"],"picked":"MeetDecomposer_purple+1","floor":18},{"not_picked":["AdvanceAttack_purple","Bait_Toxicbait_purple"],"picked":"Nest_LightFlightworm_purple","floor":20}],"player_experience":74567,"relics_obtained":[{"floor":1.0,"key":"AddBug"},{"floor":9.0,"key":"Replay:Towering Pillar of Hats"},{"floor":12.0,"key":"SecretRecord"},{"floor":12.0,"key":"Dota2Spire:Mjollnir"},{"floor":20,"key":"AT_TheCollector"}],"event_choices":[],"is_beta":false,"boss_relics":[{"not_picked":["ChewingGum","Calling Bell"],"picked":"Busted Crown"}],"items_purged_floors":[],"is_endless":false,"potions_floor_spawned":[5,10,12,14],"killed_by":"Gensokyo:Koishi","ascension_level":0}}