{"host":"u1dfzl6o6mfmauc3","time":1610380311,"event":{"mods":["2.2 Compatiblity","AchievementEnabler","BaseMod","Block Reminder","Dark Map","Hermit","Minty Spire (QoL Compilation)","Relic Stats","StSLib"],"gold_per_floor":[110,110,110,126,142,142,170,140,140,170,187,187,212,223,223,319,319,334,345,362,22,22,49,49,75,75,93,110,143,163,197,197,298,298,317,17,33,0,11,39,39,66,66,66,77,77,93,121,121,121],"floor_reached":51,"playtime":2463,"items_purged":["Strike_B"],"score":996,"play_id":"a55fe744-92f3-4a8b-86de-386298741b2c","local_time":"20210111105151","is_ascension_mode":true,"campfire_choices":[{"data":"Loop","floor":6,"key":"SMITH"},{"data":"Rip and Tear","floor":12,"key":"SMITH"},{"data":"Tempest","floor":15,"key":"SMITH"},{"data":"Biased Cognition","floor":24,"key":"SMITH"},{"floor":32,"key":"REST"},{"floor":44,"key":"REST"},{"floor":49,"key":"REST"}],"circlet_count":0,"master_deck":["Strike_B","Defend_B+1","Defend_B","Zap+1","Dualcast","Cold Snap","Loop+1","Self Repair","White Noise","Core Surge","Rip and Tear+1","Sweeping Beam","Coolheaded","Tempest+1","Biased Cognition+1","Lockon+1","Electrodynamics+1","BootSequence+1","Barrage+1","Capacitor","Leap","Steam+1","Glacier+1","Hologram+1","Echo Form","Glacier+1","Defragment","Buffer","Sunder+1","Pain","Chill","Buffer","Meteor Strike","Conserve Battery+1"],"relics":["Nuclear Battery","Kunai","Pear","Sundial","Centennial Puzzle","Astrolabe","FossilizedHelix","Torii","Darkstone Periapt","Nunchaku","Du-Vu Doll","Dream Catcher","Cursed Key","Happy Flower","Red Mask","War Paint","Vajra","Mummified Hand","Calipers"],"acts_visited":["Exordium","TheCity","TheBeyond"],"potions_floor_usage":[8,14,18,18,45,50,50],"damage_taken":[{"damage":3,"enemies":"Small Slimes","floor":1,"turns":3},{"damage":2,"enemies":"2 Louse","floor":4,"turns":2},{"damage":0,"enemies":"Cultist","floor":5,"turns":3},{"damage":14,"enemies":"Lagavulin","floor":7,"turns":7},{"damage":4,"enemies":"Looter","floor":8,"turns":4},{"damage":18,"enemies":"3 Sentries","floor":10,"turns":6},{"damage":16,"enemies":"Lots of Slimes","floor":11,"turns":4},{"damage":24,"enemies":"Lagavulin","floor":13,"turns":5},{"damage":3,"enemies":"3 Louse","floor":14,"turns":3},{"damage":4,"enemies":"Slime Boss","floor":16,"turns":6},{"damage":0,"enemies":"3 Byrds","floor":18,"turns":2},{"damage":1,"enemies":"Shell Parasite","floor":19,"turns":3},{"damage":11,"enemies":"Snake Plant","floor":20,"turns":2},{"damage":12,"enemies":"Slavers","floor":23,"turns":3},{"damage":0,"enemies":"Gremlin Leader","floor":25,"turns":5},{"damage":0,"enemies":"Chosen and Byrds","floor":27,"turns":4},{"damage":6,"enemies":"Centurion and Healer","floor":28,"turns":5},{"damage":41,"enemies":"Slavers","floor":29,"turns":4},{"damage":8,"enemies":"Snake Plant","floor":30,"turns":3},{"damage":20,"enemies":"Book of Stabbing","floor":31,"turns":4},{"damage":22,"enemies":"Collector","floor":33,"turns":9},{"damage":0,"enemies":"Orb Walker","floor":35,"turns":5},{"damage":11,"enemies":"3 Darklings","floor":37,"turns":4},{"damage":15,"enemies":"Jaw Worm Horde","floor":39,"turns":3},{"damage":0,"enemies":"Nemesis","floor":40,"turns":9},{"damage":59,"enemies":"Reptomancer","floor":42,"turns":7},{"damage":28,"enemies":"Writhing Mass","floor":45,"turns":5},{"damage":13,"enemies":"3 Darklings","floor":47,"turns":4},{"damage":8,"enemies":"Nemesis","floor":48,"turns":5},{"damage":21,"enemies":"Awakened One","floor":50,"turns":24}],"seed_played":"5379335647039105356","potions_obtained":[{"floor":4,"key":"EssenceOfSteel"},{"floor":7,"key":"SkillPotion"},{"floor":10,"key":"Strength Potion"},{"floor":11,"key":"LiquidBronze"},{"floor":16,"key":"SkillPotion"},{"floor":18,"key":"Fruit Juice"},{"floor":23,"key":"Dexterity Potion"},{"floor":45,"key":"Fruit Juice"}],"is_trial":false,"path_per_floor":["M","?","?","M","M","R","E","M","T","E","M","R","E","M","R","B",null,"M","M","M","$","?","E","R","E","T","M","M","E","M","E","R","B",null,"M","$","M","?","M","E","$","E","T","R","M","?","M","E","R","B",null],"character_chosen":"DEFECT","items_purchased":["FossilizedHelix","Capacitor","Defragment","Happy Flower"],"campfire_rested":3,"item_purchase_floors":[21,21,36,36],"current_hp_per_floor":[72,72,72,70,70,70,63,66,76,65,56,56,39,43,43,46,85,90,89,78,78,78,73,73,80,80,87,88,54,53,33,60,45,90,90,90,86,86,78,85,85,33,39,67,51,51,45,37,67,53],"gold":121,"neow_bonus":"BOSS_RELIC","is_daily":false,"chose_seed":false,"campfire_upgraded":4,"win_rate":0.0,"timestamp":1610380311,"path_taken":["M","?","?","?","M","R","E","M","T","E","M","R","E","M","R","BOSS","M","M","M","$","?","E","R","E","T","M","M","E","M","E","R","BOSS","M","?","M","?","M","E","$","E","T","R","M","?","?","E","R","BOSS"],"items_purchased_type":["Relic","Card","Card","Relic"],"build_version":"2020-12-22","purchased_purges":1,"victory":true,"max_hp_per_floor":[75,75,75,75,75,75,75,75,85,85,85,85,85,85,85,85,85,90,90,90,90,90,90,90,90,90,90,90,90,90,90,90,90,90,90,90,90,90,90,90,90,90,96,96,101,101,101,101,101,101],"relic_stats":{"Darkstone Periapt":6,"Torii":7,"Happy Flower":[20],"counters":[30,152],"Astrolabe":["Lockon","Electrodynamics","BootSequence"],"War Paint":["Defend_B","Glacier"],"Cursed Key":1,"Centennial Puzzle":[51],"Nunchaku":[13],"Dream Catcher":3,"Sundial":[14],"Mummified Hand":[58],"Kunai":[26],"obtain_stats":[{"Darkstone Periapt":25,"Pear":9,"Calipers":48,"Torii":23,"Happy Flower":36,"Astrolabe":17,"Vajra":42,"War Paint":40,"Cursed Key":34,"Nuclear Battery":0,"Du-Vu Doll":29,"Centennial Puzzle":13,"Nunchaku":26,"Dream Catcher":31,"Sundial":10,"Mummified Hand":43,"Red Mask":38,"Kunai":7,"Cracked Core":0,"FossilizedHelix":21},{"Darkstone Periapt":15,"Pear":5,"Calipers":29,"Torii":14,"Happy Flower":22,"Astrolabe":10,"Vajra":26,"War Paint":25,"Cursed Key":21,"Nuclear Battery":0,"Du-Vu Doll":18,"Centennial Puzzle":8,"Nunchaku":15,"Dream Catcher":20,"Sundial":6,"Mummified Hand":26,"Red Mask":23,"Kunai":4,"Cracked Core":0,"FossilizedHelix":13},{"Darkstone Periapt":57,"Pear":19,"Calipers":128,"Torii":52,"Happy Flower":91,"Astrolabe":43,"Vajra":114,"War Paint":107,"Cursed Key":86,"Nuclear Battery":0,"Du-Vu Doll":70,"Centennial Puzzle":34,"Nunchaku":57,"Dream Catcher":77,"Sundial":25,"Mummified Hand":114,"Red Mask":95,"Kunai":15,"Cracked Core":0,"FossilizedHelix":49}]},"card_choices":[{"not_picked":["Steam","Rebound"],"picked":"Cold Snap","floor":1},{"not_picked":["Go for the Eyes","Gash"],"picked":"Loop","floor":4},{"not_picked":["Cold Snap","Sweeping Beam"],"picked":"Self Repair","floor":5},{"not_picked":["Conserve Battery","Go for the Eyes"],"picked":"White Noise","floor":7},{"not_picked":["Capacitor","Leap"],"picked":"Core Surge","floor":8},{"not_picked":["Stack","Gash"],"picked":"Rip and Tear","floor":10},{"not_picked":["Steam","Streamline"],"picked":"Sweeping Beam","floor":11},{"not_picked":["Consume","Force Field"],"picked":"Coolheaded","floor":13},{"not_picked":["Streamline","Go for the Eyes"],"picked":"Tempest","floor":14},{"not_picked":["Core Surge","Echo Form"],"picked":"Biased Cognition","floor":16},{"not_picked":["Tempest+1","Streamline"],"picked":"Barrage+1","floor":18},{"not_picked":["Cold Snap","Go for the Eyes","Steam"],"picked":"SKIP","floor":19},{"not_picked":["Sweeping Beam","Cold Snap","Compile Driver+1"],"picked":"SKIP","floor":20},{"not_picked":["Reprogram+1","Barrage","Hyperbeam"],"picked":"SKIP","floor":23},{"not_picked":["Static Discharge","Force Field+1","Beam Cell+1"],"picked":"SKIP","floor":25},{"not_picked":["Fusion","Chaos+1"],"picked":"Leap","floor":27},{"not_picked":["Stack","Steam Power","Leap"],"picked":"SKIP","floor":28},{"not_picked":["Barrage","Auto Shields","Turbo"],"picked":"SKIP","floor":29},{"not_picked":["Ball Lightning+1","Stack"],"picked":"Steam+1","floor":30},{"not_picked":["Blizzard","Seek"],"picked":"Glacier","floor":31},{"not_picked":["Barrage+1","Compile Driver"],"picked":"Hologram+1","floor":32},{"not_picked":["All For One","Rainbow"],"picked":"Echo Form","floor":33},{"not_picked":["Coolheaded","Stack"],"picked":"Glacier+1","floor":35},{"not_picked":["Sweeping Beam+1","Auto Shields+1","Gash"],"picked":"SKIP","floor":37},{"not_picked":["Aggregate","Tempest","Static Discharge+1"],"picked":"SKIP","floor":39},{"not_picked":["Reinforced Body","Rebound"],"picked":"Buffer","floor":40},{"not_picked":["Hyperbeam","Cold Snap"],"picked":"Sunder+1","floor":42},{"not_picked":["Blizzard","Rebound+1","Loop+1"],"picked":"SKIP","floor":45},{"not_picked":["FTL+1","Redo","Cold Snap+1"],"picked":"SKIP","floor":47},{"not_picked":["Electrodynamics","Sweeping Beam"],"picked":"Meteor Strike","floor":48},{"not_picked":["Ball Lightning+1","Stack"],"picked":"Conserve Battery+1","floor":49}],"player_experience":55379,"relics_obtained":[{"floor":7,"key":"Kunai"},{"floor":9,"key":"Pear"},{"floor":10,"key":"Sundial"},{"floor":13,"key":"Centennial Puzzle"},{"floor":23,"key":"Torii"},{"floor":25,"key":"Darkstone Periapt"},{"floor":26,"key":"Nunchaku"},{"floor":29,"key":"Du-Vu Doll"},{"floor":31,"key":"Dream Catcher"},{"floor":40,"key":"War Paint"},{"floor":42,"key":"Vajra"},{"floor":43,"key":"Mummified Hand"},{"floor":48,"key":"Calipers"}],"event_choices":[{"damage_healed":0,"gold_gain":0,"player_choice":"Ignored","damage_taken":0,"max_hp_gain":0,"max_hp_loss":0,"event_name":"Liars Game","floor":2,"gold_loss":0},{"damage_healed":0,"gold_gain":0,"player_choice":"Forge","damage_taken":0,"max_hp_gain":0,"max_hp_loss":0,"event_name":"Accursed Blacksmith","floor":3,"gold_loss":0,"cards_upgraded":["Zap"]},{"cards_removed":["Defend_B"],"damage_healed":0,"gold_gain":0,"player_choice":"Purged","damage_taken":0,"max_hp_gain":0,"max_hp_loss":0,"event_name":"Purifier","floor":22,"gold_loss":0},{"damage_healed":0,"gold_gain":0,"player_choice":"Paid","damage_taken":0,"relics_obtained":["Red Mask"],"max_hp_gain":0,"max_hp_loss":0,"event_name":"Tomb of Lord Red Mask","floor":38,"gold_loss":33},{"damage_healed":0,"gold_gain":0,"player_choice":"2 cards matched","damage_taken":0,"max_hp_gain":0,"max_hp_loss":0,"event_name":"Match and Keep!","floor":46,"gold_loss":0,"cards_obtained":["Chill","Buffer"]}],"is_beta":false,"boss_relics":[{"not_picked":["Philosopher\u0027s Stone","Velvet Choker"],"picked":"Astrolabe"},{"not_picked":["SlaversCollar","Runic Pyramid"],"picked":"Cursed Key"}],"items_purged_floors":[36],"is_endless":false,"potions_floor_spawned":[4,7,10,11,16,18,23,27,30,33,40,42,45],"ascension_level":2}}