{"host":"g200jza2br9hmesm","time":1610335558,"event":{"mods":["AchievementEnabler","BaseMod","Colored Map","Downfall","Minty Spire (QoL Compilation)","Quick Restart","Relic Stats","StSLib"],"gold_per_floor":[111,12,25,25,25,56,56,87,87,103,103,120,120,134,134,263,263,263,263,263,263,263,263,263,263,263,263,263,263],"floor_reached":28,"playtime":940,"items_purged":["Strike_B"],"score":319,"play_id":"fd00f3e8-52ac-4018-b931-60b55f864538","local_time":"20210110222558","is_ascension_mode":true,"campfire_choices":[{"data":"Zap","floor":7,"key":"SMITH"},{"data":"Biased Cognition","floor":11,"key":"SMITH"},{"floor":15,"key":"REST"},{"data":"Echo Form","floor":23,"key":"SMITH"},{"data":"Capacitor","floor":25,"key":"SMITH"},{"floor":27,"key":"REST"}],"circlet_count":0,"master_deck":["Strike_B","Strike_B","Defend_B","Defend_B","Defend_B","Defend_B","Zap+1","Dualcast","Conserve Battery","Ball Lightning","Biased Cognition+1","Echo Form+1","Capacitor+1","Genetic Algorithm+1"],"relics":["Cracked Core","NeowsBlessing","Vajra","Meat on the Bone","Blood Vial","Lantern","Golden Idol","Ectoplasm"],"acts_visited":["Exordium","TheCity"],"potions_floor_usage":[14,16,21,24,28],"damage_taken":[{"damage":0,"enemies":"Cultist","floor":1,"turns":1},{"damage":0,"enemies":"Jaw Worm","floor":3,"turns":1},{"damage":0,"enemies":"3 Sentries","floor":6,"turns":1},{"damage":25,"enemies":"Lagavulin","floor":8,"turns":5},{"damage":0,"enemies":"2 Louse","floor":10,"turns":2},{"damage":9,"enemies":"Red Slaver","floor":12,"turns":2},{"damage":5,"enemies":"Lots of Slimes","floor":14,"turns":3},{"damage":36,"enemies":"Hexaghost","floor":16,"turns":8},{"damage":4,"enemies":"Shell Parasite","floor":18,"turns":3},{"damage":0,"enemies":"Chosen","floor":19,"turns":4},{"damage":11,"enemies":"Centurion and Healer","floor":21,"turns":6},{"damage":31,"enemies":"Snake Plant","floor":22,"turns":4},{"damage":33,"enemies":"3 Cultists","floor":24,"turns":4},{"damage":46,"enemies":"Gremlin Leader","floor":28,"turns":4}],"seed_played":"4013844652138988991","potions_obtained":[{"floor":8,"key":"EssenceOfDarkness"},{"floor":10,"key":"Fire Potion"},{"floor":16,"key":"Block Potion"},{"floor":18,"key":"FearPotion"},{"floor":22,"key":"DistilledChaos"}],"is_trial":false,"path_per_floor":["M","$","M","?","T","E","R","E","T","M","R","M","?","M","R","B",null,"M","M","?","M","M","R","M","R","T","R","E"],"character_chosen":"DEFECT","items_purchased":["Conserve Battery"],"campfire_rested":2,"item_purchase_floors":[2],"current_hp_per_floor":[75,75,75,68,68,68,68,43,43,45,45,38,20,29,51,29,64,62,64,64,55,38,38,19,19,19,41,0,0],"gold":263,"neow_bonus":"THREE_ENEMY_KILL","is_daily":false,"chose_seed":false,"campfire_upgraded":4,"win_rate":0.0,"timestamp":1610335558,"path_taken":["M","$","M","?","?","E","R","E","T","?","R","M","?","M","R","BOSS","M","M","?","?","M","R","?","R","T","R","E"],"items_purchased_type":["Card"],"build_version":"2020-12-22","purchased_purges":1,"victory":false,"max_hp_per_floor":[75,75,75,75,75,75,75,75,75,75,75,75,75,75,75,75,75,75,75,75,75,75,75,75,75,75,75,75,75],"relic_stats":{"Blood Vial":20,"counters":[14,48],"Golden Idol":48,"Ectoplasm":270,"obtain_stats":[{"Blood Vial":8,"Lantern":9,"NeowsBlessing":0,"Golden Idol":13,"Vajra":5,"Ectoplasm":17,"Cracked Core":0,"Meat on the Bone":6},{"Blood Vial":4,"Lantern":4,"NeowsBlessing":0,"Golden Idol":6,"Vajra":2,"Ectoplasm":8,"Cracked Core":0,"Meat on the Bone":3},{"Blood Vial":8,"Lantern":8,"NeowsBlessing":0,"Golden Idol":12,"Vajra":2,"Ectoplasm":23,"Cracked Core":0,"Meat on the Bone":3}],"Meat on the Bone":48},"card_choices":[{"not_picked":["Sweeping Beam","Undo","Gash"],"picked":"SKIP","floor":1},{"not_picked":["Conserve Battery","Sweeping Beam"],"picked":"Ball Lightning","floor":3},{"not_picked":["BootSequence","Compile Driver","Coolheaded"],"picked":"SKIP","floor":6},{"not_picked":["Gash","Barrage"],"picked":"Biased Cognition","floor":8},{"not_picked":["Rebound","Chill","Hologram"],"picked":"SKIP","floor":10},{"not_picked":["Conserve Battery","Hologram","Blizzard"],"picked":"SKIP","floor":12},{"not_picked":["Coolheaded","Scrape","Compile Driver"],"picked":"SKIP","floor":14},{"not_picked":["Multi-Cast","All For One"],"picked":"Echo Form","floor":16},{"not_picked":["Ball Lightning+1","Leap"],"picked":"Capacitor","floor":18},{"not_picked":["Undo+1","Turbo","Gash"],"picked":"SKIP","floor":19},{"not_picked":["Steam Power+1","Gash","Redo+1"],"picked":"SKIP","floor":21},{"not_picked":["Hello World","Auto Shields+1","Turbo"],"picked":"SKIP","floor":22},{"not_picked":["Gash","Stack"],"picked":"Genetic Algorithm+1","floor":24}],"player_experience":515729,"relics_obtained":[{"floor":5,"key":"Vajra"},{"floor":6,"key":"Meat on the Bone"},{"floor":8,"key":"Blood Vial"},{"floor":9,"key":"Lantern"}],"event_choices":[{"cards_removed":["Strike_B"],"damage_healed":0,"gold_gain":0,"player_choice":"Card Removal","damage_taken":7,"max_hp_gain":0,"max_hp_loss":0,"event_name":"Golden Wing","floor":4,"gold_loss":0},{"damage_healed":0,"gold_gain":0,"player_choice":"Take Damage","damage_taken":18,"relics_obtained":["Golden Idol"],"max_hp_gain":0,"max_hp_loss":0,"event_name":"Golden Idol","floor":13,"gold_loss":0},{"damage_healed":0,"gold_gain":100,"player_choice":"Pray","damage_taken":0,"max_hp_gain":0,"max_hp_loss":0,"event_name":"Golden Shrine","floor":20,"gold_loss":0}],"is_beta":false,"boss_relics":[{"not_picked":["Empty Cage","Runic Dome"],"picked":"Ectoplasm"}],"items_purged_floors":[2],"is_endless":false,"potions_floor_spawned":[8,10,16,18,22],"killed_by":"Gremlin Leader","ascension_level":5}}