{"host":"ga4s3hj9m6nkn6gp","time":1610400879,"event":{"mods":["AchievementEnabler","BaseMod","Bestiary","Colored Powertips","Highlight Path","Minty Spire (QoL Compilation)","Relic Stats","everything is the same but u backflip on backflip"],"gold_per_floor":[116,166,186,205,225,260,260,276,276,276,40,40,40,40],"floor_reached":13,"playtime":691,"items_purged":["Strike_G"],"score":170,"play_id":"9d661763-3b49-44d4-af47-cfc7378d7cf3","local_time":"20210111223439","is_ascension_mode":true,"campfire_choices":[{"data":"Skewer","floor":7,"key":"SMITH"},{"floor":10,"key":"REST"},{"data":"Dagger Spray","floor":12,"key":"SMITH"}],"circlet_count":0,"master_deck":["AscendersBane","Strike_G","Strike_G","Strike_G","Strike_G","Defend_G","Defend_G","Defend_G","Defend_G","Defend_G","Survivor","Neutralize","Riddle With Holes","Skewer+1","PiercingWail","Adrenaline","Dagger Spray+1"],"relics":["Ring of the Snake","Art of War","Turnip","OrangePellets"],"acts_visited":["Exordium"],"potions_floor_usage":[],"damage_taken":[{"damage":2,"enemies":"Jaw Worm","floor":1,"turns":7},{"damage":1,"enemies":"Cultist","floor":3,"turns":3},{"damage":0,"enemies":"2 Louse","floor":4,"turns":4},{"damage":0,"enemies":"2 Fungi Beasts","floor":5,"turns":4},{"damage":54,"enemies":"3 Sentries","floor":6,"turns":12},{"damage":1,"enemies":"Blue Slaver","floor":8,"turns":5},{"damage":6,"enemies":"Gremlin Nob","floor":13,"turns":3}],"seed_played":"-5632935141291779581","potions_obtained":[{"floor":4,"key":"SpeedPotion"},{"floor":8,"key":"Weak Potion"}],"is_trial":false,"path_per_floor":["M","?","M","M","M","E","R","M","T","R","$","R","E"],"character_chosen":"THE_SILENT","items_purchased":["OrangePellets"],"campfire_rested":1,"item_purchase_floors":[11],"current_hp_per_floor":[63,63,62,62,62,8,8,7,7,28,28,28,22,22],"gold":40,"neow_bonus":"TEN_PERCENT_HP_BONUS","is_daily":false,"chose_seed":false,"campfire_upgraded":2,"win_rate":0.0,"timestamp":1610400879,"path_taken":["M","?","M","M","?","E","R","?","T","R","?","R","E"],"items_purchased_type":["Relic"],"build_version":"2020-12-22","purchased_purges":1,"victory":false,"max_hp_per_floor":[72,72,72,72,72,72,72,72,72,72,72,72,72,72],"relic_stats":{"OrangePellets":[0],"counters":[7,38],"Turnip":[0],"Art of War":[0],"obtain_stats":[{"OrangePellets":11,"Turnip":9,"Art of War":6,"Ring of the Snake":0},{"OrangePellets":6,"Turnip":6,"Art of War":5,"Ring of the Snake":0},{"OrangePellets":35,"Turnip":35,"Art of War":30,"Ring of the Snake":0}],"Ring of the Snake":[14]},"card_choices":[{"not_picked":["Poisoned Stab","Backflip"],"picked":"Riddle With Holes","floor":1},{"not_picked":["Quick Slash","Sucker Punch"],"picked":"Skewer","floor":3},{"not_picked":["Distraction","Outmaneuver"],"picked":"PiercingWail","floor":4},{"not_picked":["Acrobatics","Prepared"],"picked":"Adrenaline","floor":5},{"not_picked":["Calculated Gamble","Acrobatics","Reflex"],"picked":"SKIP","floor":6},{"not_picked":["Bane","Acrobatics"],"picked":"Dagger Spray","floor":8}],"player_experience":609877,"relics_obtained":[{"floor":6,"key":"Art of War"},{"floor":9,"key":"Turnip"}],"event_choices":[{"damage_healed":0,"gold_gain":50,"player_choice":"Pray","damage_taken":0,"max_hp_gain":0,"max_hp_loss":0,"event_name":"Golden Shrine","floor":2,"gold_loss":0}],"is_beta":false,"boss_relics":[],"items_purged_floors":[11],"is_endless":false,"potions_floor_spawned":[4,8],"killed_by":"Gremlin Nob","ascension_level":20}}