{"host":"gzrx8rm2nhta4pjr","time":1610368906,"event":{"mods":["2.2 Compatiblity","Act Like it!","AlwaysNeverKeys","BaseMod","Better Altar","Better Sensory Stone","Better Silent Start","Block Reminder","Curses Come First","Defuse TimeMaze Blight","Disable Question Mark Monsters","Emptier Cage","GifTheSpireLib","Infinite Spire","Marked Mod","Minty Spire (QoL Compilation)","Potionbrewer","Rare Cards Sparkle","Remove Card Discount Mod","Reorder Act Four","SCP261 Mod","Shop Mod","StSLib","Stuff the Spire","Swap Starting Deck Mod","The Bug Knight","The Senshi","The Servant 0.9.4","Transform Curses"],"gold_per_floor":[109,109,120,130,130,80,100,132,132,132,132,151,151,161,161,260,260,271,92,109,109,188,188,292,311,338,338,470,470,598,617,617,712,712,722,242,252,252,266,266,406,418,418,518,518,518,32,32,32,130,130,137,137,137,137,137,230,230,223,223,223,262,262,262,379,379,457,457,443,419,255,246,246,323,323,323,374,360,358,408,408,81,81,142,142,131,82,99,99,81,81,58,358,411,460,192,299,291,395,395,450,450,453,453,525,288,288,248,258,258,307,307,307,302,316,327,327,393,393,399,480,493,493,493,493,491,477,500,605,617,637,632,644,656,742,754,764,776,781,456,179,286,286,374,374,358,358,449,449,449,449,454,454,100,100,201,224],"floor_reached":158,"playtime":22544,"items_purged":["Shame","Doubt","Regret","Streamline"],"score":4673,"play_id":"2b9b839f-013f-47a3-bd43-ceb6a1584aa8","local_time":"20210111074146","is_ascension_mode":true,"campfire_choices":[{"data":"infinitespire:UltimateForm","floor":11.0,"key":"SMITH"},{"floor":15.0,"key":"REST"},{"floor":23.0,"key":"REST"},{"floor":27.0,"key":"REST"},{"floor":32.0,"key":"REST"},{"floor":40.0,"key":"REST"},{"data":"Chill","floor":49.0,"key":"SMITH"},{"data":"Echo Form","floor":58.0,"key":"SMITH"},{"data":"Apotheosis","floor":61.0,"key":"SMITH"},{"data":"infinitespire:FutureSight","floor":63.0,"key":"SMITH"},{"floor":66.0,"key":"REST"},{"data":"BootSequence","floor":75.0,"key":"PURGE"},{"floor":81.0,"key":"REST"},{"floor":83.0,"key":"REST"},{"floor":91.0,"key":"REST"},{"data":"1","floor":100.0,"key":"LIFT"},{"floor":110.0,"key":"REST"},{"floor":113.0,"key":"REST"},{"floor":117.0,"key":"REST"},{"floor":125.0,"key":"REST"},{"floor":134.0,"key":"REST"},{"floor":143.0,"key":"REST"},{"floor":151.0,"key":"REST"},{"floor":155.0,"key":"REST"}],"circlet_count":0,"master_deck":["Blizzard","Blizzard","Blizzard","Blizzard","Blizzard","Chill+1","Coolheaded","Coolheaded","Coolheaded","Coolheaded","Defragment","infinitespire:UltimateForm+1","infinitespire:Execution+1","Turbo","Amplify+1","Recycle","StuffTheSpire:Coldhearted","Gash+1","Gash","infinitespire:DeathsTouch","Fission+1","Apotheosis+1","Dramatic Entrance","Coolheaded","Redo+1","Buffer","Echo Form+1","Turbo","infinitespire:FutureSight+1","Swift Strike","Biased Cognition","White Noise","StuffTheSpire:NuclearReactor","Coolheaded","infinitespire:TheBestDefense","Creative AI","Turbo","Redo+1","Necronomicurse","Double Energy","Force Field","Coolheaded","Blizzard","infinitespire:Execution+1","Reboot+1","Chill","Reboot","Heatsinks","Turbo","Reboot","infinitespire:NeuralNetwork","Coolheaded","Gash","Buffer","StuffTheSpire:Coldhearted","Rip and Tear+1","infinitespire:UltimateForm+1","Gash","Fusion","StuffTheSpire:NuclearReactor+1","StuffTheSpire:Coldhearted+1","StuffTheSpire:Ambrosia","Fusion+1","Madness","Madness","Seek","Panache","Consume","Amplify"],"relics":["infinitespire:Cubic Diamond","StuffTheSpire:TintedRock","StuffTheSpire:ForceGauntlet","potionbrewer:BhaskarasWheel","MerchantsRug","Cables","StuffTheSpire:PointBlank","MealTicket","Inserter","Lizard Tail","FossilizedHelix","Orichalcum","SacredBark","Calipers","StuffTheSpire:Tea","Tiny Chest","Peace Pipe","Fusion Hammer","Eternal Feather","Necronomicon","infinitespire:Golems Mask","Juzu Bracelet","Bottled Tornado","Toolbox","Anchor","Bronze Scales","ClockworkSouvenir","SlaversCollar","theSenshi:FeatherClipsRelic","Runic Capacitor","infinitespire:Lucky Rock","Akabeko","Odd Mushroom","Nuclear Battery","potionbrewer:Keyblade","Red Mask","infinitespire:Eraser","Black Star","StoneCalendar","DataDisk","Toy Ornithopter","potionbrewer:WarMedal","Bag of Marbles","Vajra","The Courier","PreservedInsect","Philosopher\u0027s Stone","Bottled Flame","Bag of Preparation","StuffTheSpire:Barrel","Happy Flower"],"acts_visited":["TheCity","TheBeyond","Exordium","TheCity","TheBeyond","TheCity","TheBeyond","TheEnding"],"potions_floor_usage":[157,157,157,157],"damage_taken":[{"damage":0.0,"enemies":"Cultist","floor":1.0,"turns":3.0},{"damage":0.0,"enemies":"2 Louse","floor":3.0,"turns":2.0},{"damage":5.0,"enemies":"Jaw Worm","floor":4.0,"turns":4.0},{"damage":10.0,"enemies":"Exordium Wildlife","floor":7.0,"turns":4.0},{"damage":12.0,"enemies":"Gremlin Nob","floor":8.0,"turns":5.0},{"damage":7.0,"enemies":"Red Slaver","floor":12.0,"turns":4.0},{"damage":6.0,"enemies":"Looter","floor":14.0,"turns":3.0},{"damage":16.0,"enemies":"The Guardian","floor":16.0,"turns":6.0},{"damage":16.0,"enemies":"Shell Parasite","floor":18.0,"turns":5.0},{"damage":21.0,"enemies":"2 Thieves","floor":20.0,"turns":4.0},{"damage":47.0,"enemies":"Slavers","floor":24.0,"turns":5.0},{"damage":5.0,"enemies":"Cultist and Chosen","floor":25.0,"turns":6.0},{"damage":14.0,"enemies":"Gremlin Leader","floor":28.0,"turns":3.0},{"damage":0.0,"enemies":"Nightmare","floor":30.0,"turns":7.0},{"damage":18.0,"enemies":"Snake Plant","floor":31.0,"turns":4.0},{"damage":15.0,"enemies":"Collector","floor":33.0,"turns":4.0},{"damage":31.0,"enemies":"3 Darklings","floor":35.0,"turns":4.0},{"damage":13.0,"enemies":"3 Shapes","floor":37.0,"turns":4.0},{"damage":22.0,"enemies":"Jaw Worm Horde","floor":39.0,"turns":4.0},{"damage":46.0,"enemies":"Nemesis","floor":41.0,"turns":5.0},{"damage":0.0,"enemies":"Spire Growth","floor":42.0,"turns":2.0},{"damage":30.0,"enemies":"Reptomancer","floor":44.0,"turns":4.0},{"damage":30.0,"enemies":"infinitespire:MassOfShapes","floor":50.0,"turns":5.0},{"damage":0.0,"enemies":"infinitespire:Voidling","floor":52.0,"turns":3.0},{"damage":0.0,"enemies":"Gremlin Nob","floor":57.0,"turns":2.0},{"damage":0.0,"enemies":"Jaw Worm","floor":59.0,"turns":5.0},{"damage":0.0,"enemies":"Gremlin Nob","floor":62.0,"turns":4.0},{"damage":24.0,"enemies":"Lagavulin","floor":65.0,"turns":4.0},{"damage":0.0,"enemies":"The Guardian","floor":67.0,"turns":5.0},{"damage":0.0,"enemies":"3 Byrds","floor":69.0,"turns":5.0},{"damage":0.0,"enemies":"Chosen","floor":70.0,"turns":8.0},{"damage":0.0,"enemies":"Snake Plant","floor":72.0,"turns":5.0},{"damage":0.0,"enemies":"Slavers","floor":74.0,"turns":4.0},{"damage":0.0,"enemies":"Snecko","floor":78.0,"turns":4.0},{"damage":22.0,"enemies":"Shelled Parasite and Fungi","floor":79.0,"turns":3.0},{"damage":51.0,"enemies":"Automaton","floor":84.0,"turns":7.0},{"damage":22.0,"enemies":"3 Darklings","floor":86.0,"turns":2.0},{"damage":0.0,"enemies":"3 Shapes","floor":88.0,"turns":3.0},{"damage":0.0,"enemies":"Transient","floor":90.0,"turns":5.0},{"damage":0.0,"enemies":"Reptomancer","floor":97.0,"turns":3.0},{"damage":63.0,"enemies":"Writhing Mass","floor":98.0,"turns":4.0},{"damage":12.0,"enemies":"Nemesis","floor":99.0,"turns":3.0},{"damage":0.0,"enemies":"infinitespire:MassOfShapes","floor":101.0,"turns":6.0},{"damage":0.0,"enemies":"Jaw Worm","floor":103.0,"turns":2.0},{"damage":0.0,"enemies":"Small Slimes","floor":109.0,"turns":2.0},{"damage":0.0,"enemies":"infinitespire:Voidling","floor":114.0,"turns":2.0},{"damage":0.0,"enemies":"The Mushroom Lair","floor":115.0,"turns":1.0},{"damage":0.0,"enemies":"Lots of Slimes","floor":116.0,"turns":1.0},{"damage":0.0,"enemies":"Slime Boss","floor":118.0,"turns":5.0},{"damage":0.0,"enemies":"3 Byrds","floor":120.0,"turns":2.0},{"damage":0.0,"enemies":"Spheric Guardian","floor":122.0,"turns":1.0},{"damage":0.0,"enemies":"Cultist and Chosen","floor":126.0,"turns":4.0},{"damage":0.0,"enemies":"Centurion and Healer","floor":127.0,"turns":5.0},{"damage":54.0,"enemies":"Slavers","floor":129.0,"turns":2.0},{"damage":0.0,"enemies":"Masked Bandits","floor":131.0,"turns":3.0},{"damage":0.0,"enemies":"3 Cultists","floor":132.0,"turns":4.0},{"damage":0.0,"enemies":"Collector","floor":135.0,"turns":4.0},{"damage":0.0,"enemies":"Orb Walker","floor":137.0,"turns":3.0},{"damage":0.0,"enemies":"3 Shapes","floor":139.0,"turns":3.0},{"damage":0.0,"enemies":"Giant Head","floor":142.0,"turns":5.0},{"damage":0.0,"enemies":"Reptomancer","floor":144.0,"turns":3.0},{"damage":0.0,"enemies":"Transient","floor":146.0,"turns":5.0},{"damage":0.0,"enemies":"Giant Head","floor":148.0,"turns":4.0},{"damage":0.0,"enemies":"infinitespire:LordOfFortification","floor":152.0,"turns":8.0},{"damage":14,"enemies":"Shield and Spear","floor":156,"turns":2},{"damage":85,"enemies":"The Heart","floor":157,"turns":7}],"seed_played":"698898389611193090","potions_obtained":[{"floor":3.0,"key":"potionbrewer:DiscountPotion"},{"floor":7.0,"key":"FearPotion"},{"floor":8.0,"key":"potionbrewer:NoxiousPotion"},{"floor":12.0,"key":"SCP261:SweetSwarmPotion"},{"floor":16.0,"key":"SCP261:PenguinPunchPotion"},{"floor":18.0,"key":"SCP261:SweetSwarmPotion"},{"floor":24.0,"key":"Fire Potion"},{"floor":33.0,"key":"FairyPotion"},{"floor":39.0,"key":"potionbrewer:NoxiousPotion"},{"floor":41.0,"key":"SCP261:BostonMolassesPotion"},{"floor":42.0,"key":"AttackPotion"},{"floor":62.0,"key":"potionbrewer:AcidPotion"},{"floor":65.0,"key":"SCP261:BlastolaColaPotion"},{"floor":67.0,"key":"SCP261:BlastolaColaPotion"},{"floor":70.0,"key":"SkillPotion"},{"floor":72.0,"key":"Explosive Potion"},{"floor":79.0,"key":"potionbrewer:ToxicPotion"},{"floor":90.0,"key":"SpeedPotion"},{"floor":98.0,"key":"potionbrewer:CleansingPotion"},{"floor":99.0,"key":"potionbrewer:AcidPotion"},{"floor":101.0,"key":"Fire Potion"},{"floor":108.0,"key":"SCP261:PenguinPunchPotion"},{"floor":108.0,"key":"FocusPotion"},{"floor":108.0,"key":"infinitespire:BlackPotion"},{"floor":114.0,"key":"EssenceOfSteel"},{"floor":120.0,"key":"Dexterity Potion"},{"floor":126.0,"key":"PowerPotion"},{"floor":129.0,"key":"CultistPotion"},{"floor":135.0,"key":"SpeedPotion"},{"floor":137.0,"key":"potionbrewer:QuicksilverPotion"},{"floor":144.0,"key":"potionbrewer:SplittingPotion"}],"is_trial":false,"path_per_floor":["M","AVR","M","M","?","$","M","E","T","?","R","M","?","M","R","B",null,"M","$","M","?","T","R","E","M","T","R","E","AVR","NM","M","R","B",null,"M","$","M","?","M","R","E","M","T","E","?","?","$","?","R","B",null,"M","?","AVR","?","?","E","R","M","T","R","?","R","?","E","R","B",null,"M","M","$","M","?","E","R","?","T","M","M","T","R","$","R","B",null,"M","$","M","?","M","R","$","?","T","T","$","E","M","E","R","B",null,"M","?","T","$","T","?","M","R","T","?","R","M","?","M","R","B",null,"M","T","M","?","AVR","R","M","M","T","E","?","?","M","T","R","B",null,"M","?","M","$","$","E","R","E","T","M","?","E","T","?","R","B",null,"$","R","E","B",null],"character_chosen":"DEFECT","items_purchased":["potionbrewer:ToxicPotion","MerchantsRug","DuplicationPotion","PowerPotion","Apotheosis","Explosive Potion","StuffTheSpire:Gunfinga","Dramatic Entrance","StuffTheSpire:RubySignet","Orichalcum","Buffer","Eternal Feather","infinitespire:BlackPotion","Bottled Tornado","DollysMirror","Toolbox","Ancient Potion","SCP261:AppleJuicePotion","ClockworkSouvenir","Chill","SCP261:BlastolaColaPotion","Runic Capacitor","infinitespire:Lucky Rock","StoneCalendar","Explosive Potion","Regal Pillow","DataDisk","Toy Ornithopter","DollysMirror","Gash","Bottled Flame","Panache","Bag of Preparation"],"campfire_rested":17,"item_purchase_floors":[6,19,19,19,36,36,36,36,47,47,47,71,71,82,82,87,87,92,96,96,96,106,106,140,140,140,141,141,141,141,154,154,154],"current_hp_per_floor":[38,82,82,77,77,77,67,55,55,92,92,85,62,56,83,67,92,76,76,55,55,55,82,35,32,39,68,54,54,54,38,67,52,99,68,83,70,70,48,77,31,31,31,3,99,99,99,99,99,69,99,99,99,101,101,101,101,101,101,101,101,101,101,81,57,87,87,101,101,101,101,101,85,85,101,101,101,101,79,79,101,101,101,50,101,79,94,94,94,94,101,101,101,101,101,69,69,6,99,117,117,117,117,94,94,109,109,109,115,117,117,117,117,117,117,117,117,117,117,117,117,117,117,117,117,117,117,117,69,127,127,127,127,127,127,127,127,127,127,127,127,127,127,127,127,127,127,138,138,121,138,139,139,139,139,132,67],"gold":224,"neow_bonus":"","is_daily":false,"chose_seed":false,"campfire_upgraded":5,"win_rate":0.0,"timestamp":1610368906,"path_taken":["M","AVR","?","M","?","$","M","E","T","?","R","?","?","M","R","BOSS","M","$","M","?","?","R","E","M","T","R","E","AVR","NM","?","R","BOSS","M","$","M","?","M","R","E","M","T","E","?","?","$","?","R","BOSS","M","?","AVR","?","?","E","R","?","T","R","?","R","?","E","R","BOSS","M","M","$","M","?","E","R","?","T","M","M","?","R","?","R","BOSS","M","$","M","?","M","R","$","?","T","?","?","E","M","E","R","BOSS","M","?","?","$","?","?","M","R","T","?","R","M","?","M","R","BOSS","M","?","M","?","AVR","R","M","M","T","E","?","?","M","?","R","BOSS","M","?","M","?","$","E","R","E","T","M","?","E","?","?","R","BOSS","$","R","E","BOSS"],"items_purchased_type":["Potion","Relic","Potion","Potion","Card","Potion","Relic","Card","Relic","Relic","Card","Relic","Potion","Relic","Relic","Relic","Potion","Potion","Relic","Card","Potion","Relic","Relic","Relic","Potion","Relic","Relic","Relic","Relic","Card","Relic","Card","Relic"],"build_version":"2020-12-22","purchased_purges":4,"victory":true,"max_hp_per_floor":[75,82,82,82,82,82,82,82,82,92,92,92,92,92,92,92,92,92,92,92,92,92,92,92,92,99,99,99,99,99,99,99,99,99,99,99,99,99,99,99,99,99,99,99,99,99,99,99,99,99,99,99,99,101,101,101,101,101,101,101,101,101,101,101,101,101,101,101,101,101,101,101,101,101,101,101,101,101,101,101,101,101,101,101,101,101,101,101,101,101,101,101,101,101,101,117,117,117,117,117,117,117,117,117,117,117,117,117,117,117,117,117,117,117,117,117,117,117,117,117,117,117,117,117,117,117,117,117,117,127,127,127,127,127,127,127,127,127,127,127,127,127,127,127,127,127,127,138,138,138,138,139,139,139,139,140,141],"card_choices":[{"not_picked":["Hello World","Go for the Eyes"],"picked":"Defragment","floor":1.0},{"not_picked":["Melter","Hologram"],"picked":"StuffTheSpire:CleanHardDrive","floor":3.0},{"not_picked":["Force Field","Go for the Eyes","FTL"],"picked":"SKIP","floor":4.0},{"not_picked":["Compile Driver","StuffTheSpire:Plugnplay","Chaos"],"picked":"SKIP","floor":7.0},{"not_picked":["Melter","Go for the Eyes"],"picked":"Multi-Cast","floor":8.0},{"not_picked":["Compile Driver","Steam","Stack"],"picked":"SKIP","floor":12.0},{"not_picked":["infinitespire:UltimateForm","infinitespire:Fortify"],"picked":"infinitespire:Execution","floor":13.0},{"not_picked":["Redo","Steam"],"picked":"Turbo","floor":14.0},{"not_picked":["Reboot","Echo Form"],"picked":"Amplify","floor":16.0},{"not_picked":["Steam","Sweeping Beam"],"picked":"Recycle","floor":18.0},{"not_picked":["Rebound+1","Darkness+1"],"picked":"StuffTheSpire:Coldhearted","floor":20.0},{"not_picked":["Auto Shields","Reprogram"],"picked":"Gash+1","floor":24.0},{"not_picked":["Genetic Algorithm","Rebound+1","Scrape"],"picked":"SKIP","floor":25.0},{"not_picked":["Coolheaded","Go for the Eyes"],"picked":"Gash","floor":28.0},{"not_picked":["Turbo","Cold Snap"],"picked":"Fission","floor":30.0},{"not_picked":["Stack","Beam Cell"],"picked":"Turbo","floor":31.0},{"not_picked":["Core Surge","StuffTheSpire:ForEach"],"picked":"Creative AI","floor":33.0},{"not_picked":["Compile Driver","Doom and Gloom","Beam Cell+1"],"picked":"SKIP","floor":35.0},{"not_picked":["Beam Cell","Streamline+1"],"picked":"Coolheaded","floor":37.0},{"not_picked":["Barrage","Glacier+1"],"picked":"Redo+1","floor":39.0},{"not_picked":["Sweeping Beam","Reinforced Body","Fusion"],"picked":"SKIP","floor":41.0},{"not_picked":["Steam+1","Genetic Algorithm+1","Consume"],"picked":"SKIP","floor":42.0},{"not_picked":["Tempest","Storm+1","Streamline+1"],"picked":"SKIP","floor":44.0},{"not_picked":["StuffTheSpire:EventHorizon","Buffer"],"picked":"Echo Form","floor":50.0},{"not_picked":["StuffTheSpire:LoadUp","Storm"],"picked":"Turbo","floor":52.0},{"not_picked":["Redo","StuffTheSpire:CleanHardDrive"],"picked":"White Noise","floor":57.0},{"not_picked":["StuffTheSpire:Plugnplay","Chill"],"picked":"StuffTheSpire:NuclearReactor","floor":59.0},{"not_picked":["Steam","Rebound"],"picked":"BootSequence","floor":62.0},{"not_picked":["Chaos","StuffTheSpire:LoadUp"],"picked":"Coolheaded","floor":65.0},{"not_picked":["infinitespire:DeathsTouch","infinitespire:Fortify"],"picked":"infinitespire:TheBestDefense","floor":67.0},{"not_picked":["Hyperbeam","Machine Learning"],"picked":"Creative AI","floor":67.0},{"not_picked":["Sweeping Beam","Darkness"],"picked":"Turbo","floor":69.0},{"not_picked":["Ball Lightning","StuffTheSpire:NuclearReactor"],"picked":"Redo+1","floor":70.0},{"not_picked":["Cold Snap","Self Repair+1","Ball Lightning+1"],"picked":"SKIP","floor":72.0},{"not_picked":["Cold Snap","Stack+1"],"picked":"Double Energy","floor":74.0},{"not_picked":["Reprogram+1","Hologram"],"picked":"Coolheaded","floor":78.0},{"not_picked":["Steam","Stack"],"picked":"Blizzard","floor":79.0},{"not_picked":["Biased Cognition","StuffTheSpire:EventHorizon"],"picked":"Reboot","floor":84.0},{"not_picked":["StuffTheSpire:Plugnplay+1","Fusion","Conserve Battery+1"],"picked":"SKIP","floor":86.0},{"not_picked":["Chaos+1","Beam Cell","Rip and Tear+1"],"picked":"SKIP","floor":88.0},{"not_picked":["Tempest","Fusion+1","Streamline"],"picked":"SKIP","floor":90.0},{"not_picked":["Streamline+1","Capacitor","StuffTheSpire:CleanHardDrive"],"picked":"SKIP","floor":97.0},{"not_picked":["Compile Driver+1","Conserve Battery","Hologram+1"],"picked":"SKIP","floor":98.0},{"not_picked":["Meteor Strike","Scrape+1","Hello World"],"picked":"SKIP","floor":99.0},{"not_picked":["StuffTheSpire:Purify","Thunder Strike"],"picked":"Reboot","floor":101.0},{"not_picked":["StuffTheSpire:LoadUp","Scrape"],"picked":"Streamline","floor":103.0},{"not_picked":["BootSequence","Doom and Gloom"],"picked":"Heatsinks","floor":109.0},{"not_picked":["Steam","BootSequence","Rebound"],"picked":"SKIP","floor":114.0},{"not_picked":["Compile Driver","Scrape"],"picked":"Turbo","floor":116.0},{"not_picked":["Thunder Strike","Echo Form"],"picked":"Reboot","floor":118.0},{"not_picked":["Leap","Conserve Battery+1","Turbo"],"picked":"SKIP","floor":120.0},{"not_picked":["StuffTheSpire:Plugnplay","StuffTheSpire:LoadUp","Ball Lightning"],"picked":"SKIP","floor":122.0},{"not_picked":["Sunder","Compile Driver","StuffTheSpire:Plugnplay"],"picked":"SKIP","floor":126.0},{"not_picked":["Gash","StuffTheSpire:Plugnplay+1"],"picked":"All For One","floor":127.0},{"not_picked":["StuffTheSpire:Rend","StuffTheSpire:LoadUp","StuffTheSpire:EventHorizon"],"picked":"SKIP","floor":129.0},{"not_picked":["Hello World+1","Hologram"],"picked":"Coolheaded","floor":131.0},{"not_picked":["Streamline","Rebound"],"picked":"Gash","floor":132.0},{"not_picked":["Meteor Strike","Biased Cognition"],"picked":"Buffer","floor":135.0},{"not_picked":["Turbo","BootSequence"],"picked":"StuffTheSpire:Coldhearted","floor":137.0},{"not_picked":["StuffTheSpire:CleanHardDrive","Streamline+1"],"picked":"Rip and Tear+1","floor":139.0},{"not_picked":["Cold Snap","Sunder"],"picked":"Fusion","floor":142.0},{"not_picked":["Doom and Gloom+1","Hologram+1"],"picked":"StuffTheSpire:NuclearReactor+1","floor":144.0},{"not_picked":["Auto Shields","Stack"],"picked":"StuffTheSpire:Coldhearted+1","floor":146.0},{"not_picked":["StuffTheSpire:CelestialWarden","StuffTheSpire:Innocence"],"picked":"StuffTheSpire:Ambrosia","floor":147.0},{"not_picked":["StuffTheSpire:NuclearReactor","Core Surge"],"picked":"Fusion+1","floor":148.0},{"not_picked":["Buffer","Rainbow"],"picked":"Seek","floor":152.0},{"not_picked":["Chaos","Ball Lightning"],"picked":"Consume","floor":156},{"not_picked":["Core Surge","Thunder Strike"],"picked":"Amplify","floor":157}],"player_experience":1390052,"relics_obtained":[{"floor":8.0,"key":"StuffTheSpire:TintedRock"},{"floor":9.0,"key":"StuffTheSpire:ForceGauntlet"},{"floor":22.0,"key":"StuffTheSpire:PointBlank"},{"floor":24.0,"key":"StuffTheSpire:EmeraldSignet"},{"floor":26.0,"key":"Strawberry"},{"floor":28.0,"key":"MealTicket"},{"floor":30.0,"key":"potionbrewer:BottledElixir"},{"floor":41.0,"key":"Oddly Smooth Stone"},{"floor":43.0,"key":"Lizard Tail"},{"floor":44.0,"key":"FossilizedHelix"},{"floor":53.0,"key":"Calipers"},{"floor":57.0,"key":"StuffTheSpire:Tea"},{"floor":60.0,"key":"potionbrewer:MortarAndPestle"},{"floor":65.0,"key":"Peace Pipe"},{"floor":73.0,"key":"Necronomicon"},{"floor":74.0,"key":"infinitespire:Golems Mask"},{"floor":77.0,"key":"Juzu Bracelet"},{"floor":80.0,"key":"infinitespire:PuzzleCube"},{"floor":94.0,"key":"Anchor"},{"floor":95.0,"key":"Bronze Scales"},{"floor":97.0,"key":"Du-Vu Doll"},{"floor":99.0,"key":"Girya"},{"floor":105.0,"key":"theSenshi:FeatherClipsRelic"},{"floor":107.0,"key":"StuffTheSpire:SapphireSignet"},{"floor":111.0,"key":"Akabeko"},{"floor":115.0,"key":"Odd Mushroom"},{"floor":121.0,"key":"Sundial"},{"floor":128.0,"key":"Ancient Tea Set"},{"floor":129.0,"key":"MawBank"},{"floor":131.0,"key":"Red Mask"},{"floor":133.0,"key":"infinitespire:Eraser"},{"floor":142.0,"key":"Art of War"},{"floor":142.0,"key":"potionbrewer:WarMedal"},{"floor":144.0,"key":"Bag of Marbles"},{"floor":144.0,"key":"Vajra"},{"floor":145.0,"key":"The Courier"},{"floor":148.0,"key":"StuffTheSpire:GrapeVine"},{"floor":148.0,"key":"Pear"},{"floor":149.0,"key":"PreservedInsect"},{"floor":156,"key":"StuffTheSpire:Barrel"},{"floor":156,"key":"Happy Flower"}],"event_choices":[{"cards_removed":["Multi-Cast"],"damage_healed":27.0,"max_hp_gain":10.0,"max_hp_loss":0.0,"gold_gain":0.0,"event_name":"Bonfire Elementals","player_choice":"Offered Rare","floor":10.0,"gold_loss":0.0,"damage_taken":0.0},{"damage_healed":0.0,"max_hp_gain":0.0,"max_hp_loss":0.0,"gold_gain":0.0,"event_name":"Addict","player_choice":"Stole Relic","floor":21.0,"gold_loss":0.0,"damage_taken":0.0,"relics_obtained":["Cables"],"cards_obtained":["Shame"]},{"cards_removed":["Creative AI"],"damage_healed":0.0,"max_hp_gain":0.0,"max_hp_loss":0.0,"gold_gain":0.0,"event_name":"Falling","player_choice":"Removed Power","floor":38.0,"gold_loss":0.0,"damage_taken":0.0},{"damage_healed":96.0,"max_hp_gain":0.0,"max_hp_loss":0.0,"gold_gain":0.0,"event_name":"MindBloom","player_choice":"Heal","floor":45.0,"gold_loss":0.0,"damage_taken":0.0,"cards_obtained":["Doubt"]},{"damage_healed":0.0,"max_hp_gain":0.0,"max_hp_loss":0.0,"gold_gain":0.0,"event_name":"Tomb of Lord Red Mask","player_choice":"Ignored","floor":48.0,"gold_loss":0.0,"damage_taken":0.0},{"damage_healed":0.0,"max_hp_gain":0.0,"max_hp_loss":0.0,"gold_gain":0.0,"event_name":"Big Fish","player_choice":"Box","floor":55.0,"gold_loss":0.0,"damage_taken":0.0,"relics_obtained":["infinitespire:BottledMercury"],"cards_obtained":["Regret"]},{"damage_healed":0.0,"max_hp_gain":0.0,"max_hp_loss":0.0,"gold_gain":0.0,"event_name":"Match and Keep!","player_choice":"2 cards matched","floor":56.0,"gold_loss":0.0,"damage_taken":0.0,"cards_obtained":["Swift Strike","Biased Cognition"]},{"damage_healed":0.0,"max_hp_gain":0.0,"max_hp_loss":0.0,"gold_gain":0.0,"event_name":"Dead Adventurer","player_choice":"Searched \u00272\u0027 times","floor":62.0,"gold_loss":0.0,"damage_taken":0.0,"relics_obtained":["Tiny Chest"]},{"damage_healed":0.0,"max_hp_gain":0.0,"max_hp_loss":0.0,"gold_gain":0.0,"event_name":"Shining Light","player_choice":"Entered Light","floor":64.0,"gold_loss":0.0,"damage_taken":20.0,"cards_upgraded":["infinitespire:Execution","Amplify"]},{"damage_healed":0.0,"max_hp_gain":0.0,"max_hp_loss":0.0,"gold_gain":0.0,"event_name":"Cursed Tome","player_choice":"Obtained Book","floor":73.0,"gold_loss":0.0,"damage_taken":16.0},{"damage_healed":0.0,"max_hp_gain":0.0,"max_hp_loss":0.0,"gold_gain":0.0,"event_name":"Match and Keep!","player_choice":"1 cards matched","floor":76.0,"gold_loss":0.0,"damage_taken":0.0,"cards_obtained":["Force Field"]},{"damage_healed":0.0,"max_hp_gain":0.0,"max_hp_loss":0.0,"gold_gain":0.0,"event_name":"The Woman in Blue","player_choice":"Bought 0 Potions","floor":89.0,"gold_loss":0.0,"damage_taken":0.0},{"damage_healed":0.0,"max_hp_gain":0.0,"max_hp_loss":0.0,"gold_gain":300.0,"event_name":"Wheel of Change","player_choice":"Gold","floor":93.0,"gold_loss":0.0,"damage_taken":0.0},{"damage_healed":0.0,"max_hp_gain":0.0,"max_hp_loss":0.0,"gold_gain":0.0,"event_name":"Shining Light","player_choice":"Entered Light","floor":104.0,"gold_loss":0.0,"damage_taken":23.0,"cards_upgraded":["Fission","Reboot"]},{"damage_healed":0.0,"max_hp_gain":0.0,"max_hp_loss":0.0,"gold_gain":0.0,"event_name":"The Woman in Blue","player_choice":"Bought 3 Potions","floor":108.0,"gold_loss":0.0,"damage_taken":0.0},{"damage_healed":0.0,"max_hp_gain":0.0,"max_hp_loss":0.0,"gold_gain":0.0,"event_name":"The Cleric","player_choice":"Leave","floor":112.0,"gold_loss":0.0,"damage_taken":0.0},{"damage_healed":0.0,"max_hp_gain":0.0,"max_hp_loss":0.0,"gold_gain":0.0,"event_name":"Mushrooms","player_choice":"Fought Mushrooms","floor":115.0,"gold_loss":0.0,"damage_taken":0.0},{"cards_removed":["Turbo"],"damage_healed":0.0,"max_hp_gain":0.0,"max_hp_loss":0.0,"gold_gain":0.0,"event_name":"Purifier","player_choice":"Purged","floor":123.0,"gold_loss":0.0,"damage_taken":0.0},{"cards_removed":["All For One"],"damage_healed":48.0,"max_hp_gain":10.0,"max_hp_loss":0.0,"gold_gain":0.0,"event_name":"Bonfire Elementals","player_choice":"Offered Rare","floor":130.0,"gold_loss":0.0,"damage_taken":0.0},{"damage_healed":0.0,"max_hp_gain":0.0,"max_hp_loss":0.0,"gold_gain":0.0,"event_name":"Masked Bandits","player_choice":"Fought Bandits","floor":131.0,"gold_loss":0.0,"damage_taken":0.0},{"damage_healed":0.0,"max_hp_gain":0.0,"max_hp_loss":0.0,"gold_gain":0.0,"event_name":"Wheel of Change","player_choice":"Full Heal","floor":138.0,"gold_loss":0.0,"damage_taken":0.0},{"damage_healed":0.0,"max_hp_gain":0.0,"max_hp_loss":0.0,"gold_gain":0.0,"event_name":"Winding Halls","player_choice":"Embrace Madness","floor":150.0,"gold_loss":0.0,"damage_taken":17.0,"cards_obtained":["Madness","Madness"]}],"is_beta":false,"boss_relics":[{"not_picked":["Sozu","infinitespire:Cupcake"],"picked":"potionbrewer:BhaskarasWheel"},{"not_picked":["Fusion Hammer","Calling Bell"],"picked":"Inserter"},{"not_picked":["Runic Dome","StuffTheSpire:RunicConfusion"],"picked":"SacredBark"},{"not_picked":["Coffee Dripper","Tiny House"],"picked":"Fusion Hammer"},{"not_picked":["Runic Pyramid","Cursed Key"],"picked":"StuffTheSpire:RunicHypercube"},{"not_picked":["Empty Cage","Sozu"],"picked":"SlaversCollar"},{"not_picked":["StuffTheSpire:RunicConfusion","Empty Cage"],"picked":"Nuclear Battery"},{"not_picked":["Astrolabe","StuffTheSpire:RunicHypercube"],"picked":"Black Star"},{"not_picked":["Runic Dome","Tiny House"],"picked":"Philosopher\u0027s Stone"}],"items_purged_floors":[29,47,71,106],"is_endless":true,"potions_floor_spawned":[3,7,8,12,16,18,24,33,39,41,42,62,65,67,70,72,79,90,98,99,101,114,115,120,126,129,135,137,144,146],"ascension_level":1}}