{"host":"jfbo3eu2ui08ej1u","time":1610372592,"event":{"mods":["2.2 Compatiblity","AchievementEnabler","Act Like it!","Aspiration","BaseMod","Better Altar","Better Match","Better Note","Better Sensory Stone","Better Skull","Better Third Choice","Block Reminder","Colored Map","Colored Powertips","Conspire","DeckTracker","Displayed Cursed Tome","Downfall","Energized Spire","Fox Events","GifTheSpireLib","Hermit","Hubris","Infinite Spire","Marked Mod","Minty Spire (QoL Compilation)","Pale of the Ancients","Quick Restart","RRrroohrrRGHHhhh!!","Relic Filter","Reorder Act Four","Replay The Spire","Shop Mod","Spicy Shops","StSLib","Stuff the Spire","The Blue Laboratory","The Disciple","The Forsaken","The Hierophant","The Marked","Uncapped","Unceasing Turn Reminder","Wandering Minibosses"],"gold_per_floor":[117,127,8,8,26,26,57,57,57,57,49,26,40,40,40],"floor_reached":14,"playtime":476,"items_purged":["conspire:NecroticWound"],"score":167,"play_id":"92fbbe9b-2d53-4819-ae29-6281cefacecf","local_time":"20210111084312","is_ascension_mode":true,"campfire_choices":[{"data":"Fission","floor":6,"key":"SMITH"},{"floor":8,"key":"REST"}],"circlet_count":0,"master_deck":["AscendersBane","Strike_B","Strike_B","Strike_B","Strike_B","Defend_B","Defend_B","Defend_B","Defend_B","Zap+1","Dualcast+1","Fission+1","StuffTheSpire:Rend","Genetic Algorithm","Hologram","Capacitor","Doom and Gloom","StuffTheSpire:LoadUp"],"relics":["Cracked Core","Boot","ReplayTheSpireMod:Lightbulb","Solar Panel","ReplayTheSpireMod:CursedCoin"],"acts_visited":["Exordium"],"potions_floor_usage":[7,14,14],"damage_taken":[{"damage":0,"enemies":"Cultist","floor":1,"turns":3},{"damage":10,"enemies":"Small Slimes","floor":2,"turns":3},{"damage":2,"enemies":"Jaw Worm","floor":5,"turns":3},{"damage":44,"enemies":"3 Sentries","floor":7,"turns":11},{"damage":14,"enemies":"Lots of Slimes","floor":11,"turns":5},{"damage":8,"enemies":"Blue Slaver","floor":13,"turns":3},{"damage":14,"enemies":"Lagavulin","floor":14,"turns":5}],"seed_played":"-4327663898164424980","potions_obtained":[{"floor":1,"key":"blueLaboratory:RelayPotion"},{"floor":2,"key":"DistilledChaos"},{"floor":11,"key":"blueLaboratory:PhilterOfMotion"}],"is_trial":false,"path_per_floor":["M","M","$","?","M","R","E","R","T","?","M","$","M","E"],"character_chosen":"DEFECT","items_purchased":["StuffTheSpire:Rend","ReplayTheSpireMod:CursedCoin","blueLaboratory:RelayPotion","Doom and Gloom"],"campfire_rested":1,"item_purchase_floors":[3,12,12,12],"current_hp_per_floor":[64,54,54,54,52,52,8,29,29,29,17,17,11,0,0],"gold":40,"neow_bonus":"UPGRADE_CARD","is_daily":false,"chose_seed":false,"campfire_upgraded":1,"win_rate":0.0,"timestamp":1610372592,"path_taken":["M","M","?","?","?","R","E","R","T","?","M","$","M","E"],"items_purchased_type":["Card","Relic","Potion","Card"],"build_version":"2020-12-22","purchased_purges":1,"victory":false,"max_hp_per_floor":[71,71,71,71,71,71,71,71,71,71,71,71,71,71,71],"card_choices":[{"not_picked":["Stack","rorgmod:Fragmentation","ReplayTheSpireMod:Reroute Power"],"picked":"SKIP","floor":1},{"not_picked":["Hello World","FIFO Queue"],"picked":"Fission","floor":2},{"not_picked":["Force Field","rorgmod:Steady Aim"],"picked":"Genetic Algorithm","floor":5},{"not_picked":["Heatsinks","StuffTheSpire:LoadUp"],"picked":"Hologram","floor":7},{"not_picked":["Darkness","rorgmod:Metal Coating"],"picked":"Capacitor","floor":11},{"not_picked":["rorgmod:Refrigerate","Panic Button"],"picked":"StuffTheSpire:LoadUp","floor":13}],"player_experience":1192401,"relics_obtained":[{"floor":7,"key":"ReplayTheSpireMod:Lightbulb"},{"floor":9,"key":"Solar Panel"}],"event_choices":[{"damage_healed":0,"gold_gain":0,"player_choice":"Gave Potion","damage_taken":0,"relics_obtained":["Boot"],"max_hp_gain":0,"max_hp_loss":0,"event_name":"WeMeetAgain","floor":4,"gold_loss":0},{"damage_healed":0,"gold_gain":0,"player_choice":"Upgraded","damage_taken":0,"max_hp_gain":0,"max_hp_loss":0,"event_name":"Upgrade Shrine","floor":10,"gold_loss":0,"cards_upgraded":["Dualcast"]}],"is_beta":false,"boss_relics":[],"items_purged_floors":[12],"is_endless":false,"potions_floor_spawned":[1,2,11],"killed_by":"Lagavulin","ascension_level":17}}