{"host":"wshh0nphwn6jv7vj","time":1610339734,"event":{"mods":["BaseMod","Bestiary","Minty Spire (QoL Compilation)","Relic Stats"],"gold_per_floor":[116,116,116,116,128,140,170,227,227,227,74,89,89,114,114,114,114],"floor_reached":16,"playtime":795,"items_purged":["Strike_B"],"score":181,"play_id":"a2cea13e-0b21-4371-aeb7-1f31330f106a","local_time":"20210110233534","is_ascension_mode":true,"campfire_choices":[{"data":"Fission","floor":13,"key":"SMITH"},{"floor":15,"key":"REST"}],"circlet_count":0,"master_deck":["AscendersBane","Strike_B","Strike_B","Defend_B","Defend_B+1","Defend_B","Defend_B","Zap","Dualcast+1","Glacier","Fission+1","Coolheaded","Seek","Go for the Eyes","Doom and Gloom","Recycle","Capacitor"],"relics":["Cracked Core","NeowsBlessing","Sundial","Unceasing Top","Oddly Smooth Stone","Bag of Marbles","Golden Idol","War Paint"],"acts_visited":["Exordium"],"potions_floor_usage":[16],"damage_taken":[{"damage":0,"enemies":"2 Louse","floor":1,"turns":1},{"damage":0,"enemies":"Small Slimes","floor":5,"turns":1},{"damage":0,"enemies":"Jaw Worm","floor":6,"turns":1},{"damage":18,"enemies":"3 Sentries","floor":7,"turns":13},{"damage":33,"enemies":"Lagavulin Event","floor":8,"turns":9},{"damage":0,"enemies":"Large Slime","floor":12,"turns":5},{"damage":38,"enemies":"Slime Boss","floor":16,"turns":6}],"seed_played":"-4867973408082662153","potions_obtained":[{"floor":1,"key":"SteroidPotion"},{"floor":8,"key":"Block Potion"}],"is_trial":false,"path_per_floor":["M","?","?","?","M","M","E","?","T","?","$","M","R","T","R","B"],"character_chosen":"DEFECT","items_purchased":["Recycle"],"campfire_rested":1,"item_purchase_floors":[11],"current_hp_per_floor":[64,64,59,64,64,64,46,13,13,13,13,13,13,13,33,0,0],"gold":114,"neow_bonus":"THREE_ENEMY_KILL","is_daily":false,"chose_seed":false,"campfire_upgraded":1,"win_rate":0.0,"timestamp":1610339734,"path_taken":["M","?","?","?","?","M","E","?","T","?","$","M","R","?","R","BOSS"],"items_purchased_type":["Card"],"build_version":"2020-12-22","purchased_purges":1,"victory":false,"max_hp_per_floor":[71,71,71,76,76,76,76,76,76,69,69,69,69,69,69,69,69],"relic_stats":{"counters":[7,36],"Sundial":[8],"Golden Idol":3,"War Paint":["Defend_B","Dualcast"],"obtain_stats":[{"NeowsBlessing":0,"Sundial":3,"Golden Idol":10,"Oddly Smooth Stone":8,"Bag of Marbles":9,"War Paint":14,"Cracked Core":0,"Unceasing Top":7},{"NeowsBlessing":0,"Sundial":1,"Golden Idol":5,"Oddly Smooth Stone":5,"Bag of Marbles":5,"War Paint":6,"Cracked Core":0,"Unceasing Top":4},{"NeowsBlessing":0,"Sundial":1,"Golden Idol":25,"Oddly Smooth Stone":25,"Bag of Marbles":25,"War Paint":30,"Cracked Core":0,"Unceasing Top":16}],"Unceasing Top":[2]},"card_choices":[{"not_picked":["Doom and Gloom","Rip and Tear"],"picked":"Glacier","floor":1},{"not_picked":["Tempest","Rebound"],"picked":"Coolheaded","floor":5},{"not_picked":["Compile Driver","Consume"],"picked":"Seek","floor":6},{"not_picked":["Compile Driver","Redo"],"picked":"Go for the Eyes","floor":7},{"not_picked":["Steam Power","Beam Cell"],"picked":"Doom and Gloom","floor":8},{"not_picked":["Steam","Go for the Eyes"],"picked":"Capacitor","floor":12}],"player_experience":1559340,"relics_obtained":[{"floor":7,"key":"Unceasing Top"},{"floor":8,"key":"Oddly Smooth Stone"},{"floor":9,"key":"Bag of Marbles"},{"floor":14,"key":"War Paint"}],"event_choices":[{"damage_healed":0,"gold_gain":0,"cards_transformed":["Strike_B"],"player_choice":"Change","damage_taken":0,"max_hp_gain":0,"max_hp_loss":0,"event_name":"Living Wall","floor":2,"gold_loss":0,"cards_obtained":["Fission"]},{"damage_healed":0,"gold_gain":0,"player_choice":"Success","damage_taken":5,"relics_obtained":["Sundial"],"max_hp_gain":0,"max_hp_loss":0,"event_name":"Scrap Ooze","floor":3,"gold_loss":0},{"damage_healed":0,"gold_gain":0,"player_choice":"Donut","damage_taken":0,"max_hp_gain":5,"max_hp_loss":0,"event_name":"Big Fish","floor":4,"gold_loss":0},{"damage_healed":0,"gold_gain":0,"player_choice":"Searched \u00271\u0027 times","damage_taken":0,"max_hp_gain":0,"max_hp_loss":0,"event_name":"Dead Adventurer","floor":8,"gold_loss":0},{"damage_healed":0,"gold_gain":0,"player_choice":"Lose Max HP","damage_taken":0,"relics_obtained":["Golden Idol"],"max_hp_gain":0,"max_hp_loss":7,"event_name":"Golden Idol","floor":10,"gold_loss":0}],"is_beta":false,"boss_relics":[],"items_purged_floors":[11],"is_endless":false,"potions_floor_spawned":[1,8],"killed_by":"Slime Boss","ascension_level":17}}