{"host":"6749gst1gzuv21qf","time":1610384123,"event":{"mods":["Aspiration","BaseMod","Better Altar","Better Match","Better Note","Better Sensory Stone","Better Skull","Better Third Choice","BetterRewards","Colored Map","Colored Powertips","Downfall","Highlight Path","Minty Spire (QoL Compilation)","Permanent Neow","Replay The Spire","Shop Mod","Spicy Shops","StSLib","The Cursed"],"gold_per_floor":[99,113,130,130,40,57,84,113,124,134,134,134,149,166,182,209,229,229,229,229],"floor_reached":18,"playtime":1441,"items_purged":["Pain"],"score":128,"play_id":"a6269319-c551-4d10-9f37-ac2c69d7a02a","local_time":"20210111115523","is_ascension_mode":false,"campfire_choices":[{"floor":1.0,"key":"RECALL"}],"circlet_count":0,"master_deck":["champ:Strike","champ:Strike","champ:Strike","champ:Strike","champ:Defend","champ:Defend","champ:Defend","champ:Defend","champ:Execute","champ:Taunt","expansioncontent:StudyTheSpire","champ:DeathBlow","champ:IronFortress","champ:Encircle","champ:DefensiveShout","champ:MurderStrike","champ:Lariat","champ:TornadoPunch","champ:Backstep","champ:Haymaker","champ:BladeFlurry","champ:GutPunch"],"relics":["champ:ChampionCrown","WarpedTongs","ReplayTheSpireMod:Ninjato","aspiration:AnachronicSnailShell"],"acts_visited":["Exordium"],"potions_floor_usage":[17,18,18,18],"damage_taken":[{"damage":11.0,"enemies":"Jaw Worm","floor":2.0,"turns":7.0},{"damage":22.0,"enemies":"Cultist","floor":3.0,"turns":5.0},{"damage":18.0,"enemies":"downfall:FleeingMerchant","floor":5.0,"turns":4.0},{"damage":6.0,"enemies":"2 Louse","floor":6.0,"turns":4.0},{"damage":10.0,"enemies":"Lagavulin","floor":8.0,"turns":5.0},{"damage":16.0,"enemies":"2 Fungi Beasts","floor":9.0,"turns":4.0},{"damage":6,"enemies":"3 Louse","floor":10,"turns":4},{"damage":8,"enemies":"Large Slime","floor":13,"turns":6},{"damage":17,"enemies":"Exordium Wildlife","floor":14,"turns":4},{"damage":13,"enemies":"Blue Slaver","floor":15,"turns":5},{"damage":15,"enemies":"3 Sentries","floor":16,"turns":5},{"damage":2,"enemies":"Lots of Slimes","floor":17,"turns":2},{"damage":7,"enemies":"downfall:Silent","floor":18,"turns":1}],"seed_played":"816478586879904904","potions_obtained":[{"floor":6.0,"key":"Strength Potion"},{"floor":13,"key":"champ:OpenerPotion"},{"floor":14,"key":"Explosive Potion"},{"floor":17,"key":"Doom Potion"}],"is_trial":false,"path_per_floor":["R_BF","M","M","?","$","M","T","E","M","M","PTL","PTL","M","M","M","E","M","B"],"character_chosen":"THE_CHAMP","items_purchased":[],"campfire_rested":0,"item_purchase_floors":[],"current_hp_per_floor":[63,60,56,56,53,51,51,50,41,40,40,40,39,32,21,8,6,0,0,0],"gold":229,"neow_bonus":"RANDOM_COLORLESS_2","is_daily":false,"chose_seed":false,"campfire_upgraded":0,"win_rate":0.0,"timestamp":1610384123,"path_taken":["R_BF","M","M","?","?","M","T","E","M","M","PTL","PTL","M","M","M","E","M","BOSS"],"items_purchased_type":[],"build_version":"2020-12-22","purchased_purges":1,"victory":false,"max_hp_per_floor":[90,90,90,90,90,90,90,90,90,90,90,90,90,90,90,90,90,90,90,90],"card_choices":[{"not_picked":["Secret Technique","Metamorphosis"],"picked":"expansioncontent:StudyTheSpire","floor":0.0},{"not_picked":["champ:DefensiveShout","champ:AdrenalArmor"],"picked":"champ:DeathBlow","floor":2.0},{"not_picked":["champ:RapidStrikes","champ:EndlessRage"],"picked":"champ:IronFortress","floor":3.0},{"not_picked":["champ:ArenaPreparation","champ:Lariat"],"picked":"champ:Encircle","floor":5.0},{"not_picked":["champ:FanOfKnives","champ:Encircle"],"picked":"champ:DefensiveShout","floor":6.0},{"not_picked":["champ:CrookedStrike","champ:FaceSlap"],"picked":"champ:MurderStrike","floor":8.0},{"not_picked":["champ:GutPunch","champ:AdrenalArmor"],"picked":"champ:Lariat","floor":9.0},{"not_picked":["champ:ShieldSigil","champ:FocusedGladiator"],"picked":"champ:TornadoPunch","floor":10},{"not_picked":["champ:RecklessLeap","champ:PerfectedStrike","champ:Encircle"],"picked":"SKIP","floor":13},{"not_picked":["champ:CrookedStrike","champ:PerfectedStrike"],"picked":"champ:Backstep","floor":14},{"not_picked":["champ:SwordSigil","champ:BringItOn"],"picked":"champ:Haymaker","floor":15},{"not_picked":["champ:Backstep","champ:GutPunch"],"picked":"champ:BladeFlurry","floor":16},{"not_picked":["champ:StanceDance","champ:ShieldSigil"],"picked":"champ:GutPunch","floor":17}],"player_experience":661904,"relics_obtained":[{"floor":8.0,"key":"ReplayTheSpireMod:Ninjato"},{"floor":16,"key":"aspiration:AnachronicSnailShell"}],"event_choices":[{"damage_healed":0.0,"max_hp_gain":0.0,"max_hp_loss":0.0,"gold_gain":0.0,"event_name":"Accursed Blacksmith","player_choice":"Rummage","floor":4.0,"gold_loss":0.0,"damage_taken":0.0,"relics_obtained":["WarpedTongs"],"cards_obtained":["Pain"]}],"is_beta":false,"boss_relics":[],"items_purged_floors":[5],"is_endless":false,"potions_floor_spawned":[6,13,14,15,16,17],"killed_by":"downfall:Silent","ascension_level":0}}