{"host":"yuhy0i501zzmn1iz","time":1610394860,"event":{"mods":["AchievementEnabler","AlwaysNeverKeys","BaseMod","Bestiary","Better Match","Better Third Choice","Curses Come First","Downfall","Minty Spire (QoL Compilation)","StSLib","slay the spire mod where everything is the same but ironclad has a cowboy hat"],"gold_per_floor":[112,130,140,140,140,172,19,42,42,84,95,115,157,176,176,281,281,298,323,101,123,222,222,222],"floor_reached":23,"playtime":1367,"items_purged":["Establishment"],"score":264,"play_id":"fea4ead1-7ef4-4588-9bd8-8b914a982df7","local_time":"20210111145420","is_ascension_mode":true,"campfire_choices":[{"floor":15.0,"key":"REST"}],"circlet_count":0,"master_deck":["Strike_P","Strike_P","Strike_P","Strike_P","Defend_P","Defend_P","Defend_P","Defend_P","Eruption","Vigilance","WheelKick+1","Pray","Worship","Blasphemy","ClearTheMind","WreathOfFlame","ConjureBlade","TalkToTheHand+1","EmptyMind","FollowUp+1","Halt"],"relics":["PureWater","NeowsBlessing","Nunchaku","CeramicFish","Eternal Feather","Unceasing Top","Molten Egg 2","Busted Crown","Strawberry"],"acts_visited":["Exordium","TheCity"],"potions_floor_usage":[23],"damage_taken":[{"damage":0.0,"enemies":"Jaw Worm","floor":1.0,"turns":1.0},{"damage":0.0,"enemies":"2 Louse","floor":2.0,"turns":1.0},{"damage":0.0,"enemies":"Small Slimes","floor":3.0,"turns":1.0},{"damage":40.0,"enemies":"3 Sentries","floor":6.0,"turns":5.0},{"damage":0.0,"enemies":"Exordium Thugs","floor":8.0,"turns":4.0},{"damage":0.0,"enemies":"Lagavulin","floor":10.0,"turns":5.0},{"damage":0.0,"enemies":"Large Slime","floor":11.0,"turns":4.0},{"damage":8.0,"enemies":"3 Louse","floor":12.0,"turns":3.0},{"damage":13.0,"enemies":"3 Sentries","floor":13.0,"turns":8.0},{"damage":3.0,"enemies":"Exordium Wildlife","floor":14.0,"turns":3.0},{"damage":12.0,"enemies":"Slime Boss","floor":16.0,"turns":9.0},{"damage":36.0,"enemies":"3 Byrds","floor":18.0,"turns":5.0},{"damage":21.0,"enemies":"Shell Parasite","floor":19.0,"turns":6.0},{"damage":29.0,"enemies":"Cultist and Chosen","floor":21.0,"turns":6.0},{"damage":60,"enemies":"Slavers","floor":23,"turns":4}],"seed_played":"-7601009005288189426","potions_obtained":[{"floor":1.0,"key":"FairyPotion"},{"floor":6.0,"key":"Ambrosia"},{"floor":11.0,"key":"Explosive Potion"},{"floor":13.0,"key":"SkillPotion"},{"floor":14.0,"key":"LiquidMemories"},{"floor":18.0,"key":"GamblersBrew"},{"floor":21.0,"key":"FairyPotion"}],"is_trial":false,"path_per_floor":["M","M","M","?","?","E","$","M","T","E","M","M","E","M","R","B",null,"M","M","$","M","?","E"],"character_chosen":"WATCHER","items_purchased":["CeramicFish","Strawberry"],"campfire_rested":1,"item_purchase_floors":[7,20],"current_hp_per_floor":[72,72,72,77,77,37,37,37,37,37,37,29,16,13,45,33,77,41,20,27,25,25,0,0],"gold":222,"neow_bonus":"THREE_ENEMY_KILL","is_daily":false,"chose_seed":false,"campfire_upgraded":0,"win_rate":0.0,"timestamp":1610394860,"path_taken":["M","M","M","?","?","E","$","M","T","E","M","?","E","M","R","BOSS","M","M","$","M","?","E"],"items_purchased_type":["Relic","Relic"],"build_version":"2020-12-22","purchased_purges":1,"victory":false,"max_hp_per_floor":[72,72,72,77,77,77,77,77,77,77,77,77,77,77,77,77,77,77,77,84,84,84,84,84],"card_choices":[{"not_picked":["FlyingSleeves","Halt"],"picked":"WheelKick","floor":1.0},{"not_picked":["FlurryOfBlows","Meditate"],"picked":"Pray","floor":2.0},{"not_picked":["LikeWater","SashWhip"],"picked":"Worship","floor":3.0},{"not_picked":["ThirdEye","Sanctity"],"picked":"Blasphemy","floor":6.0},{"not_picked":["JustLucky","CutThroughFate"],"picked":"ClearTheMind","floor":8.0},{"not_picked":["ClearTheMind","SpiritShield"],"picked":"WreathOfFlame","floor":10.0},{"not_picked":["SashWhip","EmptyFist","Fasting2"],"picked":"SKIP","floor":11.0},{"not_picked":["Protect","Crescendo"],"picked":"ConjureBlade","floor":12.0},{"not_picked":["CrushJoints+1","Protect"],"picked":"TalkToTheHand+1","floor":13.0},{"not_picked":["Perseverance","ForeignInfluence"],"picked":"EmptyMind","floor":14.0},{"not_picked":["Scrawl","Wish"],"picked":"Establishment","floor":16.0},{"not_picked":["Swivel"],"picked":"SKIP","floor":18.0},{"not_picked":[],"picked":"FollowUp+1","floor":19.0},{"not_picked":[],"picked":"Halt","floor":21.0}],"player_experience":276095,"relics_obtained":[{"floor":6.0,"key":"Nunchaku"},{"floor":9.0,"key":"Eternal Feather"},{"floor":10.0,"key":"Unceasing Top"},{"floor":13.0,"key":"Molten Egg 2"}],"event_choices":[{"damage_healed":0.0,"max_hp_gain":5.0,"max_hp_loss":0.0,"gold_gain":0.0,"event_name":"Big Fish","player_choice":"Donut","floor":4.0,"gold_loss":0.0,"damage_taken":0.0},{"damage_healed":0.0,"max_hp_gain":0.0,"max_hp_loss":0.0,"gold_gain":0.0,"event_name":"Living Wall","player_choice":"Grow","floor":5.0,"gold_loss":0.0,"damage_taken":0.0,"cards_upgraded":["WheelKick"]},{"damage_healed":0.0,"max_hp_gain":0.0,"max_hp_loss":0.0,"gold_gain":99.0,"event_name":"betterThird:BetterNest","player_choice":"Steal","floor":22.0,"gold_loss":0.0,"damage_taken":0.0}],"is_beta":false,"boss_relics":[{"not_picked":["SacredBark","Black Star"],"picked":"Busted Crown"}],"items_purged_floors":[20],"is_endless":false,"potions_floor_spawned":[1,6,11,12,13,14,18,21],"killed_by":"Slavers","ascension_level":2}}