{"host":"opg65mucj6ra7dr1","time":1610346277,"event":{"mods":["BaseMod","DeckTracker","Keyboard Shortcuts","Minty Spire (QoL Compilation)","Permanent Neow","Quick Restart","everything is the same but u backflip on backflip"],"gold_per_floor":[118,118,128,140,17,17,33,43,43,8,8,20,20,45,45,145,145,157,157,169,94,19,19,19,19,45,72,72,105,176,186,186,289,289,300,348,362,415,439,469,469,480,505,530,530,554,581,625,637,649],"floor_reached":51,"playtime":2542,"items_purged":["Strike_B"],"score":782,"play_id":"9b033725-1f1d-4e3e-aa42-209a15cdee6e","local_time":"20210111152437","is_ascension_mode":true,"campfire_choices":[{"data":"Blizzard","floor":6.0,"key":"SMITH"},{"data":"Chill","floor":11.0,"key":"SMITH"},{"data":"Capacitor","floor":13.0,"key":"SMITH"},{"data":"Consume","floor":15.0,"key":"SMITH"},{"data":"Dualcast","floor":23.0,"key":"SMITH"},{"data":"Zap","floor":25.0,"key":"SMITH"},{"floor":32.0,"key":"REST"},{"floor":41,"key":"REST"},{"floor":45,"key":"REST"},{"floor":49,"key":"REST"}],"circlet_count":0,"master_deck":["Strike_B","Strike_B","Defend_B","Defend_B","Defend_B","Zap+1","Dualcast+1","Core Surge","Chill+1","Consume+1","Glacier","Blizzard+1","Stack","Melter","Leap","Chill","Capacitor+1","Hologram","Amplify","Coolheaded+1","Glacier","Seek","Conserve Battery","Machine Learning","Skim+1","Cold Snap+1","Stack","Defragment","Buffer","Hologram+1","Defragment+1"],"relics":["Cracked Core","PreservedInsect","Inserter","Tiny Chest","Singing Bowl","Symbiotic Virus","Mercury Hourglass","Sozu","Emotion Chip","CeramicFish","Ginger","Omamori","MawBank"],"acts_visited":["Exordium","TheCity","TheBeyond"],"potions_floor_usage":[],"damage_taken":[{"damage":0.0,"enemies":"2 Louse","floor":1.0,"turns":2.0},{"damage":6.0,"enemies":"Cultist","floor":3.0,"turns":3.0},{"damage":4.0,"enemies":"Small Slimes","floor":4.0,"turns":3.0},{"damage":0.0,"enemies":"3 Louse","floor":7.0,"turns":3.0},{"damage":10.0,"enemies":"Large Slime","floor":8.0,"turns":9.0},{"damage":5.0,"enemies":"Looter","floor":12.0,"turns":4.0},{"damage":14.0,"enemies":"Lagavulin","floor":14.0,"turns":14.0},{"damage":10.0,"enemies":"Hexaghost","floor":16.0,"turns":15.0},{"damage":1.0,"enemies":"Shell Parasite","floor":18.0,"turns":6.0},{"damage":1.0,"enemies":"Chosen","floor":20.0,"turns":9.0},{"damage":18.0,"enemies":"Book of Stabbing","floor":27.0,"turns":9.0},{"damage":17.0,"enemies":"Slavers","floor":29.0,"turns":8.0},{"damage":13.0,"enemies":"Snake Plant","floor":31.0,"turns":7.0},{"damage":2.0,"enemies":"Automaton","floor":33.0,"turns":13.0},{"damage":0.0,"enemies":"Orb Walker","floor":35.0,"turns":4.0},{"damage":47.0,"enemies":"2 Orb Walkers","floor":36.0,"turns":9.0},{"damage":3.0,"enemies":"3 Shapes","floor":37.0,"turns":4.0},{"damage":21.0,"enemies":"Spire Growth","floor":39.0,"turns":7.0},{"damage":7,"enemies":"Reptomancer","floor":40,"turns":6},{"damage":10,"enemies":"Jaw Worm Horde","floor":42,"turns":5},{"damage":0,"enemies":"Transient","floor":44,"turns":5},{"damage":0,"enemies":"3 Darklings","floor":46,"turns":3},{"damage":11,"enemies":"Jaw Worm Horde","floor":47,"turns":5},{"damage":5,"enemies":"Nemesis","floor":48,"turns":9},{"damage":2,"enemies":"Donu and Deca","floor":50,"turns":14}],"seed_played":"5928828046202193027","potions_obtained":[{"floor":1.0,"key":"FearPotion"},{"floor":2.0,"key":"EssenceOfSteel"},{"floor":2.0,"key":"BlessingOfTheForge"},{"floor":2.0,"key":"SkillPotion"},{"floor":12.0,"key":"Strength Potion"},{"floor":20.0,"key":"DuplicationPotion"},{"floor":27.0,"key":"BlessingOfTheForge"},{"floor":33.0,"key":"CultistPotion"}],"is_trial":false,"path_per_floor":["M","?","M","M","$","R","M","M","T","$","R","M","R","E","R","B",null,"M","?","M","?","$","R","?","R","T","E","?","E","T","M","R","B",null,"M","?","M","T","M","E","R","M","T","M","R","M","M","E","R","B",null],"character_chosen":"DEFECT","items_purchased":["Blizzard","Stack","Chill"],"campfire_rested":4,"item_purchase_floors":[5,5,10],"current_hp_per_floor":[75,75,69,65,65,65,65,55,55,55,55,50,50,36,36,26,75,74,74,73,73,73,73,59,59,59,41,41,24,24,13,37,35,82,84,37,34,34,13,8,33,25,25,25,51,51,40,35,61,59],"gold":661,"neow_bonus":"ONE_RANDOM_RARE_CARD","is_daily":false,"chose_seed":false,"campfire_upgraded":6,"win_rate":0.0,"timestamp":1610346277,"path_taken":["M","?","M","?","?","R","M","M","T","?","R","M","R","E","R","BOSS","M","?","M","?","$","R","?","R","T","E","?","E","?","M","R","BOSS","M","?","M","?","?","E","R","M","T","M","R","M","M","E","R","BOSS"],"items_purchased_type":["Card","Card","Card"],"build_version":"2020-12-22","purchased_purges":1,"victory":true,"max_hp_per_floor":[75,75,75,75,75,75,75,75,75,75,75,75,75,75,75,75,75,75,75,75,75,75,75,80,80,80,80,80,80,80,82,82,82,82,84,84,84,84,84,86,86,88,88,88,88,88,88,88,88,88],"card_choices":[{"not_picked":["Skim","Scrape"],"picked":"Chill","floor":1.0},{"not_picked":["Aggregate","Beam Cell"],"picked":"Consume","floor":3.0},{"not_picked":["Go for the Eyes","BootSequence"],"picked":"Glacier","floor":4.0},{"not_picked":["Beam Cell","Leap"],"picked":"Melter","floor":7.0},{"not_picked":["Turbo","Darkness"],"picked":"Leap","floor":8.0},{"not_picked":["Undo","Force Field"],"picked":"Capacitor","floor":12.0},{"not_picked":["Rebound","Stack"],"picked":"Hologram","floor":14.0},{"not_picked":["Hyperbeam","Core Surge"],"picked":"Amplify","floor":16.0},{"not_picked":["Stack","Chill"],"picked":"Coolheaded+1","floor":18.0},{"not_picked":["Barrage","Double Energy"],"picked":"Glacier","floor":20.0},{"not_picked":["Beam Cell","Streamline"],"picked":"Seek","floor":27.0},{"not_picked":["Self Repair","Turbo"],"picked":"Conserve Battery","floor":29.0},{"not_picked":["Sweeping Beam","Turbo","Tempest"],"picked":"Singing Bowl","floor":31.0},{"not_picked":["Core Surge","Rainbow"],"picked":"Machine Learning","floor":33.0},{"not_picked":["Doom and Gloom","Darkness+1","Gash+1"],"picked":"Singing Bowl","floor":35.0},{"not_picked":["Glacier+1","Leap"],"picked":"Skim+1","floor":36.0},{"not_picked":["FTL","Rebound+1"],"picked":"Cold Snap+1","floor":37.0},{"not_picked":["Beam Cell+1","Capacitor+1"],"picked":"Stack","floor":39.0},{"not_picked":["Doom and Gloom","Gash","Steam+1"],"picked":"Singing Bowl","floor":40},{"not_picked":["Reinforced Body+1","Force Field","Gash"],"picked":"Singing Bowl","floor":42},{"not_picked":["Blizzard","Coolheaded+1"],"picked":"Defragment","floor":44},{"not_picked":["Lockon+1","Scrape+1"],"picked":"Buffer","floor":46},{"not_picked":["Redo","Glacier"],"picked":"Hologram+1","floor":47},{"not_picked":["Melter","Sweeping Beam"],"picked":"Defragment+1","floor":48}],"player_experience":84100,"relics_obtained":[{"floor":14.0,"key":"PreservedInsect"},{"floor":26.0,"key":"Tiny Chest"},{"floor":27.0,"key":"Singing Bowl"},{"floor":29.0,"key":"Symbiotic Virus"},{"floor":30.0,"key":"Mercury Hourglass"},{"floor":36.0,"key":"Emotion Chip"},{"floor":38.0,"key":"CeramicFish"},{"floor":40,"key":"Ginger"},{"floor":43,"key":"Omamori"},{"floor":48,"key":"MawBank"}],"event_choices":[{"damage_healed":0.0,"max_hp_gain":0.0,"max_hp_loss":0.0,"gold_gain":0.0,"event_name":"Lab","player_choice":"Got Potions","floor":2.0,"gold_loss":0.0,"damage_taken":0.0},{"damage_healed":0.0,"max_hp_gain":0.0,"max_hp_loss":0.0,"gold_gain":0.0,"event_name":"Ghosts","player_choice":"Ignored","floor":19.0,"gold_loss":0.0,"damage_taken":0.0},{"cards_removed":["Strike_B"],"damage_healed":0.0,"max_hp_gain":0.0,"max_hp_loss":0.0,"gold_gain":0.0,"event_name":"Beggar","player_choice":"Gave Gold","floor":21.0,"gold_loss":75.0,"damage_taken":0.0},{"damage_healed":0.0,"max_hp_gain":5.0,"max_hp_loss":0.0,"gold_gain":0.0,"event_name":"Forgotten Altar","player_choice":"Shed Blood","floor":24.0,"gold_loss":0.0,"damage_taken":19.0},{"cards_removed":["Defend_B"],"damage_healed":0.0,"max_hp_gain":0.0,"max_hp_loss":0.0,"gold_gain":0.0,"event_name":"Back to Basics","player_choice":"Elegance","floor":28.0,"gold_loss":0.0,"damage_taken":0.0},{"damage_healed":0.0,"max_hp_gain":0.0,"max_hp_loss":0.0,"gold_gain":0.0,"event_name":"Mysterious Sphere","player_choice":"Fight","floor":36.0,"gold_loss":0.0,"damage_taken":0.0}],"is_beta":false,"boss_relics":[{"not_picked":["Philosopher\u0027s Stone","Velvet Choker"],"picked":"Inserter"},{"not_picked":["Snecko Eye","Calling Bell"],"picked":"Sozu"}],"items_purged_floors":[22],"is_endless":false,"potions_floor_spawned":[1,4,12,20,27,33,37,39,40,44],"ascension_level":1}}