{"host":"08z5bj28eube4vug","time":1610370299,"event":{"mods":["2.2 Compatiblity","Abigail Mod","Act Like it!","BaseMod","Beaked The Cultist","Bestiary","Friendly Minions","Gensokyo","GungeonMod","Hallownest","Kiyohime????","Koishi","Lobotomy","Marisa????????","Minty Spire (QoL Compilation)","Prisma Mod","Remilia??????","Replay The Spire","StSLib","Td1madao Mod","The Alterego","The Bug Knight","The Jungle","The Sage","The Senshi","The Servant 0.9.4","Waifu the Spire","WarShipGirlsR/????R mod","Yuri Mod"],"gold_per_floor":[117,46,46,59,74,74,94,128,151,151,166,166,10,10,10,115,115,130,130,143,143,161,161,186,186,186,2,34,34,34,50,50,147,147,164,164,182,134,146,146,163,163,214,62,62,0,0,13,13,13],"floor_reached":51,"playtime":2966,"items_purged":[],"score":1006,"play_id":"c74f47bb-5939-4628-8eda-55f426df3f56","local_time":"20210111160459","is_ascension_mode":true,"campfire_choices":[{"data":"Koishi:SubterraneanRose","floor":6,"key":"SMITH"},{"data":"Koishi:HauntingSlash","floor":10,"key":"SMITH"},{"data":"Koishi:SprinkleStarAndHeart","floor":12,"key":"SMITH"},{"data":"Koishi:Provoke","floor":15,"key":"SMITH"},{"data":"beaked:WalkersFury","floor":23,"key":"SMITH"},{"data":"Koishi:PhantomBarrier","floor":25,"key":"SMITH"},{"data":"ReplayTheSpireMod:Brewmster","floor":30,"key":"SMITH"},{"floor":40,"key":"REST"},{"data":"Koishi:PerfectMindControl","floor":42,"key":"SMITH"},{"data":"Koishi:Untouchable","floor":45,"key":"SMITH"},{"data":"Wraith","floor":49,"key":"PURGE"}],"circlet_count":0,"master_deck":["Koishi:BasicStrike","Koishi:BasicStrike","Koishi:BasicStrike","Koishi:BasicStrike","Koishi:BasicDefend","Koishi:BasicDefend","Koishi:BasicDefend","Koishi:BasicDefend","Koishi:Provoke+1","Koishi:HauntingSlash+1","Koishi:SilentAndRestless","Koishi:SubterraneanRose+1","Koishi:YoukaiPolygraph","Koishi:SprinkleStarAndHeart+1","Koishi:DreadfulBlow","Koishi:PhantomStrike","Koishi:FidgetySnatcher+1","Koishi:SilentAndRestless+1","beaked:WalkersFury+1","Koishi:PredatoryInstincts","Koishi:FreudianInstinct+1","Koishi:PhantomBarrier+1","ReplayTheSpireMod:Brewmster+1","Koishi:UnconsciousUrges+1","Koishi:PerfectMindControl+1","Panacea","Koishi:LastRemote+1","Koishi:Untouchable+1"],"relics":["Koishi:ImaginaryFriend","GremlinMask","Singing Bowl","Ancient Tea Set","Happy Flower","beaked:SacredDeck","Blue Doll","Torii","InkBottle","alterego_mod:SomeoneToFightFor","Busted Crown","Oddly Smooth Stone","Red Mask"],"acts_visited":["Exordium","TheCity","TheBeyond"],"potions_floor_usage":[8,11,22,24,28,28,31,35,35,41,48,50,50,50],"damage_taken":[{"damage":0,"enemies":"2 Louse","floor":1,"turns":2},{"damage":6,"enemies":"Cultist","floor":4,"turns":4},{"damage":0,"enemies":"Small Slimes","floor":5,"turns":2},{"damage":7,"enemies":"2 Fungi Beasts","floor":7,"turns":3},{"damage":3,"enemies":"Gremlin Nob","floor":8,"turns":5},{"damage":0,"enemies":"Large Slime","floor":11,"turns":4},{"damage":4,"enemies":"The Guardian","floor":16,"turns":11},{"damage":5,"enemies":"Shell Parasite","floor":18,"turns":5},{"damage":7,"enemies":"Spheric Guardian","floor":20,"turns":3},{"damage":0,"enemies":"Centurion and Healer","floor":22,"turns":5},{"damage":21,"enemies":"Slavers","floor":24,"turns":7},{"damage":9,"enemies":"Replay:Snechameleon","floor":28,"turns":5},{"damage":7,"enemies":"Snake Plant","floor":31,"turns":5},{"damage":1,"enemies":"Champ","floor":33,"turns":10},{"damage":0,"enemies":"3 Darklings","floor":35,"turns":5},{"damage":7,"enemies":"3 Shapes","floor":37,"turns":6},{"damage":40,"enemies":"Writhing Mass","floor":39,"turns":5},{"damage":0,"enemies":"Transient","floor":41,"turns":5},{"damage":6,"enemies":"3 Darklings","floor":48,"turns":4},{"damage":0,"enemies":"Time Eater","floor":50,"turns":8}],"seed_played":"6220934632524603967","potions_obtained":[{"floor":4,"key":"Energy Potion"},{"floor":5,"key":"BlessingOfTheForge"},{"floor":8,"key":"Block Potion"},{"floor":16,"key":"LifebloodPotion"},{"floor":22,"key":"AttackPotion"},{"floor":24,"key":"DemoMod:LeadSkinPotion"},{"floor":41,"key":"SkillPotion"}],"is_trial":false,"path_per_floor":["M","$","?","M","M","R","M","E","T","R","M","R","$","?","R","B",null,"M","?","M","?","M","R","E","R","T","$","E","?","R","M","R","B",null,"M","?","M","$","M","R","M","R","T","$","R","?","?","M","R","B",null],"character_chosen":"KOISHI","items_purchased":["Koishi:YoukaiPolygraph","Happy Flower","ReplayTheSpireMod:Brewmster","Koishi:LastRemote+1","Koishi:Untouchable","Adrenaline Potion"],"campfire_rested":1,"item_purchase_floors":[2,13,27,38,44,44],"current_hp_per_floor":[55,55,55,51,52,52,47,46,46,46,49,49,49,49,49,54,60,60,60,53,53,64,64,59,59,59,59,53,53,53,60,66,66,66,68,68,70,70,39,60,69,69,69,69,69,69,69,65,65,76],"gold":13,"neow_bonus":"ONE_RANDOM_RARE_CARD","is_daily":false,"chose_seed":false,"campfire_upgraded":9,"win_rate":0.0,"timestamp":1610370299,"path_taken":["M","$","?","M","M","R","M","E","T","R","M","R","$","?","R","BOSS","M","?","M","?","M","R","E","R","T","$","E","?","R","M","R","BOSS","M","?","M","$","M","R","M","R","T","$","R","?","?","M","R","BOSS"],"items_purchased_type":["Card","Relic","Card","Card","Card","Potion"],"build_version":"2020-12-22","purchased_purges":0,"victory":true,"max_hp_per_floor":[60,60,60,60,60,60,60,60,60,60,62,62,62,62,62,62,62,64,64,64,64,64,64,64,64,64,64,64,64,64,66,66,66,66,68,68,70,70,72,72,74,74,74,74,74,74,74,76,76,76],"card_choices":[{"not_picked":["Koishi:Jaunt","Koishi:ReflexRadar"],"picked":"Koishi:SubterraneanRose","floor":1},{"not_picked":["Koishi:Prune","Koishi:PhantomBarrier"],"picked":"Koishi:SprinkleStarAndHeart","floor":4},{"not_picked":["Koishi:UnconsciousUprising","Koishi:Bloodlust"],"picked":"Koishi:DreadfulBlow","floor":5},{"not_picked":["Koishi:UnansweredLove","Koishi:RacingHeart"],"picked":"Koishi:PhantomStrike","floor":7},{"not_picked":["Koishi:StingingMind","Koishi:EmbersOfLove"],"picked":"Koishi:FidgetySnatcher","floor":8},{"not_picked":["Koishi:UnansweredLove","Koishi:ParalyzingFear","Koishi:RorschachInDanmaku"],"picked":"Singing Bowl","floor":11},{"not_picked":["Koishi:TerrifyingSpectre","Koishi:FadingMemory"],"picked":"Koishi:SilentAndRestless","floor":16},{"not_picked":["Koishi:BloodcurdlingScream","Koishi:Jaunt","Koishi:FleetingPhantom+1"],"picked":"Singing Bowl","floor":18},{"not_picked":["Koishi:SilentAndRestless","Koishi:DreadfulBlow"],"picked":"Koishi:PredatoryInstincts","floor":20},{"not_picked":["Koishi:CatchAndRose","Koishi:UnansweredLove+1"],"picked":"Koishi:FreudianInstinct+1","floor":22},{"not_picked":["Koishi:RacingHeart+1","Koishi:ParalyzingFear"],"picked":"Koishi:PhantomBarrier","floor":24},{"not_picked":["Koishi:RacingHeart","Koishi:IdleWhim+1"],"picked":"Koishi:UnconsciousUrges+1","floor":28},{"not_picked":["Koishi:DreadfulBlow+1","Koishi:PhantomBarrier","Koishi:EmbryosDream"],"picked":"Singing Bowl","floor":31},{"not_picked":["Koishi:ConditionedTeleport","Koishi:FormlessExistence"],"picked":"Koishi:PerfectMindControl","floor":33},{"not_picked":["Koishi:MassHysteria"],"picked":"Singing Bowl","floor":35},{"not_picked":[],"picked":"Panacea","floor":36},{"not_picked":["Koishi:HeartfeltFancy"],"picked":"Singing Bowl","floor":37},{"not_picked":["Koishi:FleetingPhantom"],"picked":"Singing Bowl","floor":39},{"not_picked":["Koishi:ReleaseOfTheId"],"picked":"Singing Bowl","floor":41},{"not_picked":["Koishi:RacingHeart+1"],"picked":"Singing Bowl","floor":48}],"player_experience":774168,"relics_obtained":[{"floor":8,"key":"Singing Bowl"},{"floor":9,"key":"Ancient Tea Set"},{"floor":24,"key":"Blue Doll"},{"floor":26,"key":"Torii"},{"floor":28,"key":"InkBottle"},{"floor":43,"key":"Oddly Smooth Stone"}],"event_choices":[{"damage_healed":0,"gold_gain":0,"player_choice":"Trade","damage_taken":0,"relics_obtained":["GremlinMask"],"max_hp_gain":0,"max_hp_loss":0,"event_name":"FaceTrader","floor":3,"gold_loss":0},{"damage_healed":0,"gold_gain":0,"player_choice":"Grow","damage_taken":0,"max_hp_gain":0,"max_hp_loss":0,"event_name":"Living Wall","floor":14,"gold_loss":0,"cards_upgraded":["Koishi:FidgetySnatcher"]},{"damage_healed":0,"gold_gain":0,"player_choice":"Ignored","damage_taken":0,"max_hp_gain":0,"max_hp_loss":0,"event_name":"Ghosts","floor":21,"gold_loss":0},{"damage_healed":0,"gold_gain":0,"player_choice":"Choice 2","damage_taken":0,"relics_obtained":["alterego_mod:SomeoneToFightFor"],"max_hp_gain":0,"max_hp_loss":0,"event_name":"Secret Garden","floor":29,"gold_loss":0},{"damage_healed":0,"gold_gain":0,"player_choice":"Memory 1","damage_taken":0,"max_hp_gain":0,"max_hp_loss":0,"event_name":"SensoryStone","floor":36,"gold_loss":0},{"damage_healed":0,"gold_gain":0,"player_choice":"Paid","damage_taken":0,"relics_obtained":["Red Mask"],"max_hp_gain":0,"max_hp_loss":0,"event_name":"Tomb of Lord Red Mask","floor":46,"gold_loss":62},{"damage_healed":0,"gold_gain":0,"player_choice":"Ignored","damage_taken":0,"max_hp_gain":0,"max_hp_loss":0,"event_name":"OrinTheCat","floor":47,"gold_loss":0}],"is_beta":false,"boss_relics":[{"not_picked":["Replay:Wanted Poster","Fusion Hammer"],"picked":"beaked:SacredDeck"},{"not_picked":["Abe\u0027s Treasure","Ring of Chaos"],"picked":"Busted Crown"}],"items_purged_floors":[],"is_endless":false,"potions_floor_spawned":[4,5,8,16,22,24,28,41],"ascension_level":7}}