{"host":"6swbl1yqdi8v28pk","time":1610408903,"event":{"mods":["AchievementEnabler","BaseMod","Colored Map","Minty Spire (QoL Compilation)","Quick Restart"],"gold_per_floor":[118,193,193,213,232,232,267,267,290,290,145,145,165,195,195,295,295,305,325,48,63,73,73,73,73,144,144,177,52,68,68,68,68,68],"floor_reached":33,"playtime":1373,"items_purged":["Strike_R","Strike_R","Defend_R"],"score":273,"play_id":"b4a1e28e-a380-41e0-aac2-dbb14c0d12e0","local_time":"20210111174823","is_ascension_mode":false,"campfire_choices":[{"data":"Disarm","floor":6,"key":"SMITH"},{"floor":12,"key":"REST"},{"floor":15,"key":"REST"},{"data":"Body Slam","floor":23,"key":"SMITH"},{"floor":27,"key":"REST"},{"data":"Uppercut","floor":32,"key":"SMITH"}],"circlet_count":0,"master_deck":["Strike_R","Defend_R","Defend_R","Defend_R","Bash","Shockwave","Anger","Disarm+1","Body Slam+1","Uppercut+1","Pommel Strike","Immolate","CurseOfTheBell","Iron Wave","Shrug It Off+1","Shrug It Off","Warcry","Rampage"],"relics":["Burning Blood","NeowsBlessing","Oddly Smooth Stone","Sundial","Pen Nib","Blue Candle","Calling Bell","Potion Belt","Meat on the Bone","Peace Pipe","Vajra","Eternal Feather"],"acts_visited":["Exordium","TheCity"],"potions_floor_usage":[7,14,19,28,28,33],"damage_taken":[{"damage":0,"enemies":"Cultist","floor":1,"turns":1},{"damage":0,"enemies":"2 Louse","floor":4,"turns":1},{"damage":0,"enemies":"Small Slimes","floor":5,"turns":1},{"damage":50,"enemies":"3 Sentries","floor":7,"turns":11},{"damage":1,"enemies":"Looter","floor":13,"turns":3},{"damage":11,"enemies":"Lagavulin","floor":14,"turns":5},{"damage":24,"enemies":"Hexaghost","floor":16,"turns":9},{"damage":15,"enemies":"Shell Parasite","floor":18,"turns":8},{"damage":18,"enemies":"2 Thieves","floor":19,"turns":3},{"damage":20,"enemies":"Snake Plant","floor":21,"turns":6},{"damage":9,"enemies":"Cultist and Chosen","floor":22,"turns":8},{"damage":4,"enemies":"Book of Stabbing","floor":28,"turns":7},{"damage":9,"enemies":"Centurion and Healer","floor":30,"turns":7},{"damage":88,"enemies":"Collector","floor":33,"turns":11}],"seed_played":"4420773602674629056","potions_obtained":[{"floor":1,"key":"Dexterity Potion"},{"floor":7,"key":"FearPotion"},{"floor":16,"key":"AttackPotion"},{"floor":18,"key":"Regen Potion"},{"floor":22,"key":"HeartOfIron"},{"floor":30,"key":"Block Potion"}],"is_trial":false,"path_per_floor":["M","?","?","M","M","R","E","?","T","?","$","R","M","E","R","B",null,"M","M","$","M","M","R","$","?","T","R","E","$","M","?","R","B"],"character_chosen":"IRONCLAD","items_purchased":["Uppercut","Vajra","Shrug It Off"],"campfire_rested":3,"item_purchase_floors":[11,20,20],"current_hp_per_floor":[80,69,69,75,80,80,36,18,18,18,18,42,47,42,66,48,80,71,59,59,57,54,54,54,39,39,64,81,81,78,78,85,0,0],"gold":68,"neow_bonus":"THREE_ENEMY_KILL","is_daily":false,"chose_seed":false,"campfire_upgraded":3,"win_rate":0.0,"timestamp":1610408903,"path_taken":["M","?","?","M","M","R","E","?","T","?","$","R","M","E","R","BOSS","M","M","$","M","M","R","$","?","T","R","E","$","M","?","R","BOSS"],"items_purchased_type":["Card","Relic","Card"],"build_version":"2020-12-22","purchased_purges":3,"victory":false,"max_hp_per_floor":[80,80,80,80,80,80,80,80,80,80,80,80,80,80,80,80,80,80,80,80,80,80,80,80,85,85,85,85,85,85,85,85,85,85],"card_choices":[{"not_picked":["Cleave","Iron Wave"],"picked":"Shockwave","floor":1},{"not_picked":["Searing Blow","Heavy Blade"],"picked":"Anger","floor":4},{"not_picked":["Power Through","Sword Boomerang"],"picked":"Disarm","floor":5},{"not_picked":["Dropkick","Rupture"],"picked":"Body Slam","floor":7},{"not_picked":["Sentinel","Intimidate"],"picked":"Pommel Strike","floor":13},{"not_picked":["Reckless Charge","Havoc","Exhume"],"picked":"SKIP","floor":14},{"not_picked":["Berserk","Fiend Fire"],"picked":"Immolate","floor":16},{"not_picked":["Cleave","Havoc"],"picked":"Iron Wave","floor":18},{"not_picked":["True Grit","Second Wind"],"picked":"Shrug It Off+1","floor":19},{"not_picked":["Heavy Blade","Pommel Strike"],"picked":"Warcry","floor":21},{"not_picked":["Headbutt","Heavy Blade+1","Bloodletting"],"picked":"SKIP","floor":22},{"not_picked":["Iron Wave+1","Second Wind"],"picked":"Rampage","floor":28},{"not_picked":["Limit Break","Sever Soul","Havoc"],"picked":"SKIP","floor":30}],"player_experience":117013,"relics_obtained":[{"floor":7,"key":"Oddly Smooth Stone"},{"floor":9,"key":"Pen Nib"},{"floor":14,"key":"Blue Candle"},{"floor":17,"key":"Potion Belt"},{"floor":17,"key":"Meat on the Bone"},{"floor":17,"key":"Peace Pipe"},{"floor":28,"key":"Eternal Feather"}],"event_choices":[{"damage_healed":0,"gold_gain":75,"player_choice":"Gather Gold","damage_taken":11,"max_hp_gain":0,"max_hp_loss":0,"event_name":"World of Goop","floor":2,"gold_loss":0},{"damage_healed":0,"gold_gain":0,"player_choice":"Ignored","damage_taken":0,"max_hp_gain":0,"max_hp_loss":0,"event_name":"Liars Game","floor":3,"gold_loss":0},{"damage_healed":0,"gold_gain":0,"player_choice":"Success","damage_taken":18,"relics_obtained":["Sundial"],"max_hp_gain":0,"max_hp_loss":0,"event_name":"Scrap Ooze","floor":8,"gold_loss":0},{"cards_removed":["Strike_R"],"damage_healed":0,"gold_gain":0,"player_choice":"Forget","damage_taken":0,"max_hp_gain":0,"max_hp_loss":0,"event_name":"Living Wall","floor":10,"gold_loss":0},{"damage_healed":0,"gold_gain":0,"player_choice":"Shed Blood","damage_taken":20,"max_hp_gain":5,"max_hp_loss":0,"event_name":"Forgotten Altar","floor":25,"gold_loss":0},{"cards_removed":["Strike_R"],"damage_healed":0,"gold_gain":0,"player_choice":"Purged","damage_taken":0,"max_hp_gain":0,"max_hp_loss":0,"event_name":"Purifier","floor":31,"gold_loss":0}],"is_beta":false,"boss_relics":[{"not_picked":["Runic Dome","Fusion Hammer"],"picked":"Calling Bell"}],"items_purged_floors":[11,20,29],"is_endless":false,"potions_floor_spawned":[1,7,16,18,22,30],"killed_by":"Collector","ascension_level":0}}