{"host":"7krnriczr1b2ou5r","time":1610361738,"event":{"mods":["BaseMod","Keyboard Shortcuts","Marisa£¨Ùöéë¡¡Øª×âÞÞ£©","Minty Spire (QoL Compilation)","Relic Stats","StSLib"],"gold_per_floor":[365,44,59,70,82,114,33,46,73,23,49,113,126,155,155,233,233,244,244,14,14,26,60,60,89,115,126,141,169,183,201,201,272,272,292,54,73,89,89,122,122,153,153,185,200,213,213,567,567,567,567,567,28,55,55],"floor_reached":56,"playtime":2482,"items_purged":["Strike_MRS","Strike_MRS","EventHorizon","UpSweep"],"score":2634,"play_id":"37747a09-ad5b-4387-aa3f-833edabf60a8","local_time":"20210111194218","is_ascension_mode":true,"campfire_choices":[{"data":"OortCloud","floor":15.0,"key":"SMITH"},{"data":"AbsoluteMagnitude","floor":24.0,"key":"SMITH"},{"data":"EnergyFlow","floor":32.0,"key":"SMITH"},{"data":"1","floor":41,"key":"LIFT"},{"data":"FinalSpark","floor":47,"key":"SMITH"},{"data":"2","floor":49,"key":"LIFT"},{"data":"OrrerysSun","floor":52,"key":"SMITH"}],"circlet_count":0,"master_deck":["AscendersBane","MasterSpark+1","MilkyWay","OrrerysSun+1","MillisecondPulsars+1","MilkyWay","EnergyFlow","UnstableBomb+1","OortCloud+1","AsteroidBelt","AbsoluteMagnitude+1","Acceleration","MachineGunSpark","GalacticHalo","EnergyFlow+1","CasketOfStar","EarthLightRay+1","FinalSpark+1","CurseOfTheBell","DeepEcoloBomb","Parasite","AsteroidBelt+1","DeepEcoloBomb","MilkyWay+1"],"relics":["MiniHakkero","Black Star","Membership Card","The Courier","Sundial","War Paint","Torii","Smiling Mask","Boot","Omamori","Bronze Scales","Shuriken","Happy Flower","FossilizedHelix","Pen Nib","Sozu","Art of War","PreservedInsect","Orrery","MutagenicStrength","Gambling Chip","MealTicket","Mummified Hand","Toxic Egg 2","Dream Catcher","Anchor","ShroomBag","Calling Bell","Akabeko","Eternal Feather","Thread and Needle","Medical Kit","Ornamental Fan","Girya","Juzu Bracelet","Toy Ornithopter","Vajra","Bottled Lightning","Oddly Smooth Stone","Frozen Egg 2","Old Coin","SimpleLauncher","Letter Opener","Lantern","Whetstone","HornCleat","Pantograph","Nunchaku"],"acts_visited":["Exordium","TheCity","TheBeyond","TheEnding"],"potions_floor_usage":[],"damage_taken":[{"damage":2.0,"enemies":"2 Louse","floor":1.0,"turns":3.0},{"damage":1.0,"enemies":"Small Slimes","floor":3.0,"turns":3.0},{"damage":0.0,"enemies":"Cultist","floor":4.0,"turns":4.0},{"damage":0.0,"enemies":"Blue Slaver","floor":5.0,"turns":4.0},{"damage":1.0,"enemies":"Lagavulin","floor":6.0,"turns":6.0},{"damage":3.0,"enemies":"Exordium Wildlife","floor":8.0,"turns":6.0},{"damage":11.0,"enemies":"3 Sentries","floor":11.0,"turns":8.0},{"damage":0.0,"enemies":"Gremlin Nob","floor":12.0,"turns":3.0},{"damage":23.0,"enemies":"3 Louse","floor":13.0,"turns":2.0},{"damage":16.0,"enemies":"Gremlin Nob","floor":14.0,"turns":4.0},{"damage":0.0,"enemies":"The Guardian","floor":16.0,"turns":7.0},{"damage":0.0,"enemies":"3 Byrds","floor":18.0,"turns":3.0},{"damage":7.0,"enemies":"Shell Parasite","floor":22.0,"turns":2.0},{"damage":0.0,"enemies":"Book of Stabbing","floor":23.0,"turns":3.0},{"damage":12.0,"enemies":"Gremlin Leader","floor":25.0,"turns":4.0},{"damage":0.0,"enemies":"Centurion and Healer","floor":27.0,"turns":3.0},{"damage":0.0,"enemies":"Snecko","floor":28.0,"turns":3.0},{"damage":0.0,"enemies":"Slavers","floor":29.0,"turns":3.0},{"damage":0.0,"enemies":"Snake Plant","floor":30.0,"turns":2.0},{"damage":9.0,"enemies":"Centurion and Healer","floor":31.0,"turns":3.0},{"damage":0.0,"enemies":"Automaton","floor":33.0,"turns":4.0},{"damage":0,"enemies":"3 Darklings","floor":35,"turns":3},{"damage":0,"enemies":"3 Shapes","floor":37,"turns":1},{"damage":0,"enemies":"Writhing Mass","floor":38,"turns":3},{"damage":0,"enemies":"Nemesis","floor":40,"turns":3},{"damage":0,"enemies":"Reptomancer","floor":42,"turns":2},{"damage":0,"enemies":"Nemesis","floor":44,"turns":1},{"damage":0,"enemies":"Spire Growth","floor":45,"turns":3},{"damage":13,"enemies":"4 Shapes","floor":46,"turns":4},{"damage":0,"enemies":"2 Orb Walkers","floor":48,"turns":3},{"damage":0,"enemies":"Donu and Deca","floor":50,"turns":3},{"damage":0,"enemies":"Shield and Spear","floor":54,"turns":2},{"damage":0,"enemies":"The Heart","floor":55,"turns":5}],"seed_played":"1142990689113852863","potions_obtained":[{"floor":1.0,"key":"Dexterity Potion"},{"floor":4.0,"key":"CultistPotion"},{"floor":11.0,"key":"BottledSpark"},{"floor":12.0,"key":"Regen Potion"},{"floor":13.0,"key":"PowerPotion"},{"floor":14.0,"key":"BottledSpark"}],"is_trial":false,"path_per_floor":["M","$","M","M","M","E","$","M","T","?","E","?","M","E","R","B",null,"M","?","$","?","M","E","R","E","T","M","M","E","M","M","R","B",null,"M","$","M","M","?","E","R","E","T","E","M","M","R","?","R","B",null,"R","$","E","B",null],"character_chosen":"MARISA","items_purchased":["Sundial","War Paint","Torii","EnergyFlow","Acceleration","Art of War","PreservedInsect","Orrery","MachineGunSpark","Medical Kit","Ornamental Fan","DeepEcoloBomb","SimpleLauncher","Letter Opener","Lantern","DeepEcoloBomb","MilkyWay+1","Whetstone","HornCleat"],"campfire_rested":0,"item_purchase_floors":[2,2,2,7,20,20,20,20,20,36,36,36,53,53,53,53,53,53,53],"current_hp_per_floor":[66,66,65,65,65,64,64,61,61,61,50,50,27,11,11,11,59,59,59,59,59,52,52,52,40,40,49,49,49,49,40,40,46,68,68,75,75,75,75,75,75,75,75,75,75,62,74,75,75,75,75,75,75,75,75],"gold":55,"neow_bonus":"TWO_FIFTY_GOLD","is_daily":false,"chose_seed":false,"campfire_upgraded":5,"win_rate":0.0,"timestamp":1610361738,"path_taken":["M","$","M","M","M","E","$","M","T","?","E","?","M","E","R","BOSS","M","?","?","?","M","E","R","E","T","M","M","E","?","M","R","BOSS","M","$","M","M","?","E","R","E","T","E","M","M","R","?","R","BOSS","R","$","E","BOSS"],"items_purchased_type":["Relic","Relic","Relic","Card","Card","Relic","Relic","Relic","Card","Relic","Relic","Card","Relic","Relic","Relic","Card","Card","Relic","Relic"],"build_version":"2020-12-22","purchased_purges":4,"victory":true,"max_hp_per_floor":[75,75,75,75,75,75,75,75,75,75,75,75,75,75,75,75,75,75,75,75,75,75,75,75,75,75,75,75,75,75,75,75,75,75,75,75,75,75,75,75,75,75,75,75,75,75,75,75,75,75,75,75,75,75,75],"relic_stats":{"Torii":17,"Juzu Bracelet":0,"Whetstone":["MasterSpark","UnstableBomb"],"Smiling Mask":0,"Boot":[171],"Sozu":7,"Dream Catcher":0,"Nunchaku":[3],"Sundial":[28],"Mummified Hand":[126],"Gambling Chip":[43],"Pantograph":0,"MealTicket":7,"Happy Flower":[25],"counters":[33,113],"Eternal Feather":12,"Pen Nib":[18],"PreservedInsect":370,"Letter Opener":[15],"War Paint":["Defend_MRS","Defend_MRS"],"Medical Kit":[4],"Shuriken":[36],"Ornamental Fan":[72],"Bronze Scales":[249],"Black Star":10,"Art of War":[4],"obtain_stats":[{"Lantern":53,"Torii":2,"Vajra":42,"Juzu Bracelet":40,"Whetstone":53,"Smiling Mask":6,"Boot":6,"Old Coin":48,"Sozu":17,"Dream Catcher":26,"Nunchaku":54,"HornCleat":53,"Sundial":2,"Mummified Hand":25,"Gambling Chip":23,"Pantograph":54,"MealTicket":23,"Toxic Egg 2":25,"SimpleLauncher":53,"Girya":40,"Happy Flower":12,"Oddly Smooth Stone":44,"Eternal Feather":34,"Thread and Needle":34,"The Courier":0,"Pen Nib":14,"PreservedInsect":20,"Omamori":9,"Letter Opener":53,"War Paint":2,"Frozen Egg 2":44,"Medical Kit":36,"Akabeko":34,"Calling Bell":34,"ShroomBag":29,"Anchor":29,"Shuriken":11,"Ornamental Fan":36,"Bronze Scales":11,"MutagenicStrength":21,"Orrery":20,"Black Star":0,"Art of War":20,"MiniHakkero":0,"Membership Card":0,"Bottled Lightning":43,"FossilizedHelix":14,"Toy Ornithopter":42},{"Lantern":31,"Torii":1,"Vajra":26,"Juzu Bracelet":25,"Whetstone":31,"Smiling Mask":5,"Boot":5,"Old Coin":30,"Sozu":11,"Dream Catcher":15,"Nunchaku":32,"HornCleat":31,"Sundial":1,"Mummified Hand":15,"Gambling Chip":14,"Pantograph":32,"MealTicket":14,"Toxic Egg 2":15,"SimpleLauncher":31,"Girya":25,"Happy Flower":8,"Oddly Smooth Stone":27,"Eternal Feather":21,"Thread and Needle":21,"The Courier":0,"Pen Nib":10,"PreservedInsect":12,"Omamori":6,"Letter Opener":31,"War Paint":1,"Frozen Egg 2":27,"Medical Kit":22,"Akabeko":21,"Calling Bell":21,"ShroomBag":18,"Anchor":18,"Shuriken":7,"Ornamental Fan":22,"Bronze Scales":7,"MutagenicStrength":12,"Orrery":12,"Black Star":0,"Art of War":12,"MiniHakkero":0,"Membership Card":0,"Bottled Lightning":26,"FossilizedHelix":10,"Toy Ornithopter":26},{"Lantern":106,"Torii":3,"Vajra":92,"Juzu Bracelet":90,"Whetstone":106,"Smiling Mask":20,"Boot":20,"Old Coin":103,"Sozu":50,"Dream Catcher":62,"Nunchaku":108,"HornCleat":106,"Sundial":3,"Mummified Hand":62,"Gambling Chip":58,"Pantograph":108,"MealTicket":58,"Toxic Egg 2":62,"SimpleLauncher":106,"Girya":90,"Happy Flower":37,"Oddly Smooth Stone":93,"Eternal Feather":80,"Thread and Needle":80,"The Courier":0,"Pen Nib":43,"PreservedInsect":53,"Omamori":26,"Letter Opener":106,"War Paint":3,"Frozen Egg 2":93,"Medical Kit":83,"Akabeko":80,"Calling Bell":80,"ShroomBag":71,"Anchor":71,"Shuriken":34,"Ornamental Fan":83,"Bronze Scales":34,"MutagenicStrength":53,"Orrery":53,"Black Star":0,"Art of War":53,"MiniHakkero":0,"Membership Card":0,"Bottled Lightning":92,"FossilizedHelix":43,"Toy Ornithopter":92}],"Toy Ornithopter":0},"card_choices":[{"not_picked":["PowerUp","MachineGunSpark"],"picked":"MilkyWay","floor":1.0},{"not_picked":["MilkyWay","FairyDestructionRay"],"picked":"OrrerysSun","floor":3.0},{"not_picked":["BlazeAway","DragonMeteor","SporeBomb"],"picked":"SKIP","floor":4.0},{"not_picked":["FairyDestructionRay","PowerUp","BlazeAway"],"picked":"SKIP","floor":5.0},{"not_picked":["LuminesStrike","DC"],"picked":"MilkyWay","floor":6.0},{"not_picked":["GravityBeat","SuperPerseids","NonDirectionalLaser"],"picked":"SKIP","floor":8.0},{"not_picked":["StarDustReverie","GasGiant"],"picked":"UnstableBomb","floor":11.0},{"not_picked":["WitchLeyline","MysteriousBeam"],"picked":"EventHorizon","floor":12.0},{"not_picked":["MysteriousBeam","ShootingEcho"],"picked":"OortCloud","floor":13.0},{"not_picked":["DC","IllusionStar"],"picked":"AsteroidBelt","floor":14.0},{"not_picked":["BigCrunch","TreasureHunter"],"picked":"AbsoluteMagnitude","floor":16.0},{"not_picked":["MilkyWay","EventHorizon","SporeBomb"],"picked":"SKIP","floor":18.0},{"not_picked":["DC","AsteroidBelt"],"picked":"GalacticHalo","floor":22.0},{"not_picked":["NonDirectionalLaser","WitchOfGreed"],"picked":"EnergyFlow","floor":23.0},{"not_picked":["MachineGunSpark","DeepEcoloBomb"],"picked":"CasketOfStar","floor":25.0},{"not_picked":["MysteriousBeam","PowerUp+1","WitchLeyline"],"picked":"SKIP","floor":27.0},{"not_picked":["6A","DoubleSpark","EventHorizon+1"],"picked":"SKIP","floor":28.0},{"not_picked":["GravityBeat","WitchLeyline","MilkyWay+1"],"picked":"SKIP","floor":29.0},{"not_picked":["UnstableBomb+1","MilkyWay+1","EventHorizon"],"picked":"SKIP","floor":30.0},{"not_picked":["ShootTheMoon","DoubleSpark"],"picked":"EarthLightRay+1","floor":31.0},{"not_picked":["SuperNova","CollectingQuirk"],"picked":"FinalSpark","floor":33.0},{"not_picked":["ManaConvection+1","ShootingEcho","UnstableBomb"],"picked":"SKIP","floor":35},{"not_picked":["ShootingEcho","EarthLightRay+1","RefractionSpark"],"picked":"SKIP","floor":37},{"not_picked":["Orbital+1","WitchLeyline","IllusionStar+1"],"picked":"SKIP","floor":38},{"not_picked":["GasGiant+1","WitchLeyline","DeepEcoloBomb"],"picked":"SKIP","floor":40},{"not_picked":["RefractionSpark","StarBarrage","AbsoluteMagnitude"],"picked":"SKIP","floor":42},{"not_picked":["EnergyFlow+1","AsteroidBelt+1","SprinkleStarSeal+1"],"picked":"SKIP","floor":44},{"not_picked":["EnergyFlow+1","SprinkleStarSeal+1"],"picked":"AsteroidBelt+1","floor":44},{"not_picked":["GravityBeat+1","AsteroidBelt+1","AlicesGift"],"picked":"SKIP","floor":45},{"not_picked":["WitchLeyline","DC","MysteriousBeam"],"picked":"SKIP","floor":46},{"not_picked":["DragonMeteor","NonDirectionalLaser","FairyDestructionRay"],"picked":"SKIP","floor":54}],"player_experience":1117141,"relics_obtained":[{"floor":6.0,"key":"Smiling Mask"},{"floor":6.0,"key":"Boot"},{"floor":9.0,"key":"Omamori"},{"floor":11.0,"key":"Bronze Scales"},{"floor":11.0,"key":"Shuriken"},{"floor":12.0,"key":"Happy Flower"},{"floor":14.0,"key":"FossilizedHelix"},{"floor":14.0,"key":"Pen Nib"},{"floor":23.0,"key":"Gambling Chip"},{"floor":23.0,"key":"MealTicket"},{"floor":25.0,"key":"Mummified Hand"},{"floor":25.0,"key":"Toxic Egg 2"},{"floor":26.0,"key":"Dream Catcher"},{"floor":29.0,"key":"Anchor"},{"floor":29.0,"key":"ShroomBag"},{"floor":34,"key":"Akabeko"},{"floor":34,"key":"Eternal Feather"},{"floor":34,"key":"Thread and Needle"},{"floor":40,"key":"Girya"},{"floor":40,"key":"Juzu Bracelet"},{"floor":42,"key":"Toy Ornithopter"},{"floor":42,"key":"Vajra"},{"floor":43,"key":"Bottled Lightning"},{"floor":44,"key":"Oddly Smooth Stone"},{"floor":44,"key":"Frozen Egg 2"},{"floor":48,"key":"Old Coin"},{"floor":54,"key":"Pantograph"},{"floor":54,"key":"Nunchaku"}],"event_choices":[{"cards_removed":["Defend_MRS"],"damage_healed":0.0,"max_hp_gain":0.0,"max_hp_loss":0.0,"gold_gain":0.0,"event_name":"The Cleric","player_choice":"Card Removal","floor":10.0,"gold_loss":50.0,"damage_taken":0.0},{"damage_healed":0.0,"max_hp_gain":0.0,"max_hp_loss":0.0,"gold_gain":0.0,"event_name":"Dead Adventurer","player_choice":"Searched \u00272\u0027 times","floor":12.0,"gold_loss":0.0,"damage_taken":0.0},{"cards_removed":["Defend_MRS"],"damage_healed":0.0,"max_hp_gain":0.0,"max_hp_loss":0.0,"gold_gain":0.0,"event_name":"Bonfire Elementals","player_choice":"Offered Basic","floor":19.0,"gold_loss":0.0,"damage_taken":0.0},{"damage_healed":0.0,"max_hp_gain":0.0,"max_hp_loss":0.0,"gold_gain":0.0,"event_name":"Drug Dealer","player_choice":"Inject Mutagens","floor":21.0,"gold_loss":0.0,"damage_taken":0.0,"relics_obtained":["MutagenicStrength"]},{"cards_removed":["Defend_MRS"],"damage_healed":0,"gold_gain":0,"player_choice":"Removed Skill","damage_taken":0,"max_hp_gain":0,"max_hp_loss":0,"event_name":"Falling","floor":39,"gold_loss":0},{"damage_healed":0,"gold_gain":0,"player_choice":"Fight","damage_taken":0,"max_hp_gain":0,"max_hp_loss":0,"event_name":"Mysterious Sphere","floor":48,"gold_loss":0}],"is_beta":false,"boss_relics":[{"not_picked":["Busted Crown","Runic Pyramid"],"picked":"Sozu"},{"not_picked":["Pandora\u0027s Box","Astrolabe"],"picked":"Calling Bell"}],"items_purged_floors":[2,7,36,53],"is_endless":false,"potions_floor_spawned":[1,4,11,12,13,14,18,23,30,42,44,45,46],"ascension_level":13}}