{"host":"ldbx2jhnvtia1ouf","time":1610350414,"event":{"mods":["BaseMod","Better Note","Better Sensory Stone","Better Skull","Better Third Choice","Block Reminder","Colored Map","Colored Powertips","Curses Come First","Highlight Path","Minty Spire (QoL Compilation)","Permanent Neow","Spicy Shops","StSLib","Transform Curses","Unceasing Turn Reminder"],"gold_per_floor":[117,129,129,129,2,2,18,0,0,20,20,44,71,89,89,184,184,201,219,219,236,246,246,274,274,324,343,343,343,164,189,189,284,284,299,299,299,54,54,81,81,95,119,169,169,179,212,226,226,226,226],"floor_reached":50,"playtime":3173,"items_purged":["Strike_R","Strike_R"],"score":563,"play_id":"38f94713-9e98-4ff9-855c-c511198c92be","local_time":"20210111173334","is_ascension_mode":false,"campfire_choices":[{"data":"Metamorphosis","floor":6,"key":"SMITH"},{"floor":11,"key":"RECALL"},{"floor":15,"key":"REST"},{"data":"Exhume","floor":23,"key":"SMITH"},{"floor":25,"key":"REST"},{"floor":29,"key":"REST"},{"floor":32,"key":"REST"},{"data":"Metallicize","floor":41,"key":"SMITH"},{"data":"Madness","floor":45,"key":"SMITH"},{"floor":49,"key":"REST"}],"circlet_count":0,"master_deck":["Strike_R","Strike_R","Defend_R","Defend_R","Defend_R","Bash","Pummel","Seeing Red","Metamorphosis+1","Apotheosis+1","Shrug It Off","Ghostly Armor","Enlightenment+1","Double Tap","Exhume+1","CurseOfTheBell","Rage","Entrench+1","Shrug It Off","Metallicize+1","Iron Wave+1","Madness+1","Madness","Spot Weakness+1","Body Slam+1","Evolve+1"],"relics":["Burning Blood","Lizard Tail","Oddly Smooth Stone","Shuriken","Calling Bell","Happy Flower","Ornamental Fan","FossilizedHelix","Centennial Puzzle","Toy Ornithopter","Boot","Sozu","Strange Spoon","Potion Belt","Orichalcum","Blood Vial","Prayer Wheel","Bag of Marbles"],"acts_visited":["Exordium","TheCity","TheBeyond"],"potions_floor_usage":[13,16,21,24,33],"damage_taken":[{"damage":6,"enemies":"Jaw Worm","floor":1,"turns":3},{"damage":3,"enemies":"Small Slimes","floor":2,"turns":3},{"damage":0,"enemies":"2 Louse","floor":7,"turns":3},{"damage":11,"enemies":"Exordium Wildlife","floor":10,"turns":4},{"damage":9,"enemies":"3 Sentries","floor":13,"turns":6},{"damage":6,"enemies":"2 Fungi Beasts","floor":14,"turns":3},{"damage":75,"enemies":"The Guardian","floor":16,"turns":6},{"damage":16,"enemies":"Spheric Guardian","floor":18,"turns":4},{"damage":10,"enemies":"Shell Parasite","floor":19,"turns":5},{"damage":7,"enemies":"Snake Plant","floor":21,"turns":5},{"damage":1,"enemies":"Snecko","floor":22,"turns":5},{"damage":58,"enemies":"Slavers","floor":24,"turns":5},{"damage":26,"enemies":"Sentry and Sphere","floor":27,"turns":7},{"damage":9,"enemies":"Gremlin Leader","floor":31,"turns":5},{"damage":74,"enemies":"Automaton","floor":33,"turns":12},{"damage":18,"enemies":"3 Darklings","floor":35,"turns":5},{"damage":2,"enemies":"Nemesis","floor":40,"turns":5},{"damage":9,"enemies":"3 Shapes","floor":42,"turns":6},{"damage":3,"enemies":"Mind Bloom Boss Battle","floor":44,"turns":9},{"damage":54,"enemies":"Transient","floor":46,"turns":5},{"damage":49,"enemies":"Giant Head","floor":47,"turns":7},{"damage":13,"enemies":"4 Shapes","floor":48,"turns":3},{"damage":88,"enemies":"Time Eater","floor":50,"turns":9}],"seed_played":"5909571935570413122","potions_obtained":[{"floor":1,"key":"SpeedPotion"},{"floor":2,"key":"LiquidBronze"},{"floor":10,"key":"GamblersBrew"},{"floor":18,"key":"BloodPotion"},{"floor":19,"key":"HeartOfIron"},{"floor":24,"key":"ColorlessPotion"}],"is_trial":false,"path_per_floor":["M","M","?","?","$","R","M","?","T","M","R","T","E","M","R","B",null,"M","M","?","M","M","R","E","R","T","M","?","R","$","E","R","B",null,"M","?","?","$","T","E","R","M","T","?","R","M","E","M","R","B"],"character_chosen":"IRONCLAD","items_purchased":["Lizard Tail","Shrug It Off","Shrug It Off","Metallicize","Strange Spoon"],"campfire_rested":5,"item_purchase_floors":[5,5,30,30,38],"current_hp_per_floor":[56,59,59,59,59,59,65,71,71,66,66,66,63,63,86,17,86,76,72,72,71,76,76,41,66,66,46,46,71,71,68,86,18,86,74,63,63,63,63,67,67,64,64,69,69,23,49,44,69,0,0],"gold":226,"neow_bonus":"TRANSFORM_TWO_CARDS","is_daily":false,"chose_seed":false,"campfire_upgraded":4,"win_rate":0.0,"timestamp":1610350414,"path_taken":["M","M","?","?","?","R","M","?","T","M","R","?","E","?","R","BOSS","M","M","?","?","M","R","E","R","T","M","?","R","$","E","R","BOSS","M","?","?","$","?","E","R","M","T","?","R","M","E","M","R","BOSS"],"items_purchased_type":["Relic","Card","Card","Card","Relic"],"build_version":"2020-12-22","purchased_purges":2,"victory":false,"max_hp_per_floor":[80,80,80,80,80,80,80,86,86,86,86,86,86,86,86,86,86,86,86,86,86,86,86,86,86,86,86,86,86,86,86,86,86,86,86,86,86,86,86,86,86,86,86,86,86,86,86,86,86,86,86],"card_choices":[{"not_picked":["Cleave","Heavy Blade"],"picked":"Seeing Red","floor":1},{"not_picked":["Burning Pact","Anger","Flex"],"picked":"SKIP","floor":2},{"not_picked":["Mind Blast","Secret Weapon"],"picked":"Metamorphosis","floor":3},{"not_picked":["Thunderclap","Warcry"],"picked":"Ghostly Armor","floor":7},{"not_picked":["Flex","Headbutt"],"picked":"Double Tap","floor":10},{"not_picked":["True Grit","Clothesline","Headbutt"],"picked":"SKIP","floor":13},{"not_picked":["Brutality","Shrug It Off","Dark Embrace"],"picked":"SKIP","floor":14},{"not_picked":["Brutality","Immolate"],"picked":"Exhume","floor":16},{"not_picked":["Havoc","Clash","Twin Strike"],"picked":"SKIP","floor":18},{"not_picked":["Warcry","Heavy Blade"],"picked":"Rage","floor":19},{"not_picked":["Flex","Power Through","Havoc"],"picked":"SKIP","floor":21},{"not_picked":["Brutality","Searing Blow","Anger+1"],"picked":"SKIP","floor":22},{"not_picked":["Juggernaut","Rampage"],"picked":"Entrench+1","floor":24},{"not_picked":["Sever Soul","Wild Strike","Evolve+1"],"picked":"SKIP","floor":27},{"not_picked":["Clothesline","Headbutt","Havoc+1"],"picked":"SKIP","floor":31},{"not_picked":["Warcry+1","Clothesline+1"],"picked":"Iron Wave+1","floor":35},{"not_picked":["Immolate","Anger"],"picked":"Spot Weakness+1","floor":40},{"not_picked":["Wild Strike","Cleave","True Grit+1"],"picked":"SKIP","floor":42},{"not_picked":["Heavy Blade+1","Cleave"],"picked":"Body Slam+1","floor":44},{"not_picked":["Iron Wave+1","Headbutt+1"],"picked":"Evolve+1","floor":46},{"not_picked":["Armaments+1","True Grit","Clothesline"],"picked":"SKIP","floor":46},{"not_picked":["Sword Boomerang","Twin Strike","Thunderclap"],"picked":"SKIP","floor":47},{"not_picked":["Armaments+1","Sword Boomerang+1","Carnage+1"],"picked":"SKIP","floor":48},{"not_picked":["Brutality","Warcry","Uppercut"],"picked":"SKIP","floor":48}],"player_experience":103400,"relics_obtained":[{"floor":12,"key":"Oddly Smooth Stone"},{"floor":13,"key":"Shuriken"},{"floor":17,"key":"Happy Flower"},{"floor":17,"key":"Ornamental Fan"},{"floor":17,"key":"FossilizedHelix"},{"floor":24,"key":"Centennial Puzzle"},{"floor":26,"key":"Toy Ornithopter"},{"floor":31,"key":"Boot"},{"floor":39,"key":"Potion Belt"},{"floor":40,"key":"Orichalcum"},{"floor":43,"key":"Blood Vial"},{"floor":44,"key":"Prayer Wheel"},{"floor":47,"key":"Bag of Marbles"}],"event_choices":[{"damage_healed":0,"gold_gain":1,"player_choice":"1","damage_taken":0,"max_hp_gain":0,"max_hp_loss":0,"event_name":"betterStone:BetterStone","floor":3,"gold_loss":0},{"damage_healed":59,"gold_gain":0,"player_choice":"Embrace","damage_taken":0,"max_hp_gain":0,"max_hp_loss":80,"event_name":"betterThird:BetterShining","floor":4,"gold_loss":0},{"damage_healed":0,"gold_gain":0,"player_choice":"RENOUNCE","damage_taken":18,"max_hp_gain":0,"max_hp_loss":0,"event_name":"betterThird:BetterSerpent","floor":8,"gold_loss":18,"cards_obtained":["Enlightenment"]},{"cards_removed":["Apotheosis"],"damage_healed":0,"gold_gain":0,"player_choice":"Give","damage_taken":0,"max_hp_gain":0,"max_hp_loss":0,"event_name":"betterNote:BetterNote","floor":20,"gold_loss":0,"cards_obtained":["None"]},{"damage_healed":0,"gold_gain":0,"player_choice":"Serpent","damage_taken":0,"max_hp_gain":0,"max_hp_loss":0,"event_name":"BanditSerpent","floor":28,"gold_loss":0},{"damage_healed":0,"gold_gain":0,"player_choice":"Embrace Madness","damage_taken":11,"max_hp_gain":0,"max_hp_loss":0,"event_name":"Winding Halls","floor":36,"gold_loss":0,"cards_obtained":["Madness","Madness"]},{"cards_removed":["Body Slam"],"damage_healed":0,"gold_gain":0,"player_choice":"Removed Attack","damage_taken":0,"max_hp_gain":0,"max_hp_loss":0,"event_name":"Falling","floor":37,"gold_loss":0},{"damage_healed":0,"gold_gain":0,"player_choice":"Fight","damage_taken":0,"max_hp_gain":0,"max_hp_loss":0,"event_name":"MindBloom","floor":44,"gold_loss":0}],"is_beta":false,"boss_relics":[{"not_picked":["Runic Dome","Fusion Hammer"],"picked":"Calling Bell"},{"not_picked":["Astrolabe","Black Star"],"picked":"Sozu"}],"items_purged_floors":[30,38],"is_endless":false,"potions_floor_spawned":[1,2,10,18,19,24,42,48],"killed_by":"Time Eater","ascension_level":0}}