{"host":"5wf60zc4jjt9ov65","time":1610329339,"event":{"mods":["AchievementEnabler","BaseMod","Beaked The Cultist","Better Altar","Better Match","Better Note","Better Sensory Stone","Better Skull","Better Third Choice","BetterRewards","Colored Map","Colored Powertips","Downfall","Googly Eyes","Halation","Highlight Path","Hubris","Infinite Spire","Minty Spire (QoL Compilation)","Permanent Neow","Quick Restart","Replay The Spire","StSLib","The Bug Knight","The Construct"],"gold_per_floor":[117,117,117,131,147,147,164,179,228,228,228,228,239,259,259,354,354,368,368,383,383,383,383,413,433,433],"floor_reached":25,"playtime":849,"items_purged":[],"score":145,"play_id":"14876702-9331-4dd0-9c15-0e5e6f60bed0","local_time":"20210110204219","is_ascension_mode":false,"campfire_choices":[{"data":"hubris:Fate","floor":12.0,"key":"SMITH"},{"floor":15.0,"key":"REST"},{"floor":23.0,"key":"REST"}],"circlet_count":0,"master_deck":["HollowMod:NailStrikeStart","HollowMod:NailStrikeStart","HollowMod:NailStrikeStart","HollowMod:NailStrikeStart+1","HollowMod:QuickDashStart","HollowMod:QuickDashStart","HollowMod:QuickDashStart+1","HollowMod:FocusHealStart","HollowMod:PogoStrike","HollowMod:HornetsHelp","HollowMod:LifebloodCocoon+1","HollowMod:SoulShaman","HollowMod:CycloneSlash","hubris:Fate+1","HollowMod:SiblingsSouls","HollowMod:CycloneSlash","HollowMod:CornifersMapStart","HollowMod:CornifersMapStart","HollowMod:NewInfectedGuardian","HollowMod:BrokenVessel+1","HollowMod:DashSlash+1","HollowMod:ZotesMagnificence","HollowMod:HowlingWraiths"],"relics":["HollowMod:VesselMask","hubris:Towel","HollowMod:IsmasTear","halation:TwoAmDonut","Simple Rune","hubris:BlackHole","Replay:Bandana","Pet Ghost","hubris:TenFootPole"],"acts_visited":["Exordium","TheCity"],"potions_floor_usage":[25,25],"damage_taken":[{"damage":1.0,"enemies":"Jaw Worm","floor":1.0,"turns":4.0},{"damage":0.0,"enemies":"Cultist","floor":4.0,"turns":3.0},{"damage":3.0,"enemies":"Small Slimes","floor":5.0,"turns":3.0},{"damage":0.0,"enemies":"2 Fungi Beasts","floor":7.0,"turns":2.0},{"damage":0.0,"enemies":"Lots of Slimes","floor":8.0,"turns":3.0},{"damage":7.0,"enemies":"Blue Slaver","floor":13.0,"turns":3.0},{"damage":1.0,"enemies":"Red Slaver","floor":14.0,"turns":4.0},{"damage":0.0,"enemies":"The Guardian","floor":16.0,"turns":1.0},{"damage":0.0,"enemies":"Shell Parasite","floor":18.0,"turns":1.0},{"damage":0.0,"enemies":"Spheric Guardian","floor":20.0,"turns":2.0},{"damage":0,"enemies":"Snecko","floor":24,"turns":3},{"damage":47,"enemies":"HollowMod:Nosk","floor":25,"turns":8}],"seed_played":"6232601024840886985","potions_obtained":[{"floor":5.0,"key":"SkillPotion"},{"floor":8.0,"key":"SteroidPotion"},{"floor":18.0,"key":"Doom Potion"}],"is_trial":false,"path_per_floor":["M","?","?","M","M","?","M","M","T","?","?","R","M","M","R","B",null,"M","?","M","?","?","R","M","E"],"character_chosen":"THE_BUGKNIGHT","items_purchased":[],"campfire_rested":2,"item_purchase_floors":[],"current_hp_per_floor":[75,75,75,75,75,58,58,58,58,58,58,58,51,56,75,75,75,75,75,75,24,24,46,46,0,0],"gold":433,"neow_bonus":"ONE_RANDOM_RARE_CARD","is_daily":false,"chose_seed":false,"campfire_upgraded":1,"win_rate":0.0,"timestamp":1610329339,"path_taken":["M","?","?","M","?","?","M","M","T","?","?","R","M","M","R","BOSS","M","?","?","?","?","R","M","E"],"items_purchased_type":[],"build_version":"2020-12-22","purchased_purges":0,"victory":false,"max_hp_per_floor":[75,75,75,75,75,75,75,75,75,75,75,75,75,75,75,75,75,75,75,75,75,75,75,75,75,75],"card_choices":[{"not_picked":["HollowMod:SoulSplash","HollowMod:MothsMistake"],"picked":"HollowMod:LifebloodCocoon","floor":1.0},{"not_picked":["HollowMod:InfectedAttack","HollowMod:FastStrike"],"picked":"HollowMod:SoulShaman","floor":4.0},{"not_picked":["HollowMod:ChannelNail","HollowMod:SharpenedNail"],"picked":"HollowMod:CycloneSlash","floor":5.0},{"not_picked":["infinitespire:SealOfDarkness+","hubris:InfiniteBlow+9"],"picked":"hubris:Fate","floor":6.0},{"not_picked":["HollowMod:DoubleDash","HollowMod:ShapeofUnn"],"picked":"HollowMod:SiblingsSouls","floor":7.0},{"not_picked":["HollowMod:RecoilStrike","HollowMod:CoiledNail"],"picked":"HollowMod:CycloneSlash","floor":8.0},{"not_picked":["HollowMod:RecoilStrike","HollowMod:QuirrelsAssistance"],"picked":"HollowMod:CornifersMapStart","floor":13.0},{"not_picked":["HollowMod:LuriensSpire","HollowMod:CoiledNail"],"picked":"HollowMod:CornifersMapStart","floor":14.0},{"not_picked":["HollowMod:VoidDash","HollowMod:LordofShades"],"picked":"HollowMod:NewInfectedGuardian","floor":16.0},{"not_picked":["HollowMod:SoulVessel","HollowMod:WraithStrike"],"picked":"HollowMod:BrokenVessel+1","floor":18.0},{"not_picked":["HollowMod:PureNailStrike","HollowMod:NewGlowingWomb"],"picked":"HollowMod:DashSlash+1","floor":20.0},{"not_picked":["HollowMod:CornifersMapStart","HollowMod:DescendingDark"],"picked":"HollowMod:HowlingWraiths","floor":24}],"player_experience":72335,"relics_obtained":[{"floor":9.0,"key":"HollowMod:IsmasTear"},{"floor":10.0,"key":"halation:TwoAmDonut"}],"event_choices":[{"damage_healed":0.0,"max_hp_gain":0.0,"max_hp_loss":0.0,"gold_gain":0.0,"event_name":"Accursed Blacksmith","player_choice":"Forge","floor":3.0,"gold_loss":0.0,"damage_taken":0.0,"cards_upgraded":["HollowMod:LifebloodCocoon"]},{"damage_healed":0.0,"max_hp_gain":0.0,"max_hp_loss":0.0,"gold_gain":0.0,"event_name":"WeMeetAgain","player_choice":"Gave Potion","floor":11.0,"gold_loss":0.0,"damage_taken":0.0,"relics_obtained":["Simple Rune"]},{"damage_healed":0.0,"max_hp_gain":0.0,"max_hp_loss":0.0,"gold_gain":0.0,"event_name":"Purifier","player_choice":"Ignored","floor":19.0,"gold_loss":0.0,"damage_taken":0.0},{"damage_healed":0.0,"max_hp_gain":0.0,"max_hp_loss":0.0,"gold_gain":0.0,"event_name":"betterSkull:BetterSkull","player_choice":"RE RE RE ","floor":21.0,"gold_loss":0.0,"damage_taken":58.0,"cards_upgraded":[],"relics_obtained":["Replay:Bandana","Pet Ghost","hubris:TenFootPole"]},{"damage_healed":0.0,"max_hp_gain":0.0,"max_hp_loss":0.0,"gold_gain":0.0,"cards_transformed":["HollowMod:QuickDashStart"],"event_name":"Transmorgrifier","player_choice":"Transformed","floor":22.0,"gold_loss":0.0,"damage_taken":0.0,"cards_obtained":["HollowMod:ZotesMagnificence"]}],"is_beta":false,"boss_relics":[{"not_picked":["halation:CatFaceCupcake","Philosopher\u0027s Stone"],"picked":"hubris:BlackHole"}],"items_purged_floors":[],"is_endless":false,"potions_floor_spawned":[5,8,18],"killed_by":"HollowMod:Nosk","ascension_level":0}}