{"host":"y087t2reloz9bi43","time":1610327219,"event":{"mods":["2.2 Compatiblity","AchievementEnabler","Aspiration","BaseMod","Beaked The Cultist","Bestiary","Better Note","Better Vampires","BetterRewards","ChefMod","Colored Map","Colored Powertips","Conspire","Downfall","Ekko","Fireblade Mod","Friendly Minions","GifTheSpireLib","Halation","Hermit","Hubris","Infinite Spire","Jedi Mod","JesterMod","Jorbs\u0027s Wanderer Trilogy","Mad Scientist","Marisa????????","Mimic Mod","Minty Spire (QoL Compilation)","Permanent Neow","Rare Cards Sparkle","Relic Stats","Replay The Spire","Robot Space Explorer","Shade Mod","Shop Mod","StSLib","The Blackbeard","The Bug Knight","The Construct","The Cursed","The Hierophant","The Jungle","The Marked","The Mystic","The Necromancer","The Runesmith","The Servant 0.9.4","TheHeartMod","TheHero","TheVacant","Uncapped","everything is the same but u backflip on backflip","vexMod"],"gold_per_floor":[0,150,168,268,279,296,296,296,296,312,327,355,280,306,327,454,454,454,454,364,364,364,364,364,364,364,364,364,364,364,364,364,364,364,364,364,364,364,47,47,47,47,47,47,47,47,47,47,47,47,47,47,47,47,47,47,47],"floor_reached":55,"playtime":6032,"items_purged":["Slimebound:Icky","hexamod:Strike","hexamod:Defend"],"score":717,"play_id":"8c155256-c537-45fc-aa19-f6a5d538df90","local_time":"20210111010659","is_ascension_mode":false,"campfire_choices":[{"data":"hexamod:Float","floor":1,"key":"SMITH"},{"floor":8,"key":"RECALL"},{"data":"hexamod:ParanormalForm","floor":13,"key":"SMITH"},{"data":"hexamod:TimeOfNeed","floor":18,"key":"SMITH"},{"floor":23,"key":"REST"},{"floor":26,"key":"REST"},{"floor":30,"key":"REST"},{"floor":35,"key":"REST"},{"floor":44,"key":"DIG"},{"floor":54,"key":"DIG"}],"circlet_count":0,"master_deck":["hexamod:Strike","hexamod:Strike+1","hexamod:Strike","hexamod:Defend+1","hexamod:Defend+1","hexamod:Defend+1","hexamod:Sear","hexamod:Float+1","hexamod:ParanormalForm+1","hexamod:SpectersWail","hexamod:GhostShield","hexamod:DynamicBlow","hexamod:NightmareGuise","hexamod:FirstSeal","hexamod:Hexaguard+1","hexamod:TimeOfNeed+1","hexamod:SwordOfDarkness+1","hexamod:SwordOfDarkness+1","hexamod:DynamicBlow+1","theMarked:Levitate","hexamod:SixthSeal","hexamod:Haunt","hexamod:TimeOfNeed","AbeCurse","hexamod:Hexaguard","hexamod:PowerFromBeyond+1","hexamod:SpectersWail+1","hexamod:RecurringNightmare","hexamod:GhostLash+1"],"relics":["hexamod:SpiritBrand","Matryoshka","hubris:DeckOfHolding","downfall:HeartBlessingRed","halation:IllGainedPizza","downfall:Hecktoplasm","halation:OrihimeAndHikoboshiSamaAndTears","Fusion Hammer","Happy Flower","downfall:HeartBlessingBlue","Nloth\u0027s Gift","InkBottle","Abe\u0027s Treasure","downfall:HeartBlessingGreen","Shovel","hubris:Towel","aspiration:HummingbirdHeart","aspiration:SeaSaltIceCream","Golden Idol","Nunchaku","ReplayTheSpireMod:Shallot","StoneCalendar","Runesmith:Nanobots","Chameleon Ring"],"acts_visited":["Exordium","TheCity","TheBeyond","TheEnding"],"potions_floor_usage":[16,16,19,33,43,55,55,55],"damage_taken":[{"damage":1,"enemies":"Jaw Worm","floor":3,"turns":4},{"damage":0,"enemies":"Small Slimes","floor":5,"turns":3},{"damage":0,"enemies":"Cultist","floor":6,"turns":3},{"damage":5,"enemies":"Lots of Slimes","floor":10,"turns":3},{"damage":3,"enemies":"Gremlin Gang","floor":11,"turns":4},{"damage":0,"enemies":"Replay:BlueRogue","floor":12,"turns":5},{"damage":7,"enemies":"HollowMod:MossKnight","floor":14,"turns":6},{"damage":0,"enemies":"3 Louse","floor":15,"turns":3},{"damage":57,"enemies":"downfall:Defect","floor":16,"turns":9},{"damage":8,"enemies":"Shell Parasite","floor":19,"turns":4},{"damage":0,"enemies":"downfall:FleeingMerchant","floor":20,"turns":4},{"damage":0,"enemies":"Chosen","floor":21,"turns":4},{"damage":0,"enemies":"Snecko","floor":25,"turns":3},{"damage":10,"enemies":"conspire:SneckoGhost","floor":27,"turns":6},{"damage":38,"enemies":"Nightmare","floor":31,"turns":5},{"damage":1,"enemies":"Snake Plant","floor":32,"turns":3},{"damage":14,"enemies":"downfall:Silent","floor":33,"turns":6},{"damage":17,"enemies":"Orb Walker","floor":36,"turns":4},{"damage":6,"enemies":"3 Shapes","floor":37,"turns":4},{"damage":0,"enemies":"Spire Growth","floor":38,"turns":4},{"damage":0,"enemies":"downfall:FleeingMerchant","floor":39,"turns":4},{"damage":0,"enemies":"Sphere and 2 Shapes","floor":43,"turns":4},{"damage":0,"enemies":"4 Shapes","floor":48,"turns":2},{"damage":0,"enemies":"Jaw Worm Horde","floor":49,"turns":3},{"damage":9,"enemies":"downfall:Ironclad","floor":50,"turns":6},{"damage":17,"enemies":"downfall:CharBossMerchant","floor":52,"turns":5},{"damage":79,"enemies":"downfall:NeowBoss","floor":55,"turns":20}],"seed_played":"-5158949048940762660","potions_obtained":[{"floor":3,"key":"Reflective Coating"},{"floor":9,"key":"downfall:CursedFountainPotion"},{"floor":10,"key":"Dexterity Potion"},{"floor":11,"key":"FearPotion"},{"floor":16,"key":"ColorlessPotion"},{"floor":21,"key":"Block Potion"},{"floor":25,"key":"LiquidMemories"},{"floor":33,"key":"Fire Potion"},{"floor":43,"key":"hexamod:InfernoChargePotion"}],"is_trial":false,"path_per_floor":["R","?","M","?","M","M","T","R","?","M","M","E","R","E","M","B",null,"R","M","$","M","AVR","R","T","M","R","E","?","?","R","NM","M","B",null,"R","M","M","M","$","?","T","$","M","R","?","?","AVR","M","M","B",null,"E","$","R","B"],"character_chosen":"THE_SPIRIT","items_purchased":["Shovel"],"campfire_rested":4,"item_purchase_floors":[39],"current_hp_per_floor":[70,70,69,69,69,69,69,69,69,64,61,61,61,54,61,4,70,70,69,70,70,70,70,70,70,80,70,70,70,80,42,48,41,80,80,70,64,71,78,78,78,78,80,80,80,80,80,80,80,78,80,70,70,70,0,0,0],"gold":47,"neow_bonus":"THREE_RARE_CARDS","is_daily":false,"chose_seed":false,"campfire_upgraded":3,"win_rate":0.0,"timestamp":1610327219,"path_taken":["R","?","M","?","M","M","T","R","?","?","M","E","R","E","M","BOSS","R","M","?","?","AVR","R","T","M","R","E","?","?","R","NM","M","BOSS","R","M","?","M","$","?","T","$","M","R","?","?","AVR","M","M","BOSS","E","$","R","BOSS"],"items_purchased_type":["Relic"],"build_version":"2020-12-22","purchased_purges":3,"victory":false,"max_hp_per_floor":[70,70,70,70,70,70,70,70,70,70,70,70,70,70,70,70,70,70,70,70,70,70,70,70,70,80,80,80,80,80,80,80,80,80,80,80,80,80,80,80,80,80,80,80,80,80,80,80,80,80,80,80,80,80,80,80,80],"relic_stats":{"Nunchaku":[10],"Shovel":2,"Happy Flower":[26],"counters":[27,131],"Golden Idol":43,"StoneCalendar":[52],"Nloth\u0027s Gift":5,"obtain_stats":[{"downfall:HeartBlessingGreen":35,"StoneCalendar":47,"Nunchaku":44,"Matryoshka":7,"Shovel":39,"Chameleon Ring":54,"downfall:HeartBlessingBlue":26,"hubris:DeckOfHolding":12,"Fusion Hammer":22,"downfall:Hecktoplasm":17,"hexamod:SpiritBrand":0,"InkBottle":31,"halation:OrihimeAndHikoboshiSamaAndTears":22,"Runesmith:Nanobots":52,"downfall:HeartBlessingRed":13,"Happy Flower":24,"Golden Idol":41,"halation:IllGainedPizza":14,"aspiration:HummingbirdHeart":41,"aspiration:SeaSaltIceCream":41,"hubris:Towel":40,"ReplayTheSpireMod:Shallot":45,"Nloth\u0027s Gift":29,"infinitespire:PuzzleCube":27,"Abe\u0027s Treasure":34},{"downfall:HeartBlessingGreen":17,"StoneCalendar":22,"Nunchaku":22,"Matryoshka":3,"Shovel":21,"Chameleon Ring":26,"downfall:HeartBlessingBlue":13,"hubris:DeckOfHolding":6,"Fusion Hammer":12,"downfall:Hecktoplasm":9,"hexamod:SpiritBrand":0,"InkBottle":15,"halation:OrihimeAndHikoboshiSamaAndTears":12,"Runesmith:Nanobots":26,"downfall:HeartBlessingRed":6,"Happy Flower":12,"Golden Idol":21,"halation:IllGainedPizza":7,"aspiration:HummingbirdHeart":21,"aspiration:SeaSaltIceCream":21,"hubris:Towel":21,"ReplayTheSpireMod:Shallot":22,"Nloth\u0027s Gift":14,"infinitespire:PuzzleCube":14,"Abe\u0027s Treasure":17},{"downfall:HeartBlessingGreen":75,"StoneCalendar":95,"Nunchaku":95,"Matryoshka":10,"Shovel":91,"Chameleon Ring":111,"downfall:HeartBlessingBlue":55,"hubris:DeckOfHolding":22,"Fusion Hammer":52,"downfall:Hecktoplasm":40,"hexamod:SpiritBrand":0,"InkBottle":66,"halation:OrihimeAndHikoboshiSamaAndTears":52,"Runesmith:Nanobots":111,"downfall:HeartBlessingRed":22,"Happy Flower":52,"Golden Idol":91,"halation:IllGainedPizza":28,"aspiration:HummingbirdHeart":91,"aspiration:SeaSaltIceCream":91,"hubris:Towel":91,"ReplayTheSpireMod:Shallot":95,"Nloth\u0027s Gift":61,"infinitespire:PuzzleCube":61,"Abe\u0027s Treasure":75}],"InkBottle":[41]},"card_choices":[{"not_picked":["hexamod:SearingWound","hexamod:GiftsFromTheDead"],"picked":"hexamod:ParanormalForm","floor":0},{"not_picked":["hexamod:RadiantFlame","hexamod:PowerFromBeyond"],"picked":"hexamod:SpectersWail","floor":3},{"not_picked":["hexamod:ShieldOfDarkness","hexamod:GhostOfSpirePresent","hexamod:Firestarter"],"picked":"SKIP","floor":5},{"not_picked":["hexamod:HeatShield","hexamod:Incineration"],"picked":"hexamod:GhostShield","floor":6},{"not_picked":["hexamod:HeatShield","hexamod:ShieldOfDarkness"],"picked":"hexamod:DynamicBlow","floor":10},{"not_picked":["hexamod:NecessarySacrifice","hexamod:StepThrough","hexamod:Firestarter"],"picked":"SKIP","floor":11},{"not_picked":["hexamod:FirstSeal","hexamod:Incineration"],"picked":"hexamod:NightmareGuise","floor":12},{"not_picked":["hexamod:ExtraCrispy","hexamod:ThirdSeal"],"picked":"hexamod:FirstSeal","floor":14},{"not_picked":["hexamod:AdvancingGuard","hexamod:SpectersWail"],"picked":"hexamod:Hexaguard","floor":15},{"not_picked":["hexamod:Toasty","hexamod:EmpoweringStance"],"picked":"hexamod:TimeOfNeed","floor":16},{"not_picked":["hexamod:RetreatToShadows","hexamod:SoulSteal","hexamod:SwordOfDarkness"],"picked":"SKIP","floor":19},{"not_picked":["hexamod:RainOfEmbers","hexamod:BurningTouch"],"picked":"hexamod:SwordOfDarkness+1","floor":20},{"not_picked":["hexamod:RainOfEmbers+1","hexamod:HauntingEcho+1"],"picked":"hexamod:SwordOfDarkness+1","floor":21},{"not_picked":["hexamod:PhantomFireball","hexamod:BurningTouch","hexamod:FourthSeal"],"picked":"SKIP","floor":25},{"not_picked":["hexamod:Rewind","hexamod:PowerFromBeyond"],"picked":"hexamod:DynamicBlow+1","floor":27},{"not_picked":["hexamod:ChargedBarrage","hexamod:HexaLevel"],"picked":"hexamod:SixthSeal","floor":31},{"not_picked":["hexamod:SecondSeal","hexamod:Firestarter"],"picked":"hexamod:Haunt","floor":32},{"not_picked":["hexamod:TimeWarp","hexamod:ApocalypticArmor"],"picked":"hexamod:TimeOfNeed","floor":33},{"not_picked":["hexamod:HeatMetal","hexamod:StepThrough","hexamod:Again+1"],"picked":"SKIP","floor":36},{"not_picked":["hexamod:ThermalTransfer+1","hexamod:BurningTouch"],"picked":"hexamod:Hexaguard","floor":37},{"not_picked":["hexamod:PhantomCloak","hexamod:VolcanoVisage"],"picked":"hexamod:PowerFromBeyond+1","floor":38},{"not_picked":["hexamod:GhostShield+1","hexamod:StepThrough"],"picked":"hexamod:SpectersWail+1","floor":39},{"not_picked":["hexamod:InspiringFlames","hexamod:RainOfEmbers","hexamod:SpectralSpark+1"],"picked":"SKIP","floor":43},{"not_picked":["hexamod:NecessarySacrifice+1","hexamod:ShieldOfDarkness","hexamod:BurningTouch"],"picked":"SKIP","floor":48},{"not_picked":["hexamod:FirstSeal","hexamod:GhostOfSpirePast+1"],"picked":"hexamod:RecurringNightmare","floor":49},{"not_picked":["hexamod:ApocalypticArmor","hexamod:FlamesFromBeyond"],"picked":"hexamod:GhostLash+1","floor":52}],"player_experience":390869,"relics_obtained":[{"floor":7,"key":"Matryoshka"},{"floor":12,"key":"hubris:DeckOfHolding"},{"floor":14,"key":"halation:IllGainedPizza"},{"floor":24,"key":"Happy Flower"},{"floor":27,"key":"infinitespire:PuzzleCube"},{"floor":31,"key":"InkBottle"},{"floor":41,"key":"aspiration:HummingbirdHeart"},{"floor":41,"key":"aspiration:SeaSaltIceCream"},{"floor":44,"key":"Nunchaku"},{"floor":45,"key":"ReplayTheSpireMod:Shallot"},{"floor":52,"key":"Runesmith:Nanobots"},{"floor":54,"key":"Chameleon Ring"}],"event_choices":[{"cards_removed":["hexamod:TimeOfNeed"],"damage_healed":0,"gold_gain":0,"player_choice":"Take \u0026 Give","damage_taken":0,"max_hp_gain":0,"max_hp_loss":0,"event_name":"betterNote:BetterNote","floor":28,"gold_loss":0,"cards_obtained":["theMarked:Levitate"]}],"is_beta":false,"boss_relics":[{"not_picked":["infinitespire:Cupcake","halation:CatFaceCupcake"],"picked":"downfall:Hecktoplasm"},{"not_picked":["hubris:CrackedHourglass","jedi:paperlyon"],"picked":"Abe\u0027s Treasure"}],"items_purged_floors":[20,22,47],"is_endless":false,"potions_floor_spawned":[3,10,11,15,16,21,25,27,33,37,43,48],"killed_by":"downfall:NeowBoss","ascension_level":0}}