{"host":"akjsb4vg7478j4ls","time":1610383021,"event":{"mods":["BaseMod","Colored Map","Colored Powertips","Minty Spire (QoL Compilation)","Rare Cards Sparkle"],"gold_per_floor":[117,117,133,133,88,129,129,143,168,12,12,16,39,128,140,152,152],"floor_reached":16,"playtime":802,"items_purged":[],"score":123,"play_id":"8e8fe5bd-c7a8-407f-96da-112130c577fc","local_time":"20210111143701","is_ascension_mode":false,"campfire_choices":[{"floor":7,"key":"RECALL"},{"data":"Stack","floor":11,"key":"SMITH"},{"floor":15,"key":"REST"}],"circlet_count":0,"master_deck":["Strike_B","Strike_B","Strike_B","Strike_B","Defend_B","Defend_B","Defend_B","Defend_B","Zap","Dualcast","Streamline","Ball Lightning","Regret","Conserve Battery","Stack+1","Hologram","Seek","Loop"],"relics":["Cracked Core","NeowsBlessing","Golden Idol","Omamori","Bottled Flame","MawBank"],"acts_visited":["Exordium"],"potions_floor_usage":[],"damage_taken":[{"damage":0,"enemies":"2 Louse","floor":1,"turns":1},{"damage":0,"enemies":"Jaw Worm","floor":3,"turns":1},{"damage":0,"enemies":"Lagavulin","floor":6,"turns":1},{"damage":2,"enemies":"Cultist","floor":8,"turns":3},{"damage":19,"enemies":"Exordium Thugs","floor":12,"turns":4},{"damage":64,"enemies":"Slime Boss","floor":16,"turns":6}],"seed_played":"-7600151423150985010","potions_obtained":[{"floor":1,"key":"EssenceOfSteel"},{"floor":3,"key":"Block Potion"},{"floor":12,"key":"FearPotion"}],"is_trial":false,"path_per_floor":["M","?","M","?","$","E","R","M","T","$","R","M","T","?","R","B"],"character_chosen":"DEFECT","items_purchased":["Conserve Battery","Seek"],"campfire_rested":1,"item_purchase_floors":[5,10],"current_hp_per_floor":[75,57,57,57,57,57,57,55,55,55,55,36,36,36,58,0,0],"gold":152,"neow_bonus":"THREE_ENEMY_KILL","is_daily":false,"chose_seed":false,"campfire_upgraded":1,"win_rate":0.0,"timestamp":1610383021,"path_taken":["M","?","M","?","$","E","R","M","T","?","R","?","?","?","R","BOSS"],"items_purchased_type":["Card","Card"],"build_version":"2020-12-22","purchased_purges":0,"victory":false,"max_hp_per_floor":[75,75,75,75,75,75,75,75,75,75,75,75,75,75,75,75,75],"card_choices":[{"not_picked":["Aggregate","Chaos"],"picked":"Streamline","floor":1},{"not_picked":["Aggregate","Darkness"],"picked":"Ball Lightning","floor":3},{"not_picked":["Go for the Eyes","Barrage"],"picked":"Stack","floor":6},{"not_picked":["Reprogram","Streamline"],"picked":"Hologram","floor":8},{"not_picked":["Heatsinks","Coolheaded"],"picked":"Loop","floor":12}],"player_experience":112393,"relics_obtained":[{"floor":6,"key":"Bottled Flame"},{"floor":13,"key":"MawBank"}],"event_choices":[{"damage_healed":0,"gold_gain":0,"player_choice":"Take Damage","damage_taken":18,"relics_obtained":["Golden Idol"],"max_hp_gain":0,"max_hp_loss":0,"event_name":"Golden Idol","floor":2,"gold_loss":0},{"damage_healed":0,"gold_gain":0,"player_choice":"Box","damage_taken":0,"relics_obtained":["Omamori"],"max_hp_gain":0,"max_hp_loss":0,"event_name":"Big Fish","floor":4,"gold_loss":0,"cards_obtained":["Regret"]},{"damage_healed":0,"gold_gain":77,"player_choice":"Gained Gold","damage_taken":0,"max_hp_gain":0,"max_hp_loss":0,"event_name":"Golden Wing","floor":14,"gold_loss":0}],"is_beta":false,"boss_relics":[],"items_purged_floors":[],"is_endless":false,"potions_floor_spawned":[1,3,12],"killed_by":"Slime Boss","ascension_level":0}}