{"host":"qswkx8hggytna0kc","time":1610378097,"event":{"mods":["Aspiration","BaseMod","BetterRewards","Colored Map","Colored Powertips","Highlight Path","Hubris","Mimic Mod","Minty Spire (QoL Compilation)","MostiFishMod","Quick Restart","Replay The Spire","StSLib","SuperFastMode"],"gold_per_floor":[117,117,135,148,162,189,189,223,248,264,264,276,276,292,292,367,367,378,378,394,594,610,644,661,688,711,723,760,772,814,363,363,440,540,557,557,567,578,595,630,630,655,655,655,665,77,107,119,119,119,119,119,119,149,149],"floor_reached":56,"playtime":1725,"items_purged":["Strike_B","Strike_B"],"score":2396,"play_id":"da835d50-65e8-425c-a127-a7bfd12285d1","local_time":"20210111231457","is_ascension_mode":true,"campfire_choices":[{"data":"Zap","floor":7.0,"key":"SMITH"},{"data":"Dualcast","floor":11.0,"key":"SMITH"},{"data":"ReplayGash","floor":13.0,"key":"SMITH"},{"data":"FTL","floor":15.0,"key":"SMITH"},{"data":"Electrodynamics","floor":27,"key":"SMITH"},{"data":"Pot Of Greed","floor":32,"key":"SMITH"},{"data":"MostiFishMod:IntelligentEquipment","floor":41,"key":"SMITH"},{"floor":49,"key":"RECALL"},{"data":"Pot Of Greed","floor":52,"key":"SMITH"}],"circlet_count":0,"master_deck":["AscendersBane","Strike_B+1","Strike_B","Defend_B+1","Defend_B","Defend_B+1","Defend_B","Zap+1","Dualcast+1","Conserve Battery","Electrodynamics+1","Gash","Gash","Go for the Eyes","Conserve Battery+1","ReplayGash+1","FTL+1","MostiFishMod:InterfaceCompatibility+1","Aggregate+1","FTL","Gash","Panic Button+1","Redo+1","Pot Of Greed+1","Pot Of Greed+1","Pot Of Greed","FTL","MostiFishMod:IntelligentEquipment+1","MostiFishMod:PushDownKick+1","Go for the Eyes","Panic Button","FIFO Queue+1","Gash","Redo+1","FTL","Beam Cell+1","Gash+1","Pot Of Greed","Static Discharge+1"],"relics":["Cracked Core","DaveBox","aspiration:Nostalgia","Burning Blood","DianDianMeat","SynthV:TestCard","hubris:Towel","Snack Pack","SynthV:C4","ReplayTheSpireMod:TigerMarble","GuanYuAspect","hubris:MysteriousPyramids","Red Mask","MawBank","Matryoshka","Grinning Jar","ClockworkSouvenir","Symbiotic Virus","Replay:Wanted Poster","Strawberry","Replay:Antivirus Software","Bag of Preparation","HandDrill","DataDisk","War Paint","Simple Rune","hubris:SlimyHat"],"acts_visited":["Exordium","TheCity","TheBeyond","TheEnding"],"potions_floor_usage":[16,55],"damage_taken":[{"damage":0.0,"enemies":"Small Slimes","floor":1.0,"turns":3.0},{"damage":0.0,"enemies":"Cultist","floor":3.0,"turns":4.0},{"damage":0.0,"enemies":"Jaw Worm","floor":4.0,"turns":5.0},{"damage":4.0,"enemies":"Red Slaver","floor":5.0,"turns":3.0},{"damage":20.0,"enemies":"3 Sentries","floor":6.0,"turns":5.0},{"damage":35.0,"enemies":"Gremlin Nob","floor":8.0,"turns":4.0},{"damage":1.0,"enemies":"Looter","floor":10.0,"turns":3.0},{"damage":0.0,"enemies":"Blue Slaver","floor":12.0,"turns":3.0},{"damage":2.0,"enemies":"Large Slime","floor":14.0,"turns":4.0},{"damage":42,"enemies":"Hexaghost","floor":16,"turns":8},{"damage":17,"enemies":"2 Thieves","floor":18,"turns":2},{"damage":0,"enemies":"3 Byrds","floor":20,"turns":2},{"damage":0,"enemies":"3 Cultists","floor":22,"turns":2},{"damage":18,"enemies":"Book of Stabbing","floor":23,"turns":3},{"damage":0,"enemies":"Centurion and Healer","floor":24,"turns":2},{"damage":0,"enemies":"Masked Bandits","floor":25,"turns":2},{"damage":0,"enemies":"Gremlin Leader","floor":28,"turns":3},{"damage":15,"enemies":"Book of Stabbing","floor":30,"turns":4},{"damage":0,"enemies":"Collector","floor":33,"turns":4},{"damage":0,"enemies":"Orb Walker","floor":35,"turns":2},{"damage":12,"enemies":"3 Darklings","floor":37,"turns":4},{"damage":0,"enemies":"Transient","floor":38,"turns":5},{"damage":0,"enemies":"4 Shapes","floor":39,"turns":2},{"damage":0,"enemies":"Giant Head","floor":40,"turns":4},{"damage":14,"enemies":"R_Hoarder","floor":42,"turns":5},{"damage":20,"enemies":"Writhing Mass","floor":45,"turns":4},{"damage":24,"enemies":"Nemesis","floor":47,"turns":5},{"damage":25,"enemies":"Spire Growth","floor":48,"turns":3},{"damage":40,"enemies":"Awakened One","floor":50,"turns":5},{"damage":59,"enemies":"Shield and Spear","floor":54,"turns":4},{"damage":94,"enemies":"The Heart","floor":55,"turns":4}],"seed_played":"-1608208891285091828","potions_obtained":[{"floor":8.0,"key":"SpeedPotion"},{"floor":10.0,"key":"Venom Potion"},{"floor":12.0,"key":"Explosive Potion"},{"floor":22,"key":"LiquidBronze"}],"is_trial":false,"path_per_floor":["M","?","M","M","M","E","R","E","T","M","R","M","R","M","R","B",null,"M","?","M","?","M","E","M","?","T","R","E","$","E","$","R","B",null,"M","?","M","M","M","E","R","E","T","?","M","$","E","M","R","B",null,"R","$","E","B",null],"character_chosen":"DEFECT","items_purchased":["ClockworkSouvenir","Symbiotic Virus","HandDrill","DataDisk","War Paint","FTL"],"campfire_rested":0,"item_purchase_floors":[31,31,46,46,46,46],"current_hp_per_floor":[75,75,76,78,81,71,71,49,49,64,64,79,79,93,93,80,60,57,57,76,76,87,100,106,106,106,106,113,113,154,154,154,196,200,205,205,215,236,257,284,284,310,310,322,334,347,387,408,408,446,450,450,450,455,434],"gold":149,"neow_bonus":"NOSTALGIA","is_daily":false,"chose_seed":false,"campfire_upgraded":8,"win_rate":0.0,"timestamp":1610378097,"path_taken":["M","?","M","M","M","E","R","E","T","M","R","M","R","M","R","BOSS","M","?","M","?","?","E","M","?","T","R","E","$","E","$","R","BOSS","M","?","?","M","M","E","R","E","T","?","M","$","E","M","R","BOSS","R","$","E","BOSS"],"items_purchased_type":["Relic","Relic","Relic","Relic","Relic","Card"],"build_version":"2020-12-22","purchased_purges":2,"victory":true,"max_hp_per_floor":[76,76,76,78,81,85,85,90,90,96,96,103,103,111,111,120,60,70,70,81,81,93,106,106,106,106,106,120,120,186,186,186,205,205,205,205,225,246,268,298,298,322,322,322,347,373,400,457,457,457,457,457,457,487,487],"card_choices":[{"not_picked":["Barrage","Steam"],"picked":"Conserve Battery","floor":1.0},{"not_picked":["Leap","ReplayTheSpireMod:Calculation Training","Streamline","BasicCrystalCard","Cold Snap"],"picked":"SKIP","floor":3.0},{"not_picked":["Hologram","Hello World","Fusion","Consume"],"picked":"Electrodynamics","floor":4.0},{"not_picked":["Streamline","Cold Snap","Redo","Compile Driver"],"picked":"Gash","floor":5.0},{"not_picked":["Hello World","Beam Cell","MostiFishMod:GatherIntelligence","Sweeping Beam"],"picked":"Gash","floor":6.0},{"not_picked":["Defragment","Leap","Ball Lightning","Rebound"],"picked":"Go for the Eyes","floor":8.0},{"not_picked":["Tempest","Double Energy","Sweeping Beam","Leap"],"picked":"Conserve Battery","floor":10.0},{"not_picked":["Rainbow","Redo","Crystallizer","Beam Cell"],"picked":"ReplayGash","floor":12.0},{"not_picked":["Redo","Go for the Eyes","Beam Cell","BasicCrystalCard"],"picked":"FTL","floor":14.0},{"not_picked":["Buffer","MostiFishMod:ATRI","MostiFishMod:Distribution","Biased Cognition"],"picked":"MostiFishMod:InterfaceCompatibility","floor":16},{"not_picked":["Barrage","Loop","MostiFishMod:PushDownKick","Compile Driver+1"],"picked":"Aggregate+1","floor":18},{"not_picked":["MostiFishMod:ReprogramOld+1","Turbo","Biased Cognition","Gash"],"picked":"FTL","floor":20},{"not_picked":["Beam Cell","Undo","Barrage+1","BasicCrystalCard+1"],"picked":"Gash","floor":22},{"not_picked":["Aggregate","Darkness","Stack","Auto Shields"],"picked":"Panic Button+1","floor":23},{"not_picked":["Rebound","Stack","Fusion+1","Melter","Coolheaded"],"picked":"SKIP","floor":24},{"not_picked":["MostiFishMod:TalkingToTheRain","Melter","ReplayTheSpireMod:GoodbyeWorld","ReplayTheSpireMod:Omega Cannon"],"picked":"Redo+1","floor":28},{"not_picked":["Rebound","Reprogram","ReplayTheSpireMod:System Scan","hubris:DoWhile"],"picked":"FTL","floor":30},{"not_picked":["Seek","MostiFishMod:Overload","MostiFishMod:SeaWaves","Buffer"],"picked":"MostiFishMod:IntelligentEquipment","floor":33},{"not_picked":["Cold Snap","BasicCrystalCard+1","Coolheaded","Recycle","Conserve Battery"],"picked":"SKIP","floor":35},{"not_picked":["Cold Snap","Compile Driver+1","Static Discharge","Coolheaded"],"picked":"MostiFishMod:PushDownKick+1","floor":37},{"not_picked":["hubris:Ukulele","Reinforced Body","BasicCrystalCard","Redo"],"picked":"Go for the Eyes","floor":38},{"not_picked":["Leap","Beam Cell","Undo","Melter"],"picked":"Panic Button","floor":39},{"not_picked":["Stack","Static Discharge","Panic Button","BasicCrystalCard"],"picked":"FIFO Queue+1","floor":40},{"not_picked":["Skim","Barrage+1","Beam Cell","Steam"],"picked":"Gash","floor":42},{"not_picked":["MostiFishMod:GatherIntelligence","Rebound","ReplaySort","Hologram"],"picked":"Redo+1","floor":45},{"not_picked":["Hologram+1","Recycle","MostiFishMod:Impulse+1","Skim"],"picked":"Beam Cell+1","floor":47},{"not_picked":["Sweeping Beam","Doom and Gloom","Defragment+1","Rip and Tear+1"],"picked":"Gash+1","floor":48},{"not_picked":["Panic Button+1","BasicCrystalCard","Stack","MostiFishMod:Nova"],"picked":"Static Discharge+1","floor":54}],"player_experience":268173,"relics_obtained":[{"floor":1.0,"key":"SynthV:TestCard"},{"floor":6.0,"key":"Snack Pack"},{"floor":8.0,"key":"SynthV:C4"},{"floor":9.0,"key":"ReplayTheSpireMod:TigerMarble"},{"floor":23,"key":"hubris:MysteriousPyramids"},{"floor":25,"key":"Red Mask"},{"floor":26,"key":"MawBank"},{"floor":28,"key":"Matryoshka"},{"floor":30,"key":"Grinning Jar"},{"floor":40,"key":"Strawberry"},{"floor":42,"key":"Replay:Antivirus Software"},{"floor":43,"key":"Bag of Preparation"},{"floor":47,"key":"Simple Rune"},{"floor":54,"key":"hubris:SlimyHat"}],"event_choices":[{"damage_healed":0,"gold_gain":250,"player_choice":"Bet on Owner","damage_taken":0,"max_hp_gain":0,"max_hp_loss":0,"event_name":"The Joust","floor":21,"gold_loss":50},{"damage_healed":0,"gold_gain":0,"player_choice":"Fought Bandits","damage_taken":0,"max_hp_gain":0,"max_hp_loss":0,"event_name":"Masked Bandits","floor":25,"gold_loss":0},{"damage_healed":0,"gold_gain":0,"player_choice":"Bought 0 Potions","damage_taken":0,"max_hp_gain":0,"max_hp_loss":0,"event_name":"The Woman in Blue","floor":36,"gold_loss":0}],"is_beta":false,"boss_relics":[{"not_picked":["aspiration:RunicSpoon","SlaversCollar"],"picked":"GuanYuAspect"},{"not_picked":["Transparent","Cursed Key"],"picked":"Replay:Wanted Poster"}],"items_purged_floors":[31,46],"is_endless":false,"potions_floor_spawned":[8,10,12,22,23,28,33,35,37,38,39,54],"ascension_level":13}}