{"host":"5dhwd44u3dydylwe","time":1610328393,"event":{"mods":["AchievementEnabler","BaseMod","BetterRewards","Dota2Spire","Hubris","Minty Spire (QoL Compilation)","Shop Mod","StSLib","Wandering Minibosses"],"gold_per_floor":[115,130,130,80,80,115,115,144,144,155,173,173,188,188,188,290,290,309,10,10,30,43,76,16,16,16,41,58,85,185,145,145,245,245,259,8,19,30,49,49,150,182,182,232,266,266,141,0,0,0,0,0,0,34,34],"floor_reached":56,"playtime":3382,"items_purged":["Strike_R","Defend_R","hubris:Compulsion"],"score":1997,"play_id":"14432a34-4a26-4e60-af7b-70dd5506c7c1","local_time":"20210111092633","is_ascension_mode":true,"campfire_choices":[{"data":"Sword Boomerang","floor":7,"key":"SMITH"},{"data":"hubris:DuctTapeCard","floor":12,"key":"SMITH"},{"data":"Shockwave","floor":15,"key":"SMITH"},{"data":"Immolate","floor":25,"key":"SMITH"},{"data":"Evolve","floor":32,"key":"SMITH"},{"floor":40,"key":"RECALL"},{"data":"Demon Form","floor":46,"key":"SMITH"},{"data":"Secret Weapon","floor":49,"key":"SMITH"},{"data":"Master of Strategy","floor":52,"key":"SMITH"}],"circlet_count":0,"master_deck":["Strike_R+1","Strike_R+1","Defend_R","Defend_R","Defend_R","Bash","Ghostly Armor","Master of Strategy+1","Secret Weapon+1","Shockwave+1","Sword Boomerang+1","Flame Barrier","Exhume","hubris:DuctTapeCard+2","Clothesline","Anger","Armaments","Immolate+1","Shrug It Off","Shrug It Off+1","Reaper+1","Feed+1","Pommel Strike+1","Battle Trance+1","Evolve+1","Pommel Strike+1","CurseOfTheBell","Inflame+1","True Grit+1","Parasite","Demon Form+1","hubris:StunningStrike+1","Shrug It Off+1"],"relics":["Burning Blood","Charon\u0027s Ashes","Eternal Feather","Matryoshka","FossilizedHelix","Pen Nib","Dota2Spire:Mjollnir","hubris:DuctTape","Sundial","Art of War","Mark of Pain","Lantern","WarpedTongs","Molten Egg 2","Toxic Egg 2","hubris:MedicalManual","hubris:TinFlute","Calling Bell","Dota2Spire:MagicBottle","Dota2Spire:AghanimScepter","Dota2Spire:HeartOfTarrasque","Shuriken","hubris:BundleOfHerbs","wanderingMiniBosses:ThiefScarf","Ice Cream","hubris:CrystalStatue","Calipers","hubris:Zylophone","Bronze Scales","Red Mask","Orichalcum"],"acts_visited":["Exordium","TheCity","TheBeyond","TheEnding"],"potions_floor_usage":[6,21,30,38,41,41,50,55],"damage_taken":[{"damage":0,"enemies":"Cultist","floor":1,"turns":3},{"damage":0,"enemies":"Jaw Worm","floor":2,"turns":5},{"damage":20,"enemies":"3 Sentries","floor":6,"turns":7},{"damage":25,"enemies":"Lagavulin","floor":8,"turns":9},{"damage":0,"enemies":"2 Louse","floor":10,"turns":2},{"damage":3,"enemies":"Looter","floor":11,"turns":3},{"damage":0,"enemies":"Lots of Slimes","floor":13,"turns":2},{"damage":10,"enemies":"Hexaghost","floor":16,"turns":9},{"damage":0,"enemies":"2 Thieves","floor":18,"turns":3},{"damage":7,"enemies":"Shell Parasite","floor":21,"turns":4},{"damage":1,"enemies":"Centurion and Healer","floor":22,"turns":3},{"damage":12,"enemies":"Book of Stabbing","floor":23,"turns":5},{"damage":0,"enemies":"Gremlin Leader","floor":27,"turns":4},{"damage":8,"enemies":"Snake Plant","floor":28,"turns":4},{"damage":0,"enemies":"Slavers","floor":29,"turns":3},{"damage":0,"enemies":"Colosseum Slavers","floor":30,"turns":2},{"damage":0,"enemies":"Colosseum Nobs","floor":30,"turns":2},{"damage":0,"enemies":"Sentry and Sphere","floor":31,"turns":6},{"damage":36,"enemies":"Automaton","floor":33,"turns":10},{"damage":0,"enemies":"Orb Walker","floor":35,"turns":3},{"damage":0,"enemies":"3 Darklings","floor":37,"turns":2},{"damage":0,"enemies":"Transient","floor":38,"turns":5},{"damage":4,"enemies":"Writhing Mass","floor":39,"turns":5},{"damage":82,"enemies":"2 Orb Walkers","floor":41,"turns":5},{"damage":12,"enemies":"Nemesis","floor":42,"turns":5},{"damage":1,"enemies":"Mind Bloom Boss Battle","floor":44,"turns":6},{"damage":9,"enemies":"Reptomancer","floor":45,"turns":5},{"damage":55,"enemies":"hubris:GrandSnecko","floor":50,"turns":8},{"damage":37,"enemies":"Shield and Spear","floor":54,"turns":5},{"damage":124,"enemies":"The Heart","floor":55,"turns":8}],"seed_played":"5653935260578612458","potions_obtained":[{"floor":6,"key":"Dota2Spire:Clarity"},{"floor":10,"key":"LiquidMemories"},{"floor":13,"key":"Block Potion"},{"floor":22,"key":"Regen Potion"},{"floor":33,"key":"AttackPotion"},{"floor":41,"key":"BloodPotion"},{"floor":44,"key":"PowerPotion"},{"floor":45,"key":"Fire Potion"}],"is_trial":false,"path_per_floor":["M","M","?","?","?","E","R","E","T","M","M","R","M","T","R","B",null,"M","$","?","M","M","E","?","R","T","E","M","E","?","M","R","B",null,"M","$","M","M","M","R","?","E","T","?","E","R","$","?","R","B",null,"R","$","E","B",null],"character_chosen":"IRONCLAD","items_purchased":["Charon\u0027s Ashes","Eternal Feather","Ghostly Armor","Matryoshka","FossilizedHelix","Master of Strategy","Regen Potion","Lantern","Shrug It Off","Shuriken"],"campfire_rested":0,"item_purchase_floors":[0,0,0,0,0,0,0,19,19,36],"current_hp_per_floor":[38,44,28,28,28,29,38,19,19,25,28,37,43,43,52,48,72,78,78,78,77,80,74,74,80,80,84,82,88,92,96,96,71,98,104,104,104,104,104,104,57,72,72,106,103,108,108,108,108,71,99,108,108,106,74],"gold":34,"neow_bonus":"","is_daily":false,"chose_seed":false,"campfire_upgraded":8,"win_rate":0.0,"timestamp":1610328393,"path_taken":["M","M","?","?","?","E","R","E","T","M","M","R","M","?","R","BOSS","M","$","?","?","M","E","?","R","T","E","?","E","?","M","R","BOSS","M","$","M","M","M","R","?","E","T","?","E","R","$","?","R","BOSS","R","$","E","BOSS"],"items_purchased_type":["Relic","Relic","Card","Relic","Relic","Card","Potion","Relic","Card","Relic"],"build_version":"2020-12-22","purchased_purges":3,"victory":true,"max_hp_per_floor":[80,80,80,80,80,80,80,80,80,80,80,80,80,80,80,80,80,80,80,80,80,80,80,80,80,80,84,84,88,92,96,96,96,104,104,104,104,104,104,104,104,108,108,108,108,108,108,108,108,108,108,108,108,108,108],"card_choices":[{"not_picked":["Twin Strike","Flex"],"picked":"Iron Wave","floor":1},{"not_picked":["Headbutt","Perfected Strike"],"picked":"Shockwave","floor":2},{"not_picked":["Reckless Charge","Body Slam"],"picked":"Flame Barrier","floor":6},{"not_picked":["Thunderclap","Clash"],"picked":"Exhume","floor":8},{"not_picked":["Ghostly Armor","Cleave"],"picked":"Clothesline","floor":10},{"not_picked":["Pommel Strike","Intimidate"],"picked":"Anger","floor":11},{"not_picked":["Sentinel","Seeing Red"],"picked":"Armaments","floor":13},{"not_picked":["Brutality","Demon Form"],"picked":"Immolate","floor":16},{"not_picked":["Clash","Anger","Twin Strike"],"picked":"SKIP","floor":18},{"not_picked":["Twin Strike+1","Pummel"],"picked":"Shrug It Off+1","floor":21},{"not_picked":["Entrench","Shockwave","Anger+1"],"picked":"SKIP","floor":22},{"not_picked":["Reckless Charge+1","Wild Strike+1"],"picked":"Reaper+1","floor":23},{"not_picked":["Clothesline+1","Wild Strike+1","hubris:CleavingFinish+1"],"picked":"SKIP","floor":27},{"not_picked":["Reckless Charge+1","Carnage+1"],"picked":"Pommel Strike+1","floor":28},{"not_picked":["Sword Boomerang+1","Flex+1"],"picked":"Battle Trance+1","floor":29},{"not_picked":["Armaments+1","Immolate+1"],"picked":"Evolve","floor":30},{"not_picked":["Clothesline+1","Blood for Blood+1"],"picked":"Pommel Strike+1","floor":31},{"not_picked":["Thunderclap+1","True Grit+1"],"picked":"Inflame+1","floor":35},{"not_picked":["Armaments+1","Anger+1"],"picked":"True Grit+1","floor":37},{"not_picked":["Armaments+1","Flex+1","Rupture+1"],"picked":"SKIP","floor":38},{"not_picked":["Pommel Strike+1","Evolve","hubris:ReadiedAction+1"],"picked":"SKIP","floor":39},{"not_picked":["Pommel Strike+1","Clothesline+1"],"picked":"Demon Form","floor":41},{"not_picked":["Clothesline+1","Twin Strike+1","Clash+1"],"picked":"SKIP","floor":42},{"not_picked":["Dropkick+1","Entrench+1"],"picked":"hubris:StunningStrike+1","floor":45},{"not_picked":["True Grit+1","Rupture+1"],"picked":"Shrug It Off+1","floor":54}],"player_experience":66892,"relics_obtained":[{"floor":6,"key":"Pen Nib"},{"floor":8,"key":"Dota2Spire:Mjollnir"},{"floor":9,"key":"hubris:DuctTape"},{"floor":9,"key":"Sundial"},{"floor":14,"key":"Art of War"},{"floor":23,"key":"Molten Egg 2"},{"floor":26,"key":"hubris:CrystalStatue"},{"floor":27,"key":"Ice Cream"},{"floor":29,"key":"Toxic Egg 2"},{"floor":30,"key":"hubris:MedicalManual"},{"floor":30,"key":"hubris:TinFlute"},{"floor":34,"key":"Dota2Spire:MagicBottle"},{"floor":34,"key":"Dota2Spire:AghanimScepter"},{"floor":34,"key":"Dota2Spire:HeartOfTarrasque"},{"floor":41,"key":"hubris:BundleOfHerbs"},{"floor":41,"key":"wanderingMiniBosses:ThiefScarf"},{"floor":41,"key":"Ice Cream"},{"floor":41,"key":"hubris:CrystalStatue"},{"floor":42,"key":"Calipers"},{"floor":44,"key":"hubris:Zylophone"},{"floor":45,"key":"Bronze Scales"},{"floor":54,"key":"Orichalcum"}],"event_choices":[{"damage_healed":0,"gold_gain":0,"player_choice":"Entered Light","damage_taken":16,"max_hp_gain":0,"max_hp_loss":0,"event_name":"Shining Light","floor":3,"gold_loss":0,"cards_upgraded":["Strike_R","Strike_R"]},{"damage_healed":0,"gold_gain":0,"player_choice":"Left Gold","damage_taken":0,"max_hp_gain":0,"max_hp_loss":0,"event_name":"World of Goop","floor":4,"gold_loss":50},{"damage_healed":0,"gold_gain":0,"player_choice":"Rummage","damage_taken":0,"relics_obtained":["WarpedTongs"],"max_hp_gain":0,"max_hp_loss":0,"event_name":"Accursed Blacksmith","floor":20,"gold_loss":0,"cards_obtained":["Pain"]},{"damage_healed":0,"gold_gain":0,"cards_transformed":["Pain","Iron Wave"],"player_choice":"Transformed Cards","damage_taken":0,"max_hp_gain":0,"max_hp_loss":0,"event_name":"Designer","floor":24,"gold_loss":60,"cards_obtained":["hubris:Compulsion","Feed"]},{"damage_healed":0,"gold_gain":0,"player_choice":"Fight","damage_taken":0,"max_hp_gain":0,"max_hp_loss":0,"event_name":"Colosseum","floor":30,"gold_loss":0},{"damage_healed":0,"gold_gain":0,"player_choice":"Fought Nobs","damage_taken":0,"max_hp_gain":0,"max_hp_loss":0,"event_name":"Colosseum","floor":30,"gold_loss":0},{"damage_healed":0,"gold_gain":0,"player_choice":"Fight","damage_taken":0,"max_hp_gain":0,"max_hp_loss":0,"event_name":"Mysterious Sphere","floor":41,"gold_loss":0},{"damage_healed":0,"gold_gain":0,"player_choice":"Fight","damage_taken":0,"max_hp_gain":0,"max_hp_loss":0,"event_name":"MindBloom","floor":44,"gold_loss":0},{"damage_healed":0,"gold_gain":0,"player_choice":"Paid","damage_taken":0,"relics_obtained":["Red Mask"],"max_hp_gain":0,"max_hp_loss":0,"event_name":"Tomb of Lord Red Mask","floor":48,"gold_loss":141}],"is_beta":false,"boss_relics":[{"not_picked":["Pandora\u0027s Box","Black Blood"],"picked":"Mark of Pain"},{"not_picked":["hubris:GrandSneckoEye","SlaversCollar"],"picked":"Calling Bell"}],"items_purged_floors":[0,19,47],"is_endless":false,"potions_floor_spawned":[6,10,13,18,22,28,30,33,37,41,44,45],"ascension_level":6}}