{"host":"2no1vwhhkhf0ohz3","time":1610351911,"event":{"mods":["AchievementEnabler","BaseMod","Colored Map","DeckTracker","Keyboard Shortcuts","Minty Spire (QoL Compilation)","Relic Stats","SuperFastMode"],"gold_per_floor":[117,133,133,147,147,147,182,182,209,209,223,246,211,222,222,326,326,338,338,349,368,279,279,279,279,279,130,55,67,166,178,178,178,178],"floor_reached":33,"playtime":1291,"items_purged":["Strike_G"],"score":331,"play_id":"de4160a8-cdab-4e27-bfad-fdbe7a3a9c50","local_time":"20210111165831","is_ascension_mode":true,"campfire_choices":[{"data":"Corpse Explosion","floor":6,"key":"SMITH"},{"floor":8,"key":"REST"},{"data":"Crippling Poison","floor":15,"key":"SMITH"},{"data":"Calculated Gamble","floor":23,"key":"SMITH"},{"floor":25,"key":"REST"},{"floor":32,"key":"REST"}],"circlet_count":0,"master_deck":["Strike_G","Defend_G","Defend_G","Defend_G","Defend_G","Defend_G","Survivor","Neutralize","Corpse Explosion+1","Backstab","Leg Sweep","Acrobatics+1","Backflip","Crippling Poison+1","Adrenaline","Reflex","Acrobatics+1","Calculated Gamble+1","Well Laid Plans","Deadly Poison","Bouncing Flask+1"],"relics":["Ring of the Snake","Smiling Mask","Tough Bandages","Nunchaku","Odd Mushroom","SacredBark","Enchiridion","Ornamental Fan","ClockworkSouvenir"],"acts_visited":["Exordium","TheCity"],"potions_floor_usage":[7,21,33,33],"damage_taken":[{"damage":2,"enemies":"Jaw Worm","floor":1,"turns":5},{"damage":10,"enemies":"Small Slimes","floor":2,"turns":3},{"damage":0,"enemies":"2 Louse","floor":4,"turns":2},{"damage":18,"enemies":"Gremlin Nob","floor":7,"turns":4},{"damage":3,"enemies":"Large Slime","floor":11,"turns":7},{"damage":0,"enemies":"The Mushroom Lair","floor":12,"turns":2},{"damage":0,"enemies":"3 Louse","floor":14,"turns":1},{"damage":23,"enemies":"The Guardian","floor":16,"turns":10},{"damage":10,"enemies":"Spheric Guardian","floor":18,"turns":5},{"damage":2,"enemies":"3 Byrds","floor":20,"turns":3},{"damage":15,"enemies":"Snake Plant","floor":21,"turns":5},{"damage":0,"enemies":"Shelled Parasite and Fungi","floor":29,"turns":5},{"damage":9,"enemies":"Centurion and Healer","floor":31,"turns":4},{"damage":39,"enemies":"Collector","floor":33,"turns":8}],"seed_played":"4012104896541040215","potions_obtained":[{"floor":2,"key":"Poison Potion"},{"floor":11,"key":"GhostInAJar"},{"floor":12,"key":"SpeedPotion"},{"floor":18,"key":"GamblersBrew"}],"is_trial":false,"path_per_floor":["M","M","?","M","?","R","E","R","T","?","M","?","?","M","R","B",null,"M","?","M","M","$","R","?","R","T","$","?","M","?","M","R","B"],"character_chosen":"THE_SILENT","items_purchased":["Well Laid Plans","ClockworkSouvenir"],"campfire_rested":3,"item_purchase_floors":[22,27],"current_hp_per_floor":[61,51,39,39,32,32,14,32,32,32,29,29,44,44,44,21,53,43,27,25,10,10,10,10,28,28,28,28,28,28,19,37,0,0],"gold":178,"neow_bonus":"THREE_RARE_CARDS","is_daily":false,"chose_seed":false,"campfire_upgraded":3,"win_rate":0.0,"timestamp":1610351911,"path_taken":["M","M","?","M","?","R","E","R","T","?","M","?","?","M","R","BOSS","M","?","M","M","$","R","?","R","T","?","?","M","?","M","R","BOSS"],"items_purchased_type":["Card","Relic"],"build_version":"2020-12-22","purchased_purges":1,"victory":false,"max_hp_per_floor":[63,63,63,63,63,63,63,63,63,63,63,63,63,63,63,63,63,63,63,63,63,63,63,63,63,63,63,63,63,63,63,63,63,63],"relic_stats":{"Tough Bandages":[243],"Nunchaku":[5],"counters":[14,64],"Ornamental Fan":[8],"Smiling Mask":25,"obtain_stats":[{"Tough Bandages":7,"Nunchaku":9,"Ornamental Fan":26,"SacredBark":17,"Enchiridion":19,"Odd Mushroom":12,"Smiling Mask":3,"Ring of the Snake":0,"ClockworkSouvenir":27},{"Tough Bandages":4,"Nunchaku":4,"Ornamental Fan":11,"SacredBark":8,"Enchiridion":9,"Odd Mushroom":6,"Smiling Mask":2,"Ring of the Snake":0,"ClockworkSouvenir":11},{"Tough Bandages":14,"Nunchaku":14,"Ornamental Fan":47,"SacredBark":34,"Enchiridion":39,"Odd Mushroom":23,"Smiling Mask":8,"Ring of the Snake":0,"ClockworkSouvenir":47}],"Ring of the Snake":[28]},"card_choices":[{"not_picked":["Storm of Steel","A Thousand Cuts"],"picked":"Corpse Explosion","floor":0},{"not_picked":["Quick Slash","Bane"],"picked":"Backstab","floor":1},{"not_picked":["Eviscerate","Sucker Punch"],"picked":"Leg Sweep","floor":2},{"not_picked":["Setup","Flying Knee"],"picked":"Acrobatics","floor":4},{"not_picked":["Glass Knife","Night Terror"],"picked":"Backflip","floor":7},{"not_picked":["Slice","Dagger Throw"],"picked":"Crippling Poison","floor":11},{"not_picked":["Flying Knee","Acrobatics","Bane"],"picked":"SKIP","floor":14},{"not_picked":["Venomology","Die Die Die"],"picked":"Adrenaline","floor":16},{"not_picked":["Dagger Throw","Prepared"],"picked":"Reflex","floor":18},{"not_picked":["Slice","Masterful Stab+1"],"picked":"Acrobatics+1","floor":20},{"not_picked":["Adrenaline","Poisoned Stab"],"picked":"Calculated Gamble","floor":21},{"not_picked":["All Out Attack","Underhanded Strike"],"picked":"Deadly Poison","floor":29},{"not_picked":["Acrobatics+1","Calculated Gamble+1"],"picked":"Bouncing Flask+1","floor":31}],"player_experience":286388,"relics_obtained":[{"floor":7,"key":"Tough Bandages"},{"floor":9,"key":"Nunchaku"},{"floor":12,"key":"Odd Mushroom"},{"floor":19,"key":"Enchiridion"},{"floor":26,"key":"Ornamental Fan"}],"event_choices":[{"damage_healed":0,"gold_gain":0,"player_choice":"Success","damage_taken":12,"relics_obtained":["Smiling Mask"],"max_hp_gain":0,"max_hp_loss":0,"event_name":"Scrap Ooze","floor":3,"gold_loss":0},{"cards_removed":["Strike_G"],"damage_healed":0,"gold_gain":0,"player_choice":"Card Removal","damage_taken":7,"max_hp_gain":0,"max_hp_loss":0,"event_name":"Golden Wing","floor":5,"gold_loss":0},{"damage_healed":0,"gold_gain":0,"player_choice":"Grow","damage_taken":0,"max_hp_gain":0,"max_hp_loss":0,"event_name":"Living Wall","floor":10,"gold_loss":0,"cards_upgraded":["Acrobatics"]},{"damage_healed":0,"gold_gain":0,"player_choice":"Fought Mushrooms","damage_taken":0,"max_hp_gain":0,"max_hp_loss":0,"event_name":"Mushrooms","floor":12,"gold_loss":0},{"damage_healed":15,"gold_gain":0,"player_choice":"Healed","damage_taken":0,"max_hp_gain":0,"max_hp_loss":0,"event_name":"The Cleric","floor":13,"gold_loss":35},{"damage_healed":0,"gold_gain":0,"player_choice":"Obtained Book","damage_taken":16,"max_hp_gain":0,"max_hp_loss":0,"event_name":"Cursed Tome","floor":19,"gold_loss":0},{"cards_removed":["Strike_G"],"damage_healed":0,"gold_gain":0,"player_choice":"Elegance","damage_taken":0,"max_hp_gain":0,"max_hp_loss":0,"event_name":"Back to Basics","floor":24,"gold_loss":0},{"cards_removed":["Strike_G"],"damage_healed":0,"gold_gain":0,"player_choice":"Gave Gold","damage_taken":0,"max_hp_gain":0,"max_hp_loss":0,"event_name":"Beggar","floor":28,"gold_loss":75},{"damage_healed":0,"gold_gain":99,"player_choice":"Stole From Cult","damage_taken":0,"max_hp_gain":0,"max_hp_loss":0,"event_name":"Nest","floor":30,"gold_loss":0}],"is_beta":false,"boss_relics":[{"not_picked":["Velvet Choker","Runic Pyramid"],"picked":"SacredBark"}],"items_purged_floors":[22],"is_endless":false,"potions_floor_spawned":[2,11,12,18,20],"killed_by":"Collector","ascension_level":7}}