{"host":"xt3o4iokwksypl90","time":1610382105,"event":{"mods":["AchievementEnabler","BaseMod","Googly Eyes","Highlight Path","Minty Spire (QoL Compilation)","Permanent Neow"],"gold_per_floor":[13,13,37,52,52,91,111,146,146,146,159,159,173,208,208,337,337,362,362,385,385,400,440,440,517,542,585,585,606,645,665,665,786,786,810,516,529,544,564,605,605,641,641,341,357,357,357],"floor_reached":46,"playtime":5188,"items_purged":["All For One"],"score":886,"play_id":"5bfd709a-e2a4-46c8-a233-7222543c61e2","local_time":"20210111172145","is_ascension_mode":true,"campfire_choices":[{"data":"Chaos","floor":10.0,"key":"SMITH"},{"data":"Genetic Algorithm","floor":12.0,"key":"SMITH"},{"data":"Lockon","floor":15.0,"key":"SMITH"},{"data":"Buffer","floor":24.0,"key":"SMITH"},{"data":"Turbo","floor":28.0,"key":"SMITH"},{"data":"Darkness","floor":32.0,"key":"SMITH"},{"data":"Echo Form","floor":41,"key":"SMITH"}],"circlet_count":0,"master_deck":["Zap","Dualcast","Genetic Algorithm+1","Cold Snap","Chaos+1","FTL","Undo","Turbo+1","Coolheaded","Lockon+1","Core Surge","Leap+1","Genetic Algorithm+1","Redo","Buffer+1","Melter+1","Skim+1","Darkness+1","Echo Form+1","Rebound","Rip and Tear","Scrape","All For One","Reinforced Body","Reinforced Body","Secret Technique","Buffer","Core Surge","Hologram+1"],"relics":["Cracked Core","FossilizedHelix","Golden Idol","Anchor","Meat on the Bone","Torii","Coffee Dripper","Omamori","Kunai","Bag of Marbles","Question Card","HornCleat","Pandora\u0027s Box","Blood Vial","Girya","Eternal Feather","ClockworkSouvenir","Strawberry"],"acts_visited":["Exordium","TheCity","TheBeyond"],"potions_floor_usage":[33,33,33],"damage_taken":[{"damage":0.0,"enemies":"Jaw Worm","floor":1.0,"turns":2.0},{"damage":0.0,"enemies":"Small Slimes","floor":3.0,"turns":2.0},{"damage":0.0,"enemies":"Cultist","floor":4.0,"turns":3.0},{"damage":7.0,"enemies":"Gremlin Nob","floor":6.0,"turns":4.0},{"damage":0.0,"enemies":"Looter","floor":7.0,"turns":3.0},{"damage":0.0,"enemies":"3 Sentries","floor":8.0,"turns":3.0},{"damage":0.0,"enemies":"Blue Slaver","floor":11.0,"turns":2.0},{"damage":0.0,"enemies":"Red Slaver","floor":13.0,"turns":3.0},{"damage":0.0,"enemies":"Gremlin Nob","floor":14.0,"turns":4.0},{"damage":8.0,"enemies":"Slime Boss","floor":16.0,"turns":12.0},{"damage":20.0,"enemies":"2 Thieves","floor":18.0,"turns":4.0},{"damage":1.0,"enemies":"Spheric Guardian","floor":20.0,"turns":4.0},{"damage":0.0,"enemies":"Snecko","floor":22.0,"turns":5.0},{"damage":0.0,"enemies":"Book of Stabbing","floor":23.0,"turns":5.0},{"damage":22.0,"enemies":"Slavers","floor":27.0,"turns":8.0},{"damage":0.0,"enemies":"Cultist and Chosen","floor":29.0,"turns":6.0},{"damage":18.0,"enemies":"Gremlin Leader","floor":30.0,"turns":9.0},{"damage":0.0,"enemies":"Shelled Parasite and Fungi","floor":31.0,"turns":5.0},{"damage":46,"enemies":"Collector","floor":33,"turns":15},{"damage":0,"enemies":"3 Shapes","floor":35,"turns":5},{"damage":0,"enemies":"3 Darklings","floor":37,"turns":8},{"damage":0,"enemies":"Maw","floor":38,"turns":8},{"damage":0,"enemies":"Transient","floor":39,"turns":5},{"damage":0,"enemies":"Nemesis","floor":40,"turns":11},{"damage":32,"enemies":"Giant Head","floor":42,"turns":12},{"damage":0,"enemies":"Writhing Mass","floor":45,"turns":7},{"damage":55,"enemies":"Reptomancer","floor":46,"turns":6}],"seed_played":"4137512105805104611","potions_obtained":[{"floor":3.0,"key":"SpeedPotion"},{"floor":4.0,"key":"Swift Potion"},{"floor":7.0,"key":"PowerPotion"},{"floor":13.0,"key":"FocusPotion"},{"floor":14.0,"key":"SneckoOil"},{"floor":18.0,"key":"FocusPotion"},{"floor":27.0,"key":"Ancient Potion"},{"floor":30.0,"key":"Regen Potion"},{"floor":33,"key":"EssenceOfSteel"},{"floor":35,"key":"DuplicationPotion"}],"is_trial":false,"path_per_floor":["M","?","M","M","?","E","M","E","T","R","M","R","M","E","R","B",null,"M","?","M","?","M","E","R","T","T","E","R","M","E","M","R","B",null,"M","$","M","M","M","E","R","E","T","$","M","E"],"character_chosen":"DEFECT","items_purchased":["Secret Technique","Swift Potion","ClockworkSouvenir","Strawberry"],"campfire_rested":0,"item_purchase_floors":[36,36,44,44],"current_hp_per_floor":[68,50,50,50,43,36,36,36,36,36,48,48,48,48,48,40,66,46,46,45,45,45,45,45,45,45,35,35,47,41,41,41,22,62,62,62,62,62,62,62,62,44,44,51,53,0,0],"gold":357,"neow_bonus":"ONE_RARE_RELIC","is_daily":false,"chose_seed":false,"campfire_upgraded":7,"win_rate":0.0,"timestamp":1610382105,"path_taken":["M","?","M","M","?","E","M","E","T","R","M","R","M","E","R","BOSS","M","?","?","?","M","E","R","?","T","E","R","M","E","M","R","BOSS","M","$","M","M","M","E","R","E","T","$","M","E"],"items_purchased_type":["Card","Potion","Relic","Relic"],"build_version":"2020-12-22","purchased_purges":1,"victory":false,"max_hp_per_floor":[75,75,75,75,75,75,75,75,75,75,75,75,75,75,75,75,75,75,75,75,75,75,75,75,75,75,75,75,75,75,75,75,75,75,75,75,75,75,75,75,75,75,75,82,82,82,82],"card_choices":[{"not_picked":["Rebound","Auto Shields"],"picked":"Genetic Algorithm","floor":1.0},{"not_picked":["Streamline","Blizzard"],"picked":"Cold Snap","floor":3.0},{"not_picked":["Streamline","Leap"],"picked":"Chaos","floor":4.0},{"not_picked":["Leap","Barrage"],"picked":"FTL","floor":6.0},{"not_picked":["Cold Snap","Auto Shields"],"picked":"Undo","floor":7.0},{"not_picked":["Undo","Redo"],"picked":"Turbo","floor":8.0},{"not_picked":["Buffer","Turbo"],"picked":"Coolheaded","floor":11.0},{"not_picked":["Coolheaded","Steam","Stack"],"picked":"SKIP","floor":13.0},{"not_picked":["Go for the Eyes","Compile Driver"],"picked":"Lockon","floor":14.0},{"not_picked":["Machine Learning","Multi-Cast"],"picked":"Core Surge","floor":16.0},{"not_picked":["Double Energy","White Noise"],"picked":"Leap+1","floor":18.0},{"not_picked":["Beam Cell+1","Streamline","Chill"],"picked":"SKIP","floor":20.0},{"not_picked":["Sweeping Beam+1","Go for the Eyes","Chaos"],"picked":"SKIP","floor":22.0},{"not_picked":["Reinforced Body+1","Scrape"],"picked":"Buffer","floor":23.0},{"not_picked":["FTL","Chill"],"picked":"Melter+1","floor":27.0},{"not_picked":["Go for the Eyes","Cold Snap","Rebound"],"picked":"Skim+1","floor":29.0},{"not_picked":["Beam Cell+1","Streamline","Blizzard"],"picked":"Darkness","floor":30.0},{"not_picked":["Gash","Go for the Eyes","Stack+1","Redo"],"picked":"SKIP","floor":31.0},{"not_picked":["Hyperbeam","Amplify","Seek"],"picked":"Echo Form","floor":33},{"not_picked":["Hologram","Turbo","Fusion","Coolheaded"],"picked":"SKIP","floor":35},{"not_picked":["Rebound","Leap","Cold Snap"],"picked":"Buffer","floor":37},{"not_picked":["Gash+1","Sweeping Beam","Steam Power+1","Rebound+1"],"picked":"SKIP","floor":38},{"not_picked":["Steam Power+1","Scrape+1","Streamline+1"],"picked":"Core Surge","floor":39},{"not_picked":["Heatsinks+1","Compile Driver","Auto Shields","White Noise"],"picked":"SKIP","floor":40},{"not_picked":["Steam","Ball Lightning","Rebound+1","Gash"],"picked":"SKIP","floor":42},{"not_picked":["Tempest+1","Self Repair","Reprogram+1"],"picked":"Hologram+1","floor":45}],"player_experience":262764,"relics_obtained":[{"floor":6.0,"key":"Anchor"},{"floor":8.0,"key":"Meat on the Bone"},{"floor":14.0,"key":"Torii"},{"floor":23.0,"key":"Omamori"},{"floor":25.0,"key":"Kunai"},{"floor":26.0,"key":"Bag of Marbles"},{"floor":27.0,"key":"Question Card"},{"floor":30.0,"key":"HornCleat"},{"floor":40,"key":"Blood Vial"},{"floor":42,"key":"Girya"},{"floor":43,"key":"Eternal Feather"}],"event_choices":[{"damage_healed":0.0,"max_hp_gain":0.0,"max_hp_loss":0.0,"gold_gain":0.0,"event_name":"Golden Idol","player_choice":"Take Damage","floor":2.0,"gold_loss":0.0,"damage_taken":18.0,"relics_obtained":["Golden Idol"]},{"cards_removed":["Defend_B"],"damage_healed":0.0,"max_hp_gain":0.0,"max_hp_loss":0.0,"gold_gain":0.0,"event_name":"Golden Wing","player_choice":"Card Removal","floor":5.0,"gold_loss":0.0,"damage_taken":7.0},{"damage_healed":0.0,"max_hp_gain":0.0,"max_hp_loss":0.0,"gold_gain":0.0,"event_name":"Duplicator","player_choice":"Copied","floor":19.0,"gold_loss":0.0,"damage_taken":0.0,"cards_obtained":["Genetic Algorithm"]},{"damage_healed":0.0,"max_hp_gain":0.0,"max_hp_loss":0.0,"gold_gain":0.0,"event_name":"The Library","player_choice":"Read","floor":21.0,"gold_loss":0.0,"damage_taken":0.0,"cards_obtained":["Redo"]}],"is_beta":false,"boss_relics":[{"not_picked":["Busted Crown","Cursed Key"],"picked":"Coffee Dripper"},{"not_picked":["Black Star","Velvet Choker"],"picked":"Pandora\u0027s Box"}],"items_purged_floors":[36],"is_endless":false,"potions_floor_spawned":[3,4,7,13,14,18,27,30,31,33,35,39],"killed_by":"Reptomancer","ascension_level":6}}