{"host":"Bilverbakes","time":1610389898,"event":{"mods":["2.2 Compatiblity","AchievementEnabler","BaseMod","Bestiary","Colored Map","Minty Spire (QoL Compilation)","Relic Stats","StSLib","ojb\u0027s Info Mod"],"gold_per_floor":[58,58,94,126,201,201,233,328,328,392,445,445,471,40,40,138,138,180,224,266,326,326,359,359,189,189,276,276,355,382,427,427,536,536,597,649,709,709,725,725,750,441,441,466,45,45,56,96,96,96,96,96,96,15,41,41],"floor_reached":57,"playtime":3363,"items_purged":["Strike_R","Strike_R","Strike_R","Strike_R"],"score":2998,"play_id":"0762dccf-bfdc-499f-a50b-61b5b6109e23","local_time":"20210111123138","is_ascension_mode":true,"campfire_choices":[{"data":"HandOfGreed","floor":6.0,"key":"SMITH"},{"data":"Uppercut","floor":15.0,"key":"SMITH"},{"data":"Barricade","floor":24.0,"key":"SMITH"},{"data":"Whirlwind","floor":32.0,"key":"SMITH"},{"floor":40.0,"key":"RECALL"},{"data":"Burning Pact","floor":46.0,"key":"SMITH"},{"data":"Power Through","floor":49.0,"key":"SMITH"},{"data":"Impervious","floor":53.0,"key":"SMITH"}],"circlet_count":0,"master_deck":["AscendersBane","Strike_R","Defend_R","Defend_R","Defend_R","Defend_R+1","Bash","HandOfGreed+1","Shrug It Off","Rampage","Burning Pact+1","Power Through+1","Battle Trance","Uppercut+1","Dark Embrace","Impervious+1","Barricade+1","Sentinel+1","Spot Weakness+1","Body Slam","True Grit+1","Whirlwind+1","Fiend Fire","Shrug It Off+1"],"relics":["Burning Blood","Omamori","Bag of Preparation","Mercury Hourglass","White Beast Statue","Matryoshka","Toy Ornithopter","Busted Crown","Necronomicon","CeramicFish","War Paint","Red Mask","Bottled Flame","Snecko Eye","Du-Vu Doll","Membership Card","Oddly Smooth Stone","Frozen Egg 2","StrikeDummy","MawBank","Self Forming Clay","Kunai","Toolbox","OrangePellets","Sundial"],"acts_visited":["Exordium","TheCity","TheBeyond","TheEnding"],"potions_floor_usage":[55],"damage_taken":[{"damage":11.0,"enemies":"Small Slimes","floor":1.0,"turns":5.0},{"damage":4.0,"enemies":"Jaw Worm","floor":3.0,"turns":2.0},{"damage":1.0,"enemies":"Cultist","floor":4.0,"turns":4.0},{"damage":25.0,"enemies":"Lagavulin","floor":7.0,"turns":6.0},{"damage":5.0,"enemies":"3 Louse","floor":8.0,"turns":5.0},{"damage":5.0,"enemies":"Large Slime","floor":10.0,"turns":6.0},{"damage":28.0,"enemies":"Gremlin Nob","floor":11.0,"turns":4.0},{"damage":0.0,"enemies":"Lagavulin","floor":13.0,"turns":3.0},{"damage":16.0,"enemies":"The Guardian","floor":16.0,"turns":12.0},{"damage":13.0,"enemies":"Chosen","floor":18.0,"turns":4.0},{"damage":15.0,"enemies":"Shell Parasite","floor":19.0,"turns":5.0},{"damage":4.0,"enemies":"Snecko","floor":20.0,"turns":4.0},{"damage":10.0,"enemies":"Centurion and Healer","floor":21.0,"turns":6.0},{"damage":2.0,"enemies":"Gremlin Leader","floor":23.0,"turns":6.0},{"damage":16.0,"enemies":"Masked Bandits","floor":27.0,"turns":5.0},{"damage":11.0,"enemies":"Shelled Parasite and Fungi","floor":29.0,"turns":4.0},{"damage":6.0,"enemies":"Book of Stabbing","floor":30.0,"turns":3.0},{"damage":0.0,"enemies":"Snake Plant","floor":31.0,"turns":3.0},{"damage":7.0,"enemies":"Collector","floor":33.0,"turns":8.0},{"damage":0.0,"enemies":"3 Shapes","floor":35.0,"turns":5.0},{"damage":0.0,"enemies":"Orb Walker","floor":36.0,"turns":1.0},{"damage":14.0,"enemies":"4 Shapes","floor":37.0,"turns":7.0},{"damage":0.0,"enemies":"Sphere and 2 Shapes","floor":39.0,"turns":1.0},{"damage":0.0,"enemies":"Nemesis","floor":41.0,"turns":7.0},{"damage":0.0,"enemies":"Reptomancer","floor":44.0,"turns":1.0},{"damage":10.0,"enemies":"3 Darklings","floor":47.0,"turns":2.0},{"damage":0.0,"enemies":"Spire Growth","floor":48.0,"turns":3.0},{"damage":0.0,"enemies":"Time Eater","floor":50.0,"turns":5.0},{"damage":9.0,"enemies":"Donu and Deca","floor":51.0,"turns":5.0},{"damage":29,"enemies":"Shield and Spear","floor":55,"turns":6},{"damage":28,"enemies":"The Heart","floor":56,"turns":8}],"seed_played":"1465618258656704438","potions_obtained":[{"floor":1.0,"key":"SkillPotion"},{"floor":3.0,"key":"EssenceOfSteel"},{"floor":11.0,"key":"SneckoOil"},{"floor":13.0,"key":"GamblersBrew"},{"floor":16.0,"key":"CultistPotion"},{"floor":18.0,"key":"FearPotion"},{"floor":19.0,"key":"EssenceOfSteel"},{"floor":20.0,"key":"SteroidPotion"},{"floor":23.0,"key":"Regen Potion"},{"floor":27.0,"key":"LiquidBronze"},{"floor":28.0,"key":"Dexterity Potion"},{"floor":29.0,"key":"Dexterity Potion"},{"floor":30.0,"key":"Energy Potion"},{"floor":31.0,"key":"SkillPotion"},{"floor":33.0,"key":"Regen Potion"},{"floor":35.0,"key":"SpeedPotion"},{"floor":41.0,"key":"SteroidPotion"},{"floor":44.0,"key":"ElixirPotion"},{"floor":47.0,"key":"CultistPotion"},{"floor":55,"key":"Energy Potion"}],"is_trial":false,"path_per_floor":["M","?","M","M","?","R","E","M","T","M","E","T","E","$","R","B",null,"M","M","M","M","?","E","R","$","T","?","?","M","E","M","R","B",null,"M","M","M","?","M","R","E","$","T","E","$","R","M","M","R","B","B",null,"R","$","E","B",null],"character_chosen":"IRONCLAD","items_purchased":["Dark Embrace","Impervious","Toy Ornithopter","Spot Weakness","Membership Card","Oddly Smooth Stone","Self Forming Clay","Kunai","Toolbox","OrangePellets"],"campfire_rested":0,"item_purchase_floors":[14,14,14,25,42,42,45,45,45,54],"current_hp_per_floor":[63,63,65,70,59,59,40,41,41,42,20,20,26,26,26,21,62,55,51,58,54,33,47,47,47,47,37,37,49,54,60,60,69,74,75,75,67,67,71,71,71,71,71,71,71,71,71,71,71,71,71,71,71,71,48,26],"gold":41,"neow_bonus":"RANDOM_COLORLESS_2","is_daily":false,"chose_seed":false,"campfire_upgraded":7,"win_rate":0.0,"timestamp":1610389898,"path_taken":["M","?","M","M","?","R","E","M","T","M","E","?","E","$","R","BOSS","M","M","?","M","?","E","R","$","T","?","?","M","E","M","R","BOSS","M","M","?","?","M","R","E","$","T","E","$","R","M","M","R","BOSS","BOSS","R","$","E","BOSS"],"items_purchased_type":["Card","Card","Relic","Card","Relic","Relic","Relic","Relic","Relic","Relic"],"build_version":"2020-12-18","purchased_purges":4,"victory":true,"max_hp_per_floor":[75,75,75,75,75,75,75,75,75,75,75,75,75,75,75,75,75,75,75,75,75,75,75,75,75,75,75,75,75,75,75,75,75,75,75,75,75,71,71,71,71,71,71,71,71,71,71,71,71,71,71,71,71,71,71,71],"relic_stats":{"counters":[31,145],"Self Forming Clay":[63],"CeramicFish":54,"Bag of Preparation":[52],"War Paint":["Spot Weakness","Defend_R"],"MawBank":12,"Burning Blood":146,"Mercury Hourglass":[401],"OrangePellets":[5],"Busted Crown":38,"Sundial":[4],"Snecko Eye":[72,84,100,88],"Necronomicon":[52],"Kunai":[7],"obtain_stats":[{"CeramicFish":23,"Bag of Preparation":9,"Burning Blood":0,"Matryoshka":13,"Sundial":55,"Toolbox":45,"Necronomicon":22,"Red Mask":27,"Kunai":45,"Self Forming Clay":45,"Oddly Smooth Stone":42,"Omamori":7,"War Paint":26,"Frozen Egg 2":43,"MawBank":44,"White Beast Statue":12,"Mercury Hourglass":11,"Du-Vu Doll":41,"OrangePellets":54,"Bottled Flame":30,"Busted Crown":17,"Snecko Eye":34,"Membership Card":42,"StrikeDummy":43,"Toy Ornithopter":14},{"CeramicFish":14,"Bag of Preparation":5,"Burning Blood":0,"Matryoshka":8,"Sundial":30,"Toolbox":25,"Necronomicon":13,"Red Mask":15,"Kunai":25,"Self Forming Clay":25,"Oddly Smooth Stone":24,"Omamori":4,"War Paint":14,"Frozen Egg 2":24,"MawBank":25,"White Beast Statue":7,"Mercury Hourglass":7,"Du-Vu Doll":24,"OrangePellets":29,"Bottled Flame":17,"Busted Crown":9,"Snecko Eye":19,"Membership Card":24,"StrikeDummy":24,"Toy Ornithopter":8},{"CeramicFish":71,"Bag of Preparation":22,"Burning Blood":0,"Matryoshka":34,"Sundial":137,"Toolbox":116,"Necronomicon":65,"Red Mask":76,"Kunai":116,"Self Forming Clay":116,"Oddly Smooth Stone":115,"Omamori":17,"War Paint":71,"Frozen Egg 2":115,"MawBank":116,"White Beast Statue":32,"Mercury Hourglass":32,"Du-Vu Doll":115,"OrangePellets":131,"Bottled Flame":83,"Busted Crown":46,"Snecko Eye":94,"Membership Card":115,"StrikeDummy":115,"Toy Ornithopter":34}],"Toy Ornithopter":55},"card_choices":[{"not_picked":["Sadistic Nature","Transmutation"],"picked":"HandOfGreed","floor":0.0},{"not_picked":["Ghostly Armor","Dual Wield"],"picked":"Shrug It Off","floor":1.0},{"not_picked":["Flex","Shrug It Off"],"picked":"Rampage","floor":3.0},{"not_picked":["Infernal Blade","Bloodletting"],"picked":"Burning Pact","floor":4.0},{"not_picked":["Wild Strike","Infernal Blade","Combust"],"picked":"SKIP","floor":7.0},{"not_picked":["Havoc","Pummel"],"picked":"Power Through","floor":8.0},{"not_picked":["Twin Strike","Body Slam","Anger"],"picked":"SKIP","floor":10.0},{"not_picked":["Combust","Searing Blow"],"picked":"Battle Trance","floor":11.0},{"not_picked":["Ghostly Armor","Entrench"],"picked":"Uppercut","floor":13.0},{"not_picked":["Reaper","Feed"],"picked":"Barricade","floor":16.0},{"not_picked":["Sword Boomerang"],"picked":"SKIP","floor":18.0},{"not_picked":["Bloodletting"],"picked":"SKIP","floor":19.0},{"not_picked":[],"picked":"Sentinel+1","floor":20.0},{"not_picked":["Sword Boomerang"],"picked":"SKIP","floor":21.0},{"not_picked":["Rampage"],"picked":"SKIP","floor":23.0},{"not_picked":[],"picked":"Body Slam","floor":27.0},{"not_picked":[],"picked":"True Grit+1","floor":29.0},{"not_picked":["Sentinel"],"picked":"SKIP","floor":30.0},{"not_picked":[],"picked":"Whirlwind","floor":31.0},{"not_picked":[],"picked":"Fiend Fire","floor":33.0},{"not_picked":["Rampage"],"picked":"SKIP","floor":35.0},{"not_picked":[],"picked":"Shrug It Off+1","floor":36.0},{"not_picked":["Bloodletting"],"picked":"SKIP","floor":37.0},{"not_picked":["Heavy Blade"],"picked":"SKIP","floor":39.0},{"not_picked":["Pommel Strike"],"picked":"SKIP","floor":41.0},{"not_picked":["Armaments"],"picked":"SKIP","floor":44.0},{"not_picked":["Dual Wield"],"picked":"SKIP","floor":47.0},{"not_picked":["Twin Strike"],"picked":"SKIP","floor":48.0},{"not_picked":["Barricade+1"],"picked":"SKIP","floor":55}],"player_experience":666981,"relics_obtained":[{"floor":7.0,"key":"Omamori"},{"floor":9.0,"key":"Bag of Preparation"},{"floor":11.0,"key":"Mercury Hourglass"},{"floor":12.0,"key":"White Beast Statue"},{"floor":13.0,"key":"Matryoshka"},{"floor":22.0,"key":"Necronomicon"},{"floor":23.0,"key":"CeramicFish"},{"floor":26.0,"key":"War Paint"},{"floor":27.0,"key":"Red Mask"},{"floor":30.0,"key":"Bottled Flame"},{"floor":41.0,"key":"Du-Vu Doll"},{"floor":43.0,"key":"Frozen Egg 2"},{"floor":43.0,"key":"StrikeDummy"},{"floor":44.0,"key":"MawBank"},{"floor":55,"key":"Sundial"}],"event_choices":[{"damage_healed":0.0,"max_hp_gain":0.0,"max_hp_loss":0.0,"gold_gain":0.0,"event_name":"Scrap Ooze","player_choice":"Fled","floor":2.0,"gold_loss":0.0,"damage_taken":0.0},{"damage_healed":0.0,"max_hp_gain":0.0,"max_hp_loss":0.0,"gold_gain":75.0,"event_name":"World of Goop","player_choice":"Gather Gold","floor":5.0,"gold_loss":0.0,"damage_taken":11.0},{"damage_healed":0.0,"max_hp_gain":0.0,"max_hp_loss":0.0,"gold_gain":0.0,"event_name":"Cursed Tome","player_choice":"Obtained Book","floor":22.0,"gold_loss":0.0,"damage_taken":21.0},{"damage_healed":0.0,"max_hp_gain":0.0,"max_hp_loss":0.0,"gold_gain":0.0,"event_name":"Masked Bandits","player_choice":"Fought Bandits","floor":27.0,"gold_loss":0.0,"damage_taken":0.0},{"damage_healed":0.0,"max_hp_gain":0.0,"max_hp_loss":0.0,"gold_gain":0.0,"event_name":"Lab","player_choice":"Got Potions","floor":28.0,"gold_loss":0.0,"damage_taken":0.0},{"damage_healed":0.0,"max_hp_gain":0.0,"max_hp_loss":4.0,"gold_gain":0.0,"event_name":"Winding Halls","player_choice":"Max HP","floor":38.0,"gold_loss":0.0,"damage_taken":0.0}],"is_beta":true,"boss_relics":[{"not_picked":["Empty Cage","Sozu"],"picked":"Busted Crown"},{"not_picked":["Philosopher\u0027s Stone","Tiny House"],"picked":"Snecko Eye"}],"items_purged_floors":[14,25,42,45],"is_endless":false,"potions_floor_spawned":[1,3,11,13,16,18,19,20,21,23,27,29,30,31,33,35,36,37,39,41,44,47,48,55],"ascension_level":20}}