{"host":"lqbszw1tv2isqkrb","time":1610340943,"event":{"mods":["BaseMod","Downfall","Hermit","Hubris","Minty Spire (QoL Compilation)","Quick Restart","StSLib","The Animator","The Hierophant"],"gold_per_floor":[116,35,54,54,70,70,126,126,153,153,187,34,34,48,48,149,149,168,168,185,185,201,201,220,270,270],"floor_reached":25,"playtime":792,"items_purged":[],"score":201,"play_id":"1aa26a95-08f0-44fb-9880-ffcd47360088","local_time":"20210110235543","is_ascension_mode":false,"campfire_choices":[{"data":"Bouncing Flask","floor":6,"key":"SMITH"},{"floor":8,"key":"REST"},{"floor":10,"key":"RECALL"},{"floor":13,"key":"REST"},{"data":"Crippling Poison","floor":15,"key":"SMITH"},{"floor":23,"key":"REST"}],"circlet_count":0,"master_deck":["Strike_G","Strike_G","Strike_G","Strike_G","Defend_G","Defend_G","Defend_G","Defend_G","Defend_G","Survivor","Neutralize","Bouncing Flask+1","Prepared","Crippling Poison+1","Corpse Explosion"],"relics":["Ring of the Snake","NeowsBlessing","hubris:SphereOfDissonance","hubris:SlimyHat","Toy Ornithopter","Omamori","Black Star","SsserpentHead"],"acts_visited":["Exordium","TheCity"],"potions_floor_usage":[16,24],"damage_taken":[{"damage":0,"enemies":"Cultist","floor":1,"turns":1},{"damage":0,"enemies":"Jaw Worm","floor":3,"turns":1},{"damage":0,"enemies":"Small Slimes","floor":5,"turns":1},{"damage":26,"enemies":"Gremlin Nob","floor":7,"turns":4},{"damage":31,"enemies":"Lagavulin","floor":11,"turns":4},{"damage":4,"enemies":"Exordium Thugs","floor":14,"turns":4},{"damage":51,"enemies":"Slime Boss","floor":16,"turns":15},{"damage":26,"enemies":"Shell Parasite","floor":18,"turns":6},{"damage":0,"enemies":"Spheric Guardian","floor":20,"turns":2},{"damage":35,"enemies":"Shelled Parasite and Fungi","floor":22,"turns":7},{"damage":21,"enemies":"Snake Plant","floor":24,"turns":5},{"damage":22,"enemies":"Cultist and Chosen","floor":25,"turns":4}],"seed_played":"-6883276490435543764","potions_obtained":[{"floor":14,"key":"champ:CounterPotion"},{"floor":18,"key":"SteroidPotion"},{"floor":22,"key":"Weak Potion"},{"floor":24,"key":"GamblersBrew"}],"is_trial":false,"path_per_floor":["M","$","M","?","M","R","?","R","T","R","E","$","R","M","R","B",null,"M","?","M","?","M","R","M","M"],"character_chosen":"THE_SILENT","items_purchased":["Bouncing Flask","Omamori"],"campfire_rested":3,"item_purchase_floors":[2,12],"current_hp_per_floor":[70,70,70,70,70,70,44,65,65,65,34,34,55,51,51,5,70,44,44,44,44,9,30,14,0,0],"gold":270,"neow_bonus":"THREE_ENEMY_KILL","is_daily":false,"chose_seed":false,"campfire_upgraded":2,"win_rate":0.0,"timestamp":1610340943,"path_taken":["M","$","?","?","?","R","?","R","T","R","E","?","R","?","R","BOSS","M","?","M","?","M","R","M","?"],"items_purchased_type":["Card","Relic"],"build_version":"2020-12-22","purchased_purges":0,"victory":false,"max_hp_per_floor":[70,70,70,70,70,70,70,70,70,70,70,70,70,70,70,70,70,70,70,70,70,70,70,70,70,70],"card_choices":[{"not_picked":["Acrobatics","All Out Attack","Masterful Stab"],"picked":"SKIP","floor":1},{"not_picked":["Flechettes","Backflip","hubris:SlightOfHand"],"picked":"SKIP","floor":3},{"not_picked":["Endless Agony","Eviscerate","Footwork"],"picked":"SKIP","floor":5},{"not_picked":["Quick Slash","Dagger Throw"],"picked":"Prepared","floor":7},{"not_picked":["Poisoned Stab","Infinite Blades","Blur"],"picked":"SKIP","floor":11},{"not_picked":["Infinite Blades","Outmaneuver"],"picked":"Crippling Poison","floor":14},{"not_picked":["Night Terror","Burst"],"picked":"Corpse Explosion","floor":16},{"not_picked":["Deflect+1","Caltrops","Backflip"],"picked":"SKIP","floor":18},{"not_picked":["Dodge and Roll+1","Slice","PiercingWail"],"picked":"SKIP","floor":20},{"not_picked":["Acrobatics","Escape Plan","Quick Slash"],"picked":"SKIP","floor":22},{"not_picked":["Deflect","Blade Dance","Cloak And Dagger"],"picked":"SKIP","floor":24}],"player_experience":410041,"relics_obtained":[{"floor":7,"key":"hubris:SphereOfDissonance"},{"floor":9,"key":"hubris:SlimyHat"},{"floor":11,"key":"Toy Ornithopter"}],"event_choices":[{"cards_removed":["Strike_G"],"damage_healed":0,"gold_gain":0,"player_choice":"Purged","damage_taken":0,"max_hp_gain":0,"max_hp_loss":0,"event_name":"Purifier","floor":4,"gold_loss":0},{"damage_healed":0,"gold_gain":0,"player_choice":"Searched \u00271\u0027 times","damage_taken":0,"max_hp_gain":0,"max_hp_loss":0,"event_name":"Dead Adventurer","floor":7,"gold_loss":0},{"damage_healed":0,"gold_gain":0,"player_choice":"Ignored","damage_taken":0,"max_hp_gain":0,"max_hp_loss":0,"event_name":"Ghosts","floor":19,"gold_loss":0},{"damage_healed":0,"gold_gain":0,"player_choice":"Trade","damage_taken":0,"relics_obtained":["SsserpentHead"],"max_hp_gain":0,"max_hp_loss":0,"event_name":"FaceTrader","floor":21,"gold_loss":0}],"is_beta":false,"boss_relics":[{"not_picked":["Runic Pyramid","hubris:Backtick"],"picked":"Black Star"}],"items_purged_floors":[],"is_endless":false,"potions_floor_spawned":[14,18,22,24],"killed_by":"Cultist and Chosen","ascension_level":0}}