{"host":"e1pm3b7xpcm97e5w","time":1610398657,"event":{"mods":["BaseMod","Better Skull","Googly Eyes","Minty Spire (QoL Compilation)","Relic Stats","Shop Mod","Spicy Shops","StSLib"],"gold_per_floor":[117,192,205,205,225,225,257,145,145,9,109,109,122,153,153,252,252,264,4,23,23,36,36,61,61,87,87,87,104,123,139,139,139,139],"floor_reached":33,"playtime":1141,"items_purged":["Strike_B","Strike_B"],"score":453,"play_id":"03d70caa-09b0-4316-9f49-86831cd649c5","local_time":"20210111155737","is_ascension_mode":true,"campfire_choices":[{"data":"Coolheaded","floor":6,"key":"SMITH"},{"floor":12,"key":"REST"},{"data":"Dualcast","floor":15,"key":"SMITH"},{"data":"Defragment","floor":23,"key":"SMITH"},{"data":"Panache","floor":25,"key":"SMITH"},{"data":"Conserve Battery","floor":27,"key":"SMITH"},{"data":"Redo","floor":32,"key":"SMITH"}],"circlet_count":0,"master_deck":["AscendersBane","Strike_B","Defend_B","Defend_B","Defend_B","Defend_B","Zap+1","Dualcast+1","Panache+1","Coolheaded+1","Leap","Conserve Battery+1","Streamline","Meteor Strike","Beam Cell","Defragment+1","Blind","Go for the Eyes","Redo+1","Biased Cognition","Go for the Eyes"],"relics":["Cracked Core","Unceasing Top","Bottled Lightning","Pear","Coffee Dripper","Orichalcum","Oddly Smooth Stone"],"acts_visited":["Exordium","TheCity"],"potions_floor_usage":[7,21,21,24],"damage_taken":[{"damage":9,"enemies":"Jaw Worm","floor":1,"turns":4},{"damage":8,"enemies":"2 Louse","floor":3,"turns":4},{"damage":0,"enemies":"Cultist","floor":5,"turns":4},{"damage":27,"enemies":"Gremlin Nob","floor":7,"turns":5},{"damage":0,"enemies":"Exordium Thugs","floor":13,"turns":3},{"damage":1,"enemies":"Lagavulin","floor":14,"turns":4},{"damage":3,"enemies":"The Guardian","floor":16,"turns":4},{"damage":0,"enemies":"Chosen","floor":18,"turns":2},{"damage":8,"enemies":"2 Thieves","floor":20,"turns":3},{"damage":11,"enemies":"Cultist and Chosen","floor":21,"turns":5},{"damage":0,"enemies":"3 Cultists","floor":22,"turns":3},{"damage":42,"enemies":"Gremlin Leader","floor":24,"turns":6},{"damage":10,"enemies":"Chosen and Byrds","floor":29,"turns":9},{"damage":9,"enemies":"Centurion and Healer","floor":30,"turns":3},{"damage":0,"enemies":"Shelled Parasite and Fungi","floor":31,"turns":4},{"damage":14,"enemies":"Automaton","floor":33,"turns":2}],"seed_played":"-6424237705650946379","potions_obtained":[{"floor":1,"key":"Weak Potion"},{"floor":5,"key":"SmokeBomb"},{"floor":13,"key":"SkillPotion"},{"floor":16,"key":"SkillPotion"},{"floor":22,"key":"FairyPotion"},{"floor":30,"key":"Swift Potion"}],"is_trial":false,"path_per_floor":["M","?","M","?","M","R","E","$","T","$","?","R","M","E","R","B",null,"M","$","M","M","M","R","E","R","T","R","?","M","M","M","R","B"],"character_chosen":"DEFECT","items_purchased":["Streamline","Meteor Strike","Beam Cell","Defragment","Blind"],"campfire_rested":1,"item_purchase_floors":[8,10,10,19,19],"current_hp_per_floor":[59,48,40,40,40,40,13,13,13,13,13,33,33,42,42,39,68,68,68,60,49,49,49,7,7,7,7,7,23,14,14,14,0,0],"gold":139,"neow_bonus":"RANDOM_COLORLESS_2","is_daily":false,"chose_seed":false,"campfire_upgraded":6,"win_rate":0.0,"timestamp":1610398657,"path_taken":["M","?","M","?","?","R","E","$","T","$","?","R","?","E","R","BOSS","M","$","M","M","M","R","E","R","T","R","?","M","?","M","R","BOSS"],"items_purchased_type":["Card","Card","Card","Card","Card"],"build_version":"2020-12-22","purchased_purges":2,"victory":false,"max_hp_per_floor":[68,68,68,68,68,68,68,68,68,68,68,68,68,78,78,78,78,78,78,78,78,78,78,78,78,78,78,78,78,78,78,78,78,78],"relic_stats":{"counters":[16,65],"Orichalcum":[24],"obtain_stats":[{"Pear":14,"Oddly Smooth Stone":26,"Coffee Dripper":17,"Bottled Lightning":9,"Orichalcum":24,"Cracked Core":0,"Unceasing Top":7},{"Pear":6,"Oddly Smooth Stone":12,"Coffee Dripper":7,"Bottled Lightning":4,"Orichalcum":12,"Cracked Core":0,"Unceasing Top":4},{"Pear":24,"Oddly Smooth Stone":47,"Coffee Dripper":28,"Bottled Lightning":17,"Orichalcum":47,"Cracked Core":0,"Unceasing Top":17}],"Unceasing Top":[95]},"card_choices":[{"not_picked":["Violence","Master of Strategy"],"picked":"Panache","floor":0},{"not_picked":["Sweeping Beam","Chaos"],"picked":"Coolheaded","floor":1},{"not_picked":["Rebound","Rip and Tear"],"picked":"Leap","floor":3},{"not_picked":["Sweeping Beam","Ball Lightning"],"picked":"Conserve Battery","floor":5},{"not_picked":["Rebound","Rip and Tear","Ball Lightning"],"picked":"SKIP","floor":7},{"not_picked":["Barrage","Leap","Consume"],"picked":"SKIP","floor":13},{"not_picked":["All For One","Cold Snap","Fusion"],"picked":"SKIP","floor":14},{"not_picked":["Compile Driver","Turbo","Reprogram+1"],"picked":"SKIP","floor":18},{"not_picked":["Cold Snap","Heatsinks","Barrage"],"picked":"SKIP","floor":20},{"not_picked":["Scrape","Undo+1"],"picked":"Go for the Eyes","floor":22},{"not_picked":["Stack","Rebound","Barrage"],"picked":"SKIP","floor":24},{"not_picked":["Ball Lightning","Conserve Battery"],"picked":"Redo","floor":29},{"not_picked":["Stack+1","Rebound"],"picked":"Biased Cognition","floor":30},{"not_picked":["Leap","Streamline+1"],"picked":"Go for the Eyes","floor":31}],"player_experience":514007,"relics_obtained":[{"floor":7,"key":"Unceasing Top"},{"floor":9,"key":"Bottled Lightning"},{"floor":14,"key":"Pear"},{"floor":24,"key":"Orichalcum"},{"floor":26,"key":"Oddly Smooth Stone"}],"event_choices":[{"damage_healed":0,"gold_gain":75,"player_choice":"Gather Gold","damage_taken":11,"max_hp_gain":0,"max_hp_loss":0,"event_name":"World of Goop","floor":2,"gold_loss":0},{"damage_healed":0,"gold_gain":0,"player_choice":"Upgraded","damage_taken":0,"max_hp_gain":0,"max_hp_loss":0,"event_name":"Upgrade Shrine","floor":4,"gold_loss":0,"cards_upgraded":["Zap"]},{"damage_healed":0,"gold_gain":100,"player_choice":"Gold","damage_taken":0,"max_hp_gain":0,"max_hp_loss":0,"event_name":"Wheel of Change","floor":11,"gold_loss":0},{"cards_removed":["Strike_B"],"damage_healed":0,"gold_gain":0,"player_choice":"Offered Basic","damage_taken":0,"max_hp_gain":0,"max_hp_loss":0,"event_name":"Bonfire Elementals","floor":28,"gold_loss":0}],"is_beta":false,"boss_relics":[{"not_picked":["Ectoplasm","Sozu"],"picked":"Coffee Dripper"}],"items_purged_floors":[8,19],"is_endless":false,"potions_floor_spawned":[1,5,13,16,20,22,30],"killed_by":"Automaton","ascension_level":10}}