{"host":"j4g6ia6asvpyu2b0","time":1610372362,"event":{"mods":["BaseMod","Colored Map","Minty Spire (QoL Compilation)","Permanent Neow","Quick Restart","Relic Stats","StSLib","Unceasing Turn Reminder"],"gold_per_floor":[116,132,132,132,132,132,132],"floor_reached":6,"playtime":101,"items_purged":[],"score":51,"play_id":"c46825bc-82d0-4f9a-96d9-149d76da5082","local_time":"20210111063922","is_ascension_mode":true,"campfire_choices":[],"circlet_count":0,"master_deck":["AscendersBane","Strike_G","Strike_G","Strike_G","Strike_G","Defend_G","Defend_G","Defend_G","Defend_G","Defend_G","Survivor","Neutralize","Flying Knee","Terror"],"relics":["Ring of the Snake","Anchor","Tough Bandages","Bronze Scales"],"acts_visited":["Exordium"],"potions_floor_usage":[],"damage_taken":[{"damage":0,"enemies":"Cultist","floor":1,"turns":4},{"damage":2,"enemies":"Jaw Worm","floor":2,"turns":4},{"damage":53,"enemies":"Gremlin Nob","floor":6,"turns":4}],"seed_played":"8174011235897066765","potions_obtained":[],"is_trial":false,"path_per_floor":["M","M","?","T","?","E"],"character_chosen":"THE_SILENT","items_purchased":[],"campfire_rested":0,"item_purchase_floors":[],"current_hp_per_floor":[63,61,54,54,36,0,0],"gold":132,"neow_bonus":"RANDOM_COMMON_RELIC","is_daily":false,"chose_seed":false,"campfire_upgraded":0,"win_rate":0.0,"timestamp":1610372362,"path_taken":["M","?","?","?","?","E"],"items_purchased_type":[],"build_version":"2020-12-22","purchased_purges":0,"victory":false,"max_hp_per_floor":[70,70,70,70,70,70,70],"relic_stats":{"Tough Bandages":[0],"counters":[3,12],"Bronze Scales":[6],"obtain_stats":[{"Anchor":0,"Tough Bandages":4,"Bronze Scales":5,"Ring of the Snake":0},{"Anchor":0,"Tough Bandages":2,"Bronze Scales":2,"Ring of the Snake":0},{"Anchor":0,"Tough Bandages":8,"Bronze Scales":8,"Ring of the Snake":0}],"Ring of the Snake":[6]},"card_choices":[{"not_picked":["Deflect","Acrobatics"],"picked":"Flying Knee","floor":1},{"not_picked":["Cloak And Dagger","Quick Slash"],"picked":"Terror","floor":2}],"player_experience":803777,"relics_obtained":[{"floor":4,"key":"Tough Bandages"}],"event_choices":[{"cards_removed":["Strike_G"],"damage_healed":0,"gold_gain":0,"player_choice":"Card Removal","damage_taken":7,"max_hp_gain":0,"max_hp_loss":0,"event_name":"Golden Wing","floor":3,"gold_loss":0},{"damage_healed":0,"gold_gain":0,"player_choice":"Success","damage_taken":18,"relics_obtained":["Bronze Scales"],"max_hp_gain":0,"max_hp_loss":0,"event_name":"Scrap Ooze","floor":5,"gold_loss":0}],"is_beta":false,"boss_relics":[],"items_purged_floors":[],"is_endless":false,"potions_floor_spawned":[],"killed_by":"Gremlin Nob","ascension_level":10}}