{"host":"hcg1n1zeml53gytb","time":1610323287,"event":{"mods":["BaseMod","Better Third Choice","Colored Powertips","Displayed Cursed Tome","Hermit","Highlight Path","Minty Spire (QoL Compilation)","Quick Restart","Rare Cards Sparkle","Relic Stats","Replay The Spire","StSLib","The Cursed"],"gold_per_floor":[112,112,112,136,61,97,97,130,130,155,169,185,185,210,210,335,335,349,362,431,124,145,145,181,181,181,181,225,274,304,166,166],"floor_reached":31,"playtime":1627,"items_purged":["Injury","Strike_R"],"score":374,"play_id":"e8c70af1-86a5-4ed8-a0b1-8deb264d483f","local_time":"20210110180127","is_ascension_mode":true,"campfire_choices":[{"data":"Bash","floor":7,"key":"SMITH"},{"data":"Whirlwind","floor":13,"key":"SMITH"},{"data":"Inflame","floor":15,"key":"SMITH"},{"floor":23,"key":"REST"},{"data":"Corruption","floor":25,"key":"SMITH"},{"floor":27,"key":"REST"}],"circlet_count":0,"master_deck":["Strike_R","Strike_R","Strike_R","Defend_R","Defend_R","Defend_R","Defend_R","Bash+1","Twin Strike","Whirlwind+1","Headbutt","True Grit","Shockwave","Combust","Double Tap","Inflame+1","Corruption+1","ReplayTheSpireMod:Stacked+1","Intimidate","Power Through+1","Midas Touch","Dual Wield+1","ReplayTheSpireMod:Stacked"],"relics":["Burning Blood","NeowsBlessing","Golden Idol","Replay:Accelerometer","Centennial Puzzle","Garlic","Painkiller Herb","Replay:WaspNest","Replay:Baseball","Replay:Bandana","Paper Frog","ReplayTheSpireMod:Shallot"],"acts_visited":["Exordium","TheCity"],"potions_floor_usage":[16,16,18,22,24],"damage_taken":[{"damage":0,"enemies":"2 Louse","floor":1,"turns":1},{"damage":0,"enemies":"Jaw Worm","floor":4,"turns":1},{"damage":0,"enemies":"3 Sentries","floor":6,"turns":1},{"damage":27,"enemies":"Replay:BlueRogue","floor":8,"turns":6},{"damage":4,"enemies":"Cultist","floor":10,"turns":3},{"damage":15,"enemies":"Exordium Thugs","floor":11,"turns":3},{"damage":7,"enemies":"Looter","floor":12,"turns":4},{"damage":8,"enemies":"Blue Slaver","floor":14,"turns":3},{"damage":29,"enemies":"Slime Boss","floor":16,"turns":7},{"damage":16,"enemies":"2 Thieves","floor":18,"turns":2},{"damage":0,"enemies":"3 Byrds","floor":19,"turns":3},{"damage":29,"enemies":"3 Cultists","floor":22,"turns":5},{"damage":21,"enemies":"Replay:Snechameleon","floor":24,"turns":4},{"damage":5,"enemies":"Snecko","floor":28,"turns":4},{"damage":33,"enemies":"Book of Stabbing","floor":29,"turns":5},{"damage":0,"enemies":"Snake Plant","floor":30,"turns":3}],"seed_played":"2886101510779025111","potions_obtained":[{"floor":4,"key":"Strength Potion"},{"floor":8,"key":"EssenceOfSteel"},{"floor":12,"key":"Adrenaline Potion"},{"floor":19,"key":"Death Potion"},{"floor":20,"key":"Elixir"},{"floor":22,"key":"EssenceOfSteel"},{"floor":29,"key":"Weak Potion"}],"is_trial":false,"path_per_floor":["M","?","?","M","$","E","R","E","T","M","M","M","R","M","R","B",null,"?","?","?","T","?","T","E","T","T","T","?","E","?","T"],"character_chosen":"IRONCLAD","items_purchased":["Replay:Baseball","Midas Touch","ReplayTheSpireMod:Stacked"],"campfire_rested":2,"item_purchase_floors":[21,21,31],"current_hp_per_floor":[80,73,73,79,79,80,80,59,59,61,52,51,51,49,49,26,80,70,76,56,56,33,57,42,42,42,66,67,40,46,46,46],"gold":166,"neow_bonus":"THREE_ENEMY_KILL","is_daily":false,"chose_seed":false,"campfire_upgraded":4,"win_rate":0.0,"timestamp":1610323287,"path_taken":[],"items_purchased_type":["Relic","Card","Card"],"build_version":"2020-12-22","purchased_purges":2,"victory":false,"max_hp_per_floor":[],"relic_stats":{"Centennial Puzzle":[30],"counters":[16,55],"Golden Idol":107,"obtain_stats":[{"Replay:Accelerometer":6,"Centennial Puzzle":8,"Replay:Baseball":21,"Replay:Bandana":24,"NeowsBlessing":0,"ReplayTheSpireMod:Shallot":29,"Golden Idol":3,"Painkiller Herb":17,"Replay:WaspNest":20,"Garlic":9,"Burning Blood":0,"Paper Frog":26},{"Replay:Accelerometer":3,"Centennial Puzzle":4,"Replay:Baseball":11,"Replay:Bandana":13,"NeowsBlessing":0,"ReplayTheSpireMod:Shallot":15,"Golden Idol":1,"Painkiller Herb":9,"Replay:WaspNest":11,"Garlic":4,"Burning Blood":0,"Paper Frog":13},{"Replay:Accelerometer":3,"Centennial Puzzle":9,"Replay:Baseball":34,"Replay:Bandana":43,"NeowsBlessing":0,"ReplayTheSpireMod:Shallot":52,"Golden Idol":1,"Painkiller Herb":29,"Replay:WaspNest":34,"Garlic":9,"Burning Blood":0,"Paper Frog":43}],"Burning Blood":85},"card_choices":[],"player_experience":471793,"relics_obtained":[],"event_choices":[],"is_beta":false,"boss_relics":[],"items_purged_floors":[],"is_endless":false,"potions_floor_spawned":[],"ascension_level":4}}