{"host":"qljev0q3rb9h3k1a","time":1610398935,"event":{"mods":["AchievementEnabler","Ascension Unlocker","BaseMod","Colored Map","Minty Spire (QoL Compilation)","Permanent Neow","Quick Restart","Relic Filter","StSLib","SuperFastMode"],"gold_per_floor":[116,127,127,143,143,174,174,187,187,187,187,199,218,229,229,229,229],"floor_reached":16,"playtime":2495,"items_purged":[],"score":104,"play_id":"2330797b-9d34-4816-a863-954d93dab90c","local_time":"20210111160215","is_ascension_mode":false,"campfire_choices":[{"data":"Bullet Time","floor":11.0,"key":"SMITH"},{"data":"Blade Dance","floor":15.0,"key":"SMITH"}],"circlet_count":0,"master_deck":["Strike_G","Strike_G","Strike_G","Strike_G","Defend_G","Defend_G","Defend_G","Defend_G","Defend_G","Survivor","Neutralize","Bullet Time+1","Blade Dance+1","Backstab","Backflip","All Out Attack","Escape Plan+1","Bullet Time+1","Escape Plan+1"],"relics":["Ring of the Snake","Oddly Smooth Stone","Toxic Egg 2"],"acts_visited":["Exordium"],"potions_floor_usage":[],"damage_taken":[{"damage":1.0,"enemies":"2 Louse","floor":1.0,"turns":3.0},{"damage":4.0,"enemies":"Cultist","floor":2.0,"turns":5.0},{"damage":0.0,"enemies":"Small Slimes","floor":4.0,"turns":2.0},{"damage":19.0,"enemies":"Lagavulin","floor":6.0,"turns":6.0},{"damage":0.0,"enemies":"Gremlin Gang","floor":8.0,"turns":3.0},{"damage":0.0,"enemies":"Red Slaver","floor":12.0,"turns":2.0},{"damage":0.0,"enemies":"Large Slime","floor":13.0,"turns":4.0},{"damage":3.0,"enemies":"2 Fungi Beasts","floor":14.0,"turns":2.0},{"damage":43,"enemies":"Slime Boss","floor":16,"turns":12}],"seed_played":"359287654526100710","potions_obtained":[{"floor":4.0,"key":"PowerPotion"},{"floor":6.0,"key":"ColorlessPotion"}],"is_trial":false,"path_per_floor":["M","M","?","M","$","E","?","M","T","$","R","M","M","M","R","B"],"character_chosen":"THE_SILENT","items_purchased":[],"campfire_rested":0,"item_purchase_floors":[],"current_hp_per_floor":[69,65,65,65,65,46,46,46,46,46,46,46,46,43,43,0,0],"gold":229,"neow_bonus":"ONE_RANDOM_RARE_CARD","is_daily":false,"chose_seed":false,"campfire_upgraded":2,"win_rate":0.0,"timestamp":1610398935,"path_taken":["M","M","?","?","$","E","?","M","T","$","R","?","?","?","R","BOSS"],"items_purchased_type":[],"build_version":"2020-12-22","purchased_purges":0,"victory":false,"max_hp_per_floor":[70,70,70,70,70,70,70,70,70,70,70,70,70,70,70,70,70],"card_choices":[{"not_picked":["Deflect","Tactician","Dodge and Roll"],"picked":"SKIP","floor":1.0},{"not_picked":["Catalyst","Masterful Stab"],"picked":"Blade Dance","floor":2.0},{"not_picked":["Bane","Blur"],"picked":"Backstab","floor":4.0},{"not_picked":["Blur","Poisoned Stab"],"picked":"Backflip","floor":6.0},{"not_picked":["Bane","All Out Attack","Flying Knee"],"picked":"SKIP","floor":8.0},{"not_picked":["Dagger Throw","Deadly Poison+1"],"picked":"Escape Plan+1","floor":12.0},{"not_picked":["Expertise+1","Slice"],"picked":"Bullet Time+1","floor":13.0},{"not_picked":["Well Laid Plans","Deflect+1"],"picked":"Escape Plan+1","floor":14.0}],"player_experience":9404,"relics_obtained":[{"floor":6.0,"key":"Oddly Smooth Stone"},{"floor":9.0,"key":"Toxic Egg 2"}],"event_choices":[{"damage_healed":0.0,"max_hp_gain":0.0,"max_hp_loss":0.0,"gold_gain":0.0,"event_name":"The Woman in Blue","player_choice":"Bought 0 Potions","floor":3.0,"gold_loss":0.0,"damage_taken":0.0},{"damage_healed":0.0,"max_hp_gain":0.0,"max_hp_loss":0.0,"gold_gain":0.0,"cards_transformed":["Strike_G"],"event_name":"Transmorgrifier","player_choice":"Transformed","floor":7.0,"gold_loss":0.0,"damage_taken":0.0,"cards_obtained":["All Out Attack"]}],"is_beta":false,"boss_relics":[],"items_purged_floors":[],"is_endless":false,"potions_floor_spawned":[4,6],"killed_by":"Slime Boss","ascension_level":0}}