{"host":"khm4we1ijduz33xh","time":1610379376,"event":{"mods":["AchievementEnabler","BaseMod","Colored Map","Minty Spire (QoL Compilation)","Rare Cards Sparkle","StSLib","SuperFastMode"],"gold_per_floor":[118,129,129,129,146,175,175,210,210,224,224,69,69,69,69,174,174,192,291,34,47,66,66,81,81,105,125,145,145,173,88,100,207,219,244,266,303,315,342,354,39,74,74,74,89,89,104,115,115,115,115],"floor_reached":50,"playtime":2240,"items_purged":["Strike_R"],"score":580,"play_id":"a083b06c-2cf7-4a46-8850-6822ab0cc487","local_time":"20210112003616","is_ascension_mode":true,"campfire_choices":[{"data":"Armaments","floor":7.0,"key":"SMITH"},{"data":"Demon Form","floor":11.0,"key":"SMITH"},{"data":"Bloodletting","floor":13.0,"key":"SMITH"},{"floor":15.0,"key":"REST"},{"data":"Flame Barrier","floor":23.0,"key":"SMITH"},{"data":"True Grit","floor":25.0,"key":"SMITH"},{"floor":29.0,"key":"REST"},{"data":"Berserk","floor":32.0,"key":"SMITH"},{"floor":44,"key":"REST"},{"floor":46,"key":"REST"},{"floor":49,"key":"REST"}],"circlet_count":0,"master_deck":["Strike_R","Strike_R","Strike_R","Strike_R","Defend_R","Defend_R","Defend_R","Defend_R","Bash","Fiend Fire+1","Headbutt","Demon Form+1","Armaments+1","Hemokinesis+1","Flame Barrier+1","Bloodletting+1","Reaper+1","Disarm+1","Twin Strike+1","Heavy Blade+1","True Grit+1","Berserk+1","Feed+1","Sentinel+1","Seeing Red","Entrench","Feel No Pain","Shrug It Off+1"],"relics":["Burning Blood","Tiny Chest","Molten Egg 2","Sundial","Vajra","Velvet Choker","Pantograph","Potion Belt","Centennial Puzzle","MawBank","Fusion Hammer","Nunchaku","Membership Card","Blue Candle","Blood Vial","Singing Bowl"],"acts_visited":["Exordium","TheCity","TheBeyond"],"potions_floor_usage":[33,39,45,50,50],"damage_taken":[{"damage":1.0,"enemies":"2 Louse","floor":1.0,"turns":2.0},{"damage":7.0,"enemies":"Small Slimes","floor":2.0,"turns":3.0},{"damage":2.0,"enemies":"Jaw Worm","floor":5.0,"turns":2.0},{"damage":24.0,"enemies":"3 Sentries","floor":6.0,"turns":7.0},{"damage":18.0,"enemies":"Lagavulin","floor":8.0,"turns":6.0},{"damage":6.0,"enemies":"Looter","floor":10.0,"turns":2.0},{"damage":22.0,"enemies":"The Guardian","floor":16.0,"turns":8.0},{"damage":9.0,"enemies":"2 Thieves","floor":18.0,"turns":4.0},{"damage":27.0,"enemies":"Shell Parasite","floor":21.0,"turns":5.0},{"damage":24.0,"enemies":"Shelled Parasite and Fungi","floor":22.0,"turns":5.0},{"damage":18.0,"enemies":"Snecko","floor":24.0,"turns":4.0},{"damage":9.0,"enemies":"Chosen and Byrds","floor":27.0,"turns":5.0},{"damage":24.0,"enemies":"Snake Plant","floor":28.0,"turns":4.0},{"damage":36.0,"enemies":"Slavers","floor":30.0,"turns":4.0},{"damage":72,"enemies":"Automaton","floor":33,"turns":8},{"damage":47,"enemies":"3 Shapes","floor":35,"turns":4},{"damage":18,"enemies":"3 Darklings","floor":36,"turns":5},{"damage":38,"enemies":"Spire Growth","floor":39,"turns":5},{"damage":85,"enemies":"Reptomancer","floor":42,"turns":6},{"damage":58,"enemies":"4 Shapes","floor":45,"turns":9},{"damage":61,"enemies":"3 Darklings","floor":47,"turns":4},{"damage":17,"enemies":"Jaw Worm Horde","floor":48,"turns":6},{"damage":82,"enemies":"Donu and Deca","floor":50,"turns":5}],"seed_played":"-2309685043702720815","potions_obtained":[{"floor":1.0,"key":"Dexterity Potion"},{"floor":5.0,"key":"LiquidMemories"},{"floor":6.0,"key":"SteroidPotion"},{"floor":8.0,"key":"Block Potion"},{"floor":18.0,"key":"SteroidPotion"},{"floor":21.0,"key":"Swift Potion"},{"floor":24.0,"key":"BloodPotion"},{"floor":36,"key":"Weak Potion"},{"floor":39,"key":"Ancient Potion"},{"floor":42,"key":"Fruit Juice"},{"floor":48,"key":"Ancient Potion"}],"is_trial":false,"path_per_floor":["M","M","?","?","M","E","R","E","T","M","R","$","R","?","R","B",null,"M","?","$","M","M","R","M","R","T","M","M","R","E","?","R","B",null,"M","M","T","?","M","?","$","E","T","R","M","R","M","M","R","B"],"character_chosen":"IRONCLAD","items_purchased":["Bloodletting","Pantograph","Membership Card","FairyPotion","Blue Candle"],"campfire_rested":5,"item_purchase_floors":[12,20,41,41,41],"current_hp_per_floor":[80,79,79,79,80,62,62,50,50,50,50,50,50,47,71,55,80,77,77,77,65,56,56,44,44,44,70,52,76,69,69,69,14,80,61,49,49,49,29,70,70,7,7,28,11,34,27,39,62,0,0],"gold":115,"neow_bonus":"ONE_RANDOM_RARE_CARD","is_daily":false,"chose_seed":false,"campfire_upgraded":6,"win_rate":0.0,"timestamp":1610379376,"path_taken":["M","M","?","?","M","E","R","E","T","M","R","$","R","?","R","BOSS","M","?","$","M","M","R","M","R","T","M","M","R","E","?","R","BOSS","M","M","?","?","M","?","$","E","T","R","M","R","M","?","R","BOSS"],"items_purchased_type":["Card","Relic","Relic","Potion","Relic"],"build_version":"2020-12-22","purchased_purges":1,"victory":false,"max_hp_per_floor":[80,80,80,80,80,80,80,80,80,80,80,80,80,80,80,80,80,80,80,80,80,80,80,80,80,80,80,80,80,80,80,80,80,80,84,84,84,80,80,70,70,70,70,70,79,79,79,79,79,79,79],"card_choices":[{"not_picked":["Clash","Thunderclap","Iron Wave"],"picked":"SKIP","floor":1.0},{"not_picked":["Power Through","Second Wind"],"picked":"Headbutt","floor":2.0},{"not_picked":["Metallicize","Clash"],"picked":"Demon Form","floor":5.0},{"not_picked":["Perfected Strike","Searing Blow"],"picked":"Armaments","floor":6.0},{"not_picked":["Iron Wave+1","Cleave+1"],"picked":"Hemokinesis+1","floor":8.0},{"not_picked":["Barricade","Whirlwind+1"],"picked":"Flame Barrier","floor":10.0},{"not_picked":["Exhume","Juggernaut"],"picked":"Reaper+1","floor":16.0},{"not_picked":["Rampage+1","Searing Blow+1"],"picked":"Disarm+1","floor":18.0},{"not_picked":["Ghostly Armor","Warcry"],"picked":"Twin Strike+1","floor":21.0},{"not_picked":["Perfected Strike+1","Body Slam+1"],"picked":"Heavy Blade+1","floor":22.0},{"not_picked":["Clothesline+1","Havoc"],"picked":"True Grit","floor":24.0},{"not_picked":["Dark Embrace","Thunderclap+1","Warcry"],"picked":"SKIP","floor":27.0},{"not_picked":["Anger+1","Armaments","Wild Strike+1"],"picked":"SKIP","floor":28.0},{"not_picked":["Sword Boomerang+1","Cleave+1"],"picked":"Berserk","floor":30.0},{"not_picked":["Demon Form","Corruption"],"picked":"Feed+1","floor":33},{"not_picked":["Searing Blow+1","Twin Strike+1"],"picked":"Sentinel+1","floor":35},{"not_picked":["Thunderclap+1","Heavy Blade+1","Twin Strike+1"],"picked":"SKIP","floor":36},{"not_picked":["Thunderclap+1","Iron Wave+1"],"picked":"Seeing Red","floor":39},{"not_picked":["Hemokinesis+1","Sword Boomerang+1"],"picked":"Entrench","floor":42},{"not_picked":["Metallicize+1","Reckless Charge+1"],"picked":"Feel No Pain","floor":45},{"not_picked":["Shockwave+1","Rampage+1"],"picked":"Shrug It Off+1","floor":47},{"not_picked":["Intimidate","Anger+1","True Grit+1"],"picked":"SKIP","floor":48}],"player_experience":196809,"relics_obtained":[{"floor":6.0,"key":"Tiny Chest"},{"floor":8.0,"key":"Molten Egg 2"},{"floor":9.0,"key":"Sundial"},{"floor":26.0,"key":"Potion Belt"},{"floor":30.0,"key":"Centennial Puzzle"},{"floor":37,"key":"Nunchaku"},{"floor":42,"key":"Blood Vial"},{"floor":43,"key":"Singing Bowl"}],"event_choices":[{"damage_healed":0.0,"max_hp_gain":0.0,"max_hp_loss":0.0,"gold_gain":0.0,"event_name":"Liars Game","player_choice":"Ignored","floor":3.0,"gold_loss":0.0,"damage_taken":0.0},{"damage_healed":0.0,"max_hp_gain":0.0,"max_hp_loss":0.0,"gold_gain":0.0,"event_name":"Living Wall","player_choice":"Grow","floor":4.0,"gold_loss":0.0,"damage_taken":0.0,"cards_upgraded":["Fiend Fire"]},{"damage_healed":0.0,"max_hp_gain":0.0,"max_hp_loss":0.0,"gold_gain":0.0,"event_name":"Scrap Ooze","player_choice":"Success","floor":14.0,"gold_loss":0.0,"damage_taken":3.0,"relics_obtained":["Vajra"]},{"damage_healed":0.0,"max_hp_gain":0.0,"max_hp_loss":0.0,"gold_gain":99.0,"event_name":"Nest","player_choice":"Stole From Cult","floor":19.0,"gold_loss":0.0,"damage_taken":0.0},{"damage_healed":0.0,"max_hp_gain":0.0,"max_hp_loss":0.0,"gold_gain":0.0,"event_name":"Addict","player_choice":"Obtained Relic","floor":31.0,"gold_loss":85.0,"damage_taken":0.0,"relics_obtained":["MawBank"]},{"damage_healed":0,"gold_gain":0,"player_choice":"Max HP","damage_taken":0,"max_hp_gain":0,"max_hp_loss":4,"event_name":"Winding Halls","floor":38,"gold_loss":0},{"damage_healed":70,"gold_gain":0,"player_choice":"Heal","damage_taken":0,"max_hp_gain":0,"max_hp_loss":10,"event_name":"The Moai Head","floor":40,"gold_loss":0}],"is_beta":false,"boss_relics":[{"not_picked":["Tiny House","Ectoplasm"],"picked":"Velvet Choker"},{"not_picked":["Calling Bell","Philosopher\u0027s Stone"],"picked":"Fusion Hammer"}],"items_purged_floors":[12],"is_endless":false,"potions_floor_spawned":[1,5,6,8,10,18,21,24,36,39,42,48],"killed_by":"Donu and Deca","ascension_level":2}}