{"host":"g7trc0x2teqyd8ye","time":1610389031,"event":{"mods":["BaseMod","Key Reminder","Minty Spire (QoL Compilation)","Relic Stats"],"gold_per_floor":[119,136,147,147,147,181,181,207,207,207,207],"floor_reached":10,"playtime":3004,"items_purged":[],"score":122,"play_id":"452d2acf-ef7c-4796-8450-25c63936cce1","local_time":"20210111191711","is_ascension_mode":true,"campfire_choices":[{"data":"Barrage","floor":7,"key":"SMITH"}],"circlet_count":0,"master_deck":["AscendersBane","Strike_B","Strike_B","Defend_B","Defend_B","Defend_B","Defend_B","Zap","Dualcast","Dramatic Entrance","Barrage","Barrage+1","Coolheaded","Reboot","Seek","Ball Lightning"],"relics":["Cracked Core","Meat on the Bone","Peace Pipe","Molten Egg 2"],"acts_visited":["Exordium"],"potions_floor_usage":[6,8],"damage_taken":[{"damage":2,"enemies":"Jaw Worm","floor":1,"turns":4},{"damage":1,"enemies":"2 Louse","floor":2,"turns":2},{"damage":4,"enemies":"Small Slimes","floor":3,"turns":3},{"damage":14,"enemies":"Gremlin Nob","floor":6,"turns":3},{"damage":16,"enemies":"Lagavulin","floor":8,"turns":5},{"damage":41,"enemies":"Gremlin Nob","floor":10,"turns":4}],"seed_played":"6606699118067500817","potions_obtained":[{"floor":2,"key":"AttackPotion"},{"floor":3,"key":"SteroidPotion"}],"is_trial":false,"path_per_floor":["M","M","M","?","?","E","R","E","T","E"],"character_chosen":"DEFECT","items_purchased":[],"campfire_rested":0,"item_purchase_floors":[],"current_hp_per_floor":[66,65,61,54,54,40,40,36,36,0,0],"gold":207,"neow_bonus":"RANDOM_COLORLESS","is_daily":false,"chose_seed":false,"campfire_upgraded":1,"win_rate":0.0,"timestamp":1610389031,"path_taken":["M","M","M","?","?","E","R","E","T","E"],"items_purchased_type":[],"build_version":"2020-12-22","purchased_purges":0,"victory":false,"max_hp_per_floor":[75,75,75,75,75,75,75,75,75,75,75],"relic_stats":{"Peace Pipe":0,"counters":[6,21],"obtain_stats":[{"Peace Pipe":8,"Molten Egg 2":9,"Cracked Core":0,"Meat on the Bone":6},{"Peace Pipe":5,"Molten Egg 2":5,"Cracked Core":0,"Meat on the Bone":4},{"Peace Pipe":17,"Molten Egg 2":17,"Cracked Core":0,"Meat on the Bone":12}],"Meat on the Bone":12},"card_choices":[{"not_picked":["Trip","Enlightenment"],"picked":"Dramatic Entrance","floor":0},{"not_picked":["Rebound","Double Energy"],"picked":"Barrage","floor":1},{"not_picked":["Rebound","Scrape"],"picked":"Barrage","floor":2},{"not_picked":["Heatsinks","Gash"],"picked":"Coolheaded","floor":3},{"not_picked":["Beam Cell","Compile Driver"],"picked":"Seek","floor":6},{"not_picked":["Beam Cell","Undo"],"picked":"Ball Lightning","floor":8}],"player_experience":904044,"relics_obtained":[{"floor":6,"key":"Meat on the Bone"},{"floor":8,"key":"Peace Pipe"},{"floor":9,"key":"Molten Egg 2"}],"event_choices":[{"cards_removed":["Strike_B"],"damage_healed":0,"gold_gain":0,"player_choice":"Card Removal","damage_taken":7,"max_hp_gain":0,"max_hp_loss":0,"event_name":"Golden Wing","floor":4,"gold_loss":0},{"damage_healed":0,"gold_gain":0,"cards_transformed":["Strike_B"],"player_choice":"Change","damage_taken":0,"max_hp_gain":0,"max_hp_loss":0,"event_name":"Living Wall","floor":5,"gold_loss":0,"cards_obtained":["Reboot"]}],"is_beta":false,"boss_relics":[],"items_purged_floors":[],"is_endless":false,"potions_floor_spawned":[2,3],"killed_by":"Gremlin Nob","ascension_level":12}}