{"host":"9d9dhukr2jywmy0f","time":1610390092,"event":{"mods":["2.2 Compatiblity","Alarm Clock","BaseMod","Bestiary","Block Reminder","Colored Map","Colored Powertips","Curses Come First","DeckTracker","Highlight Path","Key Reminder","Minty Spire (QoL Compilation)","Quick Restart","Rare Cards Sparkle","Relic Sorter","Relic Stats","Spire Birthday Party","StSLib","SuperFastMode","Synergy Search","The Witch","Unceasing Turn Reminder","Unknown Chances"],"gold_per_floor":[118,118,135,145,160,173,23,23,75,93,103,114,114,132,132,229,229,245,245,257,268,268,268,299,78,78,78,90,103,103,132,132,237,237,256,270,170,188,202,245,245,275,343,370,397,447,172,172,172,172,172,172,28,58,58],"floor_reached":56,"playtime":4358,"items_purged":["Defend_Witch","SummonRavenFamiliar+1","Defend_Witch"],"score":1448,"play_id":"7dddfcc1-9370-49df-afc8-d53bc7a4c309","local_time":"20210112023452","is_ascension_mode":false,"campfire_choices":[{"data":"SummonRavenFamiliar","floor":8.0,"key":"SMITH"},{"data":"RiteOfAutumn","floor":13.0,"key":"SMITH"},{"data":"RiteOfAutumn","floor":15.0,"key":"SMITH"},{"data":"RiteOfAutumn","floor":23.0,"key":"SMITH"},{"data":"Intelligence","floor":27.0,"key":"SMITH"},{"data":"ZombieSpit","floor":30.0,"key":"SMITH"},{"floor":32.0,"key":"RECALL"},{"data":"MysticUnburial","floor":41.0,"key":"SMITH"},{"floor":49,"key":"REST"},{"data":"RoilingBarrier","floor":52,"key":"SMITH"}],"circlet_count":0,"master_deck":["Strike_Witch","Strike_Witch","Defend_Witch","Hexguard+1","ZombieSpit+1","RoilingBarrier+1","RiteOfAutumn+1","Harmlessness","NighInvulnerability","RiteOfAutumn+1","Intelligence+1","RiteOfAutumn+1","MysticUnburial+1","WickedThoughts+1","WickedThoughts+1"],"relics":["BlackCat","Toy Ornithopter","Bag of Preparation","Bag of Marbles","Philosopher\u0027s Stone","Pear","Orichalcum","Juzu Bracelet","Black Star","Darkstone Periapt","CeramicFish","Molten Egg 2","Torii","Bronze Scales","Prayer Wheel","War Paint","OrangePellets","Strawberry","Art of War"],"acts_visited":["Exordium","TheCity","TheBeyond","TheEnding"],"potions_floor_usage":[55,55,55],"damage_taken":[{"damage":0.0,"enemies":"Small Slimes","floor":1.0,"turns":5.0},{"damage":2.0,"enemies":"Cultist","floor":3.0,"turns":7.0},{"damage":0.0,"enemies":"2 Louse","floor":4.0,"turns":3.0},{"damage":4.0,"enemies":"Blue Slaver","floor":5.0,"turns":8.0},{"damage":11.0,"enemies":"Large Slime","floor":6.0,"turns":9.0},{"damage":0.0,"enemies":"Looter","floor":10.0,"turns":3.0},{"damage":1.0,"enemies":"Blue Slaver","floor":11.0,"turns":2.0},{"damage":3.0,"enemies":"2 Fungi Beasts","floor":12.0,"turns":3.0},{"damage":2.0,"enemies":"3 Louse","floor":14.0,"turns":3.0},{"damage":40.0,"enemies":"Hexaghost","floor":16.0,"turns":17.0},{"damage":0.0,"enemies":"Spheric Guardian","floor":18.0,"turns":4.0},{"damage":1.0,"enemies":"Chosen","floor":20.0,"turns":5.0},{"damage":3.0,"enemies":"Snecko","floor":21.0,"turns":4.0},{"damage":20.0,"enemies":"Slavers","floor":24.0,"turns":6.0},{"damage":0.0,"enemies":"Centurion and Healer","floor":28.0,"turns":3.0},{"damage":2.0,"enemies":"Snake Plant","floor":29.0,"turns":3.0},{"damage":0.0,"enemies":"Gremlin Leader","floor":31.0,"turns":5.0},{"damage":0.0,"enemies":"Champ","floor":33.0,"turns":6.0},{"damage":0.0,"enemies":"Orb Walker","floor":35.0,"turns":3.0},{"damage":0.0,"enemies":"3 Darklings","floor":36.0,"turns":5.0},{"damage":0.0,"enemies":"Spire Growth","floor":38.0,"turns":3.0},{"damage":0.0,"enemies":"Maw","floor":39.0,"turns":9.0},{"damage":0.0,"enemies":"Reptomancer","floor":40.0,"turns":10.0},{"damage":0.0,"enemies":"Giant Head","floor":42.0,"turns":6.0},{"damage":0,"enemies":"Reptomancer","floor":44,"turns":9},{"damage":27,"enemies":"Sphere and 2 Shapes","floor":45,"turns":6},{"damage":0,"enemies":"Mind Bloom Boss Battle","floor":46,"turns":3},{"damage":0,"enemies":"Time Eater","floor":50,"turns":8},{"damage":0,"enemies":"Shield and Spear","floor":54,"turns":6},{"damage":68,"enemies":"The Heart","floor":55,"turns":10}],"seed_played":"5690145481047543795","potions_obtained":[{"floor":3.0,"key":"SteroidPotion"},{"floor":4.0,"key":"GamblersBrew"},{"floor":11.0,"key":"Strength Potion"},{"floor":12.0,"key":"Swift Potion"},{"floor":18.0,"key":"DuplicationPotion"},{"floor":29.0,"key":"Dexterity Potion"},{"floor":31.0,"key":"PowerPotion"},{"floor":35.0,"key":"Explosive Potion"},{"floor":44,"key":"Strength Potion"},{"floor":45,"key":"Regen Potion"}],"is_trial":false,"path_per_floor":["M","?","M","M","M","M","$","R","T","M","M","M","R","M","R","B",null,"M","?","M","M","?","R","E","$","T","R","M","M","R","E","R","B",null,"M","M","$","M","M","E","R","E","T","E","M","?","$","?","R","B",null,"R","$","E","B",null],"character_chosen":"WITCH","items_purchased":["Bag of Preparation","Orichalcum","War Paint","OrangePellets"],"campfire_rested":1,"item_purchase_floors":[7,25,47,53],"current_hp_per_floor":[67,67,65,65,61,50,50,50,50,50,49,46,46,44,44,4,67,67,67,66,63,63,63,58,58,58,58,63,66,66,66,66,66,77,77,77,77,77,77,77,77,77,77,77,50,50,50,50,73,73,77,77,77,84,32],"gold":58,"neow_bonus":"RANDOM_COMMON_RELIC","is_daily":false,"chose_seed":false,"campfire_upgraded":8,"win_rate":0.0,"timestamp":1610390092,"path_taken":["M","?","M","M","?","M","$","R","T","M","M","M","R","M","R","BOSS","M","?","M","M","?","R","E","$","T","R","?","M","R","E","R","BOSS","M","M","$","M","M","E","R","E","T","E","M","?","$","?","R","BOSS","R","$","E","BOSS"],"items_purchased_type":["Relic","Relic","Relic","Relic"],"build_version":"2020-11-30","purchased_purges":3,"victory":true,"max_hp_per_floor":[67,67,67,67,67,67,67,67,67,67,67,67,67,67,67,67,67,67,67,67,67,67,67,77,77,77,77,77,77,77,77,77,77,77,77,77,77,77,77,77,77,77,77,77,77,77,77,77,77,77,77,77,77,84,84],"relic_stats":{"Darkstone Periapt":0,"Torii":0,"counters":[30,174],"CeramicFish":18,"Bag of Preparation":[50],"Juzu Bracelet":0,"Orichalcum":[330],"War Paint":["Hexguard","WickedThoughts"],"OrangePellets":[0],"Bronze Scales":[198],"Prayer Wheel":0,"Black Star":4,"Art of War":[2],"obtain_stats":[{"Darkstone Periapt":40,"Pear":24,"Torii":44,"CeramicFish":40,"Bag of Preparation":7,"Juzu Bracelet":31,"Orichalcum":25,"War Paint":47,"BlackCat":0,"keyreminder:keyreminder":26,"OrangePellets":53,"Bronze Scales":44,"Strawberry":54,"Philosopher\u0027s Stone":17,"Molten Egg 2":42,"Prayer Wheel":46,"Bag of Marbles":9,"Black Star":34,"Art of War":54,"Toy Ornithopter":0},{"Darkstone Periapt":23,"Pear":14,"Torii":25,"CeramicFish":23,"Bag of Preparation":5,"Juzu Bracelet":17,"Orichalcum":14,"War Paint":27,"BlackCat":0,"keyreminder:keyreminder":14,"OrangePellets":28,"Bronze Scales":25,"Strawberry":29,"Philosopher\u0027s Stone":10,"Molten Egg 2":24,"Prayer Wheel":27,"Bag of Marbles":5,"Black Star":18,"Art of War":29,"Toy Ornithopter":0},{"Darkstone Periapt":126,"Pear":79,"Torii":141,"CeramicFish":126,"Bag of Preparation":32,"Juzu Bracelet":90,"Orichalcum":79,"War Paint":150,"BlackCat":0,"keyreminder:keyreminder":79,"OrangePellets":158,"Bronze Scales":141,"Strawberry":164,"Philosopher\u0027s Stone":60,"Molten Egg 2":132,"Prayer Wheel":150,"Bag of Marbles":32,"Black Star":96,"Art of War":164,"Toy Ornithopter":0}],"Toy Ornithopter":20},"card_choices":[{"not_picked":["BleedOut","BlackShield","SaltCircle"],"picked":"SKIP","floor":1.0},{"not_picked":["BlackShield","GnarledBody"],"picked":"RoilingBarrier","floor":3.0},{"not_picked":["Bewitch","BalefulWard"],"picked":"RiteOfAutumn","floor":4.0},{"not_picked":["SummonCatFamiliar","BlackBolt"],"picked":"SummonRavenFamiliar","floor":5.0},{"not_picked":["BoneCarving","Atonement"],"picked":"Harmlessness","floor":6.0},{"not_picked":["BleedOut","Demonfyre","Malady"],"picked":"SKIP","floor":10.0},{"not_picked":["Demonfyre","SummonRatFamiliar","Broomstick"],"picked":"SKIP","floor":11.0},{"not_picked":["Schadenfreude","PlagueSpreader"],"picked":"NighInvulnerability","floor":12.0},{"not_picked":["TwistedMind","KarmaDrain"],"picked":"RiteOfAutumn","floor":14.0},{"not_picked":["VileEgg","SummonToadFamiliar"],"picked":"Intelligence","floor":16.0},{"not_picked":["BlackShield+1","KarmaDrain+1","Thundercloud+1"],"picked":"SKIP","floor":18.0},{"not_picked":["Decrepify","GhoulTouch"],"picked":"RiteOfAutumn","floor":20.0},{"not_picked":["BoneCarving+1","WretchedNails","TrollsBlood"],"picked":"SKIP","floor":21.0},{"not_picked":["MagicFang","BlackBolt","RoilingBarrier+1"],"picked":"SKIP","floor":24.0},{"not_picked":["SummonOwlFamiliar","BleedOut","CorruptBlood"],"picked":"SKIP","floor":28.0},{"not_picked":["Decrepify+1","LivingBomb+1","SkullFlask+1"],"picked":"SKIP","floor":29.0},{"not_picked":["MortusClaw","Shrooms"],"picked":"MysticUnburial","floor":31.0},{"not_picked":["SummonOwlFamiliar+1","BlackShield","BleedOut"],"picked":"SKIP","floor":35.0},{"not_picked":["MercuryWand+1","Broomstick+1","Bewitch"],"picked":"SKIP","floor":36.0},{"not_picked":["SummonBatFamiliar","Thundercloud+1","RiteOfAutumn"],"picked":"SKIP","floor":38.0},{"not_picked":["Bewitch","Broomstick","KarmaDrain+1"],"picked":"SKIP","floor":39.0},{"not_picked":["Demonfyre+1","KarmaDrain+1"],"picked":"WickedThoughts+1","floor":40.0},{"not_picked":["SummonBatFamiliar+1","GrimVengeance","DireShriek+1"],"picked":"SKIP","floor":42},{"not_picked":["SaltCircle+1","TwistedMind+1","PainBolt+1"],"picked":"SKIP","floor":44},{"not_picked":["PainBolt+1","SkullFlask+1"],"picked":"WickedThoughts","floor":45},{"not_picked":["KarmaDrain","SummonRavenFamiliar","MementoMori+1"],"picked":"SKIP","floor":54}],"player_experience":829226,"relics_obtained":[{"floor":9.0,"key":"Bag of Marbles"},{"floor":24.0,"key":"Pear"},{"floor":31.0,"key":"Juzu Bracelet"},{"floor":40.0,"key":"Darkstone Periapt"},{"floor":40.0,"key":"CeramicFish"},{"floor":42,"key":"Molten Egg 2"},{"floor":44,"key":"Torii"},{"floor":44,"key":"Bronze Scales"},{"floor":46,"key":"Prayer Wheel"},{"floor":54,"key":"Strawberry"},{"floor":54,"key":"Art of War"}],"event_choices":[{"cards_removed":["Strike_Witch"],"damage_healed":0.0,"max_hp_gain":0.0,"max_hp_loss":0.0,"gold_gain":0.0,"event_name":"Purifier","player_choice":"Purged","floor":2.0,"gold_loss":0.0,"damage_taken":0.0},{"damage_healed":0.0,"max_hp_gain":0.0,"max_hp_loss":0.0,"gold_gain":0.0,"event_name":"Cursed Tome","player_choice":"Ignored","floor":19.0,"gold_loss":0.0,"damage_taken":0.0},{"cards_removed":["Defend_Witch"],"damage_healed":0.0,"max_hp_gain":0.0,"max_hp_loss":0.0,"gold_gain":0.0,"event_name":"Bonfire Elementals","player_choice":"Offered Basic","floor":22.0,"gold_loss":0.0,"damage_taken":0.0},{"damage_healed":0,"gold_gain":0,"player_choice":"Fight","damage_taken":0,"max_hp_gain":0,"max_hp_loss":0,"event_name":"MindBloom","floor":46,"gold_loss":0},{"cards_removed":["Strike_Witch"],"damage_healed":0,"gold_gain":0,"player_choice":"Removed Attack","damage_taken":0,"max_hp_gain":0,"max_hp_loss":0,"event_name":"Falling","floor":48,"gold_loss":0}],"is_beta":false,"boss_relics":[{"not_picked":["Runic Dome","SacredBark"],"picked":"Philosopher\u0027s Stone"},{"not_picked":["Calling Bell","Busted Crown"],"picked":"Black Star"}],"items_purged_floors":[25,37,47],"is_endless":false,"potions_floor_spawned":[3,4,11,12,14,18,20,21,29,31,35,39,44,45,46],"ascension_level":0}}