{"host":"qy1e0kd24tpj3i2m","time":1610393384,"event":{"mods":["Act Like it!","Alarm Clock","BaseMod","Better Skull","Better Vampires","Colored Map","Colored Powertips","Custom Start","Faster Ascension Climbing","Friendly Minions","GifTheSpireLib","Gremlin Skip","Highlight Path","Minty Spire (QoL Compilation)","Permanent Neow","Quick Restart","Red Circlet Mod","Relic Sorter","Reorder Act Four","SacredBarkPlus","Shop Mod","StSLib","SuperFastMode","Transform Curses","没有小屋子和绿帽子啦"],"gold_per_floor":[116,41,58,78,89,114,127,152,152,117,130,161,161,181,181,254,254,271,271,271,18,30,30,56,56,105,18,30,30,30],"floor_reached":29,"playtime":742,"items_purged":["Bash"],"score":530,"play_id":"ae7c41c5-32fc-4566-8783-d2cbd7fbfa69","local_time":"20210112042944","is_ascension_mode":true,"campfire_choices":[{"data":"Feed","floor":13.0,"key":"SMITH"},{"data":"Uppercut","floor":15.0,"key":"SMITH"},{"data":"Whirlwind","floor":23.0,"key":"SMITH"}],"circlet_count":0,"master_deck":["AscendersBane","Strike_R","Strike_R","Strike_R","Strike_R","Strike_R","Defend_R","Defend_R","Defend_R","Defend_R","Perfected Strike","Twin Strike","Perfected Strike","Wild Strike","Whirlwind+1","Uppercut+1","Feed+1","Evolve","Impervious","Metallicize","Wild Strike","Wild Strike","Shrug It Off"],"relics":["Burning Blood","Vajra","The Courier","Darkstone Periapt","Sozu","Nilry\u0027s Codex","Ice Cream","Anchor","Bronze Scales","Letter Opener"],"acts_visited":["Exordium","TheCity"],"potions_floor_usage":[],"damage_taken":[{"damage":1.0,"enemies":"Cultist","floor":1.0,"turns":3.0},{"damage":0.0,"enemies":"2 Louse","floor":3.0,"turns":3.0},{"damage":11.0,"enemies":"Small Slimes","floor":4.0,"turns":3.0},{"damage":12.0,"enemies":"Looter","floor":5.0,"turns":3.0},{"damage":11.0,"enemies":"Lagavulin","floor":6.0,"turns":3.0},{"damage":14.0,"enemies":"Large Slime","floor":7.0,"turns":4.0},{"damage":20.0,"enemies":"3 Sentries","floor":8.0,"turns":5.0},{"damage":10.0,"enemies":"3 Louse","floor":11.0,"turns":2.0},{"damage":8.0,"enemies":"Gremlin Nob","floor":12.0,"turns":3.0},{"damage":25.0,"enemies":"Exordium Thugs","floor":14.0,"turns":5.0},{"damage":12.0,"enemies":"Slime Boss","floor":16.0,"turns":8.0},{"damage":25.0,"enemies":"Shell Parasite","floor":18.0,"turns":4.0},{"damage":6.0,"enemies":"Spheric Guardian","floor":22.0,"turns":4.0},{"damage":8.0,"enemies":"Slavers","floor":24.0,"turns":3.0},{"damage":30,"enemies":"Snake Plant","floor":28,"turns":3},{"damage":0,"enemies":"Gremlin Leader","floor":29,"turns":4}],"seed_played":"-3126949442179296109","potions_obtained":[{"floor":1.0,"key":"AttackPotion"},{"floor":4.0,"key":"DuplicationPotion"},{"floor":7.0,"key":"SpeedPotion"},{"floor":14.0,"key":"AttackPotion"},{"floor":16.0,"key":"SteroidPotion"}],"is_trial":false,"path_per_floor":["M","$","M","M","M","E","M","E","T","?","M","E","R","M","R","B",null,"M","?","?","$","M","R","E","?","T","?","M","E"],"character_chosen":"IRONCLAD","items_purchased":["Ice Cream"],"campfire_rested":0,"item_purchase_floors":[21],"current_hp_per_floor":[73,73,75,70,64,59,51,37,37,55,51,49,49,34,34,32,70,55,55,34,34,34,34,32,32,32,32,8,8,8],"gold":30,"neow_bonus":"THREE_CARDS","is_daily":false,"chose_seed":false,"campfire_upgraded":3,"win_rate":0.0,"timestamp":1610393384,"path_taken":["M","$","M","M","?","E","M","E","T","?","M","E","R","M","R","BOSS","M","?","?","$","M","R","E","?","T","?","?","E"],"items_purchased_type":["Relic"],"build_version":"2020-12-22","purchased_purges":1,"victory":false,"max_hp_per_floor":[75,75,75,75,75,75,75,75,75,75,75,75,75,79,79,83,83,87,87,87,87,87,87,87,87,87,87,87,87,87],"card_choices":[{"not_picked":["Sword Boomerang","Flame Barrier"],"picked":"Perfected Strike","floor":0.0},{"not_picked":["Combust","Clothesline"],"picked":"Twin Strike","floor":1.0},{"not_picked":["Bloodletting","Anger"],"picked":"Perfected Strike","floor":3.0},{"not_picked":["Havoc","Headbutt"],"picked":"Wild Strike","floor":4.0},{"not_picked":["Anger","Thunderclap"],"picked":"Whirlwind","floor":5.0},{"not_picked":["Burning Pact","Armaments"],"picked":"Uppercut","floor":6.0},{"not_picked":["Disarm","Exhume","Anger"],"picked":"SKIP","floor":7.0},{"not_picked":["Carnage","Rupture","Sword Boomerang"],"picked":"SKIP","floor":8.0},{"not_picked":["Disarm","Warcry","Limit Break"],"picked":"SKIP","floor":11.0},{"not_picked":["Shockwave","Clothesline"],"picked":"Feed","floor":12.0},{"not_picked":["Iron Wave","Searing Blow"],"picked":"Evolve","floor":14.0},{"not_picked":["Immolate","Fiend Fire"],"picked":"Impervious","floor":16.0},{"not_picked":["Iron Wave","Thunderclap"],"picked":"Metallicize","floor":18.0},{"not_picked":["Anger","Iron Wave"],"picked":"Wild Strike","floor":22.0},{"not_picked":["Carnage","Disarm"],"picked":"Wild Strike","floor":24.0},{"not_picked":["Sever Soul","Sword Boomerang"],"picked":"Shrug It Off","floor":28}],"player_experience":895395,"relics_obtained":[{"floor":6.0,"key":"Vajra"},{"floor":8.0,"key":"The Courier"},{"floor":12.0,"key":"Darkstone Periapt"},{"floor":20.0,"key":"Nilry\u0027s Codex"},{"floor":24.0,"key":"Anchor"},{"floor":26.0,"key":"Bronze Scales"}],"event_choices":[{"damage_healed":18.0,"max_hp_gain":0.0,"max_hp_loss":0.0,"gold_gain":0.0,"event_name":"The Cleric","player_choice":"Healed","floor":10.0,"gold_loss":35.0,"damage_taken":0.0},{"damage_healed":0.0,"max_hp_gain":0.0,"max_hp_loss":0.0,"gold_gain":0.0,"event_name":"Vampires","player_choice":"Ignored","floor":19.0,"gold_loss":0.0,"damage_taken":0.0},{"damage_healed":0.0,"max_hp_gain":0.0,"max_hp_loss":0.0,"gold_gain":0.0,"event_name":"Cursed Tome","player_choice":"Obtained Book","floor":20.0,"gold_loss":0.0,"damage_taken":21.0},{"damage_healed":0.0,"max_hp_gain":0.0,"max_hp_loss":0.0,"gold_gain":0.0,"event_name":"Ghosts","player_choice":"Ignored","floor":25.0,"gold_loss":0.0,"damage_taken":0.0},{"damage_healed":0.0,"max_hp_gain":0.0,"max_hp_loss":0.0,"gold_gain":0.0,"event_name":"WeMeetAgain","player_choice":"Paid Gold","floor":27.0,"gold_loss":87.0,"damage_taken":0.0,"relics_obtained":["Letter Opener"]}],"is_beta":false,"boss_relics":[{"not_picked":["Snecko Eye","SlaversCollar"],"picked":"Sozu"}],"items_purged_floors":[2],"is_endless":false,"potions_floor_spawned":[1,4,7,14,16,24],"killed_by":"Gremlin Leader","ascension_level":20}}