{"host":"uflv0e3ja7hvnij7","time":1610363712,"event":{"mods":["BaseMod","Better Altar","Better Match","Better Note","Better Sensory Stone","Better Skull","Better Third Choice","Marisa????????","Minty Spire (QoL Compilation)","Permanent Neow","Replay The Spire","StSLib"],"gold_per_floor":[115,40,40,40,60,60,60,70,116,130,130,143,143,153,153,250,250,234,234,234],"floor_reached":19,"playtime":819,"items_purged":["Strike_R"],"score":223,"play_id":"9632252b-3926-4094-970d-d379b32f85bb","local_time":"20210111061512","is_ascension_mode":true,"campfire_choices":[{"data":"Die Die Die","floor":6,"key":"SMITH"},{"data":"Dodge and Roll","floor":11,"key":"SMITH"}],"circlet_count":0,"master_deck":["Strike_G","Strike_G","Strike_G","Defend_G","Defend_G","Survivor","Neutralize","Die Die Die+1","Blade Dance+1","ReplayTheSpireMod:Tripwire","Dodge and Roll+1","Dodge and Roll","Envenom","Dodge and Roll"],"relics":["Ring of the Snake","Blood Vial","Replay:Mystery Machine","Replay:Ringing Soul","Replay:Drink Me"],"acts_visited":["Exordium","TheCity"],"potions_floor_usage":[16,18,18],"damage_taken":[{"damage":0,"enemies":"2 Louse","floor":1,"turns":3},{"damage":0,"enemies":"Small Slimes","floor":5,"turns":2},{"damage":0,"enemies":"Jaw Worm","floor":8,"turns":2},{"damage":1,"enemies":"Looter","floor":10,"turns":3},{"damage":0,"enemies":"Lots of Slimes","floor":12,"turns":1},{"damage":0,"enemies":"Red Slaver","floor":14,"turns":3},{"damage":38,"enemies":"Hexaghost","floor":16,"turns":12},{"damage":10,"enemies":"2 Thieves","floor":18,"turns":4},{"damage":0,"enemies":"Chosen","floor":19,"turns":1}],"seed_played":"-176423166333887008","potions_obtained":[{"floor":10,"key":"Swift Potion"},{"floor":12,"key":"CultistPotion"},{"floor":14,"key":"Adrenaline Potion"},{"floor":18,"key":"BlessingOfTheForge"}],"is_trial":false,"path_per_floor":["M","$","?","?","M","R","?","M","T","M","R","M","T","M","R","B",null,"M","M"],"character_chosen":"THE_SILENT","items_purchased":[],"campfire_rested":0,"item_purchase_floors":[],"current_hp_per_floor":[63,63,56,38,40,40,40,42,42,43,43,45,45,47,68,35,50,45,47,47],"gold":234,"neow_bonus":"THREE_RARE_CARDS","is_daily":false,"chose_seed":false,"campfire_upgraded":2,"win_rate":0.0,"timestamp":1610363712,"path_taken":["M","$","?","?","M","R","?","M","T","M","R","M","?","M","R","BOSS","M","M"],"items_purchased_type":[],"build_version":"2020-12-22","purchased_purges":1,"victory":false,"max_hp_per_floor":[70,70,70,70,70,70,70,70,70,70,70,70,70,70,70,73,55,58,58,58],"card_choices":[{"not_picked":["Malaise","Night Terror"],"picked":"Die Die Die","floor":0},{"not_picked":["PiercingWail","Endless Agony"],"picked":"Blade Dance","floor":1},{"not_picked":["Toxin Wave","Well Laid Plans","Quick Slash"],"picked":"SKIP","floor":5},{"not_picked":["Well Laid Plans","Dagger Throw"],"picked":"ReplayTheSpireMod:Tripwire","floor":8},{"not_picked":["Deflect","Quick Slash"],"picked":"Dodge and Roll","floor":10},{"not_picked":["Poisoned Stab","Bane"],"picked":"Dodge and Roll","floor":12},{"not_picked":["Outmaneuver","Dagger Throw","Slice"],"picked":"SKIP","floor":14},{"not_picked":["Doppelganger","Corpse Explosion"],"picked":"Envenom","floor":16},{"not_picked":["Sucker Punch","Caltrops"],"picked":"Dodge and Roll","floor":18}],"player_experience":547515,"relics_obtained":[{"floor":9,"key":"Replay:Mystery Machine"},{"floor":13,"key":"Replay:Ringing Soul"}],"event_choices":[{"cards_removed":["Strike_G"],"damage_healed":0,"gold_gain":0,"player_choice":"Card Removal","damage_taken":7,"max_hp_gain":0,"max_hp_loss":0,"event_name":"Golden Wing","floor":3,"gold_loss":0},{"damage_healed":0,"gold_gain":0,"player_choice":"Relic ","damage_taken":18,"max_hp_gain":0,"max_hp_loss":0,"event_name":"betterThird:BetterScrap","floor":4,"gold_loss":0,"cards_obtained":["ReplayTheSpireMod:LeadingStrike"]},{"cards_removed":["Defend_G"],"damage_healed":0,"gold_gain":0,"player_choice":"Forget","damage_taken":0,"max_hp_gain":0,"max_hp_loss":0,"event_name":"Living Wall","floor":7,"gold_loss":0}],"is_beta":false,"boss_relics":[{"not_picked":["SlaversCollar","Pandora\u0027s Box"],"picked":"Replay:Drink Me"}],"items_purged_floors":[2],"is_endless":false,"potions_floor_spawned":[10,12,14,18],"killed_by":"Chosen","ascension_level":8}}