{"host":"91blwi3hgehj6ch9","time":1610366166,"event":{"mods":["2.2 Compatiblity","AchievementEnabler","BaseMod","Colored Map","DeckTracker","Keyboard Shortcuts","Minty Spire (QoL Compilation)","Permanent Neow","Quick Restart","StSLib","SuperFastMode"],"gold_per_floor":[113,131,34,54,68,68,68,68,141,141,141,155,165,178,178,251,251,267,247,147,158,158,158],"floor_reached":22,"playtime":686,"items_purged":["Defend_G","Choke"],"score":312,"play_id":"c692f028-cfe5-4ef6-b77c-8d9cc8c17e3d","local_time":"20210111205606","is_ascension_mode":true,"campfire_choices":[{"data":"Phantasmal Killer","floor":6,"key":"SMITH"},{"data":"Infinite Blades","floor":8,"key":"SMITH"},{"data":"Dagger Spray","floor":10,"key":"SMITH"},{"floor":15,"key":"REST"}],"circlet_count":0,"master_deck":["AscendersBane","Survivor","Neutralize","Phantasmal Killer+1","Infinite Blades+1","Dagger Spray+1","Dagger Throw","Noxious Fumes+1","Calculated Gamble","Backflip","PiercingWail","A Thousand Cuts+1","Phantasmal Killer","Burst","Masterful Stab","Caltrops+1","Accuracy+1","Well Laid Plans+1","Accuracy+1"],"relics":["Ring of the Snake","Frozen Egg 2","Pandora\u0027s Box"],"acts_visited":["Exordium","TheCity"],"potions_floor_usage":[14,16,16],"damage_taken":[{"damage":1.0,"enemies":"Cultist","floor":1.0,"turns":3.0},{"damage":8,"enemies":"Small Slimes","floor":2,"turns":5},{"damage":7,"enemies":"Jaw Worm","floor":4,"turns":3},{"damage":5,"enemies":"Gremlin Gang","floor":5,"turns":3},{"damage":0,"enemies":"Exordium Wildlife","floor":12,"turns":2},{"damage":5,"enemies":"Red Slaver","floor":13,"turns":4},{"damage":7,"enemies":"Large Slime","floor":14,"turns":3},{"damage":28,"enemies":"Slime Boss","floor":16,"turns":7},{"damage":19,"enemies":"3 Byrds","floor":18,"turns":4},{"damage":14,"enemies":"2 Thieves","floor":21,"turns":2},{"damage":15,"enemies":"Centurion and Healer","floor":22,"turns":1}],"seed_played":"4318022760458896448","potions_obtained":[{"floor":1.0,"key":"SneckoOil"},{"floor":12,"key":"SneckoOil"},{"floor":14,"key":"Swift Potion"},{"floor":16,"key":"Explosive Potion"},{"floor":18,"key":"Explosive Potion"}],"is_trial":false,"path_per_floor":["M","M","$","M","M","R","?","R","T","R","?","M","M","M","R","B",null,"M","?","$","M","M"],"character_chosen":"THE_SILENT","items_purchased":["Dagger Throw"],"campfire_rested":1,"item_purchase_floors":[3],"current_hp_per_floor":[58,50,50,43,38,38,31,31,31,31,31,31,26,19,37,9,47,28,28,28,14,0,0],"gold":158,"neow_bonus":"THREE_RARE_CARDS","is_daily":false,"chose_seed":false,"campfire_upgraded":3,"win_rate":0.0,"timestamp":1610366166,"path_taken":["M","?","$","M","M","R","?","R","T","R","?","?","M","M","R","BOSS","M","?","$","?","M"],"items_purchased_type":["Card"],"build_version":"2020-12-22","purchased_purges":2,"victory":false,"max_hp_per_floor":[60,60,60,60,60,60,60,60,60,60,60,60,60,60,60,60,60,60,60,60,60,60,60],"card_choices":[{"not_picked":["Unload","Venomology"],"picked":"Phantasmal Killer","floor":0.0},{"not_picked":["Outmaneuver","Prepared"],"picked":"Infinite Blades","floor":1.0},{"not_picked":["Bane","PiercingWail"],"picked":"Dagger Spray","floor":2},{"not_picked":["Noxious Fumes","Skewer","Dagger Throw"],"picked":"SKIP","floor":4},{"not_picked":["Predator","Poisoned Stab","Dodge and Roll"],"picked":"SKIP","floor":5},{"not_picked":["Setup","Prepared"],"picked":"Calculated Gamble","floor":12},{"not_picked":["Terror","Dodge and Roll"],"picked":"Backflip","floor":13},{"not_picked":["Eviscerate","Caltrops+1"],"picked":"PiercingWail","floor":14},{"not_picked":["Envenom+1","Venomology"],"picked":"A Thousand Cuts+1","floor":16},{"not_picked":["Quick Slash","Slice","Terror"],"picked":"SKIP","floor":18},{"not_picked":["Escape Plan+1","Slice"],"picked":"Accuracy+1","floor":21}],"player_experience":155189,"relics_obtained":[{"floor":9,"key":"Frozen Egg 2"}],"event_choices":[{"cards_removed":["Strike_G"],"damage_healed":0,"gold_gain":0,"player_choice":"Card Removal","damage_taken":7,"max_hp_gain":0,"max_hp_loss":0,"event_name":"Golden Wing","floor":7,"gold_loss":0},{"damage_healed":0,"gold_gain":0,"cards_transformed":["Strike_G"],"player_choice":"Transformed","damage_taken":0,"max_hp_gain":0,"max_hp_loss":0,"event_name":"Transmorgrifier","floor":11,"gold_loss":0,"cards_obtained":["Noxious Fumes"]},{"damage_healed":0,"gold_gain":0,"player_choice":"Bought 1 Potion","damage_taken":0,"max_hp_gain":0,"max_hp_loss":0,"event_name":"The Woman in Blue","floor":19,"gold_loss":0}],"is_beta":false,"boss_relics":[{"not_picked":["Snecko Eye","Black Star"],"picked":"Pandora\u0027s Box"}],"items_purged_floors":[3,20],"is_endless":false,"potions_floor_spawned":[1,12,14,16,18,21],"killed_by":"Centurion and Healer","ascension_level":15}}