{"host":"mmqs5ul2bvb60kyc","time":1610349849,"event":{"mods":["AchievementEnabler","BaseMod","Colored Map","Marisa£®ÏF”Í°°ƒß¿Ì…≥£©","Minty Spire (QoL Compilation)","Spicy Shops","StSLib","The Bug Knight","The Cursed","The Runesmith","[IsaacMod]“‘»ˆº‚À˛","°æ“≈ŒÔø®≈∆°øREMEMod"],"gold_per_floor":[113,133,152,166,38,38,57,84,84,84,84,51,111,111,111,240,240,397,0,114,199,294,400,443,505,505,505,505,505,581,668,680,881,893,965,977,1042,789,789,789,789,541,541,541,626,566,566,0,0,66,66,66,0,80,224],"floor_reached":56,"playtime":4282,"items_purged":["TheCursedMod:Strike_TheCursed","TheCursedMod:Strike_TheCursed","TheCursedMod:Strike_TheCursed","TheCursedMod:Strike_TheCursed"],"score":1385,"play_id":"1e754cb3-6a68-471c-b6f9-4aabe46ab8c1","local_time":"20210111152409","is_ascension_mode":false,"campfire_choices":[{"data":"MasterReality","floor":6.0,"key":"SMITH"},{"data":"TheCursedMod:HellsGateOpen","floor":11.0,"key":"SMITH"},{"data":"TheCursedMod:CleanUpWorkshop","floor":15.0,"key":"SMITH"},{"data":"TheCursedMod:NeowsMight","floor":27.0,"key":"SMITH"},{"data":"TheCursedMod:HellfireBreathing","floor":32.0,"key":"SMITH"},{"floor":40.0,"key":"RECALL"},{"floor":44.0,"key":"REST"},{"floor":47.0,"key":"REST"},{"floor":49.0,"key":"REST"},{"floor":52.0,"key":"REST"}],"circlet_count":0,"master_deck":["TheCursedMod:Defend_TheCursed+1","TheCursedMod:Defend_TheCursed+1","TheCursedMod:CursedWand+1","TheCursedMod:CleanUpWorkshop+1","TheCursedMod:Dregs","MasterReality+1","TheCursedMod:CircleOfWindfury+1","TheCursedMod:SmokeScreen+1","TheCursedMod:HellsGateOpen+1","TheCursedMod:VoidForm+1","Shame","TheCursedMod:NeowsMight+1","TheCursedMod:RapidMovement+1","TheCursedMod:ReleasedStrength+1","TheCursedMod:FleshFromBone+1","TheCursedMod:LuckyCharm+1","TheCursedMod:ShockAndAwe+1","REME_MagicPocketWatch+1","TheCursedMod:HellfireBreathing+1","HandOfGreed+1","TheCursedMod:SurpriseAttack+1","TheCursedMod:SmokeScreen+1","TheCursedMod:SpitefulStrike+1","TheCursedMod:StunningStrike+1","TheCursedMod:CursedSpellbook+1","TheCursedMod:SoulReap+1","TheCursedMod:SpitefulPray+1","TheCursedMod:ManaCirculation+1","TheCursedMod:CircleOfAbyss+1","TheCursedMod:CursedSpellbook+1","TheCursedMod:WearCloak+1","TheCursedMod:SpitefulPray+1","TheCursedMod:SurpriseAttack+1","REME_FirmDetermination+1","BettingIsNotGood+1","REME_FirmDetermination+1","TheCursedMod:SmokeScreen+1"],"relics":["TheCursedMod:BlackMagic101","HushsDoor","REME_ComplimentaryCards","MaYiHuaBei","NeowsBlessing","Chaos","Ornamental Fan","PillsDrop","Turnip","Golden Idol","REME_ArchaeologicalTools","Du-Vu Doll","REME_HourglassOfDeath","TheBible","TheCursedMod:BloodyHarpoon","MawBank","White Beast Statue","Strawberry","Mark of the Bloom","Bottled Tornado","Black Star","Mummified Hand","D6","SteamSale","REME_LimitBreaker","EdensBlessing","MoneyPower","Blood Vial"],"acts_visited":["Exordium","TheCity","TheBeyond","TheEnding"],"potions_floor_usage":[55,55,55,55,55,55,55,55,55,55],"damage_taken":[{"damage":0.0,"enemies":"Cultist","floor":1.0,"turns":1.0},{"damage":0.0,"enemies":"Jaw Worm","floor":2.0,"turns":1.0},{"damage":0.0,"enemies":"Small Slimes","floor":3.0,"turns":1.0},{"damage":14.0,"enemies":"Exordium Thugs","floor":4.0,"turns":3.0},{"damage":9.0,"enemies":"Red Slaver","floor":7.0,"turns":4.0},{"damage":3.0,"enemies":"Lagavulin","floor":8.0,"turns":5.0},{"damage":10.0,"enemies":"Gremlin Nob","floor":13.0,"turns":4.0},{"damage":12.0,"enemies":"Hexaghost","floor":16.0,"turns":12.0},{"damage":10.0,"enemies":"Chosen","floor":18.0,"turns":5.0},{"damage":0.0,"enemies":"2 Thieves","floor":20.0,"turns":3.0},{"damage":0.0,"enemies":"Cultist and Chosen","floor":21.0,"turns":6.0},{"damage":0.0,"enemies":"Centurion and Healer","floor":22.0,"turns":6.0},{"damage":32.0,"enemies":"Slavers","floor":23.0,"turns":4.0},{"damage":0.0,"enemies":"Snake Plant","floor":24.0,"turns":3.0},{"damage":4.0,"enemies":"Cultist and Chosen","floor":25.0,"turns":4.0},{"damage":9.0,"enemies":"Snecko","floor":30.0,"turns":5.0},{"damage":9.0,"enemies":"Gremlin Leader","floor":31.0,"turns":8.0},{"damage":0.0,"enemies":"Automaton","floor":33.0,"turns":6.0},{"damage":19.0,"enemies":"3 Darklings","floor":35.0,"turns":6.0},{"damage":0.0,"enemies":"3 Shapes","floor":37.0,"turns":2.0},{"damage":3.0,"enemies":"Writhing Mass","floor":45.0,"turns":5.0},{"damage":14.0,"enemies":"Donu and Deca","floor":50.0,"turns":7.0},{"damage":0.0,"enemies":"Shield and Spear","floor":54.0,"turns":4.0},{"damage":7,"enemies":"The Heart","floor":55,"turns":7}],"seed_played":"2223932686329021256","potions_obtained":[{"floor":1.0,"key":"PowerPotion"},{"floor":4.0,"key":"Swift Potion"},{"floor":7.0,"key":"REME_GoldPotion"},{"floor":16.0,"key":"LiquidMemories"},{"floor":20.0,"key":"Swift Potion"},{"floor":22.0,"key":"Swift Potion"},{"floor":23.0,"key":"AttackPotion"},{"floor":30.0,"key":"PowerPotion"},{"floor":33.0,"key":"REME_GoldPotion"},{"floor":35.0,"key":"LiquidMemories"},{"floor":45.0,"key":"EntropicBrew"},{"floor":54.0,"key":"DistilledChaos"}],"is_trial":false,"path_per_floor":["M","M","M","M","$","R","M","E","T","?","R","$","?","?","R","B",null,"M","$","M","M","M","E","M","M","T","R","T","?","M","E","R","B",null,"M","?","M","$","?","R","?","$","T","R","M","?","R","$","R","B",null,"R","$","E","B",null],"character_chosen":"THE_CURSED","items_purchased":["Chaos","TheCursedMod:NeowsMight","TheCursedMod:FleshFromBone","REME_MagicPocketWatch","Du-Vu Doll","HandOfGreed","REME_HourglassOfDeath","TheCursedMod:CursedSpellbook","EntropicBrew","Strawberry","TheCursedMod:SurpriseAttack","Bottled Tornado","Mummified Hand","D6","SteamSale","REME_LimitBreaker","EdensBlessing"],"campfire_rested":4,"item_purchase_floors":[5,5,12,17,19,19,19,34,34,34,38,42,48,48,48,53,53],"current_hp_per_floor":[75,75,75,61,61,61,52,49,49,75,75,75,68,68,68,56,65,55,55,55,55,55,26,26,22,22,22,22,22,30,45,45,53,59,46,46,57,57,47,47,47,47,47,47,44,44,44,44,44,30,30,30,30,30,23],"gold":224,"neow_bonus":"THREE_ENEMY_KILL","is_daily":false,"chose_seed":false,"campfire_upgraded":5,"win_rate":0.0,"timestamp":1610349849,"path_taken":["M","M","M","?","$","R","M","E","T","?","R","$","?","?","R","BOSS","M","$","M","?","M","E","M","M","T","R","?","?","M","E","R","BOSS","M","?","M","$","?","R","?","$","T","R","?","?","R","$","R","BOSS","R","$","E","BOSS"],"items_purchased_type":["Card","Card","Card","Card","Relic","Card","Relic","Card","Potion","Relic","Card","Relic","Relic","Relic","Relic","Relic","Relic"],"build_version":"2020-12-22","purchased_purges":4,"victory":true,"max_hp_per_floor":[75,75,75,75,75,75,75,75,75,75,75,75,78,72,72,72,65,65,65,65,65,65,68,63,63,63,63,63,63,63,63,63,63,59,59,59,62,62,62,62,62,62,62,62,62,62,62,62,62,62,62,62,62,62,62],"card_choices":[{"not_picked":[],"picked":"Bomb","floor":0.0},{"not_picked":["TheCursedMod:Obscuration","TheCursedMod:SaltUponWound"],"picked":"TheCursedMod:CircleOfWindfury","floor":1.0},{"not_picked":["TheCursedMod:Stigma","TheCursedMod:CircleOfCorruption"],"picked":"TheCursedMod:SmokeScreen","floor":2.0},{"not_picked":["TheCursedMod:VitalStrike","TheCursedMod:FuryStrike"],"picked":"TheCursedMod:HellsGateOpen","floor":3.0},{"not_picked":["TheCursedMod:ManaBullet","TheCursedMod:CursedAmulet"],"picked":"TheCursedMod:VoidForm","floor":4.0},{"not_picked":["TheCursedMod:CursedAmulet","TheCursedMod:TacticalStrike"],"picked":"TheCursedMod:RapidMovement","floor":7.0},{"not_picked":["TheCursedMod:CursedBoomerang","TheCursedMod:RapidMovement"],"picked":"TheCursedMod:ReleasedStrength","floor":8.0},{"not_picked":["TheCursedMod:CircleOfBlood","TheCursedMod:RavingStaff"],"picked":"TheCursedMod:LuckyCharm","floor":13.0},{"not_picked":["TheCursedMod:OutForBlood","TheCursedMod:DarkBarrier"],"picked":"TheCursedMod:ShockAndAwe","floor":16.0},{"not_picked":["TheCursedMod:Stigma","TheCursedMod:FleshFromBone+1"],"picked":"TheCursedMod:HellfireBreathing","floor":18.0},{"not_picked":["TheCursedMod:RavingStaff","TheCursedMod:Stretching"],"picked":"TheCursedMod:SurpriseAttack","floor":20.0},{"not_picked":["TheCursedMod:BloodBarrier+1","TheCursedMod:SpreadPlague"],"picked":"TheCursedMod:SmokeScreen+1","floor":21.0},{"not_picked":["TheCursedMod:Evocation","TheCursedMod:SurpriseAttack"],"picked":"TheCursedMod:SpitefulStrike+1","floor":22.0},{"not_picked":["TheCursedMod:SoulCrush","TheCursedMod:Torture"],"picked":"TheCursedMod:StunningStrike","floor":23.0},{"not_picked":["TheCursedMod:Torture","TheCursedMod:CursedMace"],"picked":"TheCursedMod:CursedSpellbook+1","floor":24.0},{"not_picked":["TheCursedMod:SurpriseAttack","TheCursedMod:TacticalStrike"],"picked":"TheCursedMod:SoulReap+1","floor":25.0},{"not_picked":["TheCursedMod:FleshFromBone","TheCursedMod:CircleOfCorruption"],"picked":"TheCursedMod:SpitefulPray+1","floor":30.0},{"not_picked":["TheCursedMod:PrepareRite","TheCursedMod:Grudge+1"],"picked":"TheCursedMod:ManaCirculation","floor":31.0},{"not_picked":["TheCursedMod:ParallelWorld","TheCursedMod:Neurasthenia"],"picked":"TheCursedMod:CircleOfAbyss","floor":33.0},{"not_picked":["TheCursedMod:Torture+1","TheCursedMod:CursedArmor+1"],"picked":"TheCursedMod:WearCloak+1","floor":35.0},{"not_picked":["TheCursedMod:Wield+1","TheCursedMod:VitalStrike"],"picked":"TheCursedMod:SpitefulPray+1","floor":37.0},{"not_picked":["Jack Of All Trades","REME_TheoryOfElimination"],"picked":"REME_FirmDetermination","floor":39.0},{"not_picked":["Impatience","Purity"],"picked":"BettingIsNotGood","floor":39.0},{"not_picked":["Finesse","REME_MagicPocketWatch"],"picked":"REME_FirmDetermination","floor":39.0},{"not_picked":["TheCursedMod:CursedMace+1","TheCursedMod:Torture","TheCursedMod:CursedShiv"],"picked":"SKIP","floor":45.0},{"not_picked":["TheCursedMod:CircleOfFlame+1","TheCursedMod:CircleOfWindfury+1"],"picked":"TheCursedMod:SmokeScreen+1","floor":54.0}],"player_experience":252206,"relics_obtained":[{"floor":8.0,"key":"Ornamental Fan"},{"floor":9.0,"key":"PillsDrop"},{"floor":23.0,"key":"TheBible"},{"floor":28.0,"key":"TheCursedMod:BloodyHarpoon"},{"floor":31.0,"key":"MawBank"},{"floor":43.0,"key":"Black Star"},{"floor":54.0,"key":"MoneyPower"},{"floor":54.0,"key":"Blood Vial"}],"event_choices":[{"damage_healed":26.0,"max_hp_gain":0.0,"max_hp_loss":0.0,"gold_gain":0.0,"event_name":"Wheel of Change","player_choice":"Full Heal","floor":10.0,"gold_loss":0.0,"damage_taken":0.0},{"damage_healed":0.0,"max_hp_gain":0.0,"max_hp_loss":0.0,"gold_gain":0.0,"event_name":"Dead Adventurer","player_choice":"Searched \u00273\u0027 times","floor":13.0,"gold_loss":0.0,"damage_taken":0.0,"relics_obtained":["Turnip"]},{"damage_healed":0.0,"max_hp_gain":0.0,"max_hp_loss":6.0,"gold_gain":0.0,"event_name":"Golden Idol","player_choice":"Lose Max HP","floor":14.0,"gold_loss":0.0,"damage_taken":0.0,"relics_obtained":["Golden Idol"]},{"damage_healed":0.0,"max_hp_gain":0.0,"max_hp_loss":0.0,"gold_gain":0.0,"event_name":"Fountain of Cleansing","player_choice":"Ignored","floor":29.0,"gold_loss":0.0,"damage_taken":0.0},{"cards_removed":["TheCursedMod:Defend_TheCursed"],"damage_healed":0.0,"max_hp_gain":0.0,"max_hp_loss":0.0,"gold_gain":0.0,"event_name":"Falling","player_choice":"Removed Skill","floor":36.0,"gold_loss":0.0,"damage_taken":0.0},{"damage_healed":0.0,"max_hp_gain":0.0,"max_hp_loss":0.0,"gold_gain":0.0,"event_name":"SensoryStone","player_choice":"Memory 3","floor":39.0,"gold_loss":0.0,"damage_taken":10.0},{"damage_healed":0.0,"max_hp_gain":0.0,"max_hp_loss":0.0,"gold_gain":0.0,"event_name":"MindBloom","player_choice":"Upgrade","floor":41.0,"gold_loss":0.0,"damage_taken":0.0,"cards_upgraded":["TheCursedMod:Defend_TheCursed","TheCursedMod:Defend_TheCursed","TheCursedMod:Defend_TheCursed","TheCursedMod:CursedWand","TheCursedMod:CircleOfWindfury","TheCursedMod:SmokeScreen","TheCursedMod:VoidForm","TheCursedMod:RapidMovement","TheCursedMod:ReleasedStrength","TheCursedMod:FleshFromBone","TheCursedMod:LuckyCharm","TheCursedMod:ShockAndAwe","REME_MagicPocketWatch","HandOfGreed","TheCursedMod:SurpriseAttack","TheCursedMod:StunningStrike","TheCursedMod:ManaCirculation","TheCursedMod:CircleOfAbyss","TheCursedMod:CursedSpellbook","TheCursedMod:SurpriseAttack","REME_FirmDetermination","BettingIsNotGood","REME_FirmDetermination"],"relics_obtained":["Mark of the Bloom"]},{"cards_removed":["TheCursedMod:Defend_TheCursed"],"damage_healed":0.0,"max_hp_gain":0.0,"max_hp_loss":0.0,"gold_gain":0.0,"event_name":"Designer","player_choice":"Single Remove","floor":46.0,"gold_loss":60.0,"damage_taken":0.0}],"is_beta":false,"boss_relics":[{"not_picked":["Frozen Eye","Toy Ornithopter"],"picked":"REME_ArchaeologicalTools"},{"not_picked":[]},{"not_picked":["Incense Burner","InkBottle"],"picked":"White Beast Statue"},{"not_picked":[]}],"items_purged_floors":[17,19,38,38],"is_endless":false,"potions_floor_spawned":[1,4,7,16,20,22,23,30,33,35,37,45,54],"ascension_level":0}}