{"host":"juzjn19svz7o4sdd","time":1610351679,"event":{"mods":["AchievementEnabler","BaseMod","Better Third Choice","BetterRewards","Challenge The Spire","Colored Powertips","Curses Come First","Minty Spire (QoL Compilation)","StSLib","Transform Curses","UnlockEverythingMod"],"gold_per_floor":[114,134,134,59,74,106,106,133,133,133,152,168,168,203,203,280,280,299,112,132,82,415,415,415,415],"floor_reached":24,"playtime":2706,"items_purged":["Decay","Strike_G"],"score":668,"play_id":"79c03a08-8db4-410f-86d5-a902aa32acbc","local_time":"20210111155439","daily_mods":["Heirloom","Flight","DeadlyEvents","Elite Swarm"],"is_ascension_mode":true,"campfire_choices":[{"floor":7.0,"key":"REST"},{"floor":13.0,"key":"REST"},{"data":"A Thousand Cuts","floor":15.0,"key":"SMITH"},{"floor":23,"key":"REST"}],"circlet_count":0,"master_deck":["AscendersBane","Strike_G","Strike_G","Strike_G","Strike_G","Defend_G","Defend_G","Defend_G+1","Defend_G","Defend_G","Survivor","Neutralize","Underhanded Strike","Footwork+1","After Image+1","Storm of Steel+1","Acrobatics","A Thousand Cuts+1","Phantasmal Killer","Accuracy"],"relics":["Ring of the Snake","Ginger","Bird Faced Urn","Lizard Tail","HornCleat","War Paint","Tingsha","Busted Crown","Old Coin"],"acts_visited":["Exordium","TheCity"],"potions_floor_usage":[20,22],"damage_taken":[{"damage":0.0,"enemies":"2 Louse","floor":1.0,"turns":2.0},{"damage":0.0,"enemies":"Cultist","floor":2.0,"turns":4.0},{"damage":9.0,"enemies":"Small Slimes","floor":5.0,"turns":4.0},{"damage":40.0,"enemies":"Gremlin Nob","floor":6.0,"turns":6.0},{"damage":32.0,"enemies":"3 Sentries","floor":8.0,"turns":17.0},{"damage":1.0,"enemies":"Looter","floor":11.0,"turns":4.0},{"damage":0.0,"enemies":"Lots of Slimes","floor":12.0,"turns":1.0},{"damage":36.0,"enemies":"Gremlin Nob","floor":14.0,"turns":5.0},{"damage":32.0,"enemies":"The Guardian","floor":16.0,"turns":10.0},{"damage":15.0,"enemies":"Chosen","floor":18.0,"turns":4.0},{"damage":19,"enemies":"2 Thieves","floor":20,"turns":4},{"damage":21,"enemies":"Slavers","floor":22,"turns":6},{"damage":47,"enemies":"Book of Stabbing","floor":24,"turns":7}],"seed_played":"-482621653536941393","potions_obtained":[{"floor":5.0,"key":"Weak Potion"},{"floor":6.0,"key":"Fire Potion"},{"floor":11.0,"key":"Explosive Potion"},{"floor":16.0,"key":"Ancient Potion"},{"floor":18.0,"key":"Dexterity Potion"},{"floor":22,"key":"Energy Potion"}],"is_trial":true,"path_per_floor":["M","M","?","$","M","E","R","E","T","?","M","M","R","E","R","B",null,"M","$","M","?","E","R","E"],"character_chosen":"THE_SILENT","items_purchased":["Accuracy"],"campfire_rested":3,"item_purchase_floors":[19],"current_hp_per_floor":[59,59,59,59,50,10,29,1,1,1,4,4,23,33,33,7,51,42,42,27,27,14,33,0,0],"gold":415,"neow_bonus":"","is_daily":false,"chose_seed":false,"campfire_upgraded":1,"win_rate":0.0,"timestamp":1610351679,"path_taken":["M","M","?","$","?","E","R","E","T","?","?","M","R","E","R","BOSS","M","$","?","?","?","R","E"],"items_purchased_type":["Card"],"build_version":"2020-12-22","purchased_purges":2,"victory":false,"max_hp_per_floor":[66,66,66,66,66,66,66,66,66,66,66,66,66,66,66,66,66,66,66,66,66,66,66,66,66],"card_choices":[{"not_picked":["Dodge and Roll","Outmaneuver"],"picked":"Underhanded Strike","floor":1.0},{"not_picked":["Dodge and Roll","Setup"],"picked":"Footwork","floor":2.0},{"not_picked":["Well Laid Plans","Expertise","Dash"],"picked":"SKIP","floor":5.0},{"not_picked":["Bullet Time","Malaise"],"picked":"After Image","floor":6.0},{"not_picked":["Doppelganger","Burst"],"picked":"Storm of Steel","floor":8.0},{"not_picked":["Prepared","Deadly Poison"],"picked":"Acrobatics","floor":11.0},{"not_picked":["Quick Slash","Deadly Poison","Reflex"],"picked":"SKIP","floor":12.0},{"not_picked":["Night Terror","After Image"],"picked":"A Thousand Cuts","floor":14.0},{"not_picked":["Grand Finale","Bullet Time"],"picked":"Phantasmal Killer","floor":16.0},{"not_picked":["Quick Slash+1"],"picked":"SKIP","floor":18.0},{"not_picked":["Bane+1"],"picked":"SKIP","floor":20},{"not_picked":["Phantasmal Killer"],"picked":"SKIP","floor":22}],"player_experience":73346,"relics_obtained":[{"floor":6.0,"key":"Bird Faced Urn"},{"floor":8.0,"key":"Lizard Tail"},{"floor":9.0,"key":"HornCleat"},{"floor":14.0,"key":"Tingsha"},{"floor":22,"key":"Old Coin"}],"event_choices":[{"damage_healed":0.0,"max_hp_gain":0.0,"max_hp_loss":0.0,"gold_gain":0.0,"event_name":"Wheel of Change","player_choice":"Cursed","floor":3.0,"gold_loss":0.0,"damage_taken":0.0,"cards_obtained":["Decay"]},{"damage_healed":0.0,"max_hp_gain":0.0,"max_hp_loss":0.0,"gold_gain":0.0,"event_name":"Dead Adventurer","player_choice":"Searched \u00271\u0027 times","floor":10.0,"gold_loss":0.0,"damage_taken":0.0,"relics_obtained":["War Paint"]},{"damage_healed":0,"gold_gain":0,"player_choice":"Upgraded Two","damage_taken":0,"max_hp_gain":0,"max_hp_loss":0,"event_name":"Designer","floor":21,"gold_loss":50,"cards_upgraded":["After Image","Footwork"]}],"is_beta":false,"boss_relics":[{"not_picked":["Philosopher\u0027s Stone","Runic Dome"],"picked":"Busted Crown"}],"items_purged_floors":[4,19],"is_endless":true,"potions_floor_spawned":[5,6,11,16,18,22],"killed_by":"Book of Stabbing","ascension_level":20}}