{"host":"qgrlfjrqk9z96gfi","time":1610351864,"event":{"mods":["BaseMod","Block Reminder","Colored Map","DeckTracker","Minty Spire (QoL Compilation)"],"gold_per_floor":[112,61,78,78,93,93,106,138,163,174,174,205,223,257,257,334,334,351,368,368,381,407,82,82,111,136,148,48,48,80,93,93,165,165,177,192,17,35,35,35,63,83,83,109,109,143,160,10,10,10,10,10],"floor_reached":51,"playtime":2472,"items_purged":["Strike_G","Strike_G","Expertise+1","Parasite"],"score":1744,"play_id":"e9505223-c1a0-4ea8-8f3d-5fd2b3078c8d","local_time":"20210110215744","is_ascension_mode":true,"campfire_choices":[{"data":"Dagger Spray","floor":6.0,"key":"SMITH"},{"floor":11.0,"key":"REST"},{"data":"Noxious Fumes","floor":15.0,"key":"SMITH"},{"floor":24.0,"key":"REST"},{"floor":29.0,"key":"REST"},{"floor":32,"key":"REST"},{"floor":40,"key":"REST"},{"floor":45,"key":"REST"},{"floor":49,"key":"REST"}],"circlet_count":0,"master_deck":["AscendersBane","Survivor","Neutralize","Blade Dance","Blade Dance","Infinite Blades","Dagger Spray+1","Envenom","After Image","Noxious Fumes+1","Phantasmal Killer+1","Leg Sweep+1","Finisher","Slice","Accuracy","Leg Sweep+1","Blur+1","Terror+1","Burst+1","PiercingWail+1","After Image","Expertise+1","Calculated Gamble+1","Dash","Choke","Quick Slash","Prepared+1","PiercingWail+1","Backflip+1","Wraith Form v2","Blade Dance+1","Cloak And Dagger+1"],"relics":["Ring of the Snake","Orichalcum","Pen Nib","Dream Catcher","Vajra","Toxic Egg 2","Fusion Hammer","Red Mask","Bag of Preparation","Blue Candle","Ancient Tea Set","Bottled Flame","Pandora\u0027s Box","Thread and Needle","Paper Crane","Ninja Scroll","Calipers"],"acts_visited":["Exordium","TheCity","TheBeyond"],"potions_floor_usage":[31,33,41,44,47,51],"damage_taken":[{"damage":4.0,"enemies":"Jaw Worm","floor":1.0,"turns":8.0},{"damage":1.0,"enemies":"Cultist","floor":3.0,"turns":4.0},{"damage":6.0,"enemies":"Small Slimes","floor":5.0,"turns":3.0},{"damage":15.0,"enemies":"Exordium Thugs","floor":7.0,"turns":4.0},{"damage":0.0,"enemies":"3 Sentries","floor":8.0,"turns":3.0},{"damage":3.0,"enemies":"Blue Slaver","floor":10.0,"turns":4.0},{"damage":9.0,"enemies":"Lagavulin","floor":12.0,"turns":5.0},{"damage":8.0,"enemies":"Large Slime","floor":13.0,"turns":4.0},{"damage":0.0,"enemies":"3 Sentries","floor":14.0,"turns":4.0},{"damage":10.0,"enemies":"Hexaghost","floor":16.0,"turns":7.0},{"damage":0.0,"enemies":"Spheric Guardian","floor":18.0,"turns":1.0},{"damage":9.0,"enemies":"3 Byrds","floor":19.0,"turns":4.0},{"damage":22.0,"enemies":"Shelled Parasite and Fungi","floor":21.0,"turns":3.0},{"damage":12.0,"enemies":"Masked Bandits","floor":22.0,"turns":4.0},{"damage":13.0,"enemies":"Book of Stabbing","floor":25.0,"turns":4.0},{"damage":0.0,"enemies":"Centurion and Healer","floor":27.0,"turns":4.0},{"damage":36,"enemies":"Gremlin Leader","floor":30,"turns":5},{"damage":0,"enemies":"Snecko","floor":31,"turns":1},{"damage":15,"enemies":"Champ","floor":33,"turns":9},{"damage":4,"enemies":"3 Shapes","floor":35,"turns":7},{"damage":3,"enemies":"3 Darklings","floor":36,"turns":5},{"damage":3,"enemies":"Writhing Mass","floor":38,"turns":4},{"damage":0,"enemies":"Nemesis","floor":41,"turns":3},{"damage":0,"enemies":"Maw","floor":42,"turns":6},{"damage":17,"enemies":"Reptomancer","floor":44,"turns":6},{"damage":0,"enemies":"Giant Head","floor":46,"turns":5},{"damage":0,"enemies":"3 Darklings","floor":47,"turns":3},{"damage":23,"enemies":"Awakened One","floor":50,"turns":13},{"damage":45,"enemies":"Donu and Deca","floor":51,"turns":5}],"seed_played":"-5427643327473227332","potions_obtained":[{"floor":1.0,"key":"SteroidPotion"},{"floor":3.0,"key":"BlessingOfTheForge"},{"floor":8.0,"key":"Weak Potion"},{"floor":13.0,"key":"DistilledChaos"},{"floor":16.0,"key":"CunningPotion"},{"floor":19.0,"key":"Swift Potion"},{"floor":22.0,"key":"GamblersBrew"},{"floor":30,"key":"Poison Potion"},{"floor":31,"key":"Regen Potion"},{"floor":33,"key":"Swift Potion"},{"floor":41,"key":"Block Potion"},{"floor":42,"key":"ColorlessPotion"},{"floor":44,"key":"Explosive Potion"},{"floor":46,"key":"CunningPotion"}],"is_trial":false,"path_per_floor":["M","$","M","?","M","R","M","E","T","M","R","E","M","E","R","B",null,"M","M","?","M","?","$","R","E","T","M","$","R","E","M","R","B",null,"M","M","$","M","?","R","E","M","T","E","R","E","M","$","R","B","B"],"character_chosen":"THE_SILENT","items_purchased":["Blade Dance","Bag of Preparation","Leg Sweep+1","PiercingWail+1"],"campfire_rested":7,"item_purchase_floors":[2,23,23,37],"current_hp_per_floor":[55,55,54,54,48,48,33,33,33,30,49,40,32,32,32,22,55,55,46,46,24,12,12,31,18,18,18,18,37,1,1,20,20,55,51,48,48,45,45,64,64,64,64,47,66,66,66,63,63,40,0,0],"gold":10,"neow_bonus":"RANDOM_COMMON_RELIC","is_daily":false,"chose_seed":false,"campfire_upgraded":2,"win_rate":0.0,"timestamp":1610351864,"path_taken":["M","$","M","?","M","R","?","E","T","M","R","E","M","E","R","BOSS","M","M","?","?","?","?","R","E","T","M","$","R","E","M","R","BOSS","M","M","$","M","?","R","E","M","T","E","R","E","M","$","R","BOSS","BOSS"],"items_purchased_type":["Card","Relic","Card","Card"],"build_version":"2020-12-22","purchased_purges":4,"victory":false,"max_hp_per_floor":[66,66,66,66,66,66,66,66,66,66,66,66,66,66,66,66,66,66,66,66,66,66,66,66,66,66,66,66,66,66,66,66,66,66,66,66,66,66,66,66,66,66,66,66,66,66,66,63,63,63,63,63],"card_choices":[{"not_picked":["Blur","Poisoned Stab"],"picked":"Blade Dance","floor":1.0},{"not_picked":["Prepared","Riddle With Holes"],"picked":"Infinite Blades","floor":3.0},{"not_picked":["Deadly Poison","Blade Dance"],"picked":"Dagger Spray","floor":5.0},{"not_picked":["Dodge and Roll","Setup","Quick Slash"],"picked":"SKIP","floor":7.0},{"not_picked":["Escape Plan","Blur"],"picked":"Backstab","floor":8.0},{"not_picked":["Dodge and Roll","Dagger Throw","Heel Hook"],"picked":"SKIP","floor":10.0},{"not_picked":["Flechettes","Quick Slash"],"picked":"Envenom","floor":11.0},{"not_picked":["Bane","A Thousand Cuts"],"picked":"After Image","floor":12.0},{"not_picked":["Well Laid Plans","Dodge and Roll"],"picked":"Noxious Fumes","floor":13.0},{"not_picked":["Endless Agony","Poisoned Stab","Flechettes"],"picked":"SKIP","floor":14.0},{"not_picked":["Bullet Time+1","Tools of the Trade"],"picked":"Phantasmal Killer+1","floor":16.0},{"not_picked":["Heel Hook+1","Slice"],"picked":"Leg Sweep+1","floor":18.0},{"not_picked":["Blade Dance+1","Deadly Poison+1"],"picked":"Finisher","floor":19.0},{"not_picked":["Quick Slash","Deadly Poison+1","Bane"],"picked":"SKIP","floor":21.0},{"not_picked":["Cloak And Dagger+1","Bane"],"picked":"Accuracy","floor":22.0},{"not_picked":["Dagger Throw","Dagger Spray"],"picked":"Blur+1","floor":25.0},{"not_picked":["Backstab","Sucker Punch"],"picked":"Terror+1","floor":27.0},{"not_picked":["Blur+1","Cloak And Dagger+1"],"picked":"Burst+1","floor":29.0},{"not_picked":["Deadly Poison+1","Dodge and Roll+1"],"picked":"PiercingWail+1","floor":30},{"not_picked":["Concentrate+1","Underhanded Strike","Slice"],"picked":"SKIP","floor":31},{"not_picked":["Glass Knife","A Thousand Cuts"],"picked":"After Image","floor":33},{"not_picked":["Flying Knee","Dagger Throw"],"picked":"Prepared+1","floor":35},{"not_picked":["Prepared+1","Deadly Poison+1","Quick Slash"],"picked":"SKIP","floor":36},{"not_picked":["Bane","Flechettes","Deflect+1"],"picked":"SKIP","floor":38},{"not_picked":["Dodge and Roll+1","Outmaneuver+1"],"picked":"Backflip+1","floor":41},{"not_picked":["Noxious Fumes+1","Masterful Stab","Setup+1"],"picked":"SKIP","floor":42},{"not_picked":["Blur+1","Underhanded Strike"],"picked":"Wraith Form v2","floor":44},{"not_picked":["Concentrate+1","Dagger Throw+1"],"picked":"Blade Dance+1","floor":45},{"not_picked":["Bouncing Flask+1","Poisoned Stab"],"picked":"Cloak And Dagger+1","floor":46},{"not_picked":["Poisoned Stab","Dodge and Roll+1","Cloak And Dagger+1"],"picked":"SKIP","floor":47}],"player_experience":993161,"relics_obtained":[{"floor":8.0,"key":"Pen Nib"},{"floor":9.0,"key":"Dream Catcher"},{"floor":12.0,"key":"Vajra"},{"floor":14.0,"key":"Toxic Egg 2"},{"floor":22.0,"key":"Red Mask"},{"floor":25.0,"key":"Blue Candle"},{"floor":26.0,"key":"Ancient Tea Set"},{"floor":30,"key":"Bottled Flame"},{"floor":41,"key":"Thread and Needle"},{"floor":43,"key":"Paper Crane"},{"floor":44,"key":"Ninja Scroll"},{"floor":46,"key":"Calipers"}],"event_choices":[{"cards_removed":["Strike_G"],"damage_healed":0.0,"max_hp_gain":0.0,"max_hp_loss":0.0,"gold_gain":0.0,"event_name":"Bonfire Elementals","player_choice":"Offered Basic","floor":4.0,"gold_loss":0.0,"damage_taken":0.0},{"damage_healed":0.0,"max_hp_gain":0.0,"max_hp_loss":0.0,"gold_gain":0.0,"cards_transformed":["Strike_G"],"event_name":"Transmorgrifier","player_choice":"Transformed","floor":20.0,"gold_loss":0.0,"damage_taken":0.0,"cards_obtained":["Slice"]},{"damage_healed":0.0,"max_hp_gain":0.0,"max_hp_loss":0.0,"gold_gain":0.0,"event_name":"Masked Bandits","player_choice":"Fought Bandits","floor":22.0,"gold_loss":0.0,"damage_taken":0.0},{"cards_removed":["Backstab"],"damage_healed":0,"gold_gain":0,"player_choice":"Removed Attack","damage_taken":0,"max_hp_gain":0,"max_hp_loss":0,"event_name":"Falling","floor":39,"gold_loss":0}],"is_beta":false,"boss_relics":[{"not_picked":["HoveringKite","Runic Dome"],"picked":"Fusion Hammer"},{"not_picked":["Coffee Dripper","Empty Cage"],"picked":"Pandora\u0027s Box"}],"items_purged_floors":[23,28,37,48],"is_endless":false,"potions_floor_spawned":[1,3,8,13,16,19,22,30,31,33,41,42,44,46],"killed_by":"Donu and Deca","ascension_level":20}}