{"host":"61r95uy0hn86b9iu","time":1610405853,"event":{"mods":["AchievementEnabler","BaseMod","Better Vampires","BetterRewards","Colored Powertips","Hubris","Minty Spire (QoL Compilation)","Shop Mod","StSLib"],"gold_per_floor":[117,42,42,57,57,57,57,57,57,100,100,100,119,143,143,143,143],"floor_reached":16,"playtime":332,"items_purged":["Decay"],"score":296,"play_id":"bb12c092-d51f-4068-a5cf-e6ac71381c70","local_time":"20210111165733","is_ascension_mode":true,"campfire_choices":[{"data":"Streamline","floor":6,"key":"SMITH"},{"floor":8,"key":"REST"},{"floor":12,"key":"REST"},{"floor":15,"key":"REST"}],"circlet_count":0,"master_deck":["AscendersBane","Strike_B","Strike_B","Strike_B","Strike_B","Defend_B","Defend_B","Defend_B","Defend_B","Zap","Dualcast","Self Repair","Conserve Battery","Streamline+1","Chill","Cold Snap"],"relics":["Cracked Core","Cables","WarpedTongs","Golden Idol","Bottled Lightning","Singing Bowl"],"acts_visited":["Exordium"],"potions_floor_usage":[16],"damage_taken":[{"damage":2,"enemies":"2 Louse","floor":1,"turns":2},{"damage":5,"enemies":"Cultist","floor":4,"turns":4},{"damage":27,"enemies":"3 Sentries","floor":10,"turns":5},{"damage":11,"enemies":"Small Slimes","floor":13,"turns":4},{"damage":7,"enemies":"Blue Slaver","floor":14,"turns":3},{"damage":67,"enemies":"Hexaghost","floor":16,"turns":11}],"seed_played":"3966435386217762681","potions_obtained":[{"floor":10,"key":"BlessingOfTheForge"},{"floor":13,"key":"BlessingOfTheForge"}],"is_trial":false,"path_per_floor":["M","$","?","M","$","R","?","R","T","E","?","R","M","M","R","B"],"character_chosen":"DEFECT","items_purchased":["Cables","Self Repair"],"campfire_rested":3,"item_purchase_floors":[0,0],"current_hp_per_floor":[56,56,56,61,61,61,37,58,58,33,33,54,43,43,64,0,0],"gold":143,"neow_bonus":"","is_daily":false,"chose_seed":false,"campfire_upgraded":1,"win_rate":0.0,"timestamp":1610405853,"path_taken":["M","$","?","?","$","R","?","R","T","E","?","R","M","?","R","BOSS"],"items_purchased_type":["Relic","Card"],"build_version":"2020-12-22","purchased_purges":1,"victory":false,"max_hp_per_floor":[71,71,71,71,71,71,71,71,71,73,73,73,73,73,73,73,73],"card_choices":[{"not_picked":["Heatsinks","Steam"],"picked":"Conserve Battery","floor":1},{"not_picked":["Sweeping Beam","Gash"],"picked":"Streamline","floor":4},{"not_picked":["Rip and Tear","Ball Lightning","Tempest"],"picked":"Singing Bowl","floor":10},{"not_picked":["Steam Power","Lockon"],"picked":"Chill","floor":13},{"not_picked":["Conserve Battery","Recycle"],"picked":"Cold Snap","floor":14}],"player_experience":3269051,"relics_obtained":[{"floor":9,"key":"Bottled Lightning"},{"floor":10,"key":"Singing Bowl"}],"event_choices":[{"damage_healed":0,"gold_gain":0,"player_choice":"Rummage","damage_taken":0,"relics_obtained":["WarpedTongs"],"max_hp_gain":0,"max_hp_loss":0,"event_name":"Accursed Blacksmith","floor":3,"gold_loss":0,"cards_obtained":["Pain"]},{"damage_healed":0,"gold_gain":0,"player_choice":"Take Damage","damage_taken":24,"relics_obtained":["Golden Idol"],"max_hp_gain":0,"max_hp_loss":0,"event_name":"Golden Idol","floor":7,"gold_loss":0},{"cards_removed":["Pain"],"damage_healed":0,"gold_gain":0,"player_choice":"Removed Curses","damage_taken":0,"max_hp_gain":0,"max_hp_loss":0,"event_name":"Fountain of Cleansing","floor":11,"gold_loss":0}],"is_beta":false,"boss_relics":[],"items_purged_floors":[2],"is_endless":false,"potions_floor_spawned":[10,13],"killed_by":"Hexaghost","ascension_level":20}}