{"host":"hdafziggwnbzqpcb","time":1610339400,"event":{"mods":["BaseMod","Bestiary","Better Altar","Better Match","Better Note","Better Third Choice","Better Vampires","Colored Map","Colored Powertips","Curses Come First","Duelist Mod","GifTheSpireLib","Hero for Fun","Melee Mod","Minty Spire (QoL Compilation)","Quick Restart","Rare Cards Sparkle","Relic Stats","Spicy Shops","StSLib","Td1madao Mod","The Bug Knight","The Construct","The Cursed","The Kombatant","The Marked","The Runesmith","The Saiyan","The Senshi","The Servant 0.9.4","The Wild Card","TheHero"],"gold_per_floor":[91,91,91,91,91,91,115,115,139,154,168,168,168,189,189,189,189],"floor_reached":16,"playtime":738,"items_purged":[],"score":90,"play_id":"f1cba90e-677f-4b55-93b9-cf2c84a80dfe","local_time":"20210110203000","daily_mods":["SealedDeck","Heirloom"],"is_ascension_mode":false,"campfire_choices":[{"data":"Saiyan:UltraInstinct","floor":6,"key":"SMITH"},{"data":"Saiyan:Flurry","floor":15,"key":"SMITH"}],"circlet_count":0,"master_deck":["Saiyan:BigBangAttack","Saiyan:Expend","Saiyan:Flurry+1","Saiyan:Flurry","Saiyan:FingerParry","Saiyan:PowerUp","Saiyan:SaiyanHubris","Saiyan:UltraInstinct+1","Saiyan:Planning","theWildCard:Metatron","Saiyan:SuperSaiyanThree"],"relics":["SaiyanSoul","SaiyanHeart","Peace Pipe","Golden Idol"],"acts_visited":[],"potions_floor_usage":[16],"damage_taken":[{"damage":0,"enemies":"Jaw Worm","floor":1,"turns":3},{"damage":0,"enemies":"Small Slimes","floor":7,"turns":3},{"damage":0,"enemies":"2 Louse","floor":10,"turns":2},{"damage":0,"enemies":"Blue Slaver","floor":11,"turns":4},{"damage":13,"enemies":"Exordium Thugs","floor":14,"turns":2},{"damage":46,"enemies":"Hexaghost","floor":16,"turns":10}],"seed_played":"-1225370368129045045","potions_obtained":[{"floor":10,"key":"Weak Potion"},{"floor":11,"key":"SpeedPotion"}],"is_trial":true,"path_per_floor":["M","?","?","?","$","R","M","$","T","M","M","?","$","M","R","B"],"character_chosen":"SAIYAJIN","items_purchased":[],"campfire_rested":0,"item_purchase_floors":[],"current_hp_per_floor":[60,65,49,49,49,49,49,49,49,49,53,53,53,41,41,0,0],"gold":189,"neow_bonus":"","is_daily":false,"chose_seed":false,"campfire_upgraded":2,"win_rate":0.0,"timestamp":1610339400,"path_taken":["M","?","?","?","?","R","M","$","T","M","?","?","$","M","R","BOSS"],"items_purchased_type":[],"build_version":"2020-12-22","purchased_purges":0,"victory":false,"max_hp_per_floor":[60,65,65,65,65,65,65,65,65,65,69,69,69,70,70,71,71],"relic_stats":{"Peace Pipe":0,"counters":[6,24],"Golden Idol":15,"obtain_stats":[{"Peace Pipe":0,"Golden Idol":3,"SaiyanSoul":0,"SaiyanHeart":0},{"Peace Pipe":0,"Golden Idol":1,"SaiyanSoul":0,"SaiyanHeart":0},{"Peace Pipe":0,"Golden Idol":3,"SaiyanSoul":0,"SaiyanHeart":0}]},"card_choices":[{"not_picked":["Saiyan:BackAttack","Saiyan:ExpandingShockwave","Saiyan:FingerParry"],"picked":"SKIP","floor":1},{"not_picked":["Saiyan:KiExplosion","Saiyan:RemoveWeights","Saiyan:Scouter"],"picked":"SKIP","floor":7},{"not_picked":["Saiyan:PlotArmor","Saiyan:MeteorDash"],"picked":"Saiyan:SuperSaiyanThree","floor":10},{"not_picked":["Saiyan:PowerUp","Saiyan:FingerParry","Saiyan:UltraInstinct"],"picked":"SKIP","floor":11},{"not_picked":["Saiyan:KiExplosion","Saiyan:BackAttack","Saiyan:AugmentedBlast"],"picked":"SKIP","floor":14}],"player_experience":715278,"relics_obtained":[],"event_choices":[{"damage_healed":0,"gold_gain":0,"player_choice":"Donut","damage_taken":0,"max_hp_gain":5,"max_hp_loss":0,"event_name":"Big Fish","floor":2,"gold_loss":0},{"damage_healed":0,"gold_gain":0,"player_choice":"Take Damage","damage_taken":16,"relics_obtained":["Golden Idol"],"max_hp_gain":0,"max_hp_loss":0,"event_name":"Golden Idol","floor":3,"gold_loss":0},{"cards_removed":["Saiyan:TurtleShell"],"damage_healed":0,"gold_gain":0,"player_choice":"Card Removal","damage_taken":0,"max_hp_gain":0,"max_hp_loss":0,"event_name":"Wheel of Change","floor":12,"gold_loss":0}],"is_beta":false,"boss_relics":[],"items_purged_floors":[],"is_endless":false,"potions_floor_spawned":[10,11],"killed_by":"Hexaghost","ascension_level":0}}