{"host":"Oniwa","time":1610367570,"event":{"mods":["BaseMod","Colored Map","Colored Powertips","Minty Spire (QoL Compilation)","Relic Stats","Slay the Relics Exporter","SpireBot","StSLib","ojb\u0027s Better Paths Mod","ojb\u0027s Info Mod"],"gold_per_floor":[110,124,139,5,5,33,33,59,86,120,139,64,94,114,114,189,189,204,237,26,81,31,31,63,83,83,83,112,127,159,159,159,159,159],"floor_reached":33,"playtime":2944,"items_purged":["Strike_G","Decay"],"score":662,"play_id":"8a71651d-1264-4aa5-ae86-7b0a1a912116","local_time":"20210111211930","is_ascension_mode":true,"campfire_choices":[{"floor":7,"key":"REST"},{"data":"Wraith Form v2","floor":15,"key":"SMITH"},{"floor":23,"key":"REST"},{"data":"Cloak And Dagger","floor":27,"key":"SMITH"},{"data":"Burst","floor":32,"key":"SMITH"}],"circlet_count":0,"master_deck":["AscendersBane","Strike_G","Defend_G","Defend_G","Defend_G","Defend_G","Defend_G","Survivor","Neutralize","Poisoned Stab","Masterful Stab","Poisoned Stab","Eviscerate","Blade Dance","Wraith Form v2+1","Cloak And Dagger","Dodge and Roll","Backstab","Burst+1","Terror+1","Cloak And Dagger+1","Crippling Poison+1","Backflip","Bullet Time","Backflip","Bullet Time","Expertise"],"relics":["WristBlade","Tiny Chest","Toy Ornithopter","Happy Flower","Nunchaku","Smiling Mask","Cursed Key","Red Mask","Pen Nib","Akabeko","Lantern","Singing Bowl","Matryoshka"],"acts_visited":["Exordium","TheCity"],"potions_floor_usage":[6,13,16,16,19,28,33,33],"damage_taken":[{"damage":4,"enemies":"2 Louse","floor":1,"turns":2},{"damage":1,"enemies":"Cultist","floor":2,"turns":4},{"damage":0,"enemies":"Small Slimes","floor":3,"turns":2},{"damage":30,"enemies":"Gremlin Nob","floor":6,"turns":4},{"damage":12,"enemies":"3 Sentries","floor":8,"turns":5},{"damage":9,"enemies":"Gremlin Nob","floor":10,"turns":4},{"damage":4,"enemies":"Blue Slaver","floor":11,"turns":4},{"damage":4,"enemies":"3 Sentries","floor":13,"turns":8},{"damage":4,"enemies":"Exordium Wildlife","floor":14,"turns":4},{"damage":32,"enemies":"The Guardian","floor":16,"turns":12},{"damage":8,"enemies":"2 Thieves","floor":18,"turns":3},{"damage":20,"enemies":"Masked Bandits","floor":19,"turns":5},{"damage":3,"enemies":"Gremlin Leader","floor":24,"turns":5},{"damage":1,"enemies":"Shell Parasite","floor":25,"turns":4},{"damage":8,"enemies":"Slavers","floor":28,"turns":5},{"damage":14,"enemies":"Snake Plant","floor":29,"turns":4},{"damage":2,"enemies":"Gremlin Leader","floor":30,"turns":5},{"damage":51,"enemies":"Champ","floor":33,"turns":12}],"seed_played":"1365322967345762196","potions_obtained":[{"floor":3,"key":"CunningPotion"},{"floor":8,"key":"BlessingOfTheForge"},{"floor":10,"key":"AttackPotion"},{"floor":14,"key":"Weak Potion"},{"floor":18,"key":"SpeedPotion"},{"floor":19,"key":"BlessingOfTheForge"},{"floor":28,"key":"SpeedPotion"},{"floor":29,"key":"FearPotion"}],"is_trial":false,"path_per_floor":["M","M","M","$","?","E","R","E","T","E","M","?","E","M","R","B",null,"M","?","$","T","$","R","E","M","T","R","E","M","E","?","R","B"],"character_chosen":"THE_SILENT","items_purchased":["Eviscerate","Energy Potion","Pen Nib"],"campfire_rested":2,"item_purchase_floors":[4,4,20],"current_hp_per_floor":[55,54,54,54,66,36,55,43,43,34,30,30,31,27,27,5,51,43,28,28,28,28,47,44,43,43,43,40,26,26,26,26,0,0],"gold":159,"neow_bonus":"BOSS_RELIC","is_daily":false,"chose_seed":false,"campfire_upgraded":3,"win_rate":0.0,"timestamp":1610367570,"path_taken":["M","M","M","$","?","E","R","E","T","E","?","?","E","M","R","BOSS","M","?","$","?","?","R","E","M","T","R","E","?","E","?","R","BOSS"],"items_purchased_type":["Card","Potion","Relic"],"build_version":"2020-12-18","purchased_purges":2,"victory":false,"max_hp_per_floor":[66,66,66,66,66,66,66,66,66,66,66,66,66,66,66,66,66,66,66,66,66,66,66,66,66,66,66,66,66,68,68,68,68,68],"relic_stats":{"Nunchaku":[18],"Happy Flower":[25],"Singing Bowl":2,"counters":[18,92],"Tiny Chest":1,"Pen Nib":[10],"Smiling Mask":75,"Cursed Key":1,"obtain_stats":[{"Lantern":24,"Happy Flower":9,"Singing Bowl":28,"Pen Nib":20,"Smiling Mask":13,"Cursed Key":17,"Akabeko":21,"Nunchaku":10,"Matryoshka":30,"WristBlade":0,"Tiny Chest":6,"Red Mask":19,"Toy Ornithopter":8,"Ring of the Snake":0},{"Lantern":13,"Happy Flower":5,"Singing Bowl":15,"Pen Nib":12,"Smiling Mask":8,"Cursed Key":10,"Akabeko":12,"Nunchaku":6,"Matryoshka":17,"WristBlade":0,"Tiny Chest":4,"Red Mask":12,"Toy Ornithopter":5,"Ring of the Snake":0},{"Lantern":62,"Happy Flower":17,"Singing Bowl":71,"Pen Nib":57,"Smiling Mask":33,"Cursed Key":49,"Akabeko":57,"Nunchaku":21,"Matryoshka":80,"WristBlade":0,"Tiny Chest":12,"Red Mask":57,"Toy Ornithopter":17,"Ring of the Snake":0}],"Toy Ornithopter":35},"card_choices":[{"not_picked":["Underhanded Strike","Finisher"],"picked":"Poisoned Stab","floor":1},{"not_picked":["Quick Slash","Sucker Punch"],"picked":"Masterful Stab","floor":2},{"not_picked":["Calculated Gamble","Eviscerate"],"picked":"Poisoned Stab","floor":3},{"not_picked":["Sucker Punch","Reflex"],"picked":"Blade Dance","floor":6},{"not_picked":["Eviscerate","Flying Knee"],"picked":"Wraith Form v2","floor":8},{"not_picked":["Dagger Spray","Distraction","Heel Hook"],"picked":"SKIP","floor":10},{"not_picked":["Outmaneuver","Slice"],"picked":"Cloak And Dagger","floor":11},{"not_picked":["Bane","Concentrate"],"picked":"Dodge and Roll","floor":13},{"not_picked":["Setup","Slice"],"picked":"Backstab","floor":14},{"not_picked":["Tools of the Trade","Doppelganger"],"picked":"Burst","floor":16},{"not_picked":["Endless Agony","Deflect"],"picked":"Terror+1","floor":18},{"not_picked":["Sucker Punch","Poisoned Stab"],"picked":"Cloak And Dagger","floor":19},{"not_picked":["Underhanded Strike","Blade Dance"],"picked":"Crippling Poison+1","floor":24},{"not_picked":["Deflect","Reflex"],"picked":"Backflip","floor":25},{"not_picked":["Heel Hook","Dash"],"picked":"Bullet Time","floor":28},{"not_picked":["Slice","Deadly Poison"],"picked":"Backflip","floor":29},{"not_picked":["Expertise","Bane","Cloak And Dagger"],"picked":"Singing Bowl","floor":30}],"player_experience":2537462,"relics_obtained":[{"floor":6,"key":"Tiny Chest"},{"floor":8,"key":"Toy Ornithopter"},{"floor":9,"key":"Happy Flower"},{"floor":10,"key":"Nunchaku"},{"floor":13,"key":"Smiling Mask"},{"floor":19,"key":"Red Mask"},{"floor":21,"key":"Akabeko"},{"floor":24,"key":"Lantern"},{"floor":28,"key":"Singing Bowl"},{"floor":30,"key":"Matryoshka"}],"event_choices":[{"damage_healed":12,"gold_gain":0,"player_choice":"Full Heal","damage_taken":0,"max_hp_gain":0,"max_hp_loss":0,"event_name":"Wheel of Change","floor":5,"gold_loss":0},{"cards_removed":["Strike_G"],"damage_healed":0,"gold_gain":0,"player_choice":"Card Removal","damage_taken":0,"max_hp_gain":0,"max_hp_loss":0,"event_name":"The Cleric","floor":12,"gold_loss":75},{"damage_healed":0,"gold_gain":0,"player_choice":"Fought Bandits","damage_taken":0,"max_hp_gain":0,"max_hp_loss":0,"event_name":"Masked Bandits","floor":19,"gold_loss":0},{"damage_healed":0,"gold_gain":0,"cards_transformed":["Strike_G","Strike_G"],"player_choice":"Became Test Subject","damage_taken":0,"max_hp_gain":0,"max_hp_loss":0,"event_name":"Drug Dealer","floor":31,"gold_loss":0,"cards_obtained":["Bullet Time","Expertise"]}],"is_beta":true,"boss_relics":[{"not_picked":["Fusion Hammer","Empty Cage"],"picked":"Cursed Key"}],"items_purged_floors":[20,22],"is_endless":false,"potions_floor_spawned":[3,8,10,14,18,19,28,29],"killed_by":"Champ","ascension_level":20}}