{"host":"xz7n3qy1zq36rzpg","time":1610363349,"event":{"mods":["BaseMod","Colored Map","Colored Powertips","Highlight Path","Minty Spire (QoL Compilation)","Quick Restart","Shop Mod"],"gold_per_floor":[118,218,234,245,245,245,38,38,91,39,65,92,66,84,84,188,188,210,230,247,162,16,16,16],"floor_reached":23,"playtime":1004,"items_purged":["Defend_B"],"score":201,"play_id":"3384c371-d94b-4f65-92ab-811b7cd2ee0e","local_time":"20210111120909","is_ascension_mode":true,"campfire_choices":[{"data":"Creative AI","floor":6,"key":"SMITH"},{"floor":15,"key":"REST"}],"circlet_count":0,"master_deck":["Strike_B","Strike_B","Strike_B","Defend_B","Defend_B","Defend_B","Zap","Dualcast","Creative AI+1","Go for the Eyes","Cold Snap","FTL","Lockon","Leap","Hologram","Ball Lightning","Sweeping Beam","Glacier","Sunder","Rebound+1","Beam Cell"],"relics":["Cracked Core","Emotion Chip","CeramicFish","Nuclear Battery","Bag of Marbles","Vajra"],"acts_visited":["Exordium","TheCity"],"potions_floor_usage":[16,18],"damage_taken":[{"damage":4,"enemies":"Small Slimes","floor":1,"turns":5},{"damage":6,"enemies":"Cultist","floor":3,"turns":5},{"damage":10,"enemies":"Jaw Worm","floor":4,"turns":4},{"damage":14,"enemies":"3 Louse","floor":11,"turns":3},{"damage":3,"enemies":"2 Fungi Beasts","floor":12,"turns":2},{"damage":2,"enemies":"Blue Slaver","floor":14,"turns":3},{"damage":19,"enemies":"Slime Boss","floor":16,"turns":7},{"damage":13,"enemies":"3 Byrds","floor":18,"turns":3},{"damage":25,"enemies":"Shell Parasite","floor":19,"turns":6},{"damage":25,"enemies":"Cultist and Chosen","floor":20,"turns":5},{"damage":14,"enemies":"Book of Stabbing","floor":23,"turns":4}],"seed_played":"-3016261665205001823","potions_obtained":[{"floor":4,"key":"PowerPotion"},{"floor":16,"key":"Explosive Potion"},{"floor":18,"key":"Strength Potion"}],"is_trial":false,"path_per_floor":["M","?","M","M","?","R","$","?","T","$","M","M","$","M","R","B",null,"M","M","M","?","$","E"],"character_chosen":"DEFECT","items_purchased":["Lockon","Leap","Hologram","Ball Lightning","Sunder","Vajra"],"campfire_rested":1,"item_purchase_floors":[7,7,10,10,13,22],"current_hp_per_floor":[71,71,65,55,55,55,55,52,52,52,38,35,35,33,55,36,75,62,37,12,12,12,0,0],"gold":16,"neow_bonus":"TRANSFORM_CARD","is_daily":false,"chose_seed":false,"campfire_upgraded":1,"win_rate":0.0,"timestamp":1610363349,"path_taken":["M","?","M","?","?","R","$","?","T","$","M","M","?","M","R","BOSS","M","M","M","?","$","E"],"items_purchased_type":["Card","Card","Card","Card","Card","Relic"],"build_version":"2020-12-22","purchased_purges":1,"victory":false,"max_hp_per_floor":[75,75,75,75,75,75,75,75,75,75,75,75,75,75,75,75,75,75,75,75,75,75,75,75],"card_choices":[{"not_picked":["Stack","BootSequence"],"picked":"Go for the Eyes","floor":1},{"not_picked":["Lockon","Steam Power"],"picked":"Cold Snap","floor":3},{"not_picked":["Redo","Blizzard"],"picked":"FTL","floor":4},{"not_picked":["Steam","Darkness"],"picked":"Sweeping Beam","floor":11},{"not_picked":["Ball Lightning","Loop"],"picked":"Glacier","floor":12},{"not_picked":["Skim","Ball Lightning","Auto Shields"],"picked":"SKIP","floor":14},{"not_picked":["Hologram+1","Force Field"],"picked":"Rebound+1","floor":18},{"not_picked":["Stack","Barrage"],"picked":"Beam Cell","floor":19},{"not_picked":["Blizzard","Fusion","Skim"],"picked":"SKIP","floor":20}],"player_experience":308514,"relics_obtained":[{"floor":9,"key":"CeramicFish"}],"event_choices":[{"damage_healed":0,"gold_gain":100,"player_choice":"Gold","damage_taken":0,"max_hp_gain":0,"max_hp_loss":0,"event_name":"Wheel of Change","floor":2,"gold_loss":0},{"damage_healed":0,"gold_gain":0,"player_choice":"Ignored","damage_taken":0,"max_hp_gain":0,"max_hp_loss":0,"event_name":"Shining Light","floor":5,"gold_loss":0},{"damage_healed":0,"gold_gain":0,"player_choice":"Success","damage_taken":3,"relics_obtained":["Emotion Chip"],"max_hp_gain":0,"max_hp_loss":0,"event_name":"Scrap Ooze","floor":8,"gold_loss":0},{"damage_healed":0,"gold_gain":0,"player_choice":"Obtained Relic","damage_taken":0,"relics_obtained":["Bag of Marbles"],"max_hp_gain":0,"max_hp_loss":0,"event_name":"Addict","floor":21,"gold_loss":85}],"is_beta":false,"boss_relics":[{"not_picked":["Black Star","Runic Pyramid"],"picked":"Nuclear Battery"}],"items_purged_floors":[7],"is_endless":false,"potions_floor_spawned":[4,16,18],"killed_by":"Book of Stabbing","ascension_level":2}}