{"host":"5jyeqch4fosnsiz2","time":1610383010,"event":{"mods":["BaseMod","Bestiary","Colored Map","Colored Powertips","Filter the Spire","Minty Spire (QoL Compilation)","Relic Stats","StSLib","Waifu the Spire","ojb\u0027s Better Paths Mod","ojb\u0027s Info Mod"],"gold_per_floor":[109,109,123,140,157,186,212,212,237,254,285,285,316,336,336,439,439,458,472,472,28,46,46,46],"floor_reached":23,"playtime":1086,"items_purged":[],"score":263,"play_id":"2d777241-11c5-475f-8bf2-b5d9e3da8cfa","local_time":"20210111113650","is_ascension_mode":false,"campfire_choices":[{"data":"Pray","floor":8,"key":"SMITH"},{"data":"WaveOfTheHand","floor":12,"key":"SMITH"},{"data":"Eruption","floor":15,"key":"SMITH"}],"circlet_count":0,"master_deck":["Strike_P","Defend_P","Defend_P","Defend_P","Eruption+1","Vigilance","CutThroughFate","SandsOfTime","InnerPeace","Pray+1","WheelKick","JustLucky","WaveOfTheHand+1","EmptyFist","CrushJoints","Prostrate","Devotion","FlyingSleeves+1","DevaForm+1","Halt+1","FlurryOfBlows+1","SashWhip"],"relics":["VioletLotus","Akabeko","Odd Mushroom","Orichalcum","Nunchaku","Astrolabe","HornCleat","Toy Ornithopter"],"acts_visited":["Exordium","TheCity"],"potions_floor_usage":[5,6,7,11,13],"damage_taken":[{"damage":0,"enemies":"Small Slimes","floor":1,"turns":3},{"damage":0,"enemies":"Cultist","floor":3,"turns":3},{"damage":3,"enemies":"Jaw Worm","floor":4,"turns":2},{"damage":8,"enemies":"Exordium Thugs","floor":5,"turns":4},{"damage":0,"enemies":"Gremlin Nob","floor":6,"turns":3},{"damage":8,"enemies":"The Mushroom Lair","floor":7,"turns":3},{"damage":0,"enemies":"3 Louse","floor":10,"turns":2},{"damage":31,"enemies":"3 Sentries","floor":11,"turns":7},{"damage":0,"enemies":"Gremlin Nob","floor":13,"turns":2},{"damage":4,"enemies":"Looter","floor":14,"turns":4},{"damage":12,"enemies":"Hexaghost","floor":16,"turns":8},{"damage":13,"enemies":"Shell Parasite","floor":18,"turns":4},{"damage":18,"enemies":"3 Byrds","floor":19,"turns":5},{"damage":13,"enemies":"Centurion and Healer","floor":22,"turns":3},{"damage":15,"enemies":"Slavers","floor":23,"turns":1}],"seed_played":"-354837250007495773","potions_obtained":[{"floor":1,"key":"BlessingOfTheForge"},{"floor":4,"key":"Fire Potion"},{"floor":6,"key":"ColorlessPotion"},{"floor":7,"key":"DistilledChaos"},{"floor":11,"key":"SneckoOil"}],"is_trial":false,"path_per_floor":["M","?","M","M","M","E","?","R","T","M","E","R","E","M","R","B",null,"M","M","?","$","M","E"],"character_chosen":"WATCHER","items_purchased":["HornCleat","Toy Ornithopter","SashWhip"],"campfire_rested":0,"item_purchase_floors":[21,21,21],"current_hp_per_floor":[72,72,72,69,61,61,53,53,53,53,22,22,22,18,18,6,72,59,41,28,28,15,0,0],"gold":46,"neow_bonus":"BOSS_RELIC","is_daily":false,"chose_seed":false,"campfire_upgraded":3,"win_rate":0.0,"timestamp":1610383010,"path_taken":["M","?","M","?","?","E","?","R","T","M","E","R","E","M","R","BOSS","M","M","?","$","M","E"],"items_purchased_type":["Relic","Relic","Card"],"build_version":"2020-12-22","purchased_purges":0,"victory":false,"max_hp_per_floor":[72,72,72,72,72,72,72,72,72,72,72,72,72,72,72,72,72,72,72,77,77,77,77,77],"relic_stats":{"Nunchaku":[5],"counters":[15,54],"Astrolabe":["FlyingSleeves","DevaForm","Halt"],"VioletLotus":[18],"Orichalcum":[6],"obtain_stats":[{"Nunchaku":13,"HornCleat":21,"Astrolabe":17,"VioletLotus":0,"PureWater":0,"Odd Mushroom":7,"Orichalcum":11,"Akabeko":6,"Toy Ornithopter":21},{"Nunchaku":9,"HornCleat":13,"Astrolabe":11,"VioletLotus":0,"PureWater":0,"Odd Mushroom":6,"Orichalcum":8,"Akabeko":5,"Toy Ornithopter":13},{"Nunchaku":29,"HornCleat":50,"Astrolabe":41,"VioletLotus":0,"PureWater":0,"Odd Mushroom":18,"Orichalcum":27,"Akabeko":15,"Toy Ornithopter":50}],"Toy Ornithopter":0},"card_choices":[{"not_picked":["Evaluate","Swivel"],"picked":"CutThroughFate","floor":1},{"not_picked":["Indignation","PathToVictory"],"picked":"SandsOfTime","floor":3},{"not_picked":["CutThroughFate","Halt"],"picked":"InnerPeace","floor":4},{"not_picked":["Halt","SashWhip"],"picked":"Pray","floor":5},{"not_picked":["Crescendo","Scrawl"],"picked":"WheelKick","floor":6},{"not_picked":["SandsOfTime","Evaluate"],"picked":"JustLucky","floor":7},{"not_picked":["ReachHeaven","FlyingSleeves"],"picked":"WaveOfTheHand","floor":10},{"not_picked":["PathToVictory","BowlingBash"],"picked":"EmptyFist","floor":11},{"not_picked":["Alpha","InnerPeace"],"picked":"CrushJoints","floor":13},{"not_picked":["InnerPeace","BattleHymn"],"picked":"Prostrate","floor":14},{"not_picked":["ConjureBlade","Alpha"],"picked":"Devotion","floor":16},{"not_picked":["JustLucky","BowlingBash"],"picked":"FlurryOfBlows+1","floor":18},{"not_picked":["FlurryOfBlows","EmptyMind","Crescendo"],"picked":"SKIP","floor":19},{"not_picked":["FlyingSleeves+1","Protect","ClearTheMind+1"],"picked":"SKIP","floor":22}],"player_experience":297151,"relics_obtained":[{"floor":6,"key":"Akabeko"},{"floor":7,"key":"Odd Mushroom"},{"floor":11,"key":"Orichalcum"},{"floor":13,"key":"Nunchaku"}],"event_choices":[{"cards_removed":["Strike_P"],"damage_healed":0,"gold_gain":0,"player_choice":"Purged","damage_taken":0,"max_hp_gain":0,"max_hp_loss":0,"event_name":"Purifier","floor":2,"gold_loss":0},{"damage_healed":0,"gold_gain":0,"player_choice":"Fought Mushrooms","damage_taken":0,"max_hp_gain":0,"max_hp_loss":0,"event_name":"Mushrooms","floor":7,"gold_loss":0},{"damage_healed":0,"gold_gain":0,"player_choice":"Shed Blood","damage_taken":18,"max_hp_gain":5,"max_hp_loss":0,"event_name":"Forgotten Altar","floor":20,"gold_loss":0}],"is_beta":false,"boss_relics":[{"not_picked":["Fusion Hammer","Tiny House"],"picked":"Astrolabe"}],"items_purged_floors":[],"is_endless":false,"potions_floor_spawned":[1,4,6,7,11],"killed_by":"Slavers","ascension_level":0}}