{"host":"t3nmszc7fx0d6552","time":1610347066,"event":{"mods":["AchievementEnabler","BaseMod","Colored Map","Minty Spire (QoL Compilation)","Permanent Neow","StSLib","SuperFastMode"],"gold_per_floor":[117,129,143,143,143,143,174,193,220,220,255,255,322,352,352,352,352],"floor_reached":16,"playtime":432,"items_purged":[],"score":236,"play_id":"1f5be84b-663b-4821-83b9-56f27f580c4a","local_time":"20210111153746","is_ascension_mode":true,"campfire_choices":[{"floor":6,"key":"REST"},{"data":"Armaments","floor":10,"key":"SMITH"},{"data":"Metallicize","floor":12,"key":"SMITH"},{"data":"Evolve","floor":15,"key":"SMITH"}],"circlet_count":0,"master_deck":["AscendersBane","Strike_R","Strike_R","Strike_R","Strike_R","Strike_R","Defend_R+1","Defend_R","Defend_R","Defend_R","Bash+1","Metallicize+1","Clothesline","Heavy Blade","Evolve+1","Armaments+1","Twin Strike","Reaper"],"relics":["SlaversCollar","Orichalcum","Anchor","Strawberry","Charon\u0027s Ashes"],"acts_visited":["Exordium"],"potions_floor_usage":[7,11],"damage_taken":[{"damage":1,"enemies":"Cultist","floor":1,"turns":3},{"damage":13,"enemies":"Jaw Worm","floor":2,"turns":6},{"damage":14,"enemies":"Small Slimes","floor":3,"turns":4},{"damage":6,"enemies":"Gremlin Nob","floor":7,"turns":3},{"damage":14,"enemies":"3 Louse","floor":8,"turns":4},{"damage":4,"enemies":"Lagavulin","floor":11,"turns":9},{"damage":10,"enemies":"3 Sentries","floor":14,"turns":8},{"damage":21,"enemies":"Slime Boss","floor":16,"turns":4}],"seed_played":"-1163173115839147094","potions_obtained":[{"floor":1,"key":"Dexterity Potion"},{"floor":2,"key":"AttackPotion"}],"is_trial":false,"path_per_floor":["M","M","M","?","?","R","E","M","T","R","E","R","?","E","R","B"],"character_chosen":"IRONCLAD","items_purchased":[],"campfire_rested":1,"item_purchase_floors":[],"current_hp_per_floor":[67,54,40,45,21,45,39,25,25,25,28,28,28,18,18,0,0],"gold":352,"neow_bonus":"BOSS_RELIC","is_daily":false,"chose_seed":false,"campfire_upgraded":3,"win_rate":0.0,"timestamp":1610347066,"path_taken":["M","M","?","?","?","R","E","M","T","R","E","R","?","E","R","BOSS"],"items_purchased_type":[],"build_version":"2020-12-22","purchased_purges":0,"victory":false,"max_hp_per_floor":[75,75,75,80,80,80,80,80,80,80,87,87,87,87,87,87,87],"card_choices":[{"not_picked":["Rampage","Pommel Strike"],"picked":"Metallicize","floor":1},{"not_picked":["Warcry","Flex"],"picked":"Clothesline","floor":2},{"not_picked":["Clothesline","Body Slam"],"picked":"Heavy Blade","floor":3},{"not_picked":["Havoc","Bloodletting"],"picked":"Evolve","floor":7},{"not_picked":["Clash","Second Wind"],"picked":"Armaments","floor":8},{"not_picked":["Clash","Headbutt"],"picked":"Twin Strike","floor":11},{"not_picked":["Cleave","Shrug It Off"],"picked":"Reaper","floor":14}],"player_experience":1377372,"relics_obtained":[{"floor":7,"key":"Orichalcum"},{"floor":9,"key":"Anchor"},{"floor":11,"key":"Strawberry"},{"floor":14,"key":"Charon\u0027s Ashes"}],"event_choices":[{"damage_healed":0,"gold_gain":0,"player_choice":"Donut","damage_taken":0,"max_hp_gain":5,"max_hp_loss":0,"event_name":"Big Fish","floor":4,"gold_loss":0},{"damage_healed":0,"gold_gain":0,"player_choice":"Entered Light","damage_taken":24,"max_hp_gain":0,"max_hp_loss":0,"event_name":"Shining Light","floor":5,"gold_loss":0,"cards_upgraded":["Bash","Defend_R"]},{"damage_healed":0,"gold_gain":67,"player_choice":"Gained Gold","damage_taken":0,"max_hp_gain":0,"max_hp_loss":0,"event_name":"Golden Wing","floor":13,"gold_loss":0}],"is_beta":false,"boss_relics":[],"items_purged_floors":[],"is_endless":false,"potions_floor_spawned":[1,2,3],"killed_by":"Slime Boss","ascension_level":20}}