{"host":"mabtmc9uzswexjnd","time":1610354823,"event":{"mods":["BaseMod","Lobotomy","LobotomyExtend","Minty Spire (QoL Compilation)","Replay The Spire","StSLib","vexMod"],"gold_per_floor":[111,34,47,22,34,34,67,67,94,104,104,117,135,168,168,221,221,221,221],"floor_reached":18,"playtime":1350,"items_purged":[],"score":181,"play_id":"0691aff3-76e6-43e8-8f44-a133a2ab708d","local_time":"20210111164703","is_ascension_mode":true,"campfire_choices":[{"data":"ReplayTheSpireMod:LeadingStrike","floor":6,"key":"SMITH"},{"floor":11,"key":"REST"}],"circlet_count":0,"master_deck":["Strike_R","Strike_R","Strike_R","Strike_R","Strike_R","Defend_R","Defend_R","Defend_R","Bash","Alriune","Carnage","ReplayReversal","Metallicize","OldLady","FairyFestival","ReplayTheSpireMod:LeadingStrike+1","OSAHOGD","Pommel Strike","BigBadWolf","Feed","BeautyBeast","ReplayTheSpireMod:Stacked","Freischutz","Battle Trance","Scarecrow","Thunderclap","Impervious","ShyLook"],"relics":["Burning Blood","CogitoBucket","LetterFromLob","Orichalcum","Bronze Scales","ChangeAnything","Replay:Rubber Ducky","Mark of Pain"],"acts_visited":["Exordium","TheCity"],"potions_floor_usage":[7,7,12,13,16],"damage_taken":[{"damage":17,"enemies":"Small Slimes","floor":1,"turns":4},{"damage":1,"enemies":"2 Louse","floor":3,"turns":2},{"damage":1,"enemies":"Cultist","floor":5,"turns":3},{"damage":61,"enemies":"Lagavulin","floor":7,"turns":6},{"damage":0,"enemies":"Large Slime","floor":10,"turns":4},{"damage":14,"enemies":"Exordium Thugs","floor":12,"turns":4},{"damage":1,"enemies":"Lots of Slimes","floor":13,"turns":3},{"damage":24,"enemies":"Gremlin Nob","floor":14,"turns":5},{"damage":10,"enemies":"Hexaghost","floor":16,"turns":8},{"damage":81,"enemies":"Spheric Guardian","floor":18,"turns":3}],"seed_played":"6186015620808670554","potions_obtained":[{"floor":3,"key":"Dexterity Potion"},{"floor":5,"key":"FearPotion"},{"floor":7,"key":"PowerPotion"},{"floor":12,"key":"Adrenaline Potion"},{"floor":13,"key":"Elixir"},{"floor":15,"key":"SpeedPotion"},{"floor":15,"key":"SneckoOil"}],"is_trial":false,"path_per_floor":["M","$","M","?","M","R","E","$","T","M","R","M","M","E","R","B",null,"M"],"character_chosen":"IRONCLAD","items_purchased":["ReplayReversal"],"campfire_rested":1,"item_purchase_floors":[2],"current_hp_per_floor":[69,69,74,74,79,79,27,27,27,34,58,50,55,39,39,39,80,0,0],"gold":221,"neow_bonus":"","is_daily":false,"chose_seed":false,"campfire_upgraded":1,"win_rate":0.0,"timestamp":1610354823,"path_taken":["M","$","M","?","M","R","E","$","T","M","R","M","M","E","R","BOSS","M"],"items_purchased_type":["Card"],"build_version":"2020-12-22","purchased_purges":0,"victory":false,"max_hp_per_floor":[80,80,80,80,80,80,80,80,80,80,80,80,80,80,80,80,80,80,80],"card_choices":[{"not_picked":["LongBird","Variant"],"picked":"Alriune","floor":1},{"not_picked":["Abandon","Seeing Red"],"picked":"Carnage","floor":1},{"not_picked":["Rage","Seeing Red"],"picked":"Metallicize","floor":3},{"not_picked":["CherryBlossoms","OSAHOGD"],"picked":"OldLady","floor":3},{"not_picked":["Murderer","MHz"],"picked":"FairyFestival","floor":5},{"not_picked":["Iron Wave","Shrug It Off"],"picked":"ReplayTheSpireMod:LeadingStrike","floor":5},{"not_picked":["PunishingBird","FieryBird"],"picked":"OSAHOGD","floor":7},{"not_picked":["Power Through","Twin Strike"],"picked":"Pommel Strike","floor":7},{"not_picked":["Wellcheers","FieryBird"],"picked":"BigBadWolf","floor":10},{"not_picked":["Dropkick","Battle Trance"],"picked":"Feed","floor":10},{"not_picked":["GalaxyChild","VoidDream"],"picked":"BeautyBeast","floor":12},{"not_picked":["Havoc","Entrench"],"picked":"ReplayTheSpireMod:Stacked","floor":12},{"not_picked":["SpiderBud","Scorched"],"picked":"Freischutz","floor":13},{"not_picked":["Anger","Pommel Strike"],"picked":"Battle Trance","floor":13},{"not_picked":["CherryBlossoms","QueenBee"],"picked":"Scarecrow","floor":14},{"not_picked":["Clothesline","Warcry"],"picked":"Thunderclap","floor":14},{"not_picked":["Double Tap","Exhume"],"picked":"Impervious","floor":16},{"not_picked":["MHz","Bloodbath"],"picked":"ShyLook","floor":16}],"player_experience":62600,"relics_obtained":[{"floor":1,"key":"LetterFromLob"},{"floor":7,"key":"Orichalcum"},{"floor":9,"key":"Bronze Scales"},{"floor":14,"key":"Replay:Rubber Ducky"}],"event_choices":[],"is_beta":false,"boss_relics":[{"not_picked":["Calling Bell","Black Star"],"picked":"Mark of Pain"}],"items_purged_floors":[],"is_endless":false,"potions_floor_spawned":[3,5,7,12,13],"killed_by":"Spheric Guardian","ascension_level":1}}