{"host":"w23c85yopnejbyem","time":1610407754,"event":{"mods":["100% Spire Juice","2.2 Compatiblity","AchievementEnabler","Act Like it!","BaseMod","Beaked The Cultist","BetterRewards","CapriCore","ChefMod","Colored Map","Colored Powertips","Conspire","Downfall-Rebalance","Elementarium","Gensokyo","GifTheSpireLib","Halation","Hallownest","Hermit","Highlight Path","JesterMod","KinomotoSakuraMod(????)","Luminous","Menagerie","Mimic Mod","Minty Spire (QoL Compilation)","Permanent Neow","Quarter Circle Forward PUNCH!","Quick Restart","Replay The Spire","Robot Space Explorer","Shade Mod","Shedinja","Shop Mod","Spicy Shops","Spikes Relics","StSLib","Stuff the Spire","The Animator","The Blue Laboratory","The Bug Knight","The Edgeheg","The Fake Hero","The Marked","The Trickster","TheSwordswoman","TheVacant","TheVelvet","Useless Jewels Mod","Yakumo Yukari mod"],"gold_per_floor":[118,118,130,130,144,144,144,170,170,216,249,9,9,24,36,52,112,211,211,227,262,279,279,14,43,43,68,68,81,113,429,446,456,456,561,561,579,250,263,289,289,289,319,335,361,361,395,427,427,442,442,442,442,442,210,244,244],"floor_reached":56,"playtime":4381,"items_purged":[],"score":887,"play_id":"0b23e7fc-9a9b-439a-ade3-81c75db56068","local_time":"20210111232914","is_ascension_mode":false,"campfire_choices":[{"data":"Moonworks:TreasureThief","floor":9.0,"key":"SMITH"},{"data":"Moonworks:LongDistanceShot","floor":12.0,"key":"SMITH"},{"data":"Moonworks:Accelerator","floor":26.0,"key":"SMITH"},{"data":"Moonworks:Accelerator","floor":34.0,"key":"SMITH"},{"floor":46.0,"key":"RECALL"},{"data":"Pot Of Greed","floor":51.0,"key":"SMITH"},{"data":"Moonworks:Bloodlust","floor":54.0,"key":"SMITH"}],"circlet_count":0,"master_deck":["Moonworks:Strike","Moonworks:Strike","Moonworks:Defend","Moonworks:Defend","Moonworks:Defend","Moonworks:Defend","Moonworks:Ambush","Moonworks:LongDistanceShot+1","Moonworks:Dinner","Moonworks:LuckyCharm","Moonworks:Dinner","Moonworks:TreasureThief+1","Moonworks:EvilSpyWorkPreparation","Moonworks:LulusLuckyEgg","Moonworks:Accelerator+1","Shedinja:Agility","beaked:Daydream","Moonworks:MiracleRedBeanIceCream","Moonworks:SweetBattle","Moonworks:UnluckyCharm","Moonworks:MetallicMonocoque","Moonworks:Accelerator+1","Pot Of Greed+1","Pot Of Greed","Pot Of Greed","Moonworks:EvilSpyWorkPreparation+1","Moonworks:Bloodlust+1","Moonworks:Dash+1","Moonworks:EvilSpyWorkPreparation+1","StuffTheSpire:BrainWave","Violence+1"],"relics":["Moonworks:BrokenBomb","Moonworks:Homemark","Tiny Chest","Hallownest:DreamNailRelic","StuffTheSpire:Gunfinga","Replay:Rubber Ducky","qcfpunch:Killian_Engine_Alpha","halation:SelfBoilingWater","DollysMirror","Smiling Mask","Grinning Jar","Mummified Hand","halation:Pancakes","ReplayTheSpireMod:Ninjato","StuffTheSpire:OldFever","beaked:MawFillet","Replay:Wax Seal","ReplayTheSpireMod:Lightbulb","HollowMod:StagPassRelic","RollingBoulder","SpikesRelics:DaevaFist","Blood Vial","Eternal Feather","Oddly Smooth Stone"],"acts_visited":["Hallownest:Greenpath","Gensokyo:Gensokyoer","TheBeyond","TheEnding"],"potions_floor_usage":[],"damage_taken":[{"damage":9.0,"enemies":"2_ Uuma","floor":1.0,"turns":7.0},{"damage":1.0,"enemies":"Hallownest:2_Baldur","floor":3.0,"turns":6.0},{"damage":0.0,"enemies":"Hallownest:2_MossCreeps","floor":5.0,"turns":6.0},{"damage":22.0,"enemies":"Hallownest:eliteVengeflyKing","floor":8.0,"turns":22.0},{"damage":0.0,"enemies":"Hallownest:Guard_and_Warrior","floor":11.0,"turns":9.0},{"damage":18.0,"enemies":"Hallownest:Guard_and_Warrior","floor":14.0,"turns":6.0},{"damage":1.0,"enemies":"Hallownest:monsterFoolEater","floor":15.0,"turns":4.0},{"damage":0.0,"enemies":"Hallownest:monsterMossCharger","floor":16.0,"turns":4.0},{"damage":47.0,"enemies":"Hallownest:BossFalseKnight","floor":18.0,"turns":9.0},{"damage":13.0,"enemies":"Gensokyo:AngelMirror","floor":20.0,"turns":4.0},{"damage":0.0,"enemies":"Gensokyo:2_Gloops","floor":21.0,"turns":8.0},{"damage":2.0,"enemies":"Gensokyo:2_Gloops","floor":22.0,"turns":3.0},{"damage":68.0,"enemies":"Gensokyo:Tenshi","floor":25.0,"turns":5.0},{"damage":10.0,"enemies":"Gensokyo:Wraith","floor":29.0,"turns":5.0},{"damage":50.0,"enemies":"Gensokyo:Koishi","floor":30.0,"turns":7.0},{"damage":26.0,"enemies":"Gensokyo:Monolith_and_Dog","floor":31.0,"turns":5.0},{"damage":17.0,"enemies":"Gensokyo:Swordslinger","floor":32.0,"turns":4.0},{"damage":2.0,"enemies":"Gensokyo:Mirror_and_Dog","floor":33.0,"turns":3.0},{"damage":10.0,"enemies":"Gensokyo:Eternal_Rivals","floor":35.0,"turns":5.0},{"damage":11.0,"enemies":"3 Darklings","floor":37.0,"turns":2.0},{"damage":19.0,"enemies":"R_Hoarder","floor":38.0,"turns":4.0},{"damage":0.0,"enemies":"3 Shapes","floor":39.0,"turns":2.0},{"damage":25.0,"enemies":"Reptomancer","floor":40.0,"turns":3.0},{"damage":12.0,"enemies":"beaked:SuperParasite","floor":43.0,"turns":4.0},{"damage":10.0,"enemies":"Transient","floor":44.0,"turns":5.0},{"damage":41.0,"enemies":"Nemesis","floor":47.0,"turns":5.0},{"damage":1.0,"enemies":"Giant Head","floor":48.0,"turns":5.0},{"damage":0.0,"enemies":"Sphere and 2 Shapes","floor":50.0,"turns":4.0},{"damage":18.0,"enemies":"Awakened One","floor":52.0,"turns":7.0},{"damage":55.0,"enemies":"Shield and Spear","floor":56.0,"turns":3.0}],"seed_played":"-5715852467866843349","potions_obtained":[{"floor":1.0,"key":"blueLaboratory:HeartbeatPotion"},{"floor":8.0,"key":"Adrenaline Potion"},{"floor":15.0,"key":"Strength Potion"},{"floor":18.0,"key":"blueLaboratory:BottleOfVodka"},{"floor":22.0,"key":"blueLaboratory:CorrosionFlask"},{"floor":29.0,"key":"Toxic Potion"},{"floor":32.0,"key":"blueLaboratory:HorrorPotion"},{"floor":35.0,"key":"blueLaboratory:PhilterOfMotion"}],"is_trial":false,"path_per_floor":["M","?","M","?","M","PTL","PTL","E","R","T","MIM","R","?","M","M","M","R_BF","B",null,"M","MIM","M","?","COS","E","R","T","T","M","E","M","M","M","R","B",null,"M","E","M","E","?","?","E","M","T","R","E","E","T","M","R_BF","B",null,"R","$","E"],"character_chosen":"THE_STARBREAKER","items_purchased":["Strength Potion","Violence"],"campfire_rested":0,"item_purchase_floors":[55,55],"current_hp_per_floor":[51,42,47,47,53,53,53,40,40,40,60,60,67,57,61,67,67,26,67,59,67,67,67,67,17,17,17,17,37,56,50,45,53,53,66,67,65,58,65,56,56,56,61,61,61,61,50,61,61,61,61,61,61,61,61,36,36],"gold":244,"neow_bonus":"RANDOM_COMMON_RELIC","is_daily":false,"chose_seed":false,"campfire_upgraded":6,"win_rate":0.0,"timestamp":1610407754,"path_taken":["M","?","M","?","?","PTL","PTL","E","R","?","MIM","R","?","M","M","M","R_BF","BOSS","M","?","M","?","COS","E","R","?","T","?","E","M","M","M","R","BOSS","M","E","M","E","?","?","E","M","T","R","E","E","?","M","R_BF","BOSS","R","$","E"],"items_purchased_type":["Potion","Card"],"build_version":"2020-12-22","purchased_purges":0,"victory":false,"max_hp_per_floor":[60,60,60,60,60,60,60,60,60,60,60,60,67,67,67,67,67,67,67,67,67,67,67,67,67,67,67,67,67,67,67,67,67,67,67,67,67,67,67,67,61,61,61,61,61,61,61,61,61,61,61,61,61,61,61,61,61],"card_choices":[{"not_picked":["Moonworks:LulusLuckyEgg","Moonworks:DeployBits"],"picked":"Moonworks:Dinner","floor":1.0},{"not_picked":["Moonworks:ImOnFire","Moonworks:AwakeningOfTalent"],"picked":"Moonworks:LuckyCharm","floor":3.0},{"not_picked":["Moonworks:DeployBits","Moonworks:Assault"],"picked":"Moonworks:Dinner","floor":5.0},{"not_picked":["Moonworks:WindyEnchantment","Moonworks:ImOnFire"],"picked":"Moonworks:TreasureThief","floor":8.0},{"not_picked":["Moonworks:x16BigRocket","Moonworks:Assault"],"picked":"Moonworks:EvilSpyWorkPreparation","floor":14.0},{"not_picked":["Moonworks:EvilSpyWorkPreparation","Moonworks:Poppoformation"],"picked":"Moonworks:ForcedRevival","floor":15.0},{"not_picked":["Moonworks:ImOnFire","Moonworks:DeployBits"],"picked":"Moonworks:LulusLuckyEgg","floor":16.0},{"not_picked":["Moonworks:RocketCannon","Moonworks:FinalBattle"],"picked":"Moonworks:Accelerator","floor":18.0},{"not_picked":["Moonworks:BeyondHell","Moonworks:Assault"],"picked":"Moonworks:MiracleRedBeanIceCream","floor":20.0},{"not_picked":["Moonworks:NicePresent","Moonworks:SakisCookie"],"picked":"Moonworks:SweetBattle","floor":21.0},{"not_picked":["Moonworks:LulusLuckyEgg","Moonworks:Assault"],"picked":"Moonworks:UnluckyCharm","floor":22.0},{"not_picked":["Moonworks:BigMagnum","Moonworks:DeployBits","Moonworks:x16BigRocket"],"picked":"SKIP","floor":25.0},{"not_picked":["Moonworks:RedAndBlue","Moonworks:LulusLuckyEgg","Moonworks:Assault"],"picked":"SKIP","floor":29.0},{"not_picked":["Moonworks:Assault+1","Moonworks:Poppoformation","Moonworks:MiracleRedBeanIceCream"],"picked":"SKIP","floor":30.0},{"not_picked":["Moonworks:CloudOfSeagulls+1","Moonworks:BigMagnum","Moonworks:CompletionReward+1"],"picked":"SKIP","floor":31.0},{"not_picked":["Moonworks:Assault","Moonworks:ImOnFire"],"picked":"Moonworks:EvilSpyWorkPreparation+1","floor":32.0},{"not_picked":["Moonworks:NicePresent","Moonworks:CloudOfSeagulls"],"picked":"Moonworks:Bloodlust","floor":33.0},{"not_picked":["Moonworks:ForcedRevival+1","Moonworks:BeyondHell+1"],"picked":"Moonworks:Dash+1","floor":37.0},{"not_picked":["Moonworks:LulusLuckyEgg+1","Moonworks:DeployBits","Moonworks:BindingChains+1"],"picked":"SKIP","floor":38.0},{"not_picked":["Moonworks:JonathanRush","Moonworks:WindyEnchantment","Moonworks:DeployBits"],"picked":"SKIP","floor":39.0},{"not_picked":["Moonworks:ExtendedPhotonRifle+1","Moonworks:CloudOfSeagulls"],"picked":"Moonworks:EvilSpyWorkPreparation+1","floor":40.0},{"not_picked":["Moonworks:Poppoformation+1","Moonworks:SakisCookie+1","Moonworks:Assault"],"picked":"SKIP","floor":43.0},{"not_picked":["Moonworks:Assault+1","Moonworks:SweetBattle","Moonworks:JonathanRush"],"picked":"SKIP","floor":44.0},{"not_picked":["Moonworks:x16BigRocket+1","Moonworks:Dinner+1","Moonworks:IndiscriminateFireSupport+1"],"picked":"SKIP","floor":47.0},{"not_picked":["Moonworks:RedAndBlue+1","Moonworks:ScrambledEve+1","Moonworks:JonathanRush+1"],"picked":"SKIP","floor":48.0},{"not_picked":["Moonworks:ImmovableObject","Moonworks:ScrambledEve+1","Moonworks:IndiscriminateFireSupport+1"],"picked":"SKIP","floor":50.0},{"not_picked":["Moonworks:StiffCrystal","Moonworks:LeapThroughSpace","Moonworks:BackdoorTrade"],"picked":"SKIP","floor":56}],"player_experience":377777,"relics_obtained":[{"floor":8.0,"key":"StuffTheSpire:Gunfinga"},{"floor":10.0,"key":"Replay:Rubber Ducky"},{"floor":21.0,"key":"halation:SelfBoilingWater"},{"floor":25.0,"key":"Smiling Mask"},{"floor":27.0,"key":"Grinning Jar"},{"floor":28.0,"key":"Mummified Hand"},{"floor":30.0,"key":"ReplayTheSpireMod:Ninjato"},{"floor":38.0,"key":"Replay:Wax Seal"},{"floor":40.0,"key":"ReplayTheSpireMod:Lightbulb"},{"floor":43.0,"key":"HollowMod:StagPassRelic"},{"floor":45.0,"key":"RollingBoulder"},{"floor":47.0,"key":"SpikesRelics:DaevaFist"},{"floor":48.0,"key":"Blood Vial"},{"floor":49.0,"key":"Eternal Feather"},{"floor":56,"key":"Oddly Smooth Stone"}],"event_choices":[],"is_beta":false,"boss_relics":[{"not_picked":["CosmicIsotope","Ring of Chaos"],"picked":"qcfpunch:Killian_Engine_Alpha"},{"not_picked":["halation:PlatinumPhoenix","StuffTheSpire:ModemDavis"],"picked":"beaked:MawFillet"}],"items_purged_floors":[],"is_endless":false,"potions_floor_spawned":[1,8,15,18,22,29,32,35,43,44,47,48,50],"killed_by":"Shield and Spear","ascension_level":0}}