{"host":"l97fnvmr74b5xfzs","time":1610409250,"event":{"mods":["AchievementEnabler","BaseMod","Better Third Choice","Downfall","Evolution","Hermit","Koishi","Marisa（霧雨　魔理沙）","Minty Spire (QoL Compilation)","Relic Stats","StSLib","The Marked"],"gold_per_floor":[199,215,225,225,225,37,37,55,69,88,101,101,114,131,148,244,244,244,264,18,34,134,134,134,148,148,47,81,81,81,5,21,117,117,117,129,144,159,171,171,171,171],"floor_reached":40,"playtime":3582,"items_purged":["Slimebound:Strike_Slimebound"],"score":479,"play_id":"5aa55ef3-9d3a-4e2c-9fe4-6ad7e9ad9873","local_time":"20210111185410","is_ascension_mode":false,"campfire_choices":[{"data":"Slimebound:CorrosiveSpit","floor":1,"key":"SMITH"},{"data":"Slimebound:SlimeBarrage","floor":12,"key":"SMITH"},{"data":"Slimebound:Replication","floor":18,"key":"SMITH"},{"data":"Slimebound:Overexert","floor":23,"key":"SMITH"},{"floor":26,"key":"REST"},{"data":"Slimebound:AcidTongue","floor":29,"key":"SMITH"},{"data":"Slimebound:OneTwoCombo","floor":35,"key":"SMITH"}],"circlet_count":0,"master_deck":["Slimebound:Strike_Slimebound","Slimebound:Tackle","Slimebound:Defend_Slimebound+1","Slimebound:Defend_Slimebound","Slimebound:Defend_Slimebound","Slimebound:Defend_Slimebound","Slimebound:Split","Slimebound:CorrosiveSpit+1","Slimebound:PressTheAttack","Slimebound:OozeBath+1","Slimebound:SplitMire","Slimebound:SplitLeeching","Slimebound:LeechingTouch","Slimebound:FinishingTackle","Slimebound:SlimeBarrage+1","Slimebound:RollThrough","Slimebound:SplitMire","Slimebound:SlimeSpikes","Slimebound:DisruptingSlam","Slimebound:Replication+1","Slimebound:LeechLife","Slimebound:SplitBruiser","Slimebound:Chomp+1","Slimebound:Overexert+1","Slimebound:BestDefense+1","Slimebound:SlimeSpikes","Slimebound:RejuvenatingLick+1","Slimebound:AcidTongue+1","Slimebound:RainOfGoop","Slimebound:ViciousTackle","Slimebound:Overexert","Slimebound:MinionMaster","Slimebound:OneTwoCombo+1","Slimebound:FlameTackle+1","Slimebound:LeechEnergy+1"],"relics":["Slimebound:AbsorbEndCombat","EVO:Axolotl","War Paint","Letter Opener","Sozu","Slimebound:AggressiveSlimeRelic","Turnip","Pear","Shuriken","Singing Bowl","Regal Pillow","MutagenicStrength","Busted Crown"],"acts_visited":["Exordium","TheCity","TheBeyond"],"potions_floor_usage":[6,11,13,16,19],"damage_taken":[{"damage":5,"enemies":"Cultist","floor":2,"turns":3},{"damage":4,"enemies":"Small Slimes","floor":3,"turns":2},{"damage":13,"enemies":"downfall:FleeingMerchant","floor":6,"turns":4},{"damage":14,"enemies":"Jaw Worm","floor":8,"turns":2},{"damage":22,"enemies":"Exordium Wildlife","floor":9,"turns":5},{"damage":22,"enemies":"Exordium Thugs","floor":10,"turns":4},{"damage":11,"enemies":"Blue Slaver","floor":11,"turns":3},{"damage":9,"enemies":"Gremlin Gang","floor":13,"turns":2},{"damage":8,"enemies":"Lots of Slimes","floor":14,"turns":2},{"damage":9,"enemies":"3 Louse","floor":15,"turns":3},{"damage":47,"enemies":"downfall:Ironclad","floor":16,"turns":8},{"damage":24,"enemies":"Shell Parasite","floor":19,"turns":5},{"damage":20,"enemies":"downfall:FleeingMerchant","floor":20,"turns":4},{"damage":10,"enemies":"3 Byrds","floor":21,"turns":3},{"damage":39,"enemies":"Colosseum Nobs","floor":22,"turns":4},{"damage":30,"enemies":"Sentry and Sphere","floor":25,"turns":4},{"damage":27,"enemies":"downfall:FleeingMerchant","floor":27,"turns":4},{"damage":41,"enemies":"Book of Stabbing","floor":28,"turns":5},{"damage":12,"enemies":"Snake Plant","floor":32,"turns":2},{"damage":52,"enemies":"downfall:Defect","floor":33,"turns":8},{"damage":20,"enemies":"Orb Walker","floor":36,"turns":2},{"damage":56,"enemies":"3 Darklings","floor":37,"turns":3},{"damage":35,"enemies":"4 Shapes","floor":38,"turns":5},{"damage":34,"enemies":"Spire Growth","floor":39,"turns":3},{"damage":49,"enemies":"Giant Head","floor":40,"turns":5}],"seed_played":"-8020226893670969504","potions_obtained":[{"floor":3,"key":"LiquidBronze"},{"floor":8,"key":"AttackPotion"},{"floor":10,"key":"Weak Potion"},{"floor":14,"key":"Fire Potion"},{"floor":15,"key":"SteroidPotion"}],"is_trial":false,"path_per_floor":["R","M","M","?","?","$","T","M","M","M","M","R","M","M","M","B",null,"R","M","$","M","?","R","T","M","R","$","E","R","?","$","M","B",null,"R","M","M","M","M","E"],"character_chosen":"SLIMEBOUND","items_purchased":["Slimebound:LeechingTouch","War Paint","Slimebound:AggressiveSlimeRelic","Slimebound:Overexert","Singing Bowl","Slimebound:RainOfGoop","Slimebound:ViciousTackle","Slimebound:Overexert"],"campfire_rested":1,"item_purchase_floors":[6,6,20,20,27,27,27,31],"current_hp_per_floor":[60,60,60,60,60,59,59,55,47,41,44,44,51,51,54,39,60,60,58,58,52,43,43,43,35,56,53,72,72,72,72,72,50,72,72,66,32,25,27,0,0,0],"gold":171,"neow_bonus":"HUNDRED_GOLD","is_daily":false,"chose_seed":false,"campfire_upgraded":6,"win_rate":0.0,"timestamp":1610409250,"path_taken":["R","M","M","?","?","$","T","?","M","M","M","R","M","M","M","BOSS","R","M","$","M","?","R","T","M","R","$","E","R","?","$","M","BOSS","R","M","M","M","M","E"],"items_purchased_type":["Card","Relic","Relic","Card","Relic","Card","Card","Card"],"build_version":"2020-12-22","purchased_purges":1,"victory":false,"max_hp_per_floor":[60,60,60,60,60,60,60,60,60,60,60,60,60,60,60,60,60,60,60,60,60,70,70,70,70,70,70,72,72,72,72,72,72,72,72,72,72,74,76,76,76,76],"relic_stats":{"Sozu":8,"Regal Pillow":0,"Busted Crown":8,"Singing Bowl":6,"counters":[25,91],"Shuriken":[13],"Turnip":[7],"Letter Opener":[207],"War Paint":["Slimebound:OozeBath","Slimebound:Defend_Slimebound"],"obtain_stats":[{"Slimebound:AggressiveSlimeRelic":20,"Regal Pillow":28,"Pear":22,"Singing Bowl":27,"EVO:Axolotl":0,"Letter Opener":7,"War Paint":6,"Sozu":17,"Busted Crown":34,"Shuriken":24,"MutagenicStrength":30,"Turnip":22,"Slimebound:AbsorbEndCombat":0},{"Slimebound:AggressiveSlimeRelic":13,"Regal Pillow":18,"Pear":15,"Singing Bowl":17,"EVO:Axolotl":0,"Letter Opener":3,"War Paint":3,"Sozu":11,"Busted Crown":20,"Shuriken":15,"MutagenicStrength":18,"Turnip":15,"Slimebound:AbsorbEndCombat":0},{"Slimebound:AggressiveSlimeRelic":44,"Regal Pillow":63,"Pear":51,"Singing Bowl":58,"EVO:Axolotl":0,"Letter Opener":9,"War Paint":9,"Sozu":35,"Busted Crown":73,"Shuriken":51,"MutagenicStrength":63,"Turnip":51,"Slimebound:AbsorbEndCombat":0}]},"card_choices":[{"not_picked":["Slimebound:GoopSpray","Slimebound:RollThrough"],"picked":"Slimebound:PressTheAttack","floor":2},{"not_picked":["Slimebound:LeechingTouch","Slimebound:Schlurp"],"picked":"Slimebound:OozeBath","floor":3},{"not_picked":["Slimebound:Repurpose","Slimebound:TongueLash"],"picked":"Slimebound:SplitLeeching","floor":6},{"not_picked":["Slimebound:SamplingLick","Slimebound:SlimeTap"],"picked":"Slimebound:FinishingTackle","floor":8},{"not_picked":["Slimebound:Dissolve","Slimebound:FlameTackle"],"picked":"Slimebound:SlimeBarrage","floor":9},{"not_picked":["Slimebound:SlimeBarrage","Slimebound:ComboTackle"],"picked":"Slimebound:RollThrough","floor":10},{"not_picked":["Slimebound:HauntingLick","Slimebound:Gluttony"],"picked":"Slimebound:SplitMire","floor":11},{"not_picked":["Slimebound:RejuvenatingLick","Slimebound:PressTheAttack"],"picked":"Slimebound:SlimeSpikes","floor":13},{"not_picked":["Slimebound:LeechEnergy","Slimebound:ComboTackle"],"picked":"Slimebound:DisruptingSlam","floor":14},{"not_picked":["Slimebound:Schlurp","Slimebound:FinishingTackle"],"picked":"Slimebound:Replication","floor":15},{"not_picked":["Slimebound:DouseInSlime","Slimebound:OozeBath"],"picked":"Slimebound:LeechLife","floor":16},{"not_picked":["Slimebound:RollThrough","Slimebound:LeechEnergy"],"picked":"Slimebound:SplitBruiser","floor":19},{"not_picked":["Slimebound:SplitAcid","Slimebound:SplitBruiser"],"picked":"Slimebound:Chomp+1","floor":20},{"not_picked":["Slimebound:Schlurp","Slimebound:Gluttony"],"picked":"Slimebound:BestDefense+1","floor":21},{"not_picked":["Slimebound:LeechEnergy","Slimebound:Nibble"],"picked":"Slimebound:SlimeSpikes","floor":22},{"not_picked":["Slimebound:Schlurp","Slimebound:SplitLeeching+1"],"picked":"Slimebound:RejuvenatingLick+1","floor":25},{"not_picked":["Slimebound:LeechEnergy","Slimebound:RollThrough"],"picked":"Slimebound:AcidTongue","floor":27},{"not_picked":["Slimebound:PressTheAttack","Slimebound:ComboTackle","Slimebound:BestDefense"],"picked":"Singing Bowl","floor":28},{"not_picked":["Slimebound:Replication","Slimebound:MegaLick"],"picked":"Slimebound:MinionMaster","floor":32},{"not_picked":["Slimebound:SelfFormingGoo","Slimebound:Teamwork"],"picked":"Slimebound:OneTwoCombo","floor":33},{"not_picked":[],"picked":"Slimebound:FlameTackle+1","floor":36},{"not_picked":[],"picked":"Slimebound:LeechEnergy+1","floor":37},{"not_picked":["Slimebound:DisruptingSlam"],"picked":"Singing Bowl","floor":38},{"not_picked":["Slimebound:ComboTackle+1"],"picked":"Singing Bowl","floor":39}],"player_experience":289313,"relics_obtained":[{"floor":7,"key":"Letter Opener"},{"floor":22,"key":"Turnip"},{"floor":22,"key":"Pear"},{"floor":24,"key":"Shuriken"},{"floor":28,"key":"Regal Pillow"}],"event_choices":[{"cards_removed":["Slimebound:Strike_Slimebound"],"damage_healed":0,"gold_gain":0,"player_choice":"Card Removal","damage_taken":0,"max_hp_gain":0,"max_hp_loss":0,"event_name":"The Cleric","floor":4,"gold_loss":0},{"damage_healed":0,"gold_gain":0,"player_choice":"Inject Mutagens","damage_taken":0,"relics_obtained":["MutagenicStrength"],"max_hp_gain":0,"max_hp_loss":0,"event_name":"Drug Dealer","floor":30,"gold_loss":0}],"is_beta":false,"boss_relics":[{"not_picked":["Calling Bell","SlaversCollar"],"picked":"Sozu"},{"not_picked":["Snecko Eye","Fusion Hammer"],"picked":"Busted Crown"}],"items_purged_floors":[27],"is_endless":false,"potions_floor_spawned":[3,8,10,14,15,21,22,25,28,32,37,38,39],"killed_by":"Giant Head","ascension_level":0}}