{"host":"opg65mucj6ra7dr1","time":1610355966,"event":{"mods":["BaseMod","DeckTracker","Keyboard Shortcuts","Minty Spire (QoL Compilation)","Permanent Neow","Quick Restart","everything is the same but u backflip on backflip"],"gold_per_floor":[112,112,130,205,222,222,249,269,295,321,321,350,380,400,400,498,548,567,586,137,412,427,427,460,116,116,150,165,178,80,92,92,197,197,211,228,59,73,0,0,28,28,28,28,44,56,6,33,33,33,33],"floor_reached":50,"playtime":1904,"items_purged":["Defend_P","Regret","Strike_P","Strike_P","Defend_P"],"score":723,"play_id":"b3c555a0-f830-40d4-ac33-92fabc3ce722","local_time":"20210111180606","is_ascension_mode":true,"campfire_choices":[{"data":"Eruption","floor":6.0,"key":"SMITH"},{"floor":11.0,"key":"REST"},{"floor":15.0,"key":"REST"},{"data":"Adaptation","floor":23.0,"key":"SMITH"},{"floor":32.0,"key":"REST"},{"floor":40.0,"key":"REST"},{"floor":42.0,"key":"REST"},{"floor":49.0,"key":"RECALL"}],"circlet_count":0,"master_deck":["Strike_P","Defend_P+1","Eruption+1","Vigilance","ClearTheMind","FollowUp","EmptyMind","Establishment","Consecrate","FlurryOfBlows","FlurryOfBlows","DeceiveReality","EmptyBody","InnerPeace","Adaptation+1","SandsOfTime","Crescendo+1","FollowUp+1","WindmillStrike","ClearTheMind","Wish","EmptyFist","FlurryOfBlows","Evaluate","DevaForm","EmptyBody","FlyingSleeves","ThirdEye","EmptyBody","ClearTheMind+1"],"relics":["PureWater","Akabeko","Toy Ornithopter","Pen Nib","PreservedInsect","Shuriken","Odd Mushroom","Tiny House","Bottled Tornado","TeardropLocket","Lee\u0027s Waffle","Smiling Mask","Empty Cage","Red Mask","Regal Pillow","MealTicket","Oddly Smooth Stone"],"acts_visited":["Exordium","TheCity","TheBeyond"],"potions_floor_usage":[],"damage_taken":[{"damage":0.0,"enemies":"2 Louse","floor":1.0,"turns":1.0},{"damage":0.0,"enemies":"Small Slimes","floor":3.0,"turns":3.0},{"damage":2.0,"enemies":"Jaw Worm","floor":5.0,"turns":3.0},{"damage":48.0,"enemies":"3 Sentries","floor":7.0,"turns":8.0},{"damage":0.0,"enemies":"Exordium Wildlife","floor":8.0,"turns":2.0},{"damage":8.0,"enemies":"Gremlin Nob","floor":10.0,"turns":3.0},{"damage":8.0,"enemies":"Lagavulin","floor":12.0,"turns":4.0},{"damage":0.0,"enemies":"The Mushroom Lair","floor":13.0,"turns":2.0},{"damage":6.0,"enemies":"Lots of Slimes","floor":14.0,"turns":3.0},{"damage":0.0,"enemies":"Slime Boss","floor":16.0,"turns":4.0},{"damage":12.0,"enemies":"Shell Parasite","floor":18.0,"turns":4.0},{"damage":7.0,"enemies":"Chosen","floor":19.0,"turns":3.0},{"damage":21.0,"enemies":"Centurion and Healer","floor":22.0,"turns":6.0},{"damage":18.0,"enemies":"Book of Stabbing","floor":24.0,"turns":3.0},{"damage":26.0,"enemies":"Gremlin Leader","floor":27.0,"turns":4.0},{"damage":36.0,"enemies":"Snecko","floor":28.0,"turns":4.0},{"damage":16.0,"enemies":"Shelled Parasite and Fungi","floor":29.0,"turns":4.0},{"damage":13.0,"enemies":"Snake Plant","floor":31.0,"turns":3.0},{"damage":10.0,"enemies":"Collector","floor":33.0,"turns":7.0},{"damage":8.0,"enemies":"3 Darklings","floor":35.0,"turns":3.0},{"damage":3.0,"enemies":"3 Shapes","floor":36.0,"turns":4.0},{"damage":44.0,"enemies":"Jaw Worm Horde","floor":38.0,"turns":3.0},{"damage":31.0,"enemies":"Giant Head","floor":41.0,"turns":6.0},{"damage":21.0,"enemies":"Spire Growth","floor":45.0,"turns":3.0},{"damage":12.0,"enemies":"4 Shapes","floor":46.0,"turns":5.0},{"damage":43.0,"enemies":"Reptomancer","floor":48.0,"turns":5.0},{"damage":48,"enemies":"Time Eater","floor":50,"turns":7}],"seed_played":"6101026302264902418","potions_obtained":[{"floor":3.0,"key":"LiquidBronze"},{"floor":7.0,"key":"StancePotion"},{"floor":10.0,"key":"Strength Potion"},{"floor":14.0,"key":"Block Potion"},{"floor":17.0,"key":"SkillPotion"},{"floor":18.0,"key":"ColorlessPotion"},{"floor":24.0,"key":"GamblersBrew"},{"floor":31.0,"key":"SkillPotion"},{"floor":41.0,"key":"Swift Potion"},{"floor":45.0,"key":"Regen Potion"},{"floor":48.0,"key":"SpeedPotion"}],"is_trial":false,"path_per_floor":["M","?","M","?","M","R","E","M","T","E","R","E","?","M","R","B",null,"M","M","$","?","M","R","E","$","T","E","M","M","$","M","R","B",null,"M","M","$","M","?","R","E","R","T","?","M","M","$","E","R","B"],"character_chosen":"WATCHER","items_purchased":["Adaptation","Bottled Tornado","SandsOfTime","WindmillStrike","ClearTheMind","Lee\u0027s Waffle","BottledMiracle","EmptyBody","FlyingSleeves","ThirdEye"],"campfire_rested":5,"item_purchase_floors":[20,20,20,25,25,25,30,37,37,37],"current_hp_per_floor":[72,77,77,66,64,64,16,16,16,13,36,28,28,22,45,50,82,70,63,63,63,42,42,29,89,89,63,32,16,16,8,34,29,89,81,78,78,39,39,65,34,75,75,75,54,61,76,38,38,0,0],"gold":33,"neow_bonus":"RANDOM_COMMON_RELIC","is_daily":false,"chose_seed":false,"campfire_upgraded":2,"win_rate":0.0,"timestamp":1610355966,"path_taken":["M","?","M","?","M","R","E","M","T","E","R","E","?","?","R","BOSS","M","M","$","?","M","R","E","$","T","E","M","M","$","M","R","BOSS","M","?","$","M","?","R","E","R","T","?","?","M","$","E","R","BOSS"],"items_purchased_type":["Card","Relic","Card","Card","Card","Relic","Potion","Card","Card","Card"],"build_version":"2020-12-22","purchased_purges":5,"victory":false,"max_hp_per_floor":[72,77,77,77,77,77,77,77,77,77,77,77,77,77,77,77,82,82,82,82,82,82,82,82,89,89,89,89,89,89,89,89,89,89,89,89,89,89,89,89,89,89,89,89,89,89,89,89,89,89,89],"card_choices":[{"not_picked":["Halt","CrushJoints"],"picked":"ClearTheMind","floor":1.0},{"not_picked":["PathToVictory","TalkToTheHand"],"picked":"FollowUp","floor":3.0},{"not_picked":["EmptyFist","Halt"],"picked":"EmptyMind","floor":5.0},{"not_picked":["Vault","Weave"],"picked":"Establishment","floor":7.0},{"not_picked":["Prostrate","FlyingSleeves"],"picked":"Consecrate","floor":8.0},{"not_picked":["EmptyBody","ThirdEye"],"picked":"FlurryOfBlows","floor":10.0},{"not_picked":["SandsOfTime","Devotion"],"picked":"FlurryOfBlows","floor":12.0},{"not_picked":["Wireheading","Wallop"],"picked":"DeceiveReality","floor":13.0},{"not_picked":["Pray","SashWhip","TalkToTheHand"],"picked":"SKIP","floor":14.0},{"not_picked":["FlyingSleeves","Halt"],"picked":"EmptyBody","floor":17.0},{"not_picked":["SashWhip","ReachHeaven","ThirdEye"],"picked":"SKIP","floor":18.0},{"not_picked":["EmptyMind","EmptyBody"],"picked":"InnerPeace","floor":19.0},{"not_picked":["Worship+1","Weave+1"],"picked":"Crescendo+1","floor":22.0},{"not_picked":["Halt","Indignation"],"picked":"FollowUp+1","floor":24.0},{"not_picked":["ThirdEye+1","EmptyFist"],"picked":"Wish","floor":27.0},{"not_picked":["PathToVictory+1","Prostrate"],"picked":"EmptyFist","floor":28.0},{"not_picked":["DeceiveReality","ForeignInfluence"],"picked":"FlurryOfBlows","floor":29.0},{"not_picked":["CrushJoints","EmptyFist+1"],"picked":"Evaluate","floor":31.0},{"not_picked":["Devotion","LessonLearned"],"picked":"DevaForm","floor":33.0},{"not_picked":["Evaluate","Indignation","Prostrate"],"picked":"SKIP","floor":35.0},{"not_picked":["WreathOfFlame+1","Fasting2+1","CrushJoints"],"picked":"SKIP","floor":36.0},{"not_picked":["PathToVictory+1","WheelKick","FlyingSleeves"],"picked":"SKIP","floor":38.0},{"not_picked":["FollowUp","FlyingSleeves+1","ThirdEye"],"picked":"SKIP","floor":41.0},{"not_picked":["Meditate+1","BowlingBash+1","Prostrate"],"picked":"SKIP","floor":45.0},{"not_picked":["FollowUp+1","Ragnarok","CutThroughFate+1"],"picked":"SKIP","floor":46.0},{"not_picked":["Halt","CrushJoints"],"picked":"ClearTheMind+1","floor":48.0}],"player_experience":91666,"relics_obtained":[{"floor":7.0,"key":"Toy Ornithopter"},{"floor":9.0,"key":"Pen Nib"},{"floor":10.0,"key":"PreservedInsect"},{"floor":12.0,"key":"Shuriken"},{"floor":13.0,"key":"Odd Mushroom"},{"floor":24.0,"key":"TeardropLocket"},{"floor":27.0,"key":"Smiling Mask"},{"floor":41.0,"key":"Regal Pillow"},{"floor":43.0,"key":"MealTicket"},{"floor":48.0,"key":"Oddly Smooth Stone"}],"event_choices":[{"damage_healed":0.0,"max_hp_gain":5.0,"max_hp_loss":0.0,"gold_gain":0.0,"event_name":"Big Fish","player_choice":"Donut","floor":2.0,"gold_loss":0.0,"damage_taken":0.0},{"damage_healed":0.0,"max_hp_gain":0.0,"max_hp_loss":0.0,"gold_gain":75.0,"event_name":"World of Goop","player_choice":"Gather Gold","floor":4.0,"gold_loss":0.0,"damage_taken":11.0},{"damage_healed":0.0,"max_hp_gain":0.0,"max_hp_loss":0.0,"gold_gain":0.0,"event_name":"Mushrooms","player_choice":"Fought Mushrooms","floor":13.0,"gold_loss":0.0,"damage_taken":0.0},{"damage_healed":0.0,"max_hp_gain":0.0,"max_hp_loss":0.0,"gold_gain":275.0,"event_name":"Golden Shrine","player_choice":"Desecrate","floor":21.0,"gold_loss":0.0,"damage_taken":0.0,"cards_obtained":["Regret"]},{"damage_healed":0.0,"max_hp_gain":0.0,"max_hp_loss":0.0,"gold_gain":0.0,"event_name":"Tomb of Lord Red Mask","player_choice":"Paid","floor":39.0,"gold_loss":73.0,"damage_taken":0.0,"relics_obtained":["Red Mask"]},{"damage_healed":0.0,"max_hp_gain":0.0,"max_hp_loss":0.0,"gold_gain":0.0,"event_name":"Match and Keep!","player_choice":"1 cards matched","floor":44.0,"gold_loss":0.0,"damage_taken":0.0,"cards_obtained":["EmptyBody"]}],"is_beta":false,"boss_relics":[{"not_picked":["SlaversCollar","Velvet Choker"],"picked":"Tiny House"},{"not_picked":["Snecko Eye","Runic Pyramid"],"picked":"Empty Cage"}],"items_purged_floors":[20,25,30,37,47],"is_endless":false,"potions_floor_spawned":[3,7,10,14,18,19,24,27,31,41,45,48],"killed_by":"Time Eater","ascension_level":2}}