{"host":"i0avyit1s6jb1siw","time":1610394450,"event":{"mods":["BaseMod","DeckTracker","Dota2Spire","Highlight Path","Minty Spire (QoL Compilation)","Quick Restart","StSLib","SuperFastMode"],"gold_per_floor":[116,135,135,154,0,0,31,31,31,31,46,72,72,72,72,144,194,213,213,213,191,191,191],"floor_reached":22,"playtime":555,"items_purged":["Strike_G"],"score":409,"play_id":"0ce94848-de39-496a-93c3-5220c40c089b","local_time":"20210111204730","is_ascension_mode":true,"campfire_choices":[{"data":"Predator","floor":6,"key":"SMITH"},{"data":"Noxious Fumes","floor":8,"key":"SMITH"},{"data":"Footwork","floor":10,"key":"SMITH"},{"data":"Deadly Poison","floor":15,"key":"SMITH"}],"circlet_count":0,"master_deck":["AscendersBane","Strike_G","Strike_G","Strike_G","Strike_G","Defend_G","Defend_G","Defend_G","Defend_G","Defend_G","Survivor+1","Neutralize","Deadly Poison+1","Cloak And Dagger","Predator+1","Footwork+1","Noxious Fumes+1","Parasite","After Image","Blur","Escape Plan"],"relics":["Sozu","Dota2Spire:HeartOfTarrasque","Dota2Spire:Dagon","Du-Vu Doll","Dota2Spire:PowerTreads","Tiny House"],"acts_visited":["Exordium","TheCity"],"potions_floor_usage":[],"damage_taken":[{"damage":0,"enemies":"Small Slimes","floor":1,"turns":4},{"damage":2,"enemies":"2 Louse","floor":2,"turns":4},{"damage":2,"enemies":"Jaw Worm","floor":4,"turns":4},{"damage":19,"enemies":"3 Sentries","floor":7,"turns":12},{"damage":0,"enemies":"Large Slime","floor":11,"turns":4},{"damage":9,"enemies":"Gremlin Nob","floor":12,"turns":4},{"damage":13,"enemies":"The Guardian","floor":16,"turns":8},{"damage":24,"enemies":"3 Byrds","floor":18,"turns":6},{"damage":17,"enemies":"2 Thieves","floor":21,"turns":4},{"damage":24,"enemies":"3 Cultists","floor":22,"turns":4}],"seed_played":"-3080920827114187747","potions_obtained":[],"is_trial":false,"path_per_floor":["M","M","?","M","$","R","E","R","T","R","M","E","?","?","R","B",null,"M","?","?","M","M"],"character_chosen":"THE_SILENT","items_purchased":["Footwork"],"campfire_rested":0,"item_purchase_floors":[5],"current_hp_per_floor":[59,57,39,37,37,37,30,30,30,30,34,25,43,48,48,35,73,49,49,25,8,0,0],"gold":191,"neow_bonus":"BOSS_RELIC","is_daily":false,"chose_seed":false,"campfire_upgraded":4,"win_rate":0.0,"timestamp":1610394450,"path_taken":["M","M","?","M","$","R","E","R","T","R","M","E","?","?","R","BOSS","M","?","?","M","M"],"items_purchased_type":["Card"],"build_version":"2020-12-22","purchased_purges":1,"victory":false,"max_hp_per_floor":[66,66,74,74,74,74,74,74,74,74,74,74,74,79,79,79,84,84,84,89,89,89,89],"card_choices":[{"not_picked":["PiercingWail","Caltrops"],"picked":"Deadly Poison","floor":1},{"not_picked":["Bane","Endless Agony"],"picked":"Cloak And Dagger","floor":2},{"not_picked":["Underhanded Strike","Eviscerate"],"picked":"Predator","floor":4},{"not_picked":["Unload","Setup"],"picked":"Noxious Fumes","floor":7},{"not_picked":["Tactician","Heel Hook","Outmaneuver"],"picked":"SKIP","floor":11},{"not_picked":["PiercingWail","Deflect","Poisoned Stab"],"picked":"SKIP","floor":12},{"not_picked":["Unload","Grand Finale"],"picked":"After Image","floor":16},{"not_picked":["PiercingWail","Eviscerate"],"picked":"Blur","floor":17},{"not_picked":["Eviscerate","Dash"],"picked":"Escape Plan","floor":18},{"not_picked":["Flying Knee","Bane","Blur"],"picked":"SKIP","floor":21}],"player_experience":2208830,"relics_obtained":[{"floor":7,"key":"Dota2Spire:Dagon"},{"floor":9,"key":"Du-Vu Doll"},{"floor":12,"key":"Dota2Spire:PowerTreads"}],"event_choices":[{"damage_healed":0,"gold_gain":0,"player_choice":"Success","damage_taken":26,"relics_obtained":["Dota2Spire:HeartOfTarrasque"],"max_hp_gain":0,"max_hp_loss":0,"event_name":"Scrap Ooze","floor":3,"gold_loss":0},{"damage_healed":18,"gold_gain":0,"player_choice":"Healed and dodged fight","damage_taken":0,"max_hp_gain":0,"max_hp_loss":0,"event_name":"Mushrooms","floor":13,"gold_loss":0,"cards_obtained":["Parasite"]},{"damage_healed":0,"gold_gain":0,"player_choice":"Donut","damage_taken":0,"max_hp_gain":5,"max_hp_loss":0,"event_name":"Big Fish","floor":14,"gold_loss":0},{"damage_healed":0,"gold_gain":0,"player_choice":"Ignored","damage_taken":0,"max_hp_gain":0,"max_hp_loss":0,"event_name":"The Mausoleum","floor":19,"gold_loss":0},{"damage_healed":0,"gold_gain":0,"player_choice":"Shed Blood","damage_taken":29,"max_hp_gain":5,"max_hp_loss":0,"event_name":"Forgotten Altar","floor":20,"gold_loss":0}],"is_beta":false,"boss_relics":[{"not_picked":["Fusion Hammer","Busted Crown"],"picked":"Tiny House"}],"items_purged_floors":[5],"is_endless":false,"potions_floor_spawned":[4,12,18],"killed_by":"3 Cultists","ascension_level":20}}