{"host":"kig4ty9d1aubg29s","time":1610368092,"event":{"mods":["BaseMod","Minty Spire (QoL Compilation)","READ ME - Guardian Mod","READ ME - Snecko Mod","StSLib","The Cursed","The Gatherer","The Hierophant","The Runesmith"],"gold_per_floor":[116,134,134,284,209,238,238,272,272,306,306,143,157,157,157,232,232,248,267,192,208,226,226,226],"floor_reached":23,"playtime":853,"items_purged":[],"score":468,"play_id":"fcac4040-fa99-49cd-b92c-7a27286f7c09","local_time":"20210111212812","is_ascension_mode":true,"campfire_choices":[{"data":"Zap","floor":7.0,"key":"SMITH"},{"floor":11,"key":"REST"},{"data":"Lockon","floor":15,"key":"SMITH"}],"circlet_count":0,"master_deck":["AscendersBane","Strike_B","Strike_B","Strike_B","Strike_B","Defend_B","Defend_B","Defend_B","Defend_B","Zap+1","Dualcast","Chill","Lockon+1","FTL","Stack","Compile Driver","Go for the Eyes","Thunder Strike","Stack+1","Scrape","Stack+1","Gash"],"relics":["Cracked Core","NeowsBlessing","Gambling Chip","HornCleat","Toxic Egg 2","Ornamental Fan","Ancient Tea Set","WarpedTongs","Philosopher\u0027s Stone"],"acts_visited":["Exordium","TheCity"],"potions_floor_usage":[8,16,16,22],"damage_taken":[{"damage":0.0,"enemies":"Cultist","floor":1.0,"turns":1.0},{"damage":0.0,"enemies":"Small Slimes","floor":2.0,"turns":1.0},{"damage":0.0,"enemies":"Gremlin Nob","floor":6.0,"turns":1.0},{"damage":22,"enemies":"Lagavulin","floor":8,"turns":5},{"damage":7,"enemies":"3 Sentries","floor":10,"turns":11},{"damage":2,"enemies":"Jaw Worm","floor":13,"turns":3},{"damage":21,"enemies":"The Guardian","floor":16,"turns":9},{"damage":21,"enemies":"Spheric Guardian","floor":18,"turns":4},{"damage":5,"enemies":"Chosen","floor":19,"turns":3},{"damage":7,"enemies":"Snake Plant","floor":21,"turns":4},{"damage":6,"enemies":"3 Cultists","floor":22,"turns":6},{"damage":32,"enemies":"Slavers","floor":23,"turns":5}],"seed_played":"3693452091912564016","potions_obtained":[{"floor":1.0,"key":"FocusPotion"},{"floor":10,"key":"Fire Potion"},{"floor":13,"key":"BlessingOfTheForge"},{"floor":21,"key":"Fire Potion"}],"is_trial":false,"path_per_floor":["M","M","$","?","?","E","R","E","T","E","R","$","M","?","R","B",null,"M","M","?","M","M","E"],"character_chosen":"DEFECT","items_purchased":["Ancient Tea Set"],"campfire_rested":1,"item_purchase_floors":[12],"current_hp_per_floor":[64,64,64,64,64,64,64,42,42,35,56,56,54,54,54,33,62,41,36,36,29,23,0,0],"gold":226,"neow_bonus":"THREE_ENEMY_KILL","is_daily":false,"chose_seed":false,"campfire_upgraded":2,"win_rate":0.0,"timestamp":1610368092,"path_taken":["M","?","$","?","?","E","R","E","T","E","R","?","M","?","R","BOSS","M","?","?","M","M","E"],"items_purchased_type":["Relic"],"build_version":"2020-12-22","purchased_purges":0,"victory":false,"max_hp_per_floor":[71,71,71,71,71,71,71,71,71,71,71,71,71,71,71,71,71,71,71,71,71,71,71,71],"card_choices":[{"not_picked":["Steam Power","Blizzard"],"picked":"Chill","floor":1.0},{"not_picked":["Steam","Double Energy"],"picked":"Lockon","floor":2.0},{"not_picked":["Sweeping Beam","Undo"],"picked":"FTL","floor":6.0},{"not_picked":["Compile Driver","Turbo"],"picked":"Stack","floor":8},{"not_picked":["Biased Cognition","Turbo+1"],"picked":"Compile Driver","floor":10},{"not_picked":["Skim+1","Heatsinks"],"picked":"Go for the Eyes","floor":13},{"not_picked":["All For One","Meteor Strike"],"picked":"Thunder Strike","floor":16},{"not_picked":["Compile Driver","Rebound"],"picked":"Stack+1","floor":18},{"not_picked":["Compile Driver","Beam Cell"],"picked":"Scrape","floor":19},{"not_picked":["Coolheaded+1","Cold Snap"],"picked":"Stack+1","floor":21},{"not_picked":["Turbo+1","Go for the Eyes"],"picked":"Gash","floor":22}],"player_experience":1935500,"relics_obtained":[{"floor":6.0,"key":"Gambling Chip"},{"floor":8,"key":"HornCleat"},{"floor":9,"key":"Toxic Egg 2"},{"floor":10,"key":"Ornamental Fan"}],"event_choices":[{"damage_healed":0.0,"max_hp_gain":0.0,"max_hp_loss":0.0,"gold_gain":150.0,"event_name":"Liars Game","player_choice":"AGREE","floor":4.0,"gold_loss":0.0,"damage_taken":0.0,"cards_obtained":["Doubt"]},{"cards_removed":["Doubt"],"damage_healed":0.0,"max_hp_gain":0.0,"max_hp_loss":0.0,"gold_gain":0.0,"event_name":"The Cleric","player_choice":"Card Removal","floor":5.0,"gold_loss":75.0,"damage_taken":0.0},{"damage_healed":0,"gold_gain":0,"player_choice":"Rummage","damage_taken":0,"relics_obtained":["WarpedTongs"],"max_hp_gain":0,"max_hp_loss":0,"event_name":"Accursed Blacksmith","floor":14,"gold_loss":0,"cards_obtained":["Pain"]},{"cards_removed":["Pain"],"damage_healed":0,"gold_gain":0,"player_choice":"Gave Gold","damage_taken":0,"max_hp_gain":0,"max_hp_loss":0,"event_name":"Beggar","floor":20,"gold_loss":75}],"is_beta":false,"boss_relics":[{"not_picked":["Runesmith:UraniumAnvil","SacredBark"],"picked":"Philosopher\u0027s Stone"}],"items_purged_floors":[],"is_endless":false,"potions_floor_spawned":[1,10,13,21],"killed_by":"Slavers","ascension_level":20}}