{"host":"1hyzy7ndnud2osw4","time":1610324097,"event":{"mods":["2.2 Compatiblity","Act Like it!","Aspiration","Bard","BaseMod","Better Third Choice","BetterRewards","Colored Map","Colored Powertips","Dota2Spire","Elementarium","Gensokyo","GifTheSpireLib","GungeonMod","Hallownest","Highlight Path","Hubris","Infinite Spire","Menagerie","Mimic Mod","Minty Spire (QoL Compilation)","Quick Restart","Shop Mod","Spicy Shops","StSLib","The Factory","The Jungle","Uncapped","[IsaacMod]ì¤ß®ôÓ÷²"],"gold_per_floor":[116,130,147,163,163,163,196,196,196,230,241,272,272,316,316,420,420,420,420],"floor_reached":18,"playtime":1286,"items_purged":[],"score":252,"play_id":"a2373e50-3f99-4633-b6a2-82bfa58d3b07","local_time":"20210111091457","daily_mods":["Draft","Heirloom","Time Dilation","DeadlyEvents","Elite Swarm"],"is_ascension_mode":true,"campfire_choices":[{"data":"Aggregate","floor":6.0,"key":"SMITH"},{"data":"Double Energy","floor":8.0,"key":"SMITH"},{"data":"Fission","floor":15.0,"key":"SMITH"}],"circlet_count":0,"master_deck":["Creative AI","Compile Driver","Capacitor","Self Repair","Self Repair","Aggregate+1","Cold Snap","Beam Cell","hubris:PowerSurge","Hologram","Beam Cell","BootSequence","Double Energy+1","Conserve Battery","Hello World","Ball Lightning","White Noise","Hello World","Echo Form","Streamline","infinitespire:Collect","Buffer","Creative AI","Beam Cell","Multi-Cast","Fission+1","Thunder Strike"],"relics":["HushsDoor","D4","Cracked Core","BloodDonationMachine","hubris:CuriousFeather","Dota2Spire:Butterfly","aspiration:StickyExplosives_weak","Dota2Spire:EchoSabre","Happy Flower","infinitespire:Cupcake","Lee\u0027s Waffle"],"acts_visited":["Exordium","TheCity"],"potions_floor_usage":[16,16],"damage_taken":[{"damage":0.0,"enemies":"Cultist","floor":1.0,"turns":3.0},{"damage":0.0,"enemies":"Small Slimes","floor":2.0,"turns":1.0},{"damage":0.0,"enemies":"Jaw Worm","floor":3.0,"turns":3.0},{"damage":0.0,"enemies":"Large Slime","floor":4.0,"turns":4.0},{"damage":31.0,"enemies":"3 Sentries","floor":7.0,"turns":5.0},{"damage":0.0,"enemies":"Gremlin Nob","floor":10.0,"turns":2.0},{"damage":0.0,"enemies":"Looter","floor":11.0,"turns":2.0},{"damage":7.0,"enemies":"3 Sentries","floor":12.0,"turns":3.0},{"damage":0.0,"enemies":"Gremlin Nob","floor":14.0,"turns":2.0},{"damage":20,"enemies":"Hexaghost","floor":16,"turns":4},{"damage":0,"enemies":"3 Byrds","floor":18,"turns":1}],"seed_played":"6999603957944782498","potions_obtained":[{"floor":1.0,"key":"Fire Potion"},{"floor":7.0,"key":"Dota2Spire:HealingSalve"},{"floor":11.0,"key":"ColorlessPotion"},{"floor":12.0,"key":"Swift Potion"},{"floor":16,"key":"GamblersBrew"}],"is_trial":true,"path_per_floor":["M","M","M","M","?","R","E","R","T","E","M","E","R","E","R","B",null,"M"],"character_chosen":"DEFECT","items_purchased":[],"campfire_rested":0,"item_purchase_floors":[],"current_hp_per_floor":[75,75,75,75,57,57,40,40,40,60,70,63,63,70,70,67,75,82,82],"gold":420,"neow_bonus":"","is_daily":false,"chose_seed":false,"campfire_upgraded":3,"win_rate":0.0,"timestamp":1610324097,"path_taken":["M","?","?","M","?","R","E","R","T","E","M","E","R","E","R","BOSS","M"],"items_purchased_type":[],"build_version":"2020-12-22","purchased_purges":0,"victory":false,"max_hp_per_floor":[75,75,75,75,75,75,75,75,75,75,75,75,75,75,75,75,75,82,82],"card_choices":[{"not_picked":["Pulse","Ball Lightning"],"picked":"Compile Driver","floor":0.0},{"not_picked":["Reprogram","Distribution"],"picked":"Capacitor","floor":0.0},{"not_picked":["Sunder","Stack"],"picked":"Self Repair","floor":0.0},{"not_picked":["Turbo","Sunder"],"picked":"Self Repair","floor":0.0},{"not_picked":["Steam","Distribution"],"picked":"Aggregate","floor":0.0},{"not_picked":["Scrape","Go for the Eyes"],"picked":"Cold Snap","floor":0.0},{"not_picked":["Sweeping Beam","Cold Snap"],"picked":"Beam Cell","floor":0.0},{"not_picked":["Steam","Consume"],"picked":"hubris:PowerSurge","floor":0.0},{"not_picked":["Rebound","Gash"],"picked":"Hologram","floor":0.0},{"not_picked":["Leap","Gash"],"picked":"Beam Cell","floor":0.0},{"not_picked":["Skim","Beam Cell"],"picked":"BootSequence","floor":0.0},{"not_picked":["Turbo","Barrage"],"picked":"Double Energy","floor":0.0},{"not_picked":["Barrage","Rip and Tear"],"picked":"Conserve Battery","floor":0.0},{"not_picked":["Sweeping Beam","Steam Power"],"picked":"Hello World","floor":0.0},{"not_picked":["Gash","Sweeping Beam"],"picked":"Ball Lightning","floor":0.0},{"not_picked":["Auto Shields","Sweeping Beam"],"picked":"White Noise","floor":1.0},{"not_picked":["Recycle","Auto Shields"],"picked":"Hello World","floor":2.0},{"not_picked":["Conserve Battery","Rebound"],"picked":"Echo Form","floor":3.0},{"not_picked":["Force Field","Distribution"],"picked":"Streamline","floor":4.0},{"not_picked":["infinitespire:NeuralNetwork","infinitespire:Menacing"],"picked":"infinitespire:Collect","floor":5.0},{"not_picked":["Reboot","All For One"],"picked":"Buffer","floor":7.0},{"not_picked":["Amplify","Reboot"],"picked":"Creative AI","floor":10.0},{"not_picked":["Compile Driver","Redo"],"picked":"Beam Cell","floor":11.0},{"not_picked":["All For One","hubris:DoWhile"],"picked":"Multi-Cast","floor":12.0},{"not_picked":["Core Surge","Hyperbeam"],"picked":"Fission","floor":14.0},{"not_picked":["Machine Learning","Rainbow"],"picked":"Thunder Strike","floor":16}],"player_experience":903852,"relics_obtained":[{"floor":7.0,"key":"Art of War"},{"floor":9.0,"key":"Vajra"},{"floor":10.0,"key":"aspiration:FrozenJewel"},{"floor":12.0,"key":"D4"},{"floor":14.0,"key":"PokeGo"}],"event_choices":[],"is_beta":false,"boss_relics":[{"not_picked":["aspiration:WatcherSkillbook","hubris:VirtuousBlindfold"],"picked":"DemoMod:WaxWing"},{"not_picked":[]}],"items_purged_floors":[],"is_endless":false,"potions_floor_spawned":[1,7,11,12,16],"killed_by":"3 Byrds","ascension_level":1}}