{"host":"bf9sa99gaumonoeu","time":1610331047,"event":{"mods":["AchievementEnabler","Act Like it!","BaseMod","Better Sensory Stone","Colored Map","Colored Powertips","Friendly Minions","Gensokyo","GifTheSpireLib","Googly Eyes","Hallownest","Hermit","Hubris","Jorbs\u0027s Wanderer Trilogy","KinomotoSakuraMod(????)","Koishi","Lobotomy","Marisa????????","Minty Spire (QoL Compilation)","Rare Cards Sparkle","Reimu??????","Relic Stats","Remilia??????","Replay The Spire","StSLib","The Administrix","The Alterego","The Animator","The Bug Knight","The Construct","The Cursed","The Disciple","The Hierophant","The Mystic","The Necromancer","The Poker Player","The Runesmith","The Senshi","The Servant 0.9.4","TheLocksmith","Yakumo Yukari mod","thorton"],"gold_per_floor":[116,133,145,167,178,205,205,205,252,286,297,297,329,329,329,403,403,414,164,164,182,194,194,211,239,264,274,274,274,274],"floor_reached":29,"playtime":4190,"items_purged":[],"score":427,"play_id":"b285f210-83a2-4d1d-b187-06f46b428828","local_time":"20210111001047","is_ascension_mode":true,"campfire_choices":[{"data":"animator:Elesis","floor":7.0,"key":"SMITH"},{"data":"animator:HinaKagiyama","floor":15.0,"key":"SMITH"},{"data":"GremboGang","floor":23,"key":"SMITH"},{"data":"animator:Pride","floor":28,"key":"SMITH"}],"circlet_count":0,"master_deck":["AscendersBane","animator:Strike_DateALive","animator:Defend_DateALive","animator:Strike","animator:Strike","animator:Strike","animator:Defend","animator:Defend","animator:Defend","animator:ShidoItsuka","animator:YamaiSisters","animator:MeguKakizaki","animator:TohkaYatogami","animator:YamaiSisters","animator:Elesis+2","animator:Lu","animator:Suiseiseki","animator:Shigure","animator:Demiurge","animator:Shinoa","animator:Laby","hubris:NaturalOne","animator:Pride+1","animator:HinaKagiyama+1","animator:Curse_Dizziness","animator:Greed","CurseOfTheBell","GremboGang+1","animator:Hinaichigo","animator:Laby","animator:MikuIzayoi"],"relics":["animator:LivingPicture","animator:TheMissingPiece","animator:PurgingStone","RuthlessExorcism:ReiMu","Mastiff:ReiMu","Dead Branch","hubris:Icosahedron","Calling Bell","Juzu Bracelet","hubris:DeckOfHolding","hubris:BundleOfHerbs","ReplayTheSpireMod:Lightbulb","Centennial Puzzle"],"acts_visited":["Exordium","TheCity"],"potions_floor_usage":[22,22,25,29],"damage_taken":[{"damage":1.0,"enemies":"Small Slimes","floor":1.0,"turns":5.0},{"damage":3.0,"enemies":"2 Louse","floor":2.0,"turns":4.0},{"damage":1.0,"enemies":"Jaw Worm","floor":3.0,"turns":3.0},{"damage":8.0,"enemies":"3 Louse","floor":4.0,"turns":4.0},{"damage":14.0,"enemies":"Exordium Wildlife","floor":5.0,"turns":4.0},{"damage":20.0,"enemies":"Lagavulin","floor":6.0,"turns":7.0},{"damage":9.0,"enemies":"3 Sentries","floor":10.0,"turns":4.0},{"damage":2.0,"enemies":"Gremlin Gang","floor":11.0,"turns":3.0},{"damage":3.0,"enemies":"Looter","floor":13.0,"turns":3.0},{"damage":15.0,"enemies":"Hexaghost","floor":16.0,"turns":7.0},{"damage":13.0,"enemies":"Spheric Guardian","floor":18.0,"turns":5.0},{"damage":17.0,"enemies":"3 Byrds","floor":21.0,"turns":4.0},{"damage":14,"enemies":"Snake Plant","floor":22,"turns":2},{"damage":2,"enemies":"Snecko","floor":24,"turns":5},{"damage":25,"enemies":"Book of Stabbing","floor":25,"turns":7},{"damage":11,"enemies":"Shelled Parasite and Fungi","floor":27,"turns":9},{"damage":44,"enemies":"Gremlin Leader","floor":29,"turns":7}],"seed_played":"551444429361799921","potions_obtained":[{"floor":0.0,"key":"MagicPotion:ReiMu"},{"floor":0.0,"key":"Flashbang"},{"floor":4.0,"key":"Swift Potion"},{"floor":6.0,"key":"BlessingOfTheForge"},{"floor":10.0,"key":"AttackPotion"},{"floor":13.0,"key":"animator:GrowthPotion"},{"floor":20.0,"key":"Flashbang"},{"floor":20.0,"key":"Death Potion"},{"floor":22,"key":"SkillPotion"},{"floor":25,"key":"Dexterity Potion"}],"is_trial":false,"path_per_floor":["M","M","M","M","M","E","R","?","T","E","M","?","M","?","R","B",null,"M","?","?","M","M","R","M","E","T","M","R","E"],"character_chosen":"THE_ANIMATOR","items_purchased":[],"campfire_rested":0,"item_purchase_floors":[],"current_hp_per_floor":[58,61,66,64,56,42,42,42,42,33,37,37,34,34,34,26,57,58,58,58,53,45,45,49,36,36,32,32,0,0],"gold":274,"neow_bonus":"THREE_SMALL_POTIONS","is_daily":false,"chose_seed":true,"campfire_upgraded":4,"win_rate":0.0,"timestamp":1610331047,"path_taken":["M","M","M","M","M","E","R","?","T","E","M","?","M","?","R","BOSS","M","?","?","M","M","R","M","E","T","M","R","E"],"items_purchased_type":[],"build_version":"2020-12-22","purchased_purges":0,"victory":false,"max_hp_per_floor":[66,66,66,66,66,66,66,66,66,66,66,66,66,66,66,67,67,69,69,69,69,69,69,69,69,69,70,70,70,70],"relic_stats":{"Centennial Puzzle":[6],"counters":[17,83],"Dead Branch":[58],"Juzu Bracelet":0,"obtain_stats":[{"animator:TheMissingPiece":0,"Dead Branch":10,"Juzu Bracelet":17,"Calling Bell":17,"Centennial Puzzle":26,"hubris:Icosahedron":12,"animator:PurgingStone":0,"Mastiff:ReiMu":9,"hubris:DeckOfHolding":17,"animator:LivingPicture":0,"hubris:BundleOfHerbs":17,"ReplayTheSpireMod:Lightbulb":25,"RuthlessExorcism:ReiMu":6},{"animator:TheMissingPiece":0,"Dead Branch":7,"Juzu Bracelet":10,"Calling Bell":10,"Centennial Puzzle":15,"hubris:Icosahedron":8,"animator:PurgingStone":0,"Mastiff:ReiMu":6,"hubris:DeckOfHolding":10,"animator:LivingPicture":0,"hubris:BundleOfHerbs":10,"ReplayTheSpireMod:Lightbulb":15,"RuthlessExorcism:ReiMu":6},{"animator:TheMissingPiece":0,"Dead Branch":31,"Juzu Bracelet":44,"Calling Bell":44,"Centennial Puzzle":67,"hubris:Icosahedron":34,"animator:PurgingStone":0,"Mastiff:ReiMu":27,"hubris:DeckOfHolding":44,"animator:LivingPicture":0,"hubris:BundleOfHerbs":44,"ReplayTheSpireMod:Lightbulb":67,"RuthlessExorcism:ReiMu":27}]},"card_choices":[{"not_picked":["animator:Hakurou","animator:NoriSakurada"],"picked":"animator:MeguKakizaki","floor":1.0},{"not_picked":["animator:Raven","animator:Shinoa","animator:Demiurge"],"picked":"SKIP","floor":2.0},{"not_picked":["animator:Rena","animator:Benimaru","animator:Suiseiseki"],"picked":"SKIP","floor":3.0},{"not_picked":["animator:ReineMurasame","animator:ShidoItsuka"],"picked":"animator:TohkaYatogami","floor":4.0},{"not_picked":["animator:ShidoItsuka","animator:Hinaichigo"],"picked":"animator:YamaiSisters","floor":5.0},{"not_picked":["animator:Kagari","animator:ToukaNishikujou"],"picked":"animator:Elesis","floor":6.0},{"not_picked":["animator:Pride","animator:Mitsuba"],"picked":"animator:Laby","floor":10.0},{"not_picked":["animator:Kagari","animator:Lu"],"picked":"animator:Pride","floor":13.0},{"not_picked":["animator:KurumiTokisaki","animator:Rimuru"],"picked":"animator:Greed","floor":16.0},{"not_picked":["animator:ShizuruNakatsu","animator:Hinaichigo","animator:ShidoItsuka"],"picked":"SKIP","floor":18.0},{"not_picked":["animator:SougenEsaka","animator:Yoichi"],"picked":"animator:Hinaichigo","floor":21},{"not_picked":["animator:Elsword","animator:Lu"],"picked":"animator:Laby","floor":22},{"not_picked":["animator:Mitsuba","animator:Natsumi","animator:Evileye"],"picked":"SKIP","floor":24},{"not_picked":["animator:NiaHonjou","animator:Kagari+1","animator:MetalKnight"],"picked":"SKIP","floor":25},{"not_picked":["animator:Chibimoth+1","animator:Genos"],"picked":"animator:MikuIzayoi","floor":27}],"player_experience":886161,"relics_obtained":[{"floor":6.0,"key":"RuthlessExorcism:ReiMu"},{"floor":9.0,"key":"Mastiff:ReiMu"},{"floor":10.0,"key":"Dead Branch"},{"floor":17.0,"key":"Juzu Bracelet"},{"floor":17.0,"key":"hubris:DeckOfHolding"},{"floor":17.0,"key":"hubris:BundleOfHerbs"},{"floor":25,"key":"ReplayTheSpireMod:Lightbulb"},{"floor":26,"key":"Centennial Puzzle"}],"event_choices":[{"damage_healed":0.0,"max_hp_gain":0.0,"max_hp_loss":0.0,"gold_gain":0.0,"event_name":"Lab","player_choice":"Got Potions","floor":20.0,"gold_loss":0.0,"damage_taken":0.0}],"is_beta":false,"boss_relics":[{"not_picked":["thethorton:GreedFountain","ReplayTheSpireMod:DimensionalGlitch"],"picked":"Calling Bell"}],"items_purged_floors":[],"is_endless":false,"potions_floor_spawned":[4,6,10,13,16,21,22,25],"killed_by":"Gremlin Leader","ascension_level":13}}