{"host":"Connor","time":1610393653,"event":{"mods":["Aspiration","BaseMod","Downfall","Hubris","Marisa????????","Minty Spire (QoL Compilation)","Replay The Spire","StSLib","The Cursed","The Jungle","The Servant 0.9.4"],"gold_per_floor":[118,20,20,20,20,20,47,47,47,47,47,47,65,65,65,65],"floor_reached":15,"playtime":867,"items_purged":[],"score":169,"play_id":"ef2e4c5a-7b53-44ef-968f-9dc227ea422e","local_time":"20210111113413","is_ascension_mode":true,"campfire_choices":[{"data":"expansioncontent:DefensiveStance","floor":6,"key":"SMITH"},{"floor":8,"key":"REST"},{"data":"Body Slam","floor":12,"key":"SMITH"}],"circlet_count":0,"master_deck":["AscendersBane","Strike_R","Strike_R","Strike_R","Strike_R","Strike_R","Defend_R","Defend_R","Defend_R","Defend_R","Body Slam+1","expansioncontent:DefensiveStance+1","TheCursedMod:Dregs","Survivor","Neutralize","True Grit","Dagger Throw","Feed"],"relics":["Burning Blood","aspiration:Nostalgia","m_SnakeCloak","hubris:Icosahedron","ReplayTheSpireMod:Ring of Addiction","Chameleon Ring","hubris:EmptyBottle","ReplayTheSpireMod:Ring of Sloth","Art of War","Blue Candle"],"acts_visited":["Exordium"],"potions_floor_usage":[7,7,15,15,15,15],"damage_taken":[{"damage":4,"enemies":"Small Slimes","floor":1,"turns":4},{"damage":62,"enemies":"Gremlin Nob","floor":7,"turns":6},{"damage":0,"enemies":"Jaw Worm","floor":13,"turns":5},{"damage":42,"enemies":"Lagavulin","floor":15,"turns":12}],"seed_played":"2979410046914339979","potions_obtained":[{"floor":1,"key":"Dexterity Potion"},{"floor":4,"key":"hexamod:EctoCoolerPotion"},{"floor":13,"key":"Flashbang"}],"is_trial":false,"path_per_floor":["M","$","?","?","?","R","E","R","T","PTL","PTL","R","M","?","E"],"character_chosen":"IRONCLAD","items_purchased":["expansioncontent:DefensiveStance"],"campfire_rested":1,"item_purchase_floors":[2],"current_hp_per_floor":[70,70,70,70,70,70,14,36,36,36,36,36,42,42,0,0],"gold":65,"neow_bonus":"NOSTALGIA","is_daily":false,"chose_seed":false,"campfire_upgraded":2,"win_rate":0.0,"timestamp":1610393653,"path_taken":["M","$","?","?","?","R","E","R","T","PTL","PTL","R","M","?","E"],"items_purchased_type":["Card"],"build_version":"2020-12-18","purchased_purges":0,"victory":false,"max_hp_per_floor":[75,75,75,75,75,75,75,75,75,75,73,73,73,71,71,71],"card_choices":[{"not_picked":["Dual Wield","Twin Strike"],"picked":"Body Slam","floor":1},{"not_picked":["Sword Boomerang","ReplayTheSpireMod:Strike From Hell"],"picked":"True Grit","floor":7},{"not_picked":["Acrobatics","Clash"],"picked":"Dagger Throw","floor":13}],"player_experience":604422,"relics_obtained":[{"floor":4,"key":"ReplayTheSpireMod:Ring of Addiction"},{"floor":4,"key":"Chameleon Ring"},{"floor":4,"key":"hubris:EmptyBottle"},{"floor":4,"key":"ReplayTheSpireMod:Ring of Sloth"},{"floor":7,"key":"Art of War"},{"floor":9,"key":"Blue Candle"}],"event_choices":[{"damage_healed":0,"gold_gain":0,"player_choice":"1 cards matched","damage_taken":0,"max_hp_gain":0,"max_hp_loss":0,"event_name":"Match and Keep!","floor":14,"gold_loss":0,"cards_obtained":["Feed"]}],"is_beta":true,"boss_relics":[],"items_purged_floors":[],"is_endless":false,"potions_floor_spawned":[1,13],"killed_by":"Lagavulin","ascension_level":18}}