{"host":"07e1k1rk6c4zn0bu","time":1610395224,"event":{"mods":["AchievementEnabler","BaseMod","Bestiary","Colored Map","Colored Powertips","DeckTracker","Minty Spire (QoL Compilation)"],"gold_per_floor":[116,132,82,96,96,106,106,14,37,57,74,85,85,108,108,108,108],"floor_reached":16,"playtime":858,"items_purged":[],"score":96,"play_id":"ea425a15-3580-4b5a-9941-b3d8026ec275","local_time":"20210111150024","is_ascension_mode":false,"campfire_choices":[{"data":"Caltrops","floor":7,"key":"SMITH"},{"floor":15,"key":"REST"}],"circlet_count":0,"master_deck":["Strike_G","Strike_G","Strike_G","Strike_G","Defend_G","Defend_G","Defend_G","Defend_G","Defend_G","Survivor","Neutralize","Deadly Poison","Caltrops+1","Bane","Acrobatics","Deep Breath","Escape Plan","Dash","Injury","Bouncing Flask"],"relics":["Ring of the Snake","Gambling Chip","Vajra","Bag of Marbles","Golden Idol"],"acts_visited":["Exordium"],"potions_floor_usage":[],"damage_taken":[{"damage":1,"enemies":"Jaw Worm","floor":1,"turns":4},{"damage":10,"enemies":"2 Louse","floor":2,"turns":3},{"damage":0,"enemies":"Cultist","floor":4,"turns":5},{"damage":0,"enemies":"Large Slime","floor":6,"turns":4},{"damage":13,"enemies":"Lots of Slimes","floor":10,"turns":3},{"damage":5,"enemies":"Blue Slaver","floor":11,"turns":4},{"damage":0,"enemies":"Exordium Wildlife","floor":12,"turns":4},{"damage":3,"enemies":"Lots of Slimes","floor":14,"turns":3},{"damage":41,"enemies":"The Guardian","floor":16,"turns":5}],"seed_played":"-6153366904023950772","potions_obtained":[{"floor":1,"key":"Dexterity Potion"},{"floor":4,"key":"Energy Potion"},{"floor":14,"key":"Weak Potion"}],"is_trial":false,"path_per_floor":["M","M","?","M","?","M","R","$","T","M","M","M","?","M","R","B"],"character_chosen":"THE_SILENT","items_purchased":["Deep Breath"],"campfire_rested":1,"item_purchase_floors":[8],"current_hp_per_floor":[62,52,52,52,40,40,40,40,40,27,22,22,22,19,37,0,0],"gold":108,"neow_bonus":"ONE_RARE_RELIC","is_daily":false,"chose_seed":false,"campfire_upgraded":1,"win_rate":0.0,"timestamp":1610395224,"path_taken":["M","M","?","M","?","M","R","?","T","M","?","M","?","M","R","BOSS"],"items_purchased_type":["Card"],"build_version":"2020-12-22","purchased_purges":0,"victory":false,"max_hp_per_floor":[63,63,63,63,63,63,63,63,63,63,63,63,63,63,63,63,63],"card_choices":[{"not_picked":["Distraction","Escape Plan"],"picked":"Deadly Poison","floor":1},{"not_picked":["Blade Dance","Sucker Punch"],"picked":"Caltrops","floor":2},{"not_picked":["Predator","Prepared"],"picked":"Bane","floor":4},{"not_picked":["Deadly Poison","Endless Agony"],"picked":"Acrobatics","floor":6},{"not_picked":["Deadly Poison","Bane"],"picked":"Escape Plan","floor":10},{"not_picked":["Outmaneuver","Bane"],"picked":"Dash","floor":11},{"not_picked":["Flechettes","Eviscerate","Outmaneuver"],"picked":"SKIP","floor":12},{"not_picked":["Predator","Acrobatics"],"picked":"Bouncing Flask","floor":14}],"player_experience":35000,"relics_obtained":[{"floor":9,"key":"Bag of Marbles"}],"event_choices":[{"cards_removed":["Strike_G"],"damage_healed":0,"gold_gain":0,"player_choice":"Card Removal","damage_taken":0,"max_hp_gain":0,"max_hp_loss":0,"event_name":"The Cleric","floor":3,"gold_loss":50},{"damage_healed":0,"gold_gain":0,"player_choice":"Success","damage_taken":12,"relics_obtained":["Vajra"],"max_hp_gain":0,"max_hp_loss":0,"event_name":"Scrap Ooze","floor":5,"gold_loss":0},{"damage_healed":0,"gold_gain":0,"player_choice":"Take Wound","damage_taken":0,"relics_obtained":["Golden Idol"],"max_hp_gain":0,"max_hp_loss":0,"event_name":"Golden Idol","floor":13,"gold_loss":0,"cards_obtained":["Injury"]}],"is_beta":false,"boss_relics":[],"items_purged_floors":[],"is_endless":false,"potions_floor_spawned":[1,4,12,14],"killed_by":"The Guardian","ascension_level":0}}