{"host":"g01l53quoe6lrer0","time":1610386714,"event":{"mods":["2.2 Compatiblity","AchievementEnabler","BaseMod","Colored Map","Highlight Path","Keyboard Shortcuts","Minty Spire (QoL Compilation)","Permanent Neow","StSLib","SuperFastMode","everything is the same but u backflip on backflip"],"gold_per_floor":[13,32,45,62,62,62,72,103,129,129,192,210,220,220,220,320,320,330,330,330],"floor_reached":19,"playtime":1192,"items_purged":[],"score":343,"play_id":"e4ce4360-a825-4e22-a556-ea293f96793e","local_time":"20210112023834","is_ascension_mode":true,"campfire_choices":[{"data":"Zap","floor":6.0,"key":"SMITH"},{"floor":10.0,"key":"REST"},{"floor":15.0,"key":"REST"}],"circlet_count":0,"master_deck":["AscendersBane","Strike_B","Strike_B","Strike_B","Defend_B","Defend_B","Defend_B","Zap+1","Dualcast+1","All For One","Skim","Gash","Self Repair","Rebound","Go for the Eyes","Aggregate","Streamline","Auto Shields","Thunder Strike","Stack"],"relics":["Cracked Core","Ornamental Fan","Dream Catcher","Akabeko","Empty Cage"],"acts_visited":["Exordium","TheCity"],"potions_floor_usage":[18],"damage_taken":[{"damage":4.0,"enemies":"Jaw Worm","floor":1.0,"turns":4.0},{"damage":8.0,"enemies":"2 Louse","floor":2.0,"turns":3.0},{"damage":6.0,"enemies":"Cultist","floor":3.0,"turns":3.0},{"damage":15.0,"enemies":"2 Fungi Beasts","floor":4.0,"turns":3.0},{"damage":30.0,"enemies":"Gremlin Gang","floor":7.0,"turns":4.0},{"damage":25.0,"enemies":"3 Sentries","floor":8.0,"turns":6.0},{"damage":27.0,"enemies":"Gremlin Nob","floor":11.0,"turns":4.0},{"damage":0.0,"enemies":"Large Slime","floor":12.0,"turns":5.0},{"damage":5.0,"enemies":"Looter","floor":13.0,"turns":3.0},{"damage":0.0,"enemies":"Slime Boss","floor":16.0,"turns":6.0},{"damage":43,"enemies":"Shell Parasite","floor":18,"turns":4},{"damage":50,"enemies":"Masked Bandits","floor":19,"turns":4}],"seed_played":"5048612604002985491","potions_obtained":[{"floor":2.0,"key":"Fruit Juice"},{"floor":3.0,"key":"FearPotion"},{"floor":8.0,"key":"DistilledChaos"},{"floor":11.0,"key":"PowerPotion"}],"is_trial":false,"path_per_floor":["M","M","M","M","?","R","M","E","T","R","?","M","M","?","R","B",null,"M","?"],"character_chosen":"DEFECT","items_purchased":[],"campfire_rested":2,"item_purchase_floors":[],"current_hp_per_floor":[64,61,55,40,66,66,43,25,25,49,29,36,38,38,62,69,77,41,0,0],"gold":330,"neow_bonus":"THREE_RARE_CARDS","is_daily":false,"chose_seed":false,"campfire_upgraded":1,"win_rate":0.0,"timestamp":1610386714,"path_taken":["M","M","M","M","?","R","M","E","T","R","?","M","M","?","R","BOSS","M","?"],"items_purchased_type":[],"build_version":"2020-12-22","purchased_purges":0,"victory":false,"max_hp_per_floor":[75,80,80,80,80,80,80,80,80,80,80,80,80,80,80,80,80,80,80,80],"card_choices":[{"not_picked":["Reboot","Multi-Cast"],"picked":"All For One","floor":0.0},{"not_picked":["Barrage","Coolheaded"],"picked":"Skim","floor":1.0},{"not_picked":["Go for the Eyes","Streamline"],"picked":"Gash","floor":2.0},{"not_picked":["Darkness","Static Discharge"],"picked":"Self Repair","floor":3.0},{"not_picked":["Fusion","Stack"],"picked":"Rebound","floor":4.0},{"not_picked":["Self Repair","Ball Lightning","Undo"],"picked":"SKIP","floor":7.0},{"not_picked":["FTL","Force Field"],"picked":"Go for the Eyes","floor":8.0},{"not_picked":["Recycle","Go for the Eyes"],"picked":"Aggregate","floor":10.0},{"not_picked":["Heatsinks","Compile Driver"],"picked":"Streamline","floor":12.0},{"not_picked":["Darkness","Thunder Strike"],"picked":"Auto Shields","floor":13.0},{"not_picked":["Electrodynamics","Machine Learning"],"picked":"Thunder Strike","floor":16.0},{"not_picked":["Ball Lightning","Aggregate"],"picked":"Stack","floor":18}],"player_experience":152682,"relics_obtained":[{"floor":8.0,"key":"Ornamental Fan"},{"floor":9.0,"key":"Dream Catcher"}],"event_choices":[{"damage_healed":26.0,"max_hp_gain":0.0,"max_hp_loss":0.0,"gold_gain":0.0,"event_name":"Big Fish","player_choice":"Banana","floor":5.0,"gold_loss":0.0,"damage_taken":0.0},{"damage_healed":0.0,"max_hp_gain":0.0,"max_hp_loss":0.0,"gold_gain":0.0,"event_name":"Dead Adventurer","player_choice":"Searched \u00273\u0027 times","floor":11.0,"gold_loss":0.0,"damage_taken":0.0,"relics_obtained":["Akabeko"]},{"damage_healed":0.0,"max_hp_gain":0.0,"max_hp_loss":0.0,"gold_gain":0.0,"event_name":"Living Wall","player_choice":"Grow","floor":14.0,"gold_loss":0.0,"damage_taken":0.0,"cards_upgraded":["Dualcast"]},{"damage_healed":0,"gold_gain":0,"player_choice":"Fought Bandits","damage_taken":0,"max_hp_gain":0,"max_hp_loss":0,"event_name":"Masked Bandits","floor":19,"gold_loss":0}],"is_beta":false,"boss_relics":[{"not_picked":["Busted Crown","Pandora\u0027s Box"],"picked":"Empty Cage"}],"items_purged_floors":[],"is_endless":false,"potions_floor_spawned":[2,3,8,11,13],"killed_by":"Masked Bandits","ascension_level":11}}