{"host":"sav7uxregyirlf69","time":1610380054,"event":{"mods":["AchievementEnabler","BaseMod","Colored Map","DeckTracker","Keyboard Shortcuts","Minty Spire (QoL Compilation)","READ ME - Guardian Mod","StSLib","SuperFastMode"],"gold_per_floor":[363,32,44,55,72,106,118,83,106,106,106,125,31,31,31,31,31],"floor_reached":16,"playtime":250,"items_purged":["Strike_G","Strike_G"],"score":204,"play_id":"ecad1ec4-805d-49b3-b850-0e8a5045f560","local_time":"20210112004734","is_ascension_mode":true,"campfire_choices":[{"floor":11,"key":"REST"},{"data":"Accuracy","floor":15,"key":"SMITH"}],"circlet_count":0,"master_deck":["AscendersBane","Strike_G","Strike_G","Strike_G","Defend_G","Defend_G","Defend_G","Defend_G","Defend_G","Survivor","Neutralize","Blade Dance","Backstab","Poisoned Stab","Dagger Spray","Predator","Accuracy+1"],"relics":["Ring of the Snake","Membership Card","Letter Opener","Prayer Wheel","Lantern","Golden Idol"],"acts_visited":["Exordium"],"potions_floor_usage":[6,7],"damage_taken":[{"damage":0,"enemies":"2 Louse","floor":1,"turns":5},{"damage":0,"enemies":"Small Slimes","floor":3,"turns":3},{"damage":2,"enemies":"Jaw Worm","floor":4,"turns":3},{"damage":6,"enemies":"Exordium Thugs","floor":5,"turns":3},{"damage":27,"enemies":"3 Sentries","floor":6,"turns":12},{"damage":4,"enemies":"2 Fungi Beasts","floor":7,"turns":3},{"damage":1,"enemies":"Looter","floor":12,"turns":2},{"damage":40,"enemies":"Slime Boss","floor":16,"turns":5}],"seed_played":"5291097459363607900","potions_obtained":[{"floor":1,"key":"AttackPotion"},{"floor":5,"key":"EssenceOfSteel"}],"is_trial":false,"path_per_floor":["M","$","M","M","M","E","M","?","T","?","R","M","$","$","R","B"],"character_chosen":"THE_SILENT","items_purchased":["Membership Card","Letter Opener","Accuracy"],"campfire_rested":1,"item_purchase_floors":[2,2,13],"current_hp_per_floor":[44,44,44,42,36,9,5,21,21,21,39,38,38,38,38,0,0],"gold":31,"neow_bonus":"TWO_FIFTY_GOLD","is_daily":false,"chose_seed":false,"campfire_upgraded":1,"win_rate":0.0,"timestamp":1610380054,"path_taken":["M","$","M","M","M","E","M","?","T","?","R","M","?","$","R","BOSS"],"items_purchased_type":["Relic","Relic","Card"],"build_version":"2020-12-22","purchased_purges":2,"victory":false,"max_hp_per_floor":[66,66,66,66,66,66,66,66,66,60,60,60,60,60,60,60,60],"card_choices":[{"not_picked":["Catalyst","Dagger Spray"],"picked":"Blade Dance","floor":1},{"not_picked":["Underhanded Strike","Cloak And Dagger"],"picked":"Backstab","floor":3},{"not_picked":["Deflect","Dodge and Roll"],"picked":"Poisoned Stab","floor":4},{"not_picked":["Flechettes","Acrobatics","Quick Slash"],"picked":"SKIP","floor":5},{"not_picked":["Blade Dance","Bouncing Flask","Endless Agony"],"picked":"SKIP","floor":6},{"not_picked":["Endless Agony","Predator"],"picked":"Dagger Spray","floor":7},{"not_picked":["Slice","Cloak And Dagger","Quick Slash"],"picked":"SKIP","floor":7},{"not_picked":["Quick Slash","Calculated Gamble"],"picked":"Predator","floor":12},{"not_picked":["Sucker Punch","Outmaneuver","Bullet Time"],"picked":"SKIP","floor":12}],"player_experience":1254547,"relics_obtained":[{"floor":6,"key":"Prayer Wheel"},{"floor":9,"key":"Lantern"}],"event_choices":[{"damage_healed":16,"gold_gain":0,"player_choice":"Healed","damage_taken":0,"max_hp_gain":0,"max_hp_loss":0,"event_name":"The Cleric","floor":8,"gold_loss":35},{"damage_healed":0,"gold_gain":0,"player_choice":"Lose Max HP","damage_taken":0,"relics_obtained":["Golden Idol"],"max_hp_gain":0,"max_hp_loss":6,"event_name":"Golden Idol","floor":10,"gold_loss":0}],"is_beta":false,"boss_relics":[],"items_purged_floors":[2,13],"is_endless":false,"potions_floor_spawned":[1,5],"killed_by":"Slime Boss","ascension_level":20}}