{"host":"njruw0b0uprlitpx","time":1610350131,"event":{"mods":["2.2 Compatiblity","Bartender","BaseMod","Better Altar","Better Match","Better Note","Better Sensory Stone","Better Skull","Better Third Choice","BetterRewards","Block Reminder","Colored Map","Colored Powertips","Energized Spire","Jedi Mod","Keyboard Shortcuts","Magitek Elite","Minty Spire (QoL Compilation)","Quick Restart","Rare Cards Sparkle","Relic Stats","Replay The Spire","SacredBarkPlus","Spicy Shops","StSLib","SuperFastMode","The Blackbeard","The Bug Knight","The Construct","The Dragon Tamer","The Mystic","The Runesmith","Wandering Minibosses"],"gold_per_floor":[117,117,135,145,169,195,195,210,210,10,10,10,37,48,48,143,143,162,162,180,30,40,71,71,96,96,96,108,33,11,24,24,125,125,142,20,75,94,108,134,134,163,216,236,12,24,24,35,35,35],"floor_reached":51,"playtime":3866,"items_purged":["DTMod:Strike"],"score":1370,"play_id":"9ab7b682-aa30-4164-af90-afd2cee4e1ae","local_time":"20210111012851","is_ascension_mode":true,"metric_token":2131,"campfire_choices":[{"data":"DTMod:SwitchingTactic","floor":7,"key":"SMITH"},{"data":"DTMod:QuickFly","floor":7,"key":"SMITH"},{"data":"DTMod:DoubleHit","floor":11,"key":"SMITH"},{"data":"DTMod:TargetDefense","floor":11,"key":"SMITH"},{"data":"DTMod:DeepFocus","floor":15,"key":"SMITH"},{"data":"DTMod:TargetDefense","floor":15,"key":"SMITH"},{"data":"Discovery","floor":24,"key":"SMITH"},{"data":"DTMod:DragonDance","floor":24,"key":"SMITH"},{"data":"DTMod:Training","floor":27,"key":"SMITH"},{"data":"DTMod:Threaten","floor":27,"key":"SMITH"},{"data":"DTMod:LightShield","floor":32,"key":"SMITH"},{"data":"DTMod:LightShield","floor":32,"key":"SMITH"},{"floor":41,"key":"REST"},{"floor":47,"key":"REST"},{"data":"DTMod:Outburst","floor":49,"key":"SMITH"},{"data":"DTMod:BizarreTactic","floor":49,"key":"SMITH"}],"dtmod_dragon_data":[18,50,1,1,8,13],"circlet_count":0,"master_deck":["DTMod:Strike","DTMod:Strike","DTMod:DoubleHit+1","DTMod:TargetDefense+1","DTMod:TargetDefense+1","DTMod:TargetDefense","DTMod:TargetDefense","DTMod:SwitchingTactic+1","DTMod:QuickFly+1","DTMod:StarRain+1","Replay:BasicMightCard+1","DTMod:BlazingStrike+1","DTMod:FlameSlash+1","DTMod:DarkBreath+1","DTMod:HeatWave+1","DTMod:TriAttack+1","DTMod:Punisher+1","DTMod:FierySynthesis+1","DTMod:DeepFocus+1","DTMod:LightShield+1","DTMod:BurningForce+1","DTMod:DragonDance+1","Discovery+1","DTMod:ComboAttack+1","DTMod:Threaten+1","DTMod:Training+1","DTMod:LightShield+1","DTMod:BizarreTactic+1","DTMod:BurningEnergy","DTMod:Outburst+1","DTMod:MaximumCharge+1","DTMod:BreakAttack+1","DTMod:DarkBreath+1","DTMod:Weaken","DTMod:QuickFly+1","DTMod:Astonish+1","DTMod:BurningForce+1","DTMod:Hide+1","DTMod:CleansingStrike+1","DTMod:WarmUp+1","DTMod:MagiciansMark+1"],"relics":["DTMod:PactStone","Replay:Arrowhead","jedi:matchstick","jedi:Pinwheel","Molten Egg 2","Omamori","Boot","Matryoshka","Bottled Tornado","energizedSpire:DeadBattery","jedi:crownofsimplicity","StrikeDummy","jedi:arcanewood","Lizard Tail","DTMod:TheChair","Mango","Replay:Multitool","Du-Vu Doll","Happy Flower","MealTicket"],"acts_visited":["Exordium","TheCity","TheBeyond"],"potions_floor_usage":[6,16,16,22,22,23,23,33,33,44,50,50,50,50],"damage_taken":[{"damage":0,"enemies":"Cultist","floor":1,"turns":2},{"damage":0,"enemies":"Small Slimes","floor":3,"turns":2},{"damage":0,"enemies":"Jaw Worm","floor":4,"turns":2},{"damage":0,"enemies":"Lagavulin","floor":6,"turns":5},{"damage":0,"enemies":"Lots of Slimes","floor":8,"turns":1},{"damage":0,"enemies":"Gremlin Nob","floor":13,"turns":2},{"damage":0,"enemies":"Exordium Thugs","floor":14,"turns":2},{"damage":0,"enemies":"Slime Boss","floor":16,"turns":6},{"damage":0,"enemies":"2 Thieves","floor":18,"turns":3},{"damage":0,"enemies":"Spheric Guardian","floor":20,"turns":3},{"damage":0,"enemies":"Snake Plant","floor":22,"turns":2},{"damage":0,"enemies":"Slavers","floor":23,"turns":2},{"damage":0,"enemies":"Book of Stabbing","floor":25,"turns":3},{"damage":0,"enemies":"Chosen and Byrds","floor":28,"turns":3},{"damage":0,"enemies":"Centurion and Healer","floor":31,"turns":5},{"damage":0,"enemies":"Automaton","floor":33,"turns":7},{"damage":0,"enemies":"3 Darklings","floor":35,"turns":4},{"damage":0,"enemies":"2 Orb Walkers","floor":37,"turns":3},{"damage":0,"enemies":"3 Shapes","floor":38,"turns":4},{"damage":0,"enemies":"Maw","floor":39,"turns":6},{"damage":0,"enemies":"R_Hoarder","floor":40,"turns":4},{"damage":0,"enemies":"Reptomancer","floor":42,"turns":4},{"damage":0,"enemies":"Sphere and 2 Shapes","floor":44,"turns":3},{"damage":0,"enemies":"Spire Growth","floor":46,"turns":2},{"damage":0,"enemies":"Transient","floor":48,"turns":5},{"damage":0,"enemies":"Time Eater","floor":50,"turns":8}],"seed_played":"4060496142332325239","potions_obtained":[{"floor":3,"key":"SteroidPotion"},{"floor":4,"key":"Dexterity Potion"},{"floor":14,"key":"Venom Potion"},{"floor":16,"key":"DuplicationPotion"},{"floor":18,"key":"Fire Potion"},{"floor":22,"key":"Explosive Potion"},{"floor":25,"key":"Swift Potion"},{"floor":28,"key":"Milkshake"},{"floor":37,"key":"Languid Potion"},{"floor":42,"key":"Fire Potion"},{"floor":44,"key":"SkillPotion"}],"is_trial":false,"path_per_floor":["M","?","M","M","T","E","R","M","T","$","R","$","E","M","R","B",null,"M","?","M","$","M","E","R","E","T","R","M","?","$","M","R","B",null,"M","$","?","M","M","E","R","E","T","M","$","M","R","M","R","B",null],"character_chosen":"THE_DT","items_purchased":["Replay:Arrowhead","DTMod:QuickFly","jedi:Pinwheel","Molten Egg 2","DTMod:TriAttack+1","DTMod:Punisher+1","Discovery","ColorlessPotion","DTMod:BizarreTactic","DTMod:BreakAttack+1","PowerPotion","DTMod:CleansingStrike+1"],"campfire_rested":2,"item_purchase_floors":[0,0,0,0,10,10,21,21,30,36,45,45],"current_hp_per_floor":[45,45,45,45,45,45,45,45,45,45,45,45,45,45,45,45,45,45,45,45,45,45,45,45,45,45,45,45,45,45,45,45,45,45,45,45,59,59,59,59,59,59,59,59,59,59,59,59,59,59],"gold":35,"neow_bonus":"","is_daily":false,"chose_seed":false,"campfire_upgraded":14,"win_rate":0.0,"timestamp":1610350131,"path_taken":["M","?","M","?","?","E","R","?","T","$","R","?","E","?","R","BOSS","M","?","M","$","?","E","R","E","T","R","M","?","?","M","R","BOSS","M","$","?","M","M","E","R","E","T","M","$","?","R","?","R","BOSS"],"items_purchased_type":["Relic","Card","Relic","Relic","Card","Card","Card","Potion","Card","Card","Potion","Card"],"build_version":"2020-12-22","purchased_purges":1,"victory":true,"max_hp_per_floor":[45,45,45,45,45,45,45,45,45,45,45,45,45,45,45,45,45,45,45,45,45,45,45,45,45,45,45,45,45,45,45,45,45,45,45,45,59,59,59,59,59,59,59,59,59,59,59,59,59,59],"relic_stats":{"Lizard Tail":0,"Happy Flower":[6],"counters":[118,386],"MealTicket":0,"Boot":[4],"obtain_stats":[{"Ice Cream":7,"Replay:Accelerometer":44,"Golden Egg":27,"Mark of the Bloom":48,"Vajra":38,"jedi:command_rare":48,"Bottled Tornado":13,"Boot":6,"Sozu":17,"Blood Vial":19,"theForsaken:HumbleEgg":23,"Replay:Ringing Soul":28,"Lizard Tail":13,"Sundial":0,"jedi:firstaidkit":37,"Honey Jar":34,"Philosopher\u0027s Stone":34,"Prayer Wheel":24,"MealTicket":43,"Replay:Bottled Steam":44,"Girya":26,"Sneakers":0,"Happy Flower":43,"betterAltar:BloodRelic":32,"ReplayTheSpireMod:CursedCoin":0,"Counterbalance":48,"Dead Branch":19,"Eternal Feather":19,"Pen Nib":0,"jedi:HeartOfTheCards":9,"Du-Vu Doll":42,"jedi:heavyjacket":0,"OrangePellets":30,"Runic Dome":36,"Replay:Baseball":24,"Bottled Flame":28,"Water_Ring":41,"Bronze Scales":14,"Tintinnabulum":6,"Molten Egg 2":24,"Pandora\u0027s Box":34,"ReplayTheSpireMod:TigerMarble":39,"Grinning Jar":43,"StrikeDummy":25,"Abe\u0027s Treasure":17,"Meat on the Bone":24,"Replay:PocketPolymizer":6,"Piano_Music":9,"Enchiridion":22,"Mango":37,"Incense Burner":0,"DTMod:TheChair":34,"Replay:Multitool":40,"jedi:Pinwheel":13,"Power_Wrist":28,"Cowboy_Hat":10,"Frozen Eye":38,"Replay:Bandana":44,"Dream Catcher":26,"Matryoshka":26,"Gambling Chip":0,"Genji_Glove":44,"jedi:matchstick":0,"WingedGreaves":9,"Red Mask":41,"InkBottle":9,"jedi:command_uncommon":41,"BargainBundle":0,"ReplayTheSpireMod:Ninjato":0,"NeowsBlessing":0,"Golden Idol":3,"PreservedInsect":43,"Omamori":5,"jedi:crownofsimplicity":23,"energizedSpire:DeadBattery":17,"Replay:Arrowhead":0,"Calling Bell":19,"Strange Spoon":0,"Pondfish Scales":3,"jedi:kaleidoscope":45,"DTMod:PactStone":50,"jedi:ominousloannote":44,"betterThird:SlimedRelic":8,"Bloody Idol":32,"Orrery":4,"ChewingGum":17,"Garlic":41,"Durian":38,"Bottled Lightning":29,"Membership Card":24,"Guard_Bracelet":24,"jedi:arcanewood":44},{"Ice Cream":5,"Replay:Accelerometer":21,"Golden Egg":59,"Mark of the Bloom":46,"Vajra":87,"jedi:command_rare":23,"Bottled Tornado":98,"Boot":96,"Sozu":55,"Blood Vial":78,"theForsaken:HumbleEgg":58,"Replay:Ringing Soul":60,"Lizard Tail":31,"Sundial":47,"jedi:firstaidkit":65,"Honey Jar":63,"Philosopher\u0027s Stone":41,"Prayer Wheel":81,"MealTicket":114,"Replay:Bottled Steam":89,"Girya":13,"Sneakers":0,"Happy Flower":21,"betterAltar:BloodRelic":84,"ReplayTheSpireMod:CursedCoin":24,"Counterbalance":23,"Dead Branch":78,"Eternal Feather":78,"Pen Nib":24,"jedi:HeartOfTheCards":50,"Du-Vu Doll":114,"jedi:heavyjacket":47,"OrangePellets":83,"Runic Dome":86,"Replay:Baseball":81,"Bottled Flame":83,"Water_Ring":43,"Bronze Scales":9,"Tintinnabulum":50,"Molten Egg 2":13,"Pandora\u0027s Box":17,"ReplayTheSpireMod:TigerMarble":43,"Grinning Jar":43,"StrikeDummy":105,"Abe\u0027s Treasure":10,"Meat on the Bone":81,"Replay:PocketPolymizer":28,"Piano_Music":28,"Enchiridion":80,"Mango":110,"Incense Burner":24,"DTMod:TheChair":108,"Replay:Multitool":113,"jedi:Pinwheel":8,"Power_Wrist":14,"Cowboy_Hat":29,"Frozen Eye":87,"Replay:Bandana":44,"Dream Catcher":59,"Matryoshka":36,"Gambling Chip":24,"Genji_Glove":21,"jedi:matchstick":92,"WingedGreaves":6,"Red Mask":88,"InkBottle":75,"jedi:command_uncommon":43,"BargainBundle":47,"ReplayTheSpireMod:Ninjato":47,"NeowsBlessing":71,"Golden Idol":48,"PreservedInsect":43,"Omamori":95,"jedi:crownofsimplicity":104,"energizedSpire:DeadBattery":100,"Replay:Arrowhead":92,"Calling Bell":78,"Strange Spoon":24,"Pondfish Scales":1,"jedi:kaleidoscope":69,"DTMod:PactStone":91,"jedi:ominousloannote":21,"betterThird:SlimedRelic":50,"Bloody Idol":84,"Orrery":27,"ChewingGum":32,"Garlic":21,"Durian":87,"Bottled Lightning":38,"Membership Card":81,"Guard_Bracelet":81,"jedi:arcanewood":69},{"Ice Cream":17,"Replay:Accelerometer":82,"Golden Egg":198,"Mark of the Bloom":166,"Vajra":276,"jedi:command_rare":88,"Bottled Tornado":307,"Boot":304,"Sozu":190,"Blood Vial":245,"theForsaken:HumbleEgg":196,"Replay:Ringing Soul":200,"Lizard Tail":116,"Sundial":169,"jedi:firstaidkit":213,"Honey Jar":207,"Philosopher\u0027s Stone":150,"Prayer Wheel":252,"MealTicket":368,"Replay:Bottled Steam":282,"Girya":52,"Sneakers":0,"Happy Flower":82,"betterAltar:BloodRelic":265,"ReplayTheSpireMod:CursedCoin":92,"Counterbalance":88,"Dead Branch":245,"Eternal Feather":245,"Pen Nib":92,"jedi:HeartOfTheCards":174,"Du-Vu Doll":368,"jedi:heavyjacket":169,"OrangePellets":262,"Runic Dome":274,"Replay:Baseball":252,"Bottled Flame":262,"Water_Ring":155,"Bronze Scales":34,"Tintinnabulum":174,"Molten Egg 2":52,"Pandora\u0027s Box":70,"ReplayTheSpireMod:TigerMarble":155,"Grinning Jar":155,"StrikeDummy":328,"Abe\u0027s Treasure":42,"Meat on the Bone":252,"Replay:PocketPolymizer":105,"Piano_Music":105,"Enchiridion":249,"Mango":350,"Incense Burner":92,"DTMod:TheChair":343,"Replay:Multitool":364,"jedi:Pinwheel":28,"Power_Wrist":55,"Cowboy_Hat":109,"Frozen Eye":276,"Replay:Bandana":158,"Dream Catcher":198,"Matryoshka":132,"Gambling Chip":92,"Genji_Glove":82,"jedi:matchstick":293,"WingedGreaves":21,"Red Mask":278,"InkBottle":233,"jedi:command_uncommon":155,"BargainBundle":169,"ReplayTheSpireMod:Ninjato":169,"NeowsBlessing":229,"Golden Idol":170,"PreservedInsect":155,"Omamori":299,"jedi:crownofsimplicity":325,"energizedSpire:DeadBattery":315,"Replay:Arrowhead":293,"Calling Bell":245,"Strange Spoon":92,"Pondfish Scales":2,"jedi:kaleidoscope":223,"DTMod:PactStone":288,"jedi:ominousloannote":82,"betterThird:SlimedRelic":174,"Bloody Idol":265,"Orrery":100,"ChewingGum":123,"Garlic":82,"Durian":276,"Bottled Lightning":139,"Membership Card":252,"Guard_Bracelet":252,"jedi:arcanewood":223}]},"card_choices":[{"not_picked":["DTMod:Punisher+1","DTMod:Hide"],"picked":"DTMod:StarRain+1","floor":1},{"not_picked":["DTMod:Feint+1","DTMod:MasterPlan"],"picked":"DTMod:BlazingStrike+1","floor":3},{"not_picked":["DTMod:BuildUp+1","DTMod:CleansingStrike+1"],"picked":"DTMod:FlameSlash+1","floor":4},{"not_picked":["DTMod:HeatWave+1","DTMod:InvisibleFlame"],"picked":"DTMod:DarkBreath+1","floor":6},{"not_picked":["DTMod:BizarreTactic","DTMod:Weaken"],"picked":"DTMod:HeatWave+1","floor":8},{"not_picked":["DTMod:Shift","DTMod:BlazingStrike+1"],"picked":"DTMod:FierySynthesis+1","floor":13},{"not_picked":["DTMod:WarmUp","DTMod:TauntingStrike+1"],"picked":"DTMod:DeepFocus","floor":14},{"not_picked":["DTMod:GearUp","DTMod:Safeguard"],"picked":"DTMod:LightShield","floor":16},{"not_picked":["DTMod:BlazingStrike+1","DTMod:CleansingStrike+1"],"picked":"DTMod:BurningForce+1","floor":18},{"not_picked":["DTMod:TagTeam+1","DTMod:Punisher+1"],"picked":"DTMod:DragonDance","floor":20},{"not_picked":["DTMod:Conduct+1","DTMod:MagicField"],"picked":"DTMod:ComboAttack+1","floor":22},{"not_picked":["DTMod:BurningEnergy","DTMod:BizarreTactic"],"picked":"DTMod:Threaten","floor":23},{"not_picked":["DTMod:Observe+1","DTMod:CleansingStrike+1"],"picked":"DTMod:Training","floor":25},{"not_picked":["DTMod:Shift","DTMod:BuildUp+1"],"picked":"DTMod:LightShield","floor":28},{"not_picked":["DTMod:LastStand+1","DTMod:QuickFly+1"],"picked":"DTMod:BurningEnergy","floor":31},{"not_picked":["DTMod:LightShield","DTMod:ExcessFootwork"],"picked":"DTMod:Outburst","floor":33},{"not_picked":["DTMod:Training","DTMod:CleansingStrike+1"],"picked":"DTMod:MaximumCharge+1","floor":35},{"not_picked":["DTMod:Coolant+1","DTMod:Punisher+1"],"picked":"DTMod:DarkBreath+1","floor":37},{"not_picked":["DTMod:DragonDance+1","DTMod:Training"],"picked":"DTMod:Weaken","floor":38},{"not_picked":["DTMod:HeatWave+1","DTMod:MagicField"],"picked":"DTMod:QuickFly+1","floor":39},{"not_picked":["DTMod:Threaten","DTMod:Safeguard"],"picked":"DTMod:Astonish+1","floor":40},{"not_picked":["DTMod:Feint+1","DTMod:HeatWave+1"],"picked":"DTMod:BurningForce+1","floor":42},{"not_picked":["DTMod:BuildUp+1","DTMod:RunningTactic+1"],"picked":"DTMod:Hide+1","floor":44},{"not_picked":["DTMod:QuickFly+1","DTMod:ShieldDrain+1"],"picked":"DTMod:WarmUp+1","floor":46},{"not_picked":["DTMod:DarkBreath+1","DTMod:Shift"],"picked":"DTMod:MagiciansMark+1","floor":48}],"player_experience":1634186,"relics_obtained":[{"floor":5,"key":"Omamori"},{"floor":6,"key":"Boot"},{"floor":9,"key":"Matryoshka"},{"floor":13,"key":"Bottled Tornado"},{"floor":23,"key":"jedi:crownofsimplicity"},{"floor":25,"key":"StrikeDummy"},{"floor":26,"key":"jedi:arcanewood"},{"floor":26,"key":"Lizard Tail"},{"floor":37,"key":"Mango"},{"floor":40,"key":"Replay:Multitool"},{"floor":42,"key":"Du-Vu Doll"},{"floor":43,"key":"Happy Flower"},{"floor":43,"key":"MealTicket"}],"event_choices":[{"damage_healed":0,"gold_gain":1,"player_choice":"4","damage_taken":0,"max_hp_gain":0,"max_hp_loss":0,"event_name":"betterStone:BetterStone","floor":2,"gold_loss":0,"cards_obtained":["Replay:BasicMightCard"]},{"cards_removed":["DTMod:Punisher"],"damage_healed":0,"gold_gain":0,"player_choice":"Give","damage_taken":0,"max_hp_gain":0,"max_hp_loss":0,"event_name":"betterNote:BetterNote","floor":19,"gold_loss":0,"cards_obtained":["None"]},{"cards_removed":["DTMod:Strike"],"damage_healed":0,"gold_gain":0,"player_choice":"Gave Gold","damage_taken":0,"max_hp_gain":0,"max_hp_loss":0,"event_name":"Beggar","floor":29,"gold_loss":75},{"damage_healed":0,"gold_gain":0,"player_choice":"Fight","damage_taken":0,"max_hp_gain":0,"max_hp_loss":0,"event_name":"Mysterious Sphere","floor":37,"gold_loss":0}],"is_beta":false,"boss_relics":[{"not_picked":["energizedSpire:StickyHand","Runic Dome"],"picked":"energizedSpire:DeadBattery"},{"not_picked":["Velvet Choker","Ring of Chaos"],"picked":"DTMod:TheChair"}],"items_purged_floors":[45],"is_endless":false,"potions_floor_spawned":[3,4,14,16,18,22,25,28,37,42,44,46],"ascension_level":1}}