{"host":"6azrrw3tf7wb0f4b","time":1610364663,"event":{"mods":["BaseMod","DeckTracker","Minty Spire (QoL Compilation)","SuperFastMode"],"gold_per_floor":[367,385,101,114,114,114,139,159,159,159,159,159],"floor_reached":11,"playtime":194,"items_purged":["Injury"],"score":117,"play_id":"a9786c34-fe96-4cae-888b-f8dc5c846f4d","local_time":"20210111203103","is_ascension_mode":true,"campfire_choices":[{"data":"Eruption","floor":6.0,"key":"SMITH"}],"circlet_count":0,"master_deck":["AscendersBane","Strike_P","Strike_P","Strike_P","Defend_P+1","Defend_P","Defend_P+1","Defend_P","Eruption+1","Vigilance","Prostrate","MentalFortress","LessonLearned","Study"],"relics":["PureWater","Shovel","Molten Egg 2"],"acts_visited":["Exordium"],"potions_floor_usage":[11,11],"damage_taken":[{"damage":2.0,"enemies":"Cultist","floor":1.0,"turns":4.0},{"damage":0.0,"enemies":"Jaw Worm","floor":2.0,"turns":4.0},{"damage":0.0,"enemies":"2 Louse","floor":4.0,"turns":4.0},{"damage":63,"enemies":"Gremlin Nob","floor":7,"turns":6},{"damage":0,"enemies":"Exordium Thugs","floor":8,"turns":3},{"damage":8,"enemies":"3 Sentries","floor":11,"turns":3}],"seed_played":"6792144207383090984","potions_obtained":[{"floor":2.0,"key":"BottledMiracle"},{"floor":8,"key":"SkillPotion"}],"is_trial":false,"path_per_floor":["M","M","$","M","?","R","E","M","T","?","E"],"character_chosen":"WATCHER","items_purchased":["LessonLearned","Study"],"campfire_rested":0,"item_purchase_floors":[3,3],"current_hp_per_floor":[63,63,63,63,68,68,5,5,5,5,0,0],"gold":159,"neow_bonus":"TWO_FIFTY_GOLD","is_daily":false,"chose_seed":false,"campfire_upgraded":1,"win_rate":0.0,"timestamp":1610364663,"path_taken":["M","M","?","M","?","R","E","M","T","?","E"],"items_purchased_type":["Card","Card"],"build_version":"2020-12-22","purchased_purges":1,"victory":false,"max_hp_per_floor":[72,72,72,72,77,77,77,77,77,77,77,77],"card_choices":[{"not_picked":["BattleHymn","FlyingSleeves"],"picked":"Prostrate","floor":1.0},{"not_picked":["Wallop","JustLucky"],"picked":"MentalFortress","floor":2.0},{"not_picked":["FollowUp","BowlingBash","Consecrate"],"picked":"SKIP","floor":4.0},{"not_picked":["Study","FlyingSleeves","LessonLearned"],"picked":"SKIP","floor":7},{"not_picked":["Consecrate","Evaluate","JustLucky"],"picked":"SKIP","floor":8}],"player_experience":693419,"relics_obtained":[{"floor":7,"key":"Shovel"},{"floor":9,"key":"Molten Egg 2"}],"event_choices":[{"damage_healed":0.0,"max_hp_gain":5.0,"max_hp_loss":0.0,"gold_gain":0.0,"event_name":"Big Fish","player_choice":"Donut","floor":5.0,"gold_loss":0.0,"damage_taken":0.0},{"cards_removed":["Strike_P"],"damage_healed":0,"gold_gain":0,"player_choice":"Purged","damage_taken":0,"max_hp_gain":0,"max_hp_loss":0,"event_name":"Purifier","floor":10,"gold_loss":0}],"is_beta":false,"boss_relics":[],"items_purged_floors":[3],"is_endless":false,"potions_floor_spawned":[2,8],"killed_by":"3 Sentries","ascension_level":12}}