{"host":"i0nufhl6g9ryeroh","time":1610395405,"event":{"mods":["2.2 Compatiblity","Act Like it!","Aspiration","Bard","BaseMod","ChefMod","Conspire","Dark Map","Dota2Spire","Downfall","Elementarium","Fox Events","Friendly Minions","GifTheSpireLib","Gremlin Mod","Halation","Hallownest","Hermit","Hubris","Infinite Spire","Jedi Mod","Jorbs\u0027s Wanderer Trilogy","Kratos Character Expansion","Lobotomy","LobotomyExtend","Minty Spire (QoL Compilation)","Mirrors Mod","Pale of the Ancients","Poem Panic","Potionbrewer","QueenMod","Relic Stats","Replay The Spire","Robot Space Explorer","SIMod","Shop Mod","StSLib","Strawberry Spire","Stuff the Spire","The Blackbeard","The Blue Laboratory","The Bug Knight","The Construct","The Cursed","The Disciple","The Dragon Tamer","The Gatherer","The Hayseed","The Judge","The Jungle","The Marked","The Runesmith","The Sage","The Servant 0.9.4","The Showman","The Trickster","TheArtist","TheBandit","TheVacant","Thieving Mod","Useless Jewels Mod","Wandering Minibosses"],"gold_per_floor":[112,112,37,37,96,127,146,189,289,289,304,304,324,347,347,475,575,591,591,605,625,659,659,0,25,125,175,198,218,218,238,238,369,532,555,575,600,600,621,621,621,642,666,686,720,178,203,228,228,228,228],"floor_reached":50,"playtime":3135,"items_purged":["theVacant:VacantStarterDefend","theVacant:VacantStarterDefend"],"score":590,"play_id":"cae18158-c1ab-4a7e-b756-405a6df1eff2","local_time":"20210111230325","is_ascension_mode":false,"campfire_choices":[{"floor":10.0,"key":"REST"},{"data":"theVacant:BurdenBreak","floor":15.0,"key":"SMITH"},{"data":"theVacant:ShutAway","floor":23.0,"key":"SMITH"},{"data":"theVacant:Expand","floor":32.0,"key":"SMITH"},{"data":"theVacant:ShutAway","floor":40.0,"key":"SMITH"},{"data":"theVacant:VoidForm","floor":49,"key":"SMITH"}],"circlet_count":1,"master_deck":["theVacant:VacantStarterStrike","theVacant:VacantStarterStrike","theVacant:VacantStarterStrike","theVacant:VacantStarterDefend","theVacant:Release","theVacant:Crunch","theVacant:Fling+1","theVacant:ShutAway+1","theVacant:ShutAway+1","theVacant:Husk+1","theVacant:CursedBlast","theVacant:Barrage","theVacant:BurdenBreak+1","theVacant:Voidstone","theVacant:Cower","theVacant:ShutAway+1","theVacant:OnSecondThought","theVacant:Acceptance+1","theVacant:Expand+1","theVacant:VoidForm+1","theVacant:Gloom","theVacant:Gloom+1","theVacant:Cower+1","theVacant:Cower+1","Parasite"],"relics":["theVacant:BrassGoblet","Golden Idol","Circlet","Dota2Spire:MonkeyKingBar","jedi:Pinwheel","Onion Ring","hubris:VirtuousBlindfold","Elementarium:GoldenMirage","jedi:fakemustache","Lantern","Meat on the Bone","Elementarium:ElementariumTrophy","PreservedInsect","Strawberry","StuffTheSpire:OldFever","MerchantsRug"],"acts_visited":["Exordium","Elementarium:Elementarium","TheBeyond"],"potions_floor_usage":[50,50,50],"damage_taken":[{"damage":0.0,"enemies":"Small Slimes","floor":1.0,"turns":5.0},{"damage":4.0,"enemies":"Colosseum Slavers","floor":5.0,"turns":3.0},{"damage":24.0,"enemies":"Gremlin Nob","floor":6.0,"turns":5.0},{"damage":0.0,"enemies":"Jaw Worm","floor":7.0,"turns":2.0},{"damage":24.0,"enemies":"strawberrySpire:EnergyPylons","floor":8.0,"turns":5.0},{"damage":0.0,"enemies":"2 Louse","floor":11.0,"turns":1.0},{"damage":0.0,"enemies":"Red Slaver","floor":13.0,"turns":1.0},{"damage":0.0,"enemies":"Looter","floor":14.0,"turns":1.0},{"damage":17.0,"enemies":"Hexaghost","floor":16.0,"turns":8.0},{"damage":0.0,"enemies":"Elementarium:VoidCorruption","floor":18.0,"turns":3.0},{"damage":0.0,"enemies":"Elementarium:2_ELEMENTALS","floor":20.0,"turns":2.0},{"damage":9.0,"enemies":"Elementarium:VOID_CORRUPTION_AND_TAR_GOLEM","floor":21.0,"turns":3.0},{"damage":9.0,"enemies":"Elementarium:GOLDEN_STATUES","floor":22.0,"turns":3.0},{"damage":0.0,"enemies":"Elementarium:3_ELEMENTALS","floor":25.0,"turns":3.0},{"damage":2.0,"enemies":"Elementarium:STONE_GOLEMS","floor":28.0,"turns":2.0},{"damage":14.0,"enemies":"Elementarium:VoidBeast","floor":29.0,"turns":3.0},{"damage":7.0,"enemies":"Elementarium:CYCLONE_AND_LIVING_STORMCLOUD","floor":31.0,"turns":3.0},{"damage":65.0,"enemies":"Elementarium:GoldenDragon","floor":33.0,"turns":10.0},{"damage":33.0,"enemies":"3 Shapes","floor":35.0,"turns":2.0},{"damage":13.0,"enemies":"Orb Walker","floor":36.0,"turns":3.0},{"damage":74.0,"enemies":"Writhing Mass","floor":37.0,"turns":6.0},{"damage":9.0,"enemies":"3 Darklings","floor":39.0,"turns":4.0},{"damage":36,"enemies":"4 Shapes","floor":42,"turns":3},{"damage":4,"enemies":"Jaw Worm Horde","floor":44,"turns":5},{"damage":9,"enemies":"Reptomancer","floor":45,"turns":3},{"damage":23,"enemies":"Writhing Mass","floor":47,"turns":5},{"damage":9,"enemies":"Maw","floor":48,"turns":7},{"damage":54,"enemies":"MirrorBossEncounter","floor":50,"turns":6}],"seed_played":"-3862127922886246179","potions_obtained":[{"floor":1.0,"key":"Strength Potion"},{"floor":7.0,"key":"blueLaboratory:LouseDecoction"},{"floor":16.0,"key":"blueLaboratory:AbyssPotion"},{"floor":18.0,"key":"conspire:TimeTravelPotion"},{"floor":21.0,"key":"blueLaboratory:FrostheartPotion"},{"floor":25.0,"key":"blueLaboratory:FruitPreserves"},{"floor":31.0,"key":"blueLaboratory:BottleOfVodka"},{"floor":34.0,"key":"Cursed Concoction"},{"floor":35.0,"key":"potionbrewer:AcidPotion"},{"floor":47,"key":"blueLaboratory:HummingbirdPotion"},{"floor":48,"key":"blueLaboratory:AbyssPotion"}],"is_trial":false,"path_per_floor":["M","?","$","?","?","E","M","E","T","R","M","?","M","M","R","B",null,"M","?","M","M","?","R","?","M","T","?","M","M","?","M","R","B",null,"M","M","M","?","M","R","?","M","T","M","E","$","M","M","R","B"],"character_chosen":"THE_VACANT","items_purchased":["StuffTheSpire:OldFever","strawberrySpire:CharschorBlot","MerchantsRug"],"campfire_rested":1,"item_purchase_floors":[46,46,46],"current_hp_per_floor":[80,60,60,60,56,32,32,8,8,32,32,32,32,32,32,15,80,80,80,80,71,62,62,72,72,72,72,70,56,40,45,45,14,88,58,48,29,39,42,42,42,18,18,29,39,59,51,54,54,0,0],"gold":228,"neow_bonus":"REMOVE_CARD","is_daily":false,"chose_seed":false,"campfire_upgraded":5,"win_rate":0.0,"timestamp":1610395405,"path_taken":["M","?","$","?","?","E","?","E","T","R","M","?","?","M","R","BOSS","M","?","M","M","?","R","?","?","T","?","M","M","?","M","R","BOSS","M","M","M","?","M","R","?","M","T","M","E","$","?","?","R","BOSS"],"items_purchased_type":["Relic","Relic","Relic"],"build_version":"2020-12-22","purchased_purges":2,"victory":false,"max_hp_per_floor":[80,80,80,80,80,80,80,80,80,80,80,80,80,80,80,80,80,80,80,80,80,80,80,80,80,80,80,80,80,80,80,80,83,88,91,94,97,97,97,97,97,97,97,100,107,107,110,110,110,110,110],"relic_stats":{"counters":[28,107],"Golden Idol":186,"PreservedInsect":58,"obtain_stats":[{"MerchantsRug":46,"Lantern":26,"theVacant:BrassGoblet":0,"Tiny House":34,"Golden Idol":2,"hubris:VirtuousBlindfold":17,"Circlet":0,"PreservedInsect":43,"jedi:Pinwheel":8,"halation:StarCompass":19,"Elementarium:GoldenMirage":22,"jedi:fakemustache":24,"Elementarium:ElementariumTrophy":33,"Strawberry":45,"Onion Ring":9,"strawberrySpire:CharschorBlot":46,"foxEvents:LuckyCharm":5,"jedi:command_shop":24,"Dota2Spire:MonkeyKingBar":6,"StuffTheSpire:OldFever":46,"Meat on the Bone":30},{"MerchantsRug":25,"Lantern":14,"theVacant:BrassGoblet":0,"Tiny House":18,"Golden Idol":1,"hubris:VirtuousBlindfold":9,"Circlet":0,"PreservedInsect":23,"jedi:Pinwheel":5,"halation:StarCompass":10,"Elementarium:GoldenMirage":13,"jedi:fakemustache":13,"Elementarium:ElementariumTrophy":18,"Strawberry":25,"Onion Ring":5,"strawberrySpire:CharschorBlot":25,"foxEvents:LuckyCharm":2,"jedi:command_shop":13,"Dota2Spire:MonkeyKingBar":3,"StuffTheSpire:OldFever":25,"Meat on the Bone":16},{"MerchantsRug":89,"Lantern":45,"theVacant:BrassGoblet":0,"Tiny House":63,"Golden Idol":5,"hubris:VirtuousBlindfold":31,"Circlet":0,"PreservedInsect":81,"jedi:Pinwheel":20,"halation:StarCompass":34,"Elementarium:GoldenMirage":42,"jedi:fakemustache":42,"Elementarium:ElementariumTrophy":63,"Strawberry":89,"Onion Ring":20,"strawberrySpire:CharschorBlot":89,"foxEvents:LuckyCharm":8,"jedi:command_shop":42,"Dota2Spire:MonkeyKingBar":13,"StuffTheSpire:OldFever":89,"Meat on the Bone":50}],"Meat on the Bone":108},"card_choices":[{"not_picked":["theVacant:Spinshield","theVacant:Enrage"],"picked":"theVacant:Fling","floor":1.0},{"not_picked":["theVacant:CursedBlast","theVacant:Return"],"picked":"theVacant:ShutAway","floor":5.0},{"not_picked":["theVacant:Return","theVacant:Unearth"],"picked":"theVacant:ShutAway","floor":6.0},{"not_picked":["theVacant:GraveWave","theVacant:Sneeze"],"picked":"theVacant:Husk","floor":7.0},{"not_picked":["theVacant:ShriekingBlast","theVacant:Spinshield"],"picked":"theVacant:CursedBlast","floor":8.0},{"not_picked":["theVacant:Yeet","theVacant:EyePoke"],"picked":"theVacant:Barrage","floor":11.0},{"not_picked":["theVacant:Spinshield","theVacant:Cower"],"picked":"theVacant:BurdenBreak","floor":13.0},{"not_picked":["theVacant:Fortify","theVacant:EmbraceDarkness","theVacant:GraveDigger"],"picked":"SKIP","floor":14.0},{"not_picked":["theVacant:FiendFrost","theVacant:Rejection"],"picked":"theVacant:Voidstone","floor":16.0},{"not_picked":["theVacant:Carve","theVacant:EyePoke+1"],"picked":"theVacant:Cower","floor":18.0},{"not_picked":["theVacant:CursedBlast+1","theVacant:LichStrike"],"picked":"theVacant:ShutAway","floor":20.0},{"not_picked":["theVacant:LichStrike","theVacant:EmptyShield+1","theVacant:Thoughtseize"],"picked":"SKIP","floor":21.0},{"not_picked":["theVacant:Fling","theVacant:Spinshield+1"],"picked":"theVacant:OnSecondThought","floor":25.0},{"not_picked":["theVacant:Enrage+1","theVacant:Fling","theVacant:GraveWave"],"picked":"SKIP","floor":28.0},{"not_picked":["theVacant:Thoughtseize+1","theVacant:Barrage"],"picked":"theVacant:Acceptance","floor":29.0},{"not_picked":["theVacant:HolyWater","theVacant:ShriekingBlast+1"],"picked":"theVacant:Expand","floor":31.0},{"not_picked":["theVacant:TheAnvil","theVacant:WhenDarknessComes"],"picked":"theVacant:VoidForm","floor":33.0},{"not_picked":["theVacant:FranticBlow+1","theVacant:FromNothing","theVacant:Thoughtseize"],"picked":"SKIP","floor":35.0},{"not_picked":["theVacant:Cower+1","theVacant:GraveDigger+1"],"picked":"theVacant:Gloom","floor":36.0},{"not_picked":["theVacant:PitOfDespair+1","theVacant:Whip+1","theVacant:CursedBlast+1"],"picked":"SKIP","floor":37.0},{"not_picked":["theVacant:GraveDigger+1","theVacant:ReaperStrike"],"picked":"theVacant:Gloom+1","floor":39.0},{"not_picked":["theVacant:SpiritOrb","theVacant:Acceptance","theVacant:CursedBlast+1"],"picked":"SKIP","floor":42},{"not_picked":["theVacant:Acceptance","theVacant:Fling+1"],"picked":"theVacant:Cower+1","floor":44},{"not_picked":["theVacant:OnSecondThought+1","theVacant:EyePoke+1","theVacant:DeathSpiral"],"picked":"SKIP","floor":45},{"not_picked":["theVacant:ShriekingBlast+1","theVacant:OnSecondThought+1","theVacant:Unearth"],"picked":"SKIP","floor":47},{"not_picked":["theVacant:Barrage+1","theVacant:CursedBlast+1","theVacant:Cower"],"picked":"SKIP","floor":48}],"player_experience":468210,"relics_obtained":[{"floor":5.0,"key":"foxEvents:LuckyCharm"},{"floor":6.0,"key":"Dota2Spire:MonkeyKingBar"},{"floor":8.0,"key":"jedi:Pinwheel"},{"floor":9.0,"key":"Onion Ring"},{"floor":22.0,"key":"Elementarium:GoldenMirage"},{"floor":26.0,"key":"Lantern"},{"floor":43,"key":"PreservedInsect"},{"floor":45,"key":"Strawberry"}],"event_choices":[{"damage_healed":0.0,"max_hp_gain":0.0,"max_hp_loss":0.0,"gold_gain":0.0,"event_name":"Golden Idol","player_choice":"Take Damage","floor":2.0,"gold_loss":0.0,"damage_taken":20.0,"relics_obtained":["Golden Idol"]},{"damage_healed":0.0,"max_hp_gain":0.0,"max_hp_loss":0.0,"gold_gain":0.0,"event_name":"Upgrade Shrine","player_choice":"Upgraded","floor":12.0,"gold_loss":0.0,"damage_taken":0.0,"cards_upgraded":["theVacant:Husk"]},{"damage_healed":0.0,"max_hp_gain":0.0,"max_hp_loss":0.0,"gold_gain":0.0,"event_name":"Elementarium:GoldenStatues","player_choice":"Fight","floor":22.0,"gold_loss":0.0,"damage_taken":0.0},{"damage_healed":0.0,"max_hp_gain":0.0,"max_hp_loss":0.0,"gold_gain":50.0,"event_name":"Elementarium:StickySituation","player_choice":"Take","floor":27.0,"gold_loss":0.0,"damage_taken":0.0},{"damage_healed":0.0,"max_hp_gain":0.0,"max_hp_loss":0.0,"gold_gain":0.0,"event_name":"Elementarium:ShatteredPortal","player_choice":"Blood","floor":30.0,"gold_loss":0.0,"damage_taken":16.0,"relics_obtained":["Meat on the Bone"]},{"damage_healed":0.0,"max_hp_gain":0.0,"max_hp_loss":0.0,"gold_gain":0.0,"event_name":"Upgrade Shrine","player_choice":"Upgraded","floor":41.0,"gold_loss":0.0,"damage_taken":0.0,"cards_upgraded":["theVacant:ShutAway"]}],"is_beta":false,"boss_relics":[{"not_picked":["StuffTheSpire:RunicConfusion","halation:MonkeysPaw"],"picked":"hubris:VirtuousBlindfold"},{"not_picked":["Runic Dome","halation:PlatinumPhoenix"],"picked":"Tiny House"}],"items_purged_floors":[3,46],"is_endless":false,"potions_floor_spawned":[1,7,16,18,21,22,25,31,35,36,47,48],"killed_by":"MirrorBossEncounter","ascension_level":0}}