{"host":"dn6kke80v5f7isus","time":1610394421,"event":{"mods":["AchievementEnabler","Act Like it!","BaseMod","Colored Powertips","Custom Start","Defuse TimeMaze Blight","Downfall","Duelist Mod","Gremlin Skip","Highlight Path","Hubris","Infinite Spire","Minty Spire (QoL Compilation)","Rare Cards Sparkle","Replay The Spire","StSLib","Uncapped"],"gold_per_floor":[139,158,158,8175,8175,8204,8204,8221,8246,8271,8236,8261,8275,8308,8308,8405,8405,8425,8466,8466,8466,7838,7871,7871,7904,7904,7920,7272,7272,7272,7289,7289,7385,7385,7398,7398,7445,7493,6943,6975,6975,6534,6561,6574,6574,6600,6600,6600,6600,6701,6701,6701,6701],"floor_reached":52,"playtime":2387,"items_purged":["theDuelist:Sparks","Pot Of Greed"],"score":1204,"play_id":"6d78da2e-2746-4868-bceb-1c55ce08886f","local_time":"20210111144700","is_ascension_mode":true,"campfire_choices":[{"data":"theDuelist:BloodSparks","floor":7.0,"key":"SMITH"},{"floor":15.0,"key":"REST"},{"data":"theDuelist:Parasite","floor":29,"key":"SMITH"},{"floor":32,"key":"REST"},{"floor":41,"key":"REST"},{"floor":45,"key":"REST"},{"data":"Pot Of Greed","floor":47,"key":"SMITH"}],"circlet_count":0,"master_deck":["theDuelist:CrossSwordBeetle","theDuelist:EmpressMantis","theDuelist:InsectKnight","theDuelist:RazorLizard","theDuelist:RazorLizard+1","theDuelist:BeakedSnake","theDuelist:BeakedSnake","theDuelist:Parasite+1","theDuelist:DrillBug","theDuelist:BlockSpider+1","Pot Of Greed+1","theDuelist:BiteBug","Injury","Languid","Replay:Hysterical Blindness"],"relics":["theDuelist:MillenniumPuzzle","theDuelist:CardPoolRelic","theDuelist:CardPoolBasicRelic","theDuelist:BoosterPackPoolRelic","theDuelist:CardPoolAddRelic","theDuelist:CardPoolMinusRelic","theDuelist:CardPoolSaveRelic","theDuelist:CardPoolOptionsRelic","Pantograph","infinitespire:Bottled Soul","ReplayTheSpireMod:TigerMarble","hubris:Reverence","Odd Mushroom","Replay:Wax Seal","StrikeDummy","Tiny Chest","theDuelist:BoosterPackHealer","theDuelist:TrapVortex","Charon\u0027s Ashes","Ancient Tea Set","theDuelist:GiftAnubis","Juzu Bracelet","hubris:SoftwareUpdate","Strange Spoon","hubris:ScarierMask","Grinning Jar","Tough Bandages","ReplayTheSpireMod:Lightbulb","Replay:Bottled Snecko","hubris:BallOfYels","theDuelist:Spellheart","Chameleon Ring","infinitespire:Golems Mask","Oddly Smooth Stone","theDuelist:DuelistTeaSet","WingedGreaves","hubris:Icosahedron","Replay:Ancient Bell","Blood Vial","Iron Hammer","hubris:64BitClover"],"acts_visited":["Exordium","TheCity","TheBeyond","Exordium"],"potions_floor_usage":[37,40,50,50],"damage_taken":[{"damage":1.0,"enemies":"Cultist","floor":1.0,"turns":4.0},{"damage":1.0,"enemies":"2 Louse","floor":2.0,"turns":3.0},{"damage":0.0,"enemies":"Small Slimes","floor":4.0,"turns":3.0},{"damage":28.0,"enemies":"Gremlin Nob","floor":6.0,"turns":5.0},{"damage":8.0,"enemies":"Blue Slaver","floor":8.0,"turns":5.0},{"damage":26.0,"enemies":"Lagavulin","floor":10.0,"turns":5.0},{"damage":44.0,"enemies":"The Mushroom Lair","floor":12.0,"turns":7.0},{"damage":5.0,"enemies":"2 Fungi Beasts","floor":13.0,"turns":4.0},{"damage":20.0,"enemies":"Gremlin Nob","floor":14.0,"turns":4.0},{"damage":113.0,"enemies":"Fading Forest","floor":16.0,"turns":11.0},{"damage":49.0,"enemies":"Chosen","floor":18.0,"turns":8.0},{"damage":83.0,"enemies":"Slavers","floor":23.0,"turns":10.0},{"damage":0.0,"enemies":"2 Thieves","floor":24.0,"turns":1.0},{"damage":21.0,"enemies":"Nightmare","floor":25.0,"turns":8.0},{"damage":52,"enemies":"3 Cultists","floor":27,"turns":6},{"damage":32,"enemies":"Snake Plant","floor":31,"turns":5},{"damage":100,"enemies":"Champ","floor":33,"turns":14},{"damage":55,"enemies":"Orb Walker","floor":35,"turns":5},{"damage":17,"enemies":"2 Orb Walkers","floor":37,"turns":3},{"damage":121,"enemies":"Reptomancer","floor":40,"turns":7},{"damage":0,"enemies":"3 Darklings","floor":44,"turns":6},{"damage":20,"enemies":"Giant Head","floor":46,"turns":8},{"damage":131,"enemies":"Awakened One","floor":50,"turns":16},{"damage":0,"enemies":"Cultist","floor":52,"turns":1}],"seed_played":"4195812287311654855","potions_obtained":[{"floor":0.0,"key":"theDuelist:ExtraOrbsBottle"},{"floor":0.0,"key":"Flashbang"},{"floor":6.0,"key":"SkillPotion"},{"floor":8.0,"key":"hexamod:EctoCoolerPotion"},{"floor":10.0,"key":"GamblersBrew"},{"floor":16.0,"key":"SteroidPotion"},{"floor":19.0,"key":"SmokeBomb"},{"floor":31,"key":"Dexterity Potion"},{"floor":33,"key":"theDuelist:BurningPotion"},{"floor":40,"key":"Block Potion"},{"floor":46,"key":"theDuelist:TokenPotionB"}],"is_trial":false,"path_per_floor":["M","M","?","M","T","E","R","M","T","E","?","?","M","E","R","B",null,"M","?","?","T","$","E","M","NM","T","M","$","R","?","M","R","B",null,"M","AVR","?","T","$","E","R","$","T","M","R","E","R","?","R","B",null,"M"],"character_chosen":"THE_DUELIST","items_purchased":["Tiny Chest","theDuelist:BoosterPackHealer","theDuelist:TrapVortex","theDuelist:Parasite","Juzu Bracelet","hubris:SoftwareUpdate","Strange Spoon","theDuelist:BlockSpider+1","Replay:Bottled Snecko","hubris:BallOfYels","theDuelist:Spellheart","infinitespire:Golems Mask","Oddly Smooth Stone"],"campfire_rested":4,"item_purchase_floors":[22,22,22,22,28,28,28,28,39,39,39,42,42],"current_hp_per_floor":[75,78,78,182,182,158,158,154,154,132,183,143,142,126,190,126,194,145,145,145,145,145,66,66,49,49,176,176,176,176,148,216,128,203,148,148,135,135,143,22,94,94,94,94,166,150,150,150,222,109,207,209,209],"gold":6701,"neow_bonus":"THREE_SMALL_POTIONS","is_daily":false,"chose_seed":false,"campfire_upgraded":3,"win_rate":0.0,"timestamp":1610394420,"path_taken":["M","?","?","M","?","E","R","?","T","E","?","?","M","E","R","BOSS","M","?","?","?","$","E","M","NM","T","M","?","R","?","M","R","BOSS","M","AVR","?","?","$","E","R","$","T","M","R","E","R","?","R","BOSS","M"],"items_purchased_type":["Relic","Relic","Relic","Card","Relic","Relic","Relic","Card","Relic","Relic","Relic","Relic","Relic"],"build_version":"2020-12-22","purchased_purges":2,"victory":false,"max_hp_per_floor":[84,88,88,192,192,196,196,200,200,204,204,208,212,216,216,216,216,216,216,216,216,216,220,220,220,220,224,224,224,224,228,228,228,228,228,228,232,232,240,240,240,240,240,240,240,240,240,240,240,240,240,240,240],"card_choices":[{"not_picked":["theDuelist:ArmoredBee","theDuelist:ReptiliannePoison","theDuelist:TornadoDragon","theDuelist:SpiderWeb","theDuelist:BasicInsect"],"picked":"SKIP","floor":1.0},{"not_picked":["theDuelist:NeoBug","theDuelist:AtomicFirefly","theDuelist:JiraiGumo","theDuelist:ReptiliannePoison","theDuelist:BugEmergency"],"picked":"SKIP","floor":2.0},{"not_picked":["theDuelist:DragonDowser","theDuelist:SpiderWeb","theDuelist:Gagagigo","theDuelist:ManEaterBug"],"picked":"theDuelist:BeakedSnake","floor":4.0},{"not_picked":["theDuelist:WallThorns","theDuelist:MetamorphInsectQueen","theDuelist:InsectQueen","theDuelist:IgnisHeat","theDuelist:GigaCricket"],"picked":"SKIP","floor":6.0},{"not_picked":["theDuelist:Grasschopper","theDuelist:DestructionCyclone","theDuelist:PoseidonBeetle","theDuelist:MetamorphInsectQueen","theDuelist:DarkBug"],"picked":"SKIP","floor":8.0},{"not_picked":["theDuelist:Forest","theDuelist:CorrosiveScales","theDuelist:BugMatrix","theDuelist:Anteater"],"picked":"SKIP","floor":10.0},{"not_picked":["theDuelist:InsectKnight","theDuelist:EmpressMantis","theDuelist:RazorLizard","theDuelist:GroundSpider"],"picked":"theDuelist:BeakedSnake","floor":13.0},{"not_picked":["theDuelist:DarklordSuperbia","theDuelist:RainbowBridge","theDuelist:Sangan","theDuelist:HeavyStorm","theDuelist:Reload"],"picked":"SKIP","floor":14.0},{"not_picked":["theDuelist:CrossSwordBeetle","theDuelist:ArmoredBee+1","theDuelist:Invigoration+1","theDuelist:BugEmergency","theDuelist:Aztekipede"],"picked":"SKIP","floor":18.0},{"not_picked":["theDuelist:JiraiGumo","theDuelist:HunterSpider","theDuelist:EmpressMantis","theDuelist:DragonDowser"],"picked":"theDuelist:DrillBug","floor":23.0},{"not_picked":["theDuelist:HerculesBeetle","theDuelist:BeakedSnake","theDuelist:CocoonEvolution","theDuelist:CobraJar","theDuelist:BigInsect"],"picked":"SKIP","floor":25.0},{"not_picked":["theDuelist:UndergroundArachnid","theDuelist:BlazewingButterfly","theDuelist:BeakedSnake"],"picked":"SKIP","floor":27},{"not_picked":["theDuelist:JiraiGumo","theDuelist:InsectKnight","theDuelist:CrossSwordBeetle+1","theDuelist:BeeListSoldier","theDuelist:BiteBug"],"picked":"SKIP","floor":31},{"not_picked":["theDuelist:HowlingInsect+1","theDuelist:PoisonousWinds+1","theDuelist:LinkSpider","theDuelist:MillenniumScorpion+1","theDuelist:PoisonousMayakashi+1"],"picked":"SKIP","floor":35},{"not_picked":["theDuelist:JiraiGumo+1","theDuelist:FirestormProminence+1","theDuelist:BeeListSoldier","theDuelist:Suanni"],"picked":"theDuelist:BiteBug","floor":37},{"not_picked":["theDuelist:Parasite+1","theDuelist:CorrosiveScales","theDuelist:BugMatrix+1","theDuelist:Anteater"],"picked":"SKIP","floor":40},{"not_picked":["theDuelist:EarthquakeGiant","theDuelist:HaneHane+1","theDuelist:BigKoala","theDuelist:LightningVortex+1","theDuelist:HarpieFeather+1"],"picked":"SKIP","floor":44},{"not_picked":["theDuelist:EarthquakeGiant","theDuelist:Fissure+1","theDuelist:LightningVortex+1","theDuelist:ForbiddenLance+1","theDuelist:Mudora+1"],"picked":"SKIP","floor":46},{"not_picked":["hubris:Gluttony","Shame"],"picked":"Injury","floor":51},{"not_picked":["theDuelist:DuelistAscender","Voices"],"picked":"Languid","floor":51},{"not_picked":["ReplayTheSpireMod:Restless Dread","Delirium"],"picked":"Replay:Hysterical Blindness","floor":51}],"player_experience":588970,"relics_obtained":[{"floor":5.0,"key":"Pantograph"},{"floor":6.0,"key":"infinitespire:Bottled Soul"},{"floor":9.0,"key":"ReplayTheSpireMod:TigerMarble"},{"floor":10.0,"key":"hubris:Reverence"},{"floor":12.0,"key":"Odd Mushroom"},{"floor":14.0,"key":"Replay:Wax Seal"},{"floor":21.0,"key":"StrikeDummy"},{"floor":23.0,"key":"Charon\u0027s Ashes"},{"floor":25.0,"key":"Ancient Tea Set"},{"floor":26.0,"key":"theDuelist:GiftAnubis"},{"floor":37,"key":"Tough Bandages"},{"floor":38,"key":"ReplayTheSpireMod:Lightbulb"},{"floor":40,"key":"Chameleon Ring"},{"floor":43,"key":"theDuelist:DuelistTeaSet"},{"floor":46,"key":"WingedGreaves"}],"event_choices":[{"damage_healed":0.0,"max_hp_gain":0.0,"max_hp_loss":0.0,"gold_gain":0.0,"event_name":"The Woman in Blue","player_choice":"Bought 0 Potions","floor":3.0,"gold_loss":0.0,"damage_taken":0.0},{"damage_healed":51.0,"max_hp_gain":0.0,"max_hp_loss":0.0,"gold_gain":0.0,"event_name":"The Cleric","player_choice":"Healed","floor":11.0,"gold_loss":35.0,"damage_taken":0.0},{"damage_healed":0.0,"max_hp_gain":0.0,"max_hp_loss":0.0,"gold_gain":0.0,"event_name":"Mushrooms","player_choice":"Fought Mushrooms","floor":12.0,"gold_loss":0.0,"damage_taken":0.0},{"damage_healed":0,"gold_gain":0,"player_choice":"Leave","duelist":true,"damage_taken":0,"max_hp_gain":0,"max_hp_loss":0,"event_name":"Relic Duplicator","floor":30,"gold_loss":0},{"damage_healed":0,"gold_gain":0,"player_choice":"Fight","damage_taken":0,"max_hp_gain":0,"max_hp_loss":0,"event_name":"Mysterious Sphere","floor":37,"gold_loss":0}],"is_beta":false,"boss_relics":[{"not_picked":["hubris:VirtuousBlindfold","Fusion Hammer","infinitespire:Cupcake"]},{"not_picked":["Replay:Drink Me","infinitespire:Burning Sword"],"picked":"hubris:ScarierMask"},{"not_picked":["Replay:Bronze Core","theDuelist:ElectricKey"],"picked":"Replay:Ancient Bell"},{"not_picked":["Dream Catcher","MawBank"],"picked":"Blood Vial"},{"not_picked":["infinitespire:Midas Blood","hubris:MysteriousPyramids"],"picked":"Iron Hammer"},{"not_picked":["Prayer Wheel","Peace Pipe"],"picked":"hubris:64BitClover"}],"items_purged_floors":[28,36],"is_endless":true,"potions_floor_spawned":[4,6,8,10,16,23,31,33,40,46],"killed_by":"Cultist","ascension_level":11}}