{"host":"qy1e0kd24tpj3i2m","time":1610398892,"event":{"mods":["Act Like it!","Alarm Clock","BaseMod","Better Skull","Better Vampires","Colored Map","Colored Powertips","Custom Start","Faster Ascension Climbing","Friendly Minions","GifTheSpireLib","Gremlin Skip","Highlight Path","Minty Spire (QoL Compilation)","Permanent Neow","Quick Restart","Red Circlet Mod","Relic Sorter","Reorder Act Four","SacredBarkPlus","Shop Mod","StSLib","SuperFastMode","Transform Curses","没有小屋子和绿帽子啦"],"gold_per_floor":[115,265,289,4,14,14,14,14,38,52,67,67,100,116,116,191,191,202,202,221,136,61,61,86,98,110,152,178,190,202,248,260,348,360,392,454,466,496,526,538,54,54,79,79,22,22,42,42,42,42,42,42],"floor_reached":51,"playtime":1532,"items_purged":["Strike_R","Defend_R"],"score":1348,"play_id":"12e427ca-bbdd-4528-b77c-c0fcd8ede62e","local_time":"20210112060132","is_ascension_mode":true,"campfire_choices":[{"data":"Whirlwind","floor":6.0,"key":"SMITH"},{"data":"Bloodletting","floor":8.0,"key":"SMITH"},{"data":"Bludgeon","floor":12.0,"key":"SMITH"},{"data":"Fire Breathing","floor":15.0,"key":"SMITH"},{"data":"Metallicize","floor":23.0,"key":"SMITH"},{"data":"Evolve","floor":25.0,"key":"SMITH"},{"data":"Seeing Red","floor":30.0,"key":"SMITH"},{"data":"Body Slam","floor":32.0,"key":"SMITH"},{"data":"Pummel","floor":40.0,"key":"SMITH"},{"floor":42.0,"key":"RECALL"},{"data":"Sentinel","floor":44.0,"key":"SMITH"},{"data":"Rage","floor":49.0,"key":"SMITH"}],"circlet_count":0,"master_deck":["AscendersBane","Defend_R+1","Defend_R","Whirlwind+1","Impervious","Shrug It Off","Bloodletting+1","Metallicize+1","Bludgeon+1","Thunderclap","Fire Breathing+1","Reaper","Flex+1","Pommel Strike+1","Blood for Blood+1","Evolve+1","True Grit+1","Evolve+1","Seeing Red+1","Iron Wave+1","Pummel+1","Body Slam+1","Impervious","Sentinel+1","Sentinel","Madness","Madness+1","Thunderclap","Rage+1"],"relics":["Burning Blood","Bronze Scales","Shuriken","Akabeko","PreservedInsect","Pen Nib","Oddly Smooth Stone","Regal Pillow","Paper Frog","Philosopher\u0027s Stone","Lizard Tail","MerchantsRug","ClockworkSouvenir","Bag of Preparation","Vajra","War Paint"],"acts_visited":["Exordium","TheCity","TheBeyond"],"potions_floor_usage":[],"damage_taken":[{"damage":7.0,"enemies":"Cultist","floor":1.0,"turns":5.0},{"damage":0.0,"enemies":"Jaw Worm","floor":5.0,"turns":5.0},{"damage":0.0,"enemies":"Small Slimes","floor":10.0,"turns":1.0},{"damage":3.0,"enemies":"Blue Slaver","floor":11.0,"turns":4.0},{"damage":8.0,"enemies":"Gremlin Nob","floor":13.0,"turns":3.0},{"damage":8.0,"enemies":"Exordium Wildlife","floor":14.0,"turns":4.0},{"damage":23.0,"enemies":"Hexaghost","floor":16.0,"turns":9.0},{"damage":6.0,"enemies":"3 Byrds","floor":18.0,"turns":2.0},{"damage":10.0,"enemies":"2 Thieves","floor":20.0,"turns":2.0},{"damage":29.0,"enemies":"Book of Stabbing","floor":24.0,"turns":4.0},{"damage":29.0,"enemies":"Gremlin Leader","floor":27.0,"turns":4.0},{"damage":3.0,"enemies":"Sentry and Sphere","floor":28.0,"turns":3.0},{"damage":6.0,"enemies":"Slavers","floor":31.0,"turns":5.0},{"damage":52.0,"enemies":"Champ","floor":33.0,"turns":10.0},{"damage":0.0,"enemies":"3 Shapes","floor":35.0,"turns":3.0},{"damage":0.0,"enemies":"2 Orb Walkers","floor":36.0,"turns":1.0},{"damage":7.0,"enemies":"Orb Walker","floor":38.0,"turns":4.0},{"damage":24.0,"enemies":"4 Shapes","floor":39.0,"turns":5.0},{"damage":19.0,"enemies":"Maw","floor":47.0,"turns":6.0},{"damage":107.0,"enemies":"Time Eater","floor":50.0,"turns":10.0},{"damage":63,"enemies":"Awakened One","floor":51,"turns":3}],"seed_played":"-6358556243678387095","potions_obtained":[{"floor":5.0,"key":"SpeedPotion"},{"floor":11.0,"key":"Strength Potion"},{"floor":13.0,"key":"BlessingOfTheForge"},{"floor":27.0,"key":"SkillPotion"},{"floor":31.0,"key":"SneckoOil"},{"floor":35.0,"key":"FearPotion"},{"floor":36.0,"key":"SpeedPotion"},{"floor":39.0,"key":"EssenceOfSteel"}],"is_trial":false,"path_per_floor":["M","?","T","$","M","R","$","R","T","M","M","R","E","M","R","B",null,"M","?","M","?","$","R","E","R","T","E","M","?","R","E","R","B",null,"M","?","?","M","M","R","$","R","T","R","?","$","M","?","R","B","B"],"character_chosen":"IRONCLAD","items_purchased":["Shuriken","MerchantsRug","ClockworkSouvenir","Fruit Juice","Bag of Preparation"],"campfire_rested":0,"item_purchase_floors":[4,41,41,41,41],"current_hp_per_floor":[49,49,49,49,55,55,55,55,55,61,64,64,62,60,60,43,67,67,32,54,54,54,54,35,35,35,52,55,55,55,61,61,15,60,66,72,58,69,78,78,78,78,78,78,78,78,72,72,72,45,0,0],"gold":42,"neow_bonus":"TRANSFORM_TWO_CARDS","is_daily":false,"chose_seed":false,"campfire_upgraded":11,"win_rate":0.0,"timestamp":1610398892,"path_taken":["M","?","?","$","M","R","?","R","T","?","M","R","E","M","R","BOSS","M","?","?","?","?","R","E","R","T","E","M","?","R","E","R","BOSS","M","?","?","?","M","R","$","R","T","R","?","?","?","?","R","BOSS","BOSS"],"items_purchased_type":["Relic","Relic","Relic","Potion","Relic"],"build_version":"2020-12-22","purchased_purges":2,"victory":false,"max_hp_per_floor":[75,75,75,75,75,75,75,75,75,75,75,75,75,75,75,75,75,75,75,75,75,75,75,75,75,75,75,75,75,75,75,75,75,75,75,75,75,75,78,78,78,78,78,78,78,78,78,78,78,78,78,78],"card_choices":[{"not_picked":["Iron Wave","Flex"],"picked":"Shrug It Off","floor":1.0},{"not_picked":["Combust","Cleave"],"picked":"Bloodletting","floor":5.0},{"not_picked":["Headbutt","Anger"],"picked":"Metallicize","floor":10.0},{"not_picked":["Twin Strike","Disarm"],"picked":"Bludgeon","floor":11.0},{"not_picked":["Twin Strike","Pommel Strike"],"picked":"Thunderclap","floor":13.0},{"not_picked":["Headbutt","Flex"],"picked":"Fire Breathing","floor":14.0},{"not_picked":["Immolate","Bludgeon"],"picked":"Reaper","floor":16.0},{"not_picked":["True Grit","Sever Soul"],"picked":"Evolve","floor":18.0},{"not_picked":["Entrench","Sword Boomerang"],"picked":"True Grit+1","floor":20.0},{"not_picked":["Pummel","Flex"],"picked":"Evolve+1","floor":24.0},{"not_picked":["Disarm","Heavy Blade"],"picked":"Seeing Red","floor":27.0},{"not_picked":["Ghostly Armor","Clash+1"],"picked":"Iron Wave+1","floor":28.0},{"not_picked":["Searing Blow","Flex"],"picked":"Body Slam","floor":31.0},{"not_picked":["Reaper","Double Tap"],"picked":"Impervious","floor":33.0},{"not_picked":["Perfected Strike","Warcry"],"picked":"Sentinel","floor":35.0},{"not_picked":["Metallicize","Clothesline"],"picked":"Sentinel","floor":36.0},{"not_picked":["Second Wind+1","Cleave"],"picked":"Thunderclap","floor":38.0},{"not_picked":["Second Wind","Clash","Flex"],"picked":"SKIP","floor":39.0},{"not_picked":["Clash","Sword Boomerang+1"],"picked":"Rage","floor":47.0}],"player_experience":896771,"relics_obtained":[{"floor":3.0,"key":"Bronze Scales"},{"floor":9.0,"key":"Akabeko"},{"floor":13.0,"key":"PreservedInsect"},{"floor":24.0,"key":"MawBank"},{"floor":27.0,"key":"Paper Frog"},{"floor":31.0,"key":"StrikeDummy"},{"floor":36.0,"key":"Lizard Tail"},{"floor":43.0,"key":"Vajra"}],"event_choices":[{"damage_healed":0.0,"max_hp_gain":0.0,"max_hp_loss":0.0,"gold_gain":150.0,"event_name":"Liars Game","player_choice":"AGREE","floor":2.0,"gold_loss":0.0,"damage_taken":0.0,"cards_obtained":["Doubt"]},{"damage_healed":0.0,"max_hp_gain":0.0,"max_hp_loss":0.0,"gold_gain":0.0,"event_name":"betterSkull:BetterSkull","player_choice":"RE RE ","floor":19.0,"gold_loss":0.0,"damage_taken":39.0,"cards_upgraded":[],"relics_obtained":["Pen Nib","Oddly Smooth Stone"]},{"damage_healed":0.0,"max_hp_gain":0.0,"max_hp_loss":0.0,"gold_gain":0.0,"event_name":"Addict","player_choice":"Obtained Relic","floor":21.0,"gold_loss":85.0,"damage_taken":0.0,"relics_obtained":["Regal Pillow"]},{"damage_healed":0.0,"max_hp_gain":0.0,"max_hp_loss":0.0,"gold_gain":0.0,"cards_transformed":["Strike_R","Strike_R"],"event_name":"Drug Dealer","player_choice":"Became Test Subject","floor":29.0,"gold_loss":0.0,"damage_taken":0.0,"cards_obtained":["Feed","Pummel"]},{"damage_healed":0.0,"max_hp_gain":0.0,"max_hp_loss":0.0,"gold_gain":0.0,"event_name":"Mysterious Sphere","player_choice":"Fight","floor":36.0,"gold_loss":0.0,"damage_taken":0.0},{"damage_healed":0.0,"max_hp_gain":0.0,"max_hp_loss":0.0,"gold_gain":0.0,"event_name":"Winding Halls","player_choice":"Embrace Madness","floor":37.0,"gold_loss":0.0,"damage_taken":14.0,"cards_obtained":["Madness","Madness"]},{"damage_healed":0.0,"max_hp_gain":0.0,"max_hp_loss":0.0,"gold_gain":0.0,"event_name":"WeMeetAgain","player_choice":"Paid Gold","floor":45.0,"gold_loss":57.0,"damage_taken":0.0,"relics_obtained":["War Paint"]},{"cards_removed":["Feed"],"damage_healed":0.0,"max_hp_gain":0.0,"max_hp_loss":0.0,"gold_gain":0.0,"event_name":"Falling","player_choice":"Removed Attack","floor":48.0,"gold_loss":0.0,"damage_taken":0.0}],"is_beta":false,"boss_relics":[{"not_picked":["Empty Cage","Velvet Choker"],"picked":"Astrolabe"},{"not_picked":["Calling Bell","Pandora\u0027s Box"],"picked":"Philosopher\u0027s Stone"}],"items_purged_floors":[22,41],"is_endless":false,"potions_floor_spawned":[5,11,13,16,18,27,31,35,36,39],"killed_by":"Awakened One","ascension_level":20}}