{"host":"on8rz1ayhhz269sg","time":1610359250,"event":{"mods":["BaseMod","Downfall","Minty Spire (QoL Compilation)","Remilia£®¿Ÿ√◊¿Ú—«£©","StSLib","The Cursed"],"gold_per_floor":[99,99,27,27,38,38,64,74,93,93,112,112,62,62,74,174,174,124,141,153,165,165,115,115,168,62,116,20,120,120,9,24,166,166,116,173,173,223,173,197,147,206,276,226,244,194,207,224,224],"floor_reached":50,"playtime":5165,"items_purged":[],"score":689,"play_id":"a124cc2c-329c-42d5-a3fd-bab9d8daf293","local_time":"20210111180050","is_ascension_mode":false,"campfire_choices":[{"data":"Slimebound:Split","floor":1.0,"key":"SMITH"},{"data":"Slimebound:FirmFortitude","floor":6.0,"key":"SMITH"},{"data":"Slimebound:MassRepurpose","floor":13.0,"key":"SMITH"},{"data":"Slimebound:CorrosiveSpit","floor":18.0,"key":"SMITH"},{"data":"Slimebound:OozeBath","floor":23.0,"key":"SMITH"},{"data":"Slimebound:PrepareCrush","floor":35.0,"key":"SMITH"},{"data":"Slimebound:DouseInSlime","floor":39.0,"key":"SMITH"},{"data":"Slimebound:OneTwoCombo","floor":41.0,"key":"SMITH"},{"floor":44,"key":"REST"},{"data":"Slimebound:SpikyOuterGoop","floor":46,"key":"SMITH"}],"circlet_count":0,"master_deck":["Slimebound:Strike_Slimebound","Slimebound:Strike_Slimebound","Slimebound:Strike_Slimebound","Slimebound:Tackle","Slimebound:Defend_Slimebound","Slimebound:Defend_Slimebound","Slimebound:Defend_Slimebound","Slimebound:Defend_Slimebound","Slimebound:Split+1","Slimebound:CorrosiveSpit+1","Slimebound:Schlurp","Slimebound:SplitLeeching","Slimebound:FirmFortitude+1","Slimebound:SlimeBarrage","Slimebound:Gluttony","Slimebound:MassRepurpose+1","Slimebound:Repurpose","Slimebound:LeechingTouch+1","Parasite","Slimebound:MinionMaster","Slimebound:OozeBath+1","Slimebound:SplitMire+1","Slimebound:SlimeSpikes+1","Slimebound:FinishingTackle","Slimebound:OneTwoCombo+1","Slimebound:DouseInSlime+1","Slimebound:MegaLick","Slimebound:ComboTackle","Slimebound:SpikyOuterGoop+1","Slimebound:ViciousTackle+1","Slimebound:ProtectTheBoss","Slimebound:Schlurp","Slimebound:TongueLash+1","Slimebound:LeadByExample","Slimebound:SlimeSpikes","Slimebound:LeechingTouch","Slimebound:RollThrough","Slimebound:PrepareCrush+1","Slimebound:RollThrough","Slimebound:DisruptingSlam+1","Parasite","Slimebound:SplitAcid+1","Slimebound:HauntingLick+1","Slimebound:GrowthPunch+1","Slimebound:Schlurp","Slimebound:Schlurp+1","Slimebound:LevelUp"],"relics":["Slimebound:AbsorbEndCombat","downfall:HeartsMalice","Lantern","Slimebound:GreedOozeRelic","Slimebound:TarBlob","downfall:KnowingSkull","Matryoshka","Dream Catcher","Lizard Tail","AntiCross","downfall:TeleportStone","ScarletDevilRocket","Whetstone","Centennial Puzzle"],"acts_visited":["Exordium","TheCity","TheBeyond"],"potions_floor_usage":[42,47,48,49],"damage_taken":[{"damage":0.0,"enemies":"Cultist","floor":2.0,"turns":1.0},{"damage":0.0,"enemies":"downfall:FleeingMerchant","floor":3.0,"turns":1.0},{"damage":0.0,"enemies":"Small Slimes","floor":4.0,"turns":1.0},{"damage":10.0,"enemies":"2 Louse","floor":5.0,"turns":2.0},{"damage":12.0,"enemies":"Large Slime","floor":8.0,"turns":5.0},{"damage":16.0,"enemies":"Exordium Thugs","floor":9.0,"turns":5.0},{"damage":15.0,"enemies":"Blue Slaver","floor":11.0,"turns":3.0},{"damage":25.0,"enemies":"Exordium Wildlife","floor":15.0,"turns":3.0},{"damage":45.0,"enemies":"downfall:Ironclad","floor":16.0,"turns":7.0},{"damage":21.0,"enemies":"Spheric Guardian","floor":19.0,"turns":4.0},{"damage":29.0,"enemies":"3 Byrds","floor":20.0,"turns":4.0},{"damage":24.0,"enemies":"Snake Plant","floor":21.0,"turns":4.0},{"damage":17.0,"enemies":"Centurion and Healer","floor":25.0,"turns":4.0},{"damage":15.0,"enemies":"downfall:FleeingMerchant","floor":26.0,"turns":4.0},{"damage":9.0,"enemies":"Snecko","floor":27.0,"turns":3.0},{"damage":9.0,"enemies":"downfall:FleeingMerchant","floor":28.0,"turns":4.0},{"damage":21.0,"enemies":"downfall:FleeingMerchant","floor":31.0,"turns":4.0},{"damage":3.0,"enemies":"3 Cultists","floor":32.0,"turns":3.0},{"damage":76.0,"enemies":"downfall:Silent","floor":33.0,"turns":7.0},{"damage":33.0,"enemies":"3 Darklings","floor":36.0,"turns":4.0},{"damage":13.0,"enemies":"3 Shapes","floor":38.0,"turns":3.0},{"damage":45,"enemies":"Writhing Mass","floor":42,"turns":4},{"damage":27,"enemies":"Reptomancer","floor":43,"turns":4},{"damage":12,"enemies":"Maw","floor":45,"turns":5},{"damage":34,"enemies":"4 Shapes","floor":47,"turns":3},{"damage":25,"enemies":"Transient","floor":48,"turns":5},{"damage":22,"enemies":"downfall:Watcher","floor":49,"turns":6}],"seed_played":"-1432216030110087899","potions_obtained":[{"floor":8.0,"key":"SmokeBomb"},{"floor":9.0,"key":"AttackPotion"},{"floor":11.0,"key":"PowerPotion"},{"floor":15.0,"key":"LiquidBronze"},{"floor":21.0,"key":"ColorlessPotion"},{"floor":25.0,"key":"BlessingOfTheForge"},{"floor":32.0,"key":"Slimebound:ThreeZeroPotion"},{"floor":33.0,"key":"Dexterity Potion"},{"floor":36.0,"key":"Fruit Juice"},{"floor":38.0,"key":"PowerPotion"},{"floor":45,"key":"EssenceOfSteel"},{"floor":47,"key":"Guardian:BlockOnCardUsePotion"}],"is_trial":false,"path_per_floor":["R","M","$","M","M","R","T","M","M","?","M","?","R","?","M","B",null,"R","M","M","M","?","R","T","M","$","M","$","?","T","$","M","B",null,"R","M","?","M","R","T","R","M","E","R","M","R","M","M","B",null],"character_chosen":"SLIMEBOUND","items_purchased":["Slimebound:FirmFortitude","Slimebound:MegaLick","Slimebound:ComboTackle","Slimebound:ProtectTheBoss","champ:CounterPotion","Slimebound:TongueLash","AntiCross","Slimebound:LeadByExample","Slimebound:SlimeSpikes","Slimebound:LeechingTouch"],"campfire_rested":1,"item_purchase_floors":[3,26,26,28,28,31,31,31,31,31],"current_hp_per_floor":[60,60,60,60,58,58,58,54,60,65,56,56,56,65,60,50,65,65,65,64,65,59,59,59,65,65,65,65,65,65,65,65,26,65,65,45,45,61,61,61,61,44,51,70,70,70,51,70,70],"gold":224,"neow_bonus":"THREE_ENEMY_KILL","is_daily":false,"chose_seed":false,"campfire_upgraded":9,"win_rate":0.0,"timestamp":1610359250,"path_taken":["R","M","?","M","M","R","T","M","M","?","M","?","R","?","M","BOSS","R","M","M","M","?","R","T","M","$","M","?","?","?","$","M","BOSS","R","M","?","?","R","T","R","M","E","R","M","R","M","M","BOSS"],"items_purchased_type":["Card","Card","Card","Card","Potion","Card","Relic","Card","Card","Card"],"build_version":"2020-12-22","purchased_purges":0,"victory":true,"max_hp_per_floor":[60,60,60,60,60,60,60,60,60,65,65,65,65,65,65,65,65,65,65,65,65,65,65,65,65,65,65,65,65,65,65,65,65,65,65,65,65,70,70,70,70,70,70,70,70,70,70,70,70],"card_choices":[{"not_picked":["Slimebound:PressTheAttack","Slimebound:Repurpose"],"picked":"Slimebound:Schlurp","floor":2.0},{"not_picked":["Slimebound:SpikyOuterGoop","Slimebound:SplitBruiser"],"picked":"Slimebound:SplitLeeching","floor":3.0},{"not_picked":["Slimebound:ViciousTackle","Slimebound:GrowthPunch"],"picked":"Slimebound:SlimeBarrage","floor":4.0},{"not_picked":["Slimebound:Nibble","Slimebound:LeechEnergy"],"picked":"Slimebound:Gluttony","floor":5.0},{"not_picked":["Slimebound:RollThrough","Slimebound:SplitAcid"],"picked":"Slimebound:MassRepurpose","floor":8.0},{"not_picked":["Slimebound:SamplingLick","Slimebound:Schlurp"],"picked":"Slimebound:Repurpose","floor":9.0},{"not_picked":["Slimebound:SplitMire","Slimebound:RollThrough"],"picked":"Slimebound:LeechingTouch","floor":11.0},{"not_picked":["Slimebound:GoopSpray","Slimebound:SplitLeeching"],"picked":"Slimebound:MinionMaster","floor":15.0},{"not_picked":["Slimebound:OneTwoCombo","Slimebound:WasteNot"],"picked":"Slimebound:OozeBath","floor":16.0},{"not_picked":["Slimebound:Replication","Slimebound:LeadByExample"],"picked":"Slimebound:SplitMire+1","floor":19.0},{"not_picked":["Slimebound:SplitAcid","Slimebound:Dissolve"],"picked":"Slimebound:SlimeSpikes+1","floor":20.0},{"not_picked":["Slimebound:Grow","Slimebound:SlimeTap"],"picked":"Slimebound:FinishingTackle","floor":21.0},{"not_picked":["Slimebound:GoopTackle","Slimebound:GrowthPunch"],"picked":"Slimebound:OneTwoCombo","floor":25.0},{"not_picked":["Slimebound:LeechingTouch","Slimebound:ComboTackle"],"picked":"Slimebound:DouseInSlime","floor":26.0},{"not_picked":["Slimebound:ViciousTackle","Slimebound:SplitAcid"],"picked":"Slimebound:SpikyOuterGoop","floor":27.0},{"not_picked":["Slimebound:RejuvenatingLick+1","Slimebound:MegaLick"],"picked":"Slimebound:ViciousTackle+1","floor":28.0},{"not_picked":["Slimebound:SlimeTap","Slimebound:SplitBruiser+1"],"picked":"Slimebound:Schlurp","floor":31.0},{"not_picked":["Slimebound:RejuvenatingLick+1","Slimebound:Grow"],"picked":"Slimebound:RollThrough","floor":32.0},{"not_picked":["Slimebound:OozeBath","Slimebound:Teamwork"],"picked":"Slimebound:PrepareCrush","floor":33.0},{"not_picked":["Slimebound:ComboTackle","Slimebound:SlimeBarrage+1"],"picked":"Slimebound:RollThrough","floor":36.0},{"not_picked":["Slimebound:Repurpose","Slimebound:LeechingTouch+1"],"picked":"Slimebound:DisruptingSlam+1","floor":38.0},{"not_picked":["Slimebound:TongueLash+1","Slimebound:LeechEnergy+1"],"picked":"Slimebound:SplitAcid+1","floor":42},{"not_picked":["Slimebound:LeechEnergy+1","Slimebound:Chomp+1"],"picked":"Slimebound:HauntingLick+1","floor":43},{"not_picked":["Slimebound:Dissolve","Slimebound:SlimeSpikes+1"],"picked":"Slimebound:GrowthPunch+1","floor":44},{"not_picked":["Slimebound:PressTheAttack+1","Slimebound:Nibble"],"picked":"Slimebound:Schlurp","floor":45},{"not_picked":["Slimebound:MinionMaster","Slimebound:BestDefense+1"],"picked":"Slimebound:Schlurp+1","floor":47},{"not_picked":["Slimebound:ComboTackle","Slimebound:Grow+1"],"picked":"Slimebound:LevelUp","floor":48}],"player_experience":158264,"relics_obtained":[{"floor":7.0,"key":"Lantern"},{"floor":24.0,"key":"Matryoshka"},{"floor":30.0,"key":"Dream Catcher"},{"floor":30.0,"key":"Lizard Tail"},{"floor":40.0,"key":"ScarletDevilRocket"},{"floor":40.0,"key":"Whetstone"},{"floor":43,"key":"Centennial Puzzle"}],"event_choices":[{"damage_healed":0.0,"max_hp_gain":5.0,"max_hp_loss":0.0,"gold_gain":0.0,"event_name":"Big Fish","player_choice":"Donut","floor":10.0,"gold_loss":0.0,"damage_taken":0.0},{"damage_healed":16.0,"max_hp_gain":0.0,"max_hp_loss":0.0,"gold_gain":0.0,"event_name":"Mushrooms","player_choice":"Healed and dodged fight","floor":14.0,"gold_loss":0.0,"damage_taken":0.0,"cards_obtained":["Parasite"]}],"is_beta":false,"boss_relics":[{"not_picked":["Busted Crown","downfall:Hecktoplasm"],"picked":"Slimebound:TarBlob"},{"not_picked":["Coffee Dripper","Snecko Eye","Velvet Choker"]}],"items_purged_floors":[],"is_endless":false,"potions_floor_spawned":[8,9,11,15,21,25,32,33,36,38,45,47],"ascension_level":0}}