{"host":"ifhtq4ixo5m3h13u","time":1610364656,"event":{"mods":["BaseMod","Downfall","Minty Spire (QoL Compilation)","StSLib","Waifu the Spire","noobMod","vexMod","¡¾ÒÅÎï¿¨ÅÆ¡¿REMEMod"],"gold_per_floor":[361,377,377,53,64,82,62,62,62,92,108,108,119,150,150,255,255,255,255,255,255,93,93,93,25,25,25,25,25,25,25,25,25,25,25,25,25,25,25,25,25,25,25,25,25,25,25,25,25,25,25,25,25,25,25],"floor_reached":56,"playtime":2761,"items_purged":[],"score":1417,"play_id":"0cff3317-2981-4dcf-83c8-8cb76760ecee","local_time":"20210111193056","is_ascension_mode":false,"campfire_choices":[{"floor":8.0,"key":"RECALL"},{"data":"Infinite Blades","floor":12.0,"key":"SMITH"},{"floor":15.0,"key":"REST"},{"floor":32.0,"key":"REST"},{"floor":47,"key":"REST"},{"floor":49,"key":"REST"},{"data":"Phantasmal Killer","floor":52,"key":"SMITH"}],"circlet_count":0,"master_deck":["Strike_G","Strike_G","Strike_G","Strike_G","Defend_G","Defend_G","Defend_G","Defend_G","Defend_G","Survivor","Neutralize","Chrysalis","Cloak And Dagger","Backstab","expansioncontent:DashGenerateEvil","Backstab","Predator","Infinite Blades+1","Phantasmal Killer+1","REME_PuzzleBox","Accuracy","Slimebound:CheckThePlaybook+1","Slimebound:Icky","REME_SpectralBlade","Ghostly+1","Ghostly+1","Ghostly+1","Ghostly+1","Ghostly+1","Storm of Steel+1","Outmaneuver+1","Leg Sweep+1","Infinite Blades","Blade Dance+1","Escape Plan+1","Writhe","REME_ShadowStrike+1","Blade Dance+1"],"relics":["Ring of the Snake","ice","REME_ComplimentaryCards","Lee\u0027s Waffle","InkBottle","Unceasing Top","vexMod:MysteryBossChallenge","downfall:Hecktoplasm","Toxic Egg 2","REME_HandOfSuture","Cursed Key","CaptainsWheel","FossilizedHelix","Regal Pillow","Oddly Smooth Stone"],"acts_visited":["Exordium","TheCity","TheBeyond","TheEnding"],"potions_floor_usage":[46,50,50,50],"damage_taken":[{"damage":10.0,"enemies":"Jaw Worm","floor":1.0,"turns":8.0},{"damage":5.0,"enemies":"Cultist","floor":2.0,"turns":6.0},{"damage":0.0,"enemies":"Small Slimes","floor":5.0,"turns":2.0},{"damage":7.0,"enemies":"Blue Slaver","floor":6.0,"turns":3.0},{"damage":74.0,"enemies":"Lagavulin","floor":10.0,"turns":18.0},{"damage":0.0,"enemies":"Exordium Wildlife","floor":11.0,"turns":2.0},{"damage":4.0,"enemies":"Exordium Thugs","floor":13.0,"turns":3.0},{"damage":0.0,"enemies":"Gremlin Nob","floor":14.0,"turns":3.0},{"damage":0.0,"enemies":"Slime Boss","floor":16.0,"turns":6.0},{"damage":0.0,"enemies":"3 Byrds","floor":18.0,"turns":4.0},{"damage":0.0,"enemies":"Spheric Guardian","floor":19.0,"turns":3.0},{"damage":3.0,"enemies":"Shelled Parasite and Fungi","floor":21.0,"turns":3.0},{"damage":6.0,"enemies":"Gremlin Leader","floor":23.0,"turns":5.0},{"damage":11.0,"enemies":"Snake Plant","floor":24.0,"turns":3.0},{"damage":10.0,"enemies":"Cultist and Chosen","floor":27.0,"turns":4.0},{"damage":20.0,"enemies":"Sentry and Sphere","floor":28.0,"turns":4.0},{"damage":21.0,"enemies":"Snake Plant","floor":30.0,"turns":2.0},{"damage":15.0,"enemies":"Champ","floor":33.0,"turns":8.0},{"damage":6.0,"enemies":"3 Darklings","floor":35.0,"turns":1.0},{"damage":0.0,"enemies":"Orb Walker","floor":36.0,"turns":3.0},{"damage":15.0,"enemies":"2 Orb Walkers","floor":37.0,"turns":2.0},{"damage":1.0,"enemies":"Spire Growth","floor":39.0,"turns":3.0},{"damage":12.0,"enemies":"Reptomancer","floor":40.0,"turns":5.0},{"damage":0,"enemies":"Maw","floor":41,"turns":5},{"damage":0,"enemies":"Jaw Worm Horde","floor":42,"turns":3},{"damage":16,"enemies":"Sphere and 2 Shapes","floor":44,"turns":5},{"damage":0,"enemies":"Maw","floor":46,"turns":5},{"damage":23,"enemies":"4 Shapes","floor":48,"turns":2},{"damage":93,"enemies":"Donu and Deca","floor":50,"turns":13},{"damage":29,"enemies":"Shield and Spear","floor":54,"turns":4},{"damage":66,"enemies":"The Heart","floor":55,"turns":8}],"seed_played":"-9216387957185247706","potions_obtained":[{"floor":1.0,"key":"SmokeBomb"},{"floor":7.0,"key":"Ancient Potion"},{"floor":13.0,"key":"DistilledChaos"},{"floor":16.0,"key":"Dexterity Potion"},{"floor":27.0,"key":"SpeedPotion"},{"floor":39.0,"key":"DistilledChaos"},{"floor":40.0,"key":"AttackPotion"},{"floor":48,"key":"LiquidMemories"}],"is_trial":false,"path_per_floor":["M","M","?","$","M","M","?","R","T","E","M","R","M","E","R","B",null,"M","M","?","M","$","E","M","$","T","M","M","?","M","?","R","B",null,"M","M","?","?","M","E","M","M","T","M","?","M","R","M","R","B",null,"R","$","E","B",null],"character_chosen":"THE_SILENT","items_purchased":["expansioncontent:DashGenerateEvil","Lee\u0027s Waffle","REME_PuzzleBox","Accuracy"],"campfire_rested":4,"item_purchase_floors":[4,4,22,25],"current_hp_per_floor":[39,34,34,77,77,70,70,70,70,68,68,68,64,64,81,81,82,82,82,89,86,86,80,74,74,74,64,44,44,23,23,38,23,56,50,50,35,35,34,22,22,22,22,16,16,16,48,25,57,10,60,60,60,35,112],"gold":25,"neow_bonus":"TWO_FIFTY_GOLD","is_daily":false,"chose_seed":false,"campfire_upgraded":2,"win_rate":0.0,"timestamp":1610364656,"path_taken":["M","M","?","?","M","M","?","R","T","E","?","R","M","E","R","BOSS","M","M","?","M","$","E","M","$","T","M","M","?","?","?","R","BOSS","M","M","?","?","M","E","M","M","T","M","?","?","R","M","R","BOSS","R","$","E","BOSS"],"items_purchased_type":["Card","Relic","Card","Card"],"build_version":"2020-12-22","purchased_purges":0,"victory":true,"max_hp_per_floor":[70,70,70,77,77,77,77,77,77,78,79,79,80,81,81,82,82,88,89,89,92,92,93,96,96,96,99,102,102,105,52,52,56,56,56,58,58,58,58,58,58,58,58,58,58,58,58,58,58,60,60,60,60,67,169],"card_choices":[{"not_picked":["Dagger Spray","PiercingWail"],"picked":"Cloak And Dagger","floor":1.0},{"not_picked":["Poisoned Stab","Prepared"],"picked":"Backstab","floor":2.0},{"not_picked":["Terror","Backflip","Cloak And Dagger"],"picked":"SKIP","floor":5.0},{"not_picked":["Tactician","Noxious Fumes"],"picked":"Backstab","floor":6.0},{"not_picked":["Sucker Punch","Dodge and Roll"],"picked":"Predator","floor":10.0},{"not_picked":["Slice","Backflip"],"picked":"Infinite Blades","floor":11.0},{"not_picked":["Flechettes","PiercingWail","Reflex"],"picked":"SKIP","floor":13.0},{"not_picked":["Bane","Wraith Form v2","Caltrops"],"picked":"SKIP","floor":14.0},{"not_picked":["Burst","Malaise"],"picked":"Phantasmal Killer","floor":16.0},{"not_picked":["Crippling Poison","Poisoned Stab","Flying Knee"],"picked":"SKIP","floor":18.0},{"not_picked":["Underhanded Strike+1","PiercingWail","Cloak And Dagger"],"picked":"SKIP","floor":19.0},{"not_picked":["Choke","Dagger Throw","Acrobatics"],"picked":"SKIP","floor":21.0},{"not_picked":["All Out Attack","Sucker Punch","Footwork"],"picked":"SKIP","floor":23.0},{"not_picked":["Bane","Dagger Spray","Tactician+1"],"picked":"SKIP","floor":24.0},{"not_picked":["Bane+1","Poisoned Stab","Choke+1"],"picked":"SKIP","floor":27.0},{"not_picked":["Prepared+1","Dagger Spray+1","Bouncing Flask+1"],"picked":"SKIP","floor":28.0},{"not_picked":["Prepared+1","Skewer"],"picked":"REME_SpectralBlade","floor":30.0},{"not_picked":["Doppelganger+1","REME_ShadowForm"],"picked":"Storm of Steel+1","floor":33.0},{"not_picked":["PiercingWail+1","Slice+1","Deadly Poison+1"],"picked":"SKIP","floor":35.0},{"not_picked":["Dagger Spray+1","Footwork+1","Flying Knee"],"picked":"SKIP","floor":36.0},{"not_picked":["Poisoned Stab+1","Bane"],"picked":"Outmaneuver+1","floor":37.0},{"not_picked":["Dash","Quick Slash+1"],"picked":"Leg Sweep+1","floor":39.0},{"not_picked":["Dagger Spray","Dagger Throw+1"],"picked":"Infinite Blades","floor":40.0},{"not_picked":["Infinite Blades","All Out Attack"],"picked":"Blade Dance+1","floor":41},{"not_picked":["Crippling Poison+1","PiercingWail+1"],"picked":"Escape Plan+1","floor":42},{"not_picked":["Dagger Spray+1","Underhanded Strike+1","Acrobatics+1"],"picked":"SKIP","floor":44},{"not_picked":["Predator+1","Backflip+1","Riddle With Holes+1"],"picked":"SKIP","floor":46},{"not_picked":["Expertise+1","Dagger Spray+1"],"picked":"REME_ShadowStrike+1","floor":48},{"not_picked":["PiercingWail+1","Flying Knee+1"],"picked":"Blade Dance+1","floor":54}],"player_experience":71547,"relics_obtained":[{"floor":10.0,"key":"InkBottle"},{"floor":14.0,"key":"Unceasing Top"},{"floor":23.0,"key":"Toxic Egg 2"},{"floor":26.0,"key":"REME_HandOfSuture"},{"floor":37.0,"key":"CaptainsWheel"},{"floor":40.0,"key":"FossilizedHelix"},{"floor":43,"key":"Regal Pillow"},{"floor":54,"key":"Oddly Smooth Stone"}],"event_choices":[{"cards_removed":["Strike_G"],"damage_healed":0.0,"max_hp_gain":0.0,"max_hp_loss":0.0,"gold_gain":0.0,"event_name":"Purifier","player_choice":"Purged","floor":3.0,"gold_loss":0.0,"damage_taken":0.0},{"damage_healed":0.0,"max_hp_gain":0.0,"max_hp_loss":0.0,"gold_gain":0.0,"event_name":"The Woman in Blue","player_choice":"Bought 1 Potion","floor":7.0,"gold_loss":0.0,"damage_taken":0.0},{"damage_healed":0.0,"max_hp_gain":0.0,"max_hp_loss":53.0,"gold_gain":0.0,"event_name":"Ghosts","player_choice":"Became a Ghost","floor":31.0,"gold_loss":0.0,"damage_taken":0.0,"cards_obtained":["Ghostly","Ghostly","Ghostly","Ghostly","Ghostly"]},{"damage_healed":0.0,"max_hp_gain":0.0,"max_hp_loss":0.0,"gold_gain":0.0,"event_name":"Mysterious Sphere","player_choice":"Fight","floor":37.0,"gold_loss":0.0,"damage_taken":0.0},{"damage_healed":0.0,"max_hp_gain":0.0,"max_hp_loss":0.0,"gold_gain":0.0,"event_name":"Tomb of Lord Red Mask","player_choice":"Ignored","floor":38.0,"gold_loss":0.0,"damage_taken":0.0},{"damage_healed":0,"gold_gain":0,"player_choice":"Ignored","damage_taken":0,"max_hp_gain":0,"max_hp_loss":0,"event_name":"NoteForYourself","floor":45,"gold_loss":0}],"is_beta":false,"boss_relics":[{"not_picked":["vexMod:ImprovementManual","WristBlade"],"picked":"vexMod:MysteryBossChallenge"},{"not_picked":["Fusion Hammer","Coffee Dripper"],"picked":"Cursed Key"}],"items_purged_floors":[],"is_endless":false,"potions_floor_spawned":[1,13,16,27,30,33,35,39,40,44,48],"ascension_level":0}}