{"host":"ga4s3hj9m6nkn6gp","time":1610376690,"event":{"mods":["AchievementEnabler","BaseMod","Bestiary","Colored Powertips","Highlight Path","Minty Spire (QoL Compilation)","Relic Stats","everything is the same but u backflip on backflip"],"gold_per_floor":[117,117,133,150,162,162,223,223,270,270,270],"floor_reached":10,"playtime":460,"items_purged":[],"score":116,"play_id":"71302e28-a57a-4636-a7f7-36822be0d836","local_time":"20210111155130","is_ascension_mode":true,"campfire_choices":[{"data":"Skewer","floor":6,"key":"SMITH"},{"data":"Blade Dance","floor":8,"key":"SMITH"}],"circlet_count":0,"master_deck":["AscendersBane","Strike_G","Strike_G","Strike_G","Strike_G","Strike_G","Defend_G","Defend_G","Defend_G","Defend_G","Defend_G","Survivor","Neutralize","Sucker Punch","Underhanded Strike","Skewer+1","Blade Dance+1","Escape Plan"],"relics":["Ring of the Snake","Juzu Bracelet","Omamori","Toy Ornithopter"],"acts_visited":["Exordium"],"potions_floor_usage":[7],"damage_taken":[{"damage":3,"enemies":"Cultist","floor":1,"turns":5},{"damage":12,"enemies":"Jaw Worm","floor":3,"turns":4},{"damage":5,"enemies":"Small Slimes","floor":4,"turns":5},{"damage":8,"enemies":"Exordium Thugs","floor":5,"turns":7},{"damage":17,"enemies":"Gremlin Nob","floor":7,"turns":4},{"damage":24,"enemies":"Gremlin Nob","floor":10,"turns":3}],"seed_played":"6449506028834715742","potions_obtained":[{"floor":1,"key":"BlessingOfTheForge"},{"floor":5,"key":"Weak Potion"}],"is_trial":false,"path_per_floor":["M","?","M","M","M","R","?","R","T","E"],"character_chosen":"THE_SILENT","items_purchased":[],"campfire_rested":0,"item_purchase_floors":[],"current_hp_per_floor":[56,61,49,44,36,36,19,19,19,0,0],"gold":270,"neow_bonus":"RANDOM_COMMON_RELIC","is_daily":false,"chose_seed":false,"campfire_upgraded":2,"win_rate":0.0,"timestamp":1610376690,"path_taken":["M","?","M","M","M","R","?","R","T","E"],"items_purchased_type":[],"build_version":"2020-12-22","purchased_purges":0,"victory":false,"max_hp_per_floor":[66,71,71,71,71,71,71,71,71,71,71],"relic_stats":{"counters":[6,28],"Juzu Bracelet":1,"obtain_stats":[{"Juzu Bracelet":0,"Omamori":7,"Toy Ornithopter":9,"Ring of the Snake":0},{"Juzu Bracelet":0,"Omamori":5,"Toy Ornithopter":5,"Ring of the Snake":0},{"Juzu Bracelet":0,"Omamori":25,"Toy Ornithopter":25,"Ring of the Snake":0}],"Toy Ornithopter":0,"Ring of the Snake":[12]},"card_choices":[{"not_picked":["Heel Hook","Deflect"],"picked":"Sucker Punch","floor":1},{"not_picked":["Catalyst","Cloak And Dagger"],"picked":"Underhanded Strike","floor":3},{"not_picked":["Backflip","Slice"],"picked":"Skewer","floor":4},{"not_picked":["Well Laid Plans","Leg Sweep"],"picked":"Blade Dance","floor":5},{"not_picked":["Tactician","Outmaneuver"],"picked":"Escape Plan","floor":7}],"player_experience":609192,"relics_obtained":[{"floor":7,"key":"Omamori"},{"floor":9,"key":"Toy Ornithopter"}],"event_choices":[{"damage_healed":0,"gold_gain":0,"player_choice":"Donut","damage_taken":0,"max_hp_gain":5,"max_hp_loss":0,"event_name":"Big Fish","floor":2,"gold_loss":0},{"damage_healed":0,"gold_gain":0,"player_choice":"Searched \u00271\u0027 times","damage_taken":0,"max_hp_gain":0,"max_hp_loss":0,"event_name":"Dead Adventurer","floor":7,"gold_loss":0}],"is_beta":false,"boss_relics":[],"items_purged_floors":[],"is_endless":false,"potions_floor_spawned":[1,5],"killed_by":"Gremlin Nob","ascension_level":20}}