{"host":"80ojs5zx0tu8i1zz","time":1610357746,"event":{"mods":["AchievementEnabler","Arknights The Spire","Aspiration","BaseMod","ChefMod","Colored Map","Colored Powertips","Hermit","Hubris","Infinite Spire","Jorbs\u0027s Wanderer Trilogy","Minty Spire (QoL Compilation)","Replay The Spire","Shop Mod","StSLib","The Dragon Tamer","The Hayseed","The Hierophant","The Marked"],"gold_per_floor":[112,132,177,252,252,1,1,34,34,50,66,66,66,66,66],"floor_reached":14,"playtime":600,"items_purged":["Injury"],"score":88,"play_id":"81f3d748-7907-416f-9612-dae5606f6e14","local_time":"20210111113546","is_ascension_mode":false,"campfire_choices":[{"data":"chefmod:FarmersMarket","floor":7,"key":"SMITH"}],"circlet_count":0,"master_deck":["chefmod:Strike","chefmod:Strike","chefmod:Strike","chefmod:Strike","chefmod:QuickThaw","chefmod:Defend","chefmod:Defend","chefmod:Defend","chefmod:Defend","chefmod:Leftovers","chefmod:Chop","chefmod:BaoBuns","chefmod:FarmersMarket+1","chefmod:FreezeSolid+1","chefmod:Fillet","chefmod:FryPan","chefmod:Julienne","chefmod:FireUp","chefmod:Granita","chefmod:Fillet+1"],"relics":["chefmod:TrustyPot","Onion Ring","Frozen Egg 2","chefmod:WoodenSpoon","infinitespire:Golems Mask","Question Card"],"acts_visited":["Exordium"],"potions_floor_usage":[14],"damage_taken":[{"damage":0,"enemies":"Jaw Worm","floor":1,"turns":6},{"damage":3,"enemies":"Small Slimes","floor":2,"turns":4},{"damage":20,"enemies":"Gremlin Nob","floor":8,"turns":5},{"damage":6,"enemies":"2 Louse","floor":10,"turns":2},{"damage":4,"enemies":"Exordium Wildlife","floor":11,"turns":4},{"damage":23,"enemies":"Lagavulin","floor":14,"turns":3}],"seed_played":"-1991282827578274953","potions_obtained":[{"floor":2,"key":"Explosive Potion"}],"is_trial":false,"path_per_floor":["M","M","?","?","?","$","R","E","T","M","M","?","?","E"],"character_chosen":"THE_CHEF","items_purchased":["chefmod:FreezeSolid+1","chefmod:Fillet","chefmod:FryPan"],"campfire_rested":0,"item_purchase_floors":[6,6,6],"current_hp_per_floor":[83,80,60,49,49,49,49,29,29,23,19,19,19,0,0],"gold":66,"neow_bonus":"TEN_PERCENT_HP_BONUS","is_daily":false,"chose_seed":false,"campfire_upgraded":1,"win_rate":0.0,"timestamp":1610357746,"path_taken":["M","M","?","?","?","$","R","E","T","M","?","?","?","E"],"items_purchased_type":["Card","Card","Card"],"build_version":"2020-12-22","purchased_purges":1,"victory":false,"max_hp_per_floor":[83,83,83,83,83,83,83,83,83,83,83,83,83,83,83],"card_choices":[{"not_picked":["chefmod:BaoBuns","chefmod:IceCreamCone"],"picked":"chefmod:Leftovers","floor":1},{"not_picked":["chefmod:BaoBuns","chefmod:HotSoup"],"picked":"chefmod:Chop","floor":2},{"not_picked":["chefmod:FryPan","chefmod:DeepFreeze"],"picked":"chefmod:BaoBuns","floor":3},{"not_picked":["chefmod:KnifeFlurry","chefmod:VegetableTart"],"picked":"chefmod:FarmersMarket","floor":3},{"not_picked":["chefmod:AlooGobi","chefmod:ColdSteel"],"picked":"chefmod:Julienne","floor":8},{"not_picked":["chefmod:SliceAndDice","chefmod:Granita"],"picked":"chefmod:FireUp","floor":10},{"not_picked":["chefmod:LocoMoco+1","chefmod:QuickChop"],"picked":"chefmod:Granita","floor":11}],"player_experience":211896,"relics_obtained":[{"floor":3,"key":"Onion Ring"},{"floor":8,"key":"chefmod:WoodenSpoon"},{"floor":9,"key":"infinitespire:Golems Mask"},{"floor":13,"key":"Question Card"}],"event_choices":[{"damage_healed":0,"gold_gain":75,"player_choice":"Gather Gold","damage_taken":11,"max_hp_gain":0,"max_hp_loss":0,"event_name":"World of Goop","floor":4,"gold_loss":0}],"is_beta":false,"boss_relics":[],"items_purged_floors":[6],"is_endless":false,"potions_floor_spawned":[2],"killed_by":"Lagavulin","ascension_level":0}}