{"host":"p9o9yh7a0b9qf53k","time":1610377651,"event":{"mods":["BaseMod","Downfall","Minty Spire (QoL Compilation)","StSLib"],"gold_per_floor":[99,99,374,326,326,326,405,435,435,435,453,471,471,488,502,502,502,502],"floor_reached":16,"playtime":727,"items_purged":[],"score":98,"play_id":"1b06c225-1bbf-4207-8c7c-02c2d38e3e74","local_time":"20210111230731","is_ascension_mode":false,"campfire_choices":[{"data":"champ:Execute","floor":1.0,"key":"SMITH"},{"data":"champ:StanceDance","floor":6.0,"key":"SMITH"},{"data":"champ:Improvising","floor":10,"key":"SMITH"},{"data":"champ:Taunt","floor":13,"key":"SMITH"}],"circlet_count":0,"master_deck":["champ:Strike","champ:Strike","champ:Strike","champ:Strike","champ:Defend","champ:Defend","champ:Defend","champ:Defend","champ:Execute+1","champ:Taunt+1","champ:PerfectedStrike","Regret","champ:StanceDance+1","champ:PerfectedStrike","champ:CrookedStrike","champ:Improvising+1","champ:FanOfKnives","champ:EnragedBash","champ:GutPunch","champ:GutPunch"],"relics":["champ:ChampionCrown","downfall:HeartsMalice","Mummified Hand","MealTicket"],"acts_visited":["Exordium"],"potions_floor_usage":[],"damage_taken":[{"damage":0.0,"enemies":"2 Louse","floor":2.0,"turns":1.0},{"damage":0.0,"enemies":"downfall:FleeingMerchant","floor":4.0,"turns":1.0},{"damage":0.0,"enemies":"Cultist","floor":5.0,"turns":1.0},{"damage":29.0,"enemies":"3 Sentries","floor":8.0,"turns":5.0},{"damage":13,"enemies":"Small Slimes","floor":11,"turns":3},{"damage":13,"enemies":"Exordium Thugs","floor":12,"turns":4},{"damage":0,"enemies":"2 Fungi Beasts","floor":14,"turns":2},{"damage":11,"enemies":"Red Slaver","floor":15,"turns":2},{"damage":32,"enemies":"downfall:Watcher","floor":16,"turns":4}],"seed_played":"-5811023268921705392","potions_obtained":[{"floor":11,"key":"Explosive Potion"},{"floor":14,"key":"Explosive Potion"},{"floor":15,"key":"Swift Potion"}],"is_trial":false,"path_per_floor":["R","M","?","$","M","R","T","E","?","R","M","M","R","M","M","B"],"character_chosen":"THE_CHAMP","items_purchased":["champ:PerfectedStrike"],"campfire_rested":0,"item_purchase_floors":[4],"current_hp_per_floor":[90,90,90,90,90,90,90,71,36,36,31,26,26,26,15,0,0,0],"gold":502,"neow_bonus":"THREE_ENEMY_KILL","is_daily":false,"chose_seed":false,"campfire_upgraded":4,"win_rate":0.0,"timestamp":1610377651,"path_taken":["R","M","?","$","?","R","T","E","?","R","M","M","R","M","M","BOSS"],"items_purchased_type":["Card"],"build_version":"2020-12-22","purchased_purges":0,"victory":false,"max_hp_per_floor":[90,90,90,90,90,90,90,90,90,90,90,90,90,90,90,90,90,90],"card_choices":[{"not_picked":["champ:CrookedStrike","champ:DefensiveStyle"],"picked":"champ:PerfectedStrike","floor":2.0},{"not_picked":["champ:AdrenalArmor","champ:EnragedBash"],"picked":"champ:StanceDance","floor":4.0},{"not_picked":["champ:Circumvent","champ:FanOfKnives"],"picked":"champ:CrookedStrike","floor":5.0},{"not_picked":["champ:EnGarde","champ:SwordThrow"],"picked":"champ:Improvising","floor":8.0},{"not_picked":["champ:DefensiveStyle","champ:EnGarde"],"picked":"champ:FanOfKnives","floor":11},{"not_picked":["champ:EnGarde","champ:Backstep"],"picked":"champ:EnragedBash","floor":12},{"not_picked":["champ:Haymaker","champ:DefensiveShout"],"picked":"champ:GutPunch","floor":14},{"not_picked":["champ:Duel","champ:Circumvent"],"picked":"champ:GutPunch","floor":15}],"player_experience":581930,"relics_obtained":[{"floor":7.0,"key":"Mummified Hand"},{"floor":8.0,"key":"MealTicket"}],"event_choices":[],"is_beta":false,"boss_relics":[],"items_purged_floors":[],"is_endless":false,"potions_floor_spawned":[11,14,15],"killed_by":"downfall:Watcher","ascension_level":0}}