{"host":"a0paspe0zwqgzttz","time":1610382673,"event":{"mods":["AchievementEnabler","Act Like it!","BaseMod","BetterRewards","Colored Powertips","Conspire","Downfall","GifTheSpireLib","Hermit","Highlight Path","Lobotomy","Mad Scientist","Marisa????????","Minty Spire (QoL Compilation)","Quick Restart","Replay The Spire","Robot Space Explorer","Shop Mod","StSLib","SuperFastMode","The Bug Knight","The Construct","The Cursed","The Hierophant","The Jungle","The Mystic","The Necromancer","The Runesmith","The Senshi","The Servant 0.9.4"],"gold_per_floor":[114,14,79,115,115,155,155,155,205,220,46,46,61,96,96,199,199,214,250,277,4,13,13],"floor_reached":22,"playtime":1434,"items_purged":[],"score":209,"play_id":"36776827-227b-419b-b30c-388d4f72d20d","local_time":"20210111113113","daily_mods":["downfall:Improvised","Colorless Cards","Night Terrors"],"is_ascension_mode":false,"campfire_choices":[{"floor":7,"key":"REST"},{"data":"sneckomod:Nope","floor":12,"key":"SMITH"},{"data":"sneckomod:Unknown","floor":15,"key":"SMITH"}],"circlet_count":0,"master_deck":["sneckomod:Strike","sneckomod:Strike","sneckomod:Strike","sneckomod:Defend","sneckomod:Defend","sneckomod:Defend","sneckomod:TailWhip","sneckomod:SnekBite","sneckomod:Unknown+1","sneckomod:Unknown","sneckomod:UnknownCommonAttack","sneckomod:UnknownCommonAttack","sneckomod:UnknownCommonAttack","sneckomod:UnknownCommonSkill","sneckomod:UnknownCommonSkill","sneckomod:UnknownCommonSkill","sneckomod:UnknownUncommonAttack","sneckomod:UnknownUncommonSkill","sneckomod:UnknownUncommonPower","sneckomod:Unknown","sneckomod:DiceBlock","conspire:SpireCoStock","conspire:SpireCoStock","sneckomod:Nope+1","sneckomod:Unknown1Cost","sneckomod:UnknownVulnerable","sneckomod:IronFang","Replay:Parry","sneckomod:Unknown1Cost","sneckomod:UnlimitedRolls","sneckomod:UnknownVulnerable+1","sneckomod:UnknownClassTHE_CHAMP_GRAY","sneckomod:UnknownStrength","sneckomod:DiceCrush","sneckomod:DiceCrush","ReplayTheSpireMod:Private Reserves"],"relics":["sneckomod:SneckoSoul","ReplayTheSpireMod:Ring of Addiction","ReplayTheSpireMod:Ring of Sloth","Potion Belt","SacredBark","StoneCalendar","Anchor","ClockworkSouvenir","sneckomod:SneckoTalon","Red Mask","Strange Spoon"],"acts_visited":["Exordium","TheCity"],"potions_floor_usage":[10,16,16,16,16,20,22],"damage_taken":[{"damage":11,"enemies":"Jaw Worm","floor":1,"turns":2},{"damage":5,"enemies":"2 Louse","floor":4,"turns":3},{"damage":46,"enemies":"Gremlin Nob","floor":6,"turns":6},{"damage":0,"enemies":"Small Slimes","floor":10,"turns":2},{"damage":9,"enemies":"2 Fungi Beasts","floor":13,"turns":4},{"damage":0,"enemies":"Lots of Slimes","floor":14,"turns":2},{"damage":29,"enemies":"Hexaghost","floor":16,"turns":5},{"damage":29,"enemies":"Spheric Guardian","floor":18,"turns":4},{"damage":5,"enemies":"3 Byrds","floor":19,"turns":6},{"damage":33,"enemies":"Masked Bandits","floor":20,"turns":5},{"damage":20,"enemies":"Snake Plant","floor":22,"turns":2}],"seed_played":"2608465768335268498","potions_obtained":[{"floor":4,"key":"Toxic Potion"},{"floor":5,"key":"champ:CounterPotion"},{"floor":5,"key":"SmokeBomb"},{"floor":5,"key":"Weak Potion"},{"floor":8,"key":"Explosive Potion"},{"floor":8,"key":"Guardian:BlockOnCardUsePotion"},{"floor":10,"key":"Adrenaline Potion"},{"floor":14,"key":"Fire Potion"},{"floor":16,"key":"champ:CounterPotion"},{"floor":20,"key":"hexamod:EctoCoolerPotion"}],"is_trial":false,"path_per_floor":["M","?","?","M","?","E","R","?","T","M","$","R","M","M","R","B",null,"M","M","?","$","M"],"character_chosen":"THE_SNECKO","items_purchased":["ClockworkSouvenir","sneckomod:IronFang","Strange Spoon","sneckomod:DiceCrush","ReplayTheSpireMod:Private Reserves"],"campfire_rested":1,"item_purchase_floors":[11,11,21,21,21],"current_hp_per_floor":[79,79,79,74,74,29,86,86,84,85,85,85,76,77,77,48,84,56,52,20,20,0,0],"gold":13,"neow_bonus":"","is_daily":true,"chose_seed":false,"campfire_upgraded":2,"win_rate":0.0,"timestamp":1610382673,"path_taken":["M","?","?","M","?","E","R","?","T","M","$","R","M","?","R","BOSS","M","M","?","$","M"],"items_purchased_type":["Relic","Card","Relic","Card","Card"],"build_version":"2020-12-22","purchased_purges":0,"victory":false,"max_hp_per_floor":[90,90,90,90,90,91,86,86,84,85,85,85,85,84,84,84,84,85,86,85,85,85,85],"card_choices":[{"not_picked":["sneckomod:RainOfDice","sneckomod:UnknownClassTHE_CURSED_PURPLE"],"picked":"sneckomod:DiceBlock","floor":1},{"not_picked":["expansioncontent:GoopSpray","sneckomod:IronFang"],"picked":"sneckomod:Nope","floor":4},{"not_picked":["sneckomod:QuickBite","sneckomod:UnknownBlock"],"picked":"sneckomod:Unknown1Cost","floor":6},{"not_picked":["sneckomod:DefensiveFlair","sneckomod:UnknownBlock"],"picked":"sneckomod:UnknownVulnerable","floor":10},{"not_picked":["sneckomod:QuickMove","sneckomod:UnknownCommonAttack"],"picked":"Replay:Parry","floor":13},{"not_picked":["expansioncontent:Hexaburn","sneckomod:QuickBite"],"picked":"sneckomod:Unknown1Cost","floor":14},{"not_picked":["Sadistic Nature","sneckomod:GlitteringGambit"],"picked":"sneckomod:UnlimitedRolls","floor":16},{"not_picked":["expansioncontent:PolyBeam","sneckomod:RainOfDice"],"picked":"sneckomod:UnknownVulnerable+1","floor":18},{"not_picked":["sneckomod:UnknownBlock","sneckomod:QuickBite"],"picked":"sneckomod:UnknownClassTHE_CHAMP_GRAY","floor":19},{"not_picked":["sneckomod:Unknown1Cost","sneckomod:UnknownBlock"],"picked":"sneckomod:UnknownStrength","floor":20}],"player_experience":482691,"relics_obtained":[{"floor":5,"key":"ReplayTheSpireMod:Ring of Addiction"},{"floor":5,"key":"ReplayTheSpireMod:Ring of Sloth"},{"floor":5,"key":"Potion Belt"},{"floor":5,"key":"SacredBark"},{"floor":6,"key":"StoneCalendar"},{"floor":9,"key":"Anchor"},{"floor":20,"key":"Red Mask"}],"event_choices":[{"damage_healed":0,"gold_gain":0,"player_choice":"Invest 2","damage_taken":0,"max_hp_gain":0,"max_hp_loss":0,"event_name":"conspire:Investor","floor":2,"gold_loss":0},{"damage_healed":0,"gold_gain":65,"player_choice":"Gained Gold","damage_taken":0,"max_hp_gain":0,"max_hp_loss":0,"event_name":"Golden Wing","floor":3,"gold_loss":0},{"damage_healed":0,"gold_gain":0,"player_choice":"Got Potions","damage_taken":0,"max_hp_gain":0,"max_hp_loss":0,"event_name":"Lab","floor":8,"gold_loss":0},{"damage_healed":0,"gold_gain":0,"player_choice":"Fought Bandits","damage_taken":0,"max_hp_gain":0,"max_hp_loss":0,"event_name":"Masked Bandits","floor":20,"gold_loss":0}],"is_beta":false,"boss_relics":[{"not_picked":["Astrolabe","ChewingGum"],"picked":"sneckomod:SneckoTalon"}],"items_purged_floors":[],"is_endless":false,"potions_floor_spawned":[4,10,14,16,20],"killed_by":"Snake Plant","ascension_level":0}}