{"host":"avq773cl9g5msfol","time":1610361268,"event":{"mods":["100% Spire Juice","AchievementEnabler","Act Like it!","Ascension Unlocker","Aspiration","Astrologer","Bard","Bartender","BaseMod","Better Altar","Better Third Choice","BetterRewards","CapriCore","ChefMod","Colored Map","Colored Powertips","Conspire","Dio Mod","Downfall","Elementarium","Energized Spire","Gensokyo","GifTheSpireLib","GungeonMod","Hallownest","Hermit","Highlight Path","Hubris","Humility","Infinite Spire","Jorbs\u0027s Wanderer Trilogy","Koishi","Magitek Elite","Marisa????????","Marked Mod","Menagerie","Minty Spire (QoL Compilation)","Pale of the Ancients","Potionbrewer","Quarter Circle Forward PUNCH!","Rare Cards Sparkle","Reimu??????","Relic Stats","Remilia??????","Replay The Spire","SacredBarkPlus","Shade Mod","Somnambulant","Spicy Shops","StSLib","Synergy Search","The Administrix","The Blue Laboratory","The Bug Knight","The Construct","The Cursed","The Disciple","The Dragon Tamer","The Exalted","The Hayseed","The Hierophant","The Immortal","The Judge","The Marked","The Mystic","The Problem Sleuth","The Runesmith","The Senshi","The Vixen","The Wild Card","TheArtist","TheFirefly","Wandering Minibosses","vexMod"],"gold_per_floor":[117,117,122,155,183,208,208,234,234,246,278,278,295,309,309,383,383,403,403,403,323,377,407,425,444,523,548,548,582,582,594,594,667,667,683,727,727,727,737,767,767,787,787,798,798,798,816,842,842,842,842],"floor_reached":52,"playtime":3110,"items_purged":["Injury"],"score":3467,"play_id":"35cf2f2d-a808-466b-b4cc-c477fc603e17","local_time":"20210111173428","is_ascension_mode":true,"campfire_choices":[{"data":"chefmod:NewMenu","floor":7,"key":"SMITH"},{"data":"chefmod:Puree","floor":12,"key":"SMITH"},{"data":"chefmod:DimSum","floor":15,"key":"SMITH"},{"data":"ReplayTheSpireMod:Black Plague","floor":32,"key":"SMITH"},{"data":"infinitespire:NeuralNetwork","floor":41,"key":"SMITH"},{"data":"Dodge and Roll","floor":46,"key":"SMITH"},{"data":"Acrobatics","floor":49,"key":"SMITH"}],"circlet_count":0,"master_deck":["AscendersBane","chefmod:QuickThaw+1","chefmod:TodaysSpecial+1","chefmod:FireUp+1","chefmod:CandyBowl+1","chefmod:RisingDough+1","chefmod:PrepCook+1","chefmod:Leftovers+1","chefmod:Tenderizer+1","chefmod:BaoBuns+1","chefmod:Fillet+1","chefmod:FrozenTuna+1","chefmod:Ratatouille+1","chefmod:DinoKale+1","chefmod:Gelato+1","chefmod:LocoMoco+1","chefmod:IceCreamCone+1","chefmod:ZaruSoba+1","chefmod:BananaSplit+1","chefmod:FreezerBurn+1","expansioncontent:DonusPower+1","chefmod:DimSum+1","chefmod:FullBurn+1","chefmod:NewMenu+1","chefmod:TwoForOne+1","chefmod:Puree+1","chefmod:Mince+1","chefmod:RaidPantry+1","MaximisePower+1","DoubleSpark","Dagger Spray","Dodge and Roll+1","Acrobatics+1","ReplayTheSpireMod:Black Plague+1","infinitespire:Collect","infinitespire:NeuralNetwork+1","SporeBomb+1","Bullet Time+1","After Image+1"],"relics":["chefmod:TrustyPot","Golden Egg","Quantum Egg","hubris:Towel","hubris:EvacipatedBox","Vajra","Nunchaku","RuthlessExorcism:ReiMu","hubris:EmptyBottle","Matryoshka","Membership Card","White_Cape","Ribbon","Juzu Bracelet","PreservedInsect","DemoMod:GlassGuonStoneRelic","CaptainsWheel","HollowMod:QueensCombRelic","DemoMod:WeirdEgg","Guardian:PocketSentry","ReplayTheSpireMod:Lightbulb","aspiration:MarisaSkillbook","aspiration:RitualStick","ZunR:ReiMu","Lantern","hubris:DisguiseKit","Replay:Rubber Ducky","Bottled Lightning","Akabeko","hubris:BottledRain","Busted Crown","Bag of Marbles","White Beast Statue","wanderingMiniBosses:OtherGremlinHorn","Letter Opener"],"acts_visited":["Gensokyo:Gensokyo","TheCity","Hallownest:KingdomsEdge"],"potions_floor_usage":[5,6,42,47,47,47,47,50],"damage_taken":[{"damage":0,"enemies":"Gensokyo:Python","floor":1,"turns":1},{"damage":0,"enemies":"conspire:MimicChest","floor":4,"turns":2},{"damage":0,"enemies":"Gensokyo:Aya","floor":5,"turns":2},{"damage":0,"enemies":"Gensokyo:Aya","floor":6,"turns":2},{"damage":0,"enemies":"Gensokyo:Cirno","floor":8,"turns":4},{"damage":0,"enemies":"Gensokyo:Gryphon","floor":10,"turns":3},{"damage":0,"enemies":"Gensokyo:Aya","floor":11,"turns":2},{"damage":0,"enemies":"Gensokyo:3_Fairies","floor":13,"turns":3},{"damage":0,"enemies":"Gensokyo:Kitsune","floor":14,"turns":1},{"damage":0,"enemies":"Gensokyo:Reimu","floor":16,"turns":3},{"damage":0,"enemies":"Spheric Guardian","floor":18,"turns":3},{"damage":0,"enemies":"Replay:Snechameleon","floor":23,"turns":2},{"damage":0,"enemies":"Snecko","floor":24,"turns":3},{"damage":0,"enemies":"conspire:HollyBat","floor":25,"turns":5},{"damage":0,"enemies":"Slavers","floor":27,"turns":1},{"damage":0,"enemies":"Nightmare","floor":29,"turns":3},{"damage":0,"enemies":"Snake Plant","floor":31,"turns":1},{"damage":0,"enemies":"conspire:MysteriousRune","floor":33,"turns":5},{"damage":0,"enemies":"Hallownest:3_Siblings","floor":35,"turns":1},{"damage":0,"enemies":"Hallownest:2_Littles","floor":39,"turns":2},{"damage":0,"enemies":"Hallownest:StalkingDevout","floor":40,"turns":2},{"damage":0,"enemies":"Hallownest:Slobbering_and_Violent","floor":42,"turns":3},{"damage":0,"enemies":"Hallownest:2_Wing_and_1_Kings","floor":44,"turns":2},{"damage":0,"enemies":"Hallownest:2_Wandering_and_1_Horned","floor":47,"turns":3},{"damage":0,"enemies":"Hallownest:eliteCollector","floor":48,"turns":2},{"damage":0,"enemies":"Hallownest:BossHollowKnight","floor":50,"turns":4},{"damage":0,"enemies":"Hallownest:BossGreyPrinceZote","floor":51,"turns":4}],"seed_played":"3646039611102954847","potions_obtained":[{"floor":6,"key":"blueLaboratory:BottledHope"},{"floor":44,"key":"Block Potion"},{"floor":47,"key":"Elixir"}],"is_trial":false,"path_per_floor":["M","$","?","?","?","E","R","E","T","M","E","R","M","M","R","B",null,"M","?","?","?","T","E","M","M","T","E","AVR","NM","?","M","R","B",null,"M","?","AVR","?","M","E","R","M","T","M","?","R","M","E","R","B","B",null],"character_chosen":"THE_CHEF","items_purchased":["Vajra","Nunchaku","chefmod:FrozenTuna","chefmod:Ratatouille","chefmod:DinoKale","chefmod:Gelato","RuthlessExorcism:ReiMu","blueLaboratory:FrostheartPotion","hubris:EmptyBottle","DuplicationPotion","chefmod:LocoMoco","chefmod:IceCreamCone","Matryoshka","chefmod:ZaruSoba","Membership Card","White_Cape","chefmod:BananaSplit+1","chefmod:FreezerBurn","Adrenaline Potion","expansioncontent:DonusPower","Ribbon"],"campfire_rested":0,"item_purchase_floors":[0,0,0,0,0,0,0,0,0,0,0,0,0,0,0,0,0,0,0,0,0],"current_hp_per_floor":[61,61,61,61,61,44,44,44,44,44,44,44,44,44,44,44,44,44,33,33,29,29,37,44,44,44,44,44,44,44,44,44,44,44,44,44,44,37,37,37,37,37,37,37,37,37,37,37,37,37,37],"gold":842,"neow_bonus":"","is_daily":false,"chose_seed":false,"campfire_upgraded":7,"win_rate":0.0,"timestamp":1610361268,"path_taken":["M","$","?","?","?","E","R","E","T","M","E","R","M","M","R","BOSS","M","?","?","?","?","E","M","M","T","E","AVR","NM","?","M","R","BOSS","M","?","AVR","?","M","E","R","M","T","M","?","R","M","E","R","BOSS","BOSS"],"items_purchased_type":["Relic","Relic","Card","Card","Card","Card","Relic","Potion","Relic","Potion","Card","Card","Relic","Card","Relic","Relic","Card","Card","Potion","Card","Relic"],"build_version":"2020-12-22","purchased_purges":1,"victory":true,"max_hp_per_floor":[68,68,68,68,68,44,44,44,44,44,44,44,44,44,44,44,44,44,44,44,44,44,44,44,44,44,44,44,44,44,44,44,44,44,44,44,44,37,37,37,37,37,37,37,37,37,37,37,37,37,37],"relic_stats":{"Nunchaku":[13],"Busted Crown":48,"counters":[157,554],"PreservedInsect":369,"Juzu Bracelet":8,"Letter Opener":[31],"obtain_stats":[{"Golden Egg":0,"infinitespire:BottledMercury":43,"vexMod:MemoryStick":43,"ScarletDevilRocket":34,"wanderingMiniBosses:OtherGremlinHorn":31,"Ginger":23,"vexMod:RockOfEvil":34,"aspiration:RitualStick":19,"Replay:Wanted Poster":34,"Replay:Ringing Soul":26,"conspire:GlowingRock":6,"infinitespire:ShieldingShard":0,"Ribbon":0,"vexMod:EndlessSickness":17,"DemoMod:MeltedRock":14,"DemoMod:LamentConfigurum":20,"qcfpunch:Red_Cyclone_Teachings":26,"aspiration:DSix":44,"HollowMod:QueensCombRelic":6,"construct:RocketBooster":24,"Gensokyo:TheCrow":41,"DemoMod:OrangeGuonStone":0,"HollowMod:JonisBlessing":0,"Pen Nib":27,"Guardian:PocketSentry":11,"aspiration:FrozenJewel":0,"Akabeko":27,"infinitespire:EvilPickle":37,"SlaversCollar":40,"Elementarium:ElementariumTrophy":33,"qcfpunch:Broken_Tusk":46,"Pandora\u0027s Box":0,"energizedSpire:MagnifyingGlass":28,"paleoftheancients:SoulOfTheShowman":53,"Lantern":0,"StoneCalendar":40,"AdministrixMod:CrackedTaijitu":0,"wanderingMiniBosses:AbyssPearl":37,"Mythril_Glove":38,"hubris:EmptyBottle":0,"White_Cape":0,"qcfpunch:Crimson_Sash":4,"hubris:EvacipatedBox":0,"Replay:Rubber Ducky":23,"Matryoshka":0,"Ring of Peace":27,"AntiCross":6,"hubris:CuriousFeather":0,"WingedGreaves":2,"DemoMod:GnawedKey":0,"qcfpunch:Cattail":44,"InkBottle":28,"AdministrixMod:DragonsEyeCharm":0,"Potion Belt":0,"Lee\u0027s Waffle":0,"Runesmith:Nanobots":6,"construct:ClawGrip":17,"hubris:64BitClover":9,"Guardian:GemstoneGun":0,"DemoMod:WeirdEgg":8,"PreservedInsect":0,"The Courier":26,"DemoMod:PinkGuonStone":0,"Protect_Vest":49,"infinitespire:CheckeredPen":6,"infinitespire:Lucky Rock":6,"hubris:Towel":1,"MawBank":10,"PureWhite:ReiMu":26,"Busted Crown":34,"Bottled Lightning":48,"AdministrixMod:PrescriptionBottle":0,"ReplayTheSpireMod:Lightbulb":23,"wanderingMiniBosses:Inkheart":20,"Elementarium:FlickeringLantern":21,"hubris:BottledRain":29,"DemoMod:GreenGuonStone":0,"DemoMod:BlueGuonStone":48,"hubris:CrystalStatue":0,"Calipers":0,"Menagerie:HuntersKnife":5,"Vajra":0,"ZunR:ReiMu":21,"DemoMod:GlassGuonStoneRelic":11,"AdministrixMod:ConductorRitualBaton":0,"DemoMod:RiddleOfLead":34,"vexMod:RetaliationKit":31,"Girya":9,"chefmod:TrustyPot":0,"paleoftheancients:KeyRelic":51,"Choco_Feather":8,"Dead Branch":0,"Oddly Smooth Stone":28,"wanderingMiniBosses:MasterThiefsPresence":22,"conspire:Boomerang":25,"aspiration:SeaSaltIceCream":4,"Letter Opener":48,"War Paint":29,"paleoftheancients:Timepiece":51,"OrangePellets":42,"Bottled Flame":13,"Replay:Baseball":29,"ReplayTheSpireMod:Shallot":4,"Bronze Scales":46,"ReplayTheSpireMod:TigerMarble":9,"infinitespire:EmpoweringShard":43,"Mirror":40,"hermit:Momento":0,"ReplayTheSpireMod:Ring of Exchange":27,"SacredBark":34,"conspire:SpecialSausage":3,"aspiration:TomeofQuesting":43,"Yang":0,"Juzu Bracelet":0,"Hallownest:DreamNailRelic":3,"hubris:SlimyHat":0,"Replay:Mystery Machine":13,"DemoMod:WhiteGuonStone":0,"conspire:TopHat":26,"ClockworkSouvenir":0,"DemoMod:SevenLeafClover":0,"Frozen Eye":29,"Nunchaku":0,"energizedSpire:CursedPentagram":17,"Bromod:ArcaneTrickery":0,"Bromod:ArcaneTempo":24,"qcfpunch:Wrestler\u0027s_Cloak":0,"Cracked Core":0,"hubris:KleinBottle":46,"Hallownest:SalubrasBlessingRelic":10,"qcfpunch:Army_Boots":13,"hubris:DisguiseKit":27,"ReplayTheSpireMod:Ninjato":3,"Replay:Towering Pillar of Hats":0,"infinitespire:CursedDice":43,"aspiration:RunicSpoon":0,"Quantum Egg":2,"aspiration:HummingbirdHeart":55,"aspiration:SecretTechniqueScroll":17,"White Beast Statue":43,"Anchor":0,"CaptainsWheel":5,"infinitespire:WardingShard":6,"vexMod:HeadHunter":0,"infinitespire:Satchel":30,"Runesmith:UraniumAnvil":34,"LetterFromLob":1,"qcfpunch:Red_Headband":24,"Bag of Marbles":40,"Membership Card":0,"PureWater":0,"DemoMod:Bottle":0,"DemoMod:VorpalBullet":24,"FossilizedHelix":0,"aspiration:MarisaSkillbook":17,"RuthlessExorcism:ReiMu":0},{"Golden Egg":0,"infinitespire:BottledMercury":21,"vexMod:MemoryStick":72,"ScarletDevilRocket":92,"wanderingMiniBosses:OtherGremlinHorn":35,"Ginger":118,"vexMod:RockOfEvil":36,"aspiration:RitualStick":141,"Replay:Wanted Poster":17,"Replay:Ringing Soul":11,"conspire:GlowingRock":2,"infinitespire:ShieldingShard":78,"Ribbon":130,"vexMod:EndlessSickness":60,"DemoMod:MeltedRock":29,"DemoMod:LamentConfigurum":61,"qcfpunch:Red_Cyclone_Teachings":32,"aspiration:DSix":98,"HollowMod:QueensCombRelic":134,"construct:RocketBooster":32,"Gensokyo:TheCrow":72,"DemoMod:OrangeGuonStone":107,"HollowMod:JonisBlessing":78,"Pen Nib":64,"Guardian:PocketSentry":27,"aspiration:FrozenJewel":43,"Akabeko":145,"infinitespire:EvilPickle":71,"SlaversCollar":97,"Elementarium:ElementariumTrophy":36,"qcfpunch:Broken_Tusk":40,"Pandora\u0027s Box":24,"energizedSpire:MagnifyingGlass":64,"paleoftheancients:SoulOfTheShowman":105,"Lantern":43,"StoneCalendar":20,"AdministrixMod:CrackedTaijitu":78,"wanderingMiniBosses:AbyssPearl":95,"Mythril_Glove":19,"hubris:EmptyBottle":24,"White_Cape":43,"qcfpunch:Crimson_Sash":25,"hubris:EvacipatedBox":130,"Replay:Rubber Ducky":142,"Matryoshka":130,"Ring of Peace":89,"AntiCross":2,"hubris:CuriousFeather":24,"WingedGreaves":25,"DemoMod:GnawedKey":43,"qcfpunch:Cattail":72,"InkBottle":64,"AdministrixMod:DragonsEyeCharm":78,"Potion Belt":43,"Lee\u0027s Waffle":43,"Runesmith:Nanobots":81,"construct:ClawGrip":115,"hubris:64BitClover":53,"Guardian:GemstoneGun":43,"DemoMod:WeirdEgg":135,"PreservedInsect":24,"The Courier":89,"DemoMod:PinkGuonStone":107,"Protect_Vest":41,"infinitespire:CheckeredPen":26,"infinitespire:Lucky Rock":52,"hubris:Towel":108,"MawBank":57,"PureWhite:ReiMu":11,"Busted Crown":148,"Bottled Lightning":128,"AdministrixMod:PrescriptionBottle":78,"ReplayTheSpireMod:Lightbulb":88,"wanderingMiniBosses:Inkheart":117,"Elementarium:FlickeringLantern":117,"hubris:BottledRain":146,"DemoMod:GreenGuonStone":43,"DemoMod:BlueGuonStone":101,"hubris:CrystalStatue":43,"Calipers":78,"Menagerie:HuntersKnife":45,"Vajra":78,"ZunR:ReiMu":141,"DemoMod:GlassGuonStoneRelic":4,"AdministrixMod:ConductorRitualBaton":53,"DemoMod:RiddleOfLead":68,"vexMod:RetaliationKit":16,"Girya":3,"chefmod:TrustyPot":130,"paleoftheancients:KeyRelic":103,"Choco_Feather":3,"Dead Branch":53,"Oddly Smooth Stone":33,"wanderingMiniBosses:MasterThiefsPresence":10,"conspire:Boomerang":89,"aspiration:SeaSaltIceCream":25,"Letter Opener":155,"War Paint":14,"paleoftheancients:Timepiece":103,"OrangePellets":39,"Bottled Flame":28,"Replay:Baseball":121,"ReplayTheSpireMod:Shallot":25,"Bronze Scales":100,"ReplayTheSpireMod:TigerMarble":26,"infinitespire:EmpoweringShard":127,"Mirror":39,"hermit:Momento":0,"ReplayTheSpireMod:Ring of Exchange":89,"SacredBark":92,"conspire:SpecialSausage":50,"aspiration:TomeofQuesting":98,"Yang":107,"Juzu Bracelet":0,"Hallownest:DreamNailRelic":1,"hubris:SlimyHat":78,"Replay:Mystery Machine":28,"DemoMod:WhiteGuonStone":53,"conspire:TopHat":63,"ClockworkSouvenir":24,"DemoMod:SevenLeafClover":0,"Frozen Eye":13,"Nunchaku":130,"energizedSpire:CursedPentagram":86,"Bromod:ArcaneTrickery":107,"Bromod:ArcaneTempo":118,"qcfpunch:Wrestler\u0027s_Cloak":78,"Cracked Core":43,"hubris:KleinBottle":127,"Hallownest:SalubrasBlessingRelic":3,"qcfpunch:Army_Boots":84,"hubris:DisguiseKit":119,"ReplayTheSpireMod:Ninjato":50,"Replay:Towering Pillar of Hats":107,"infinitespire:CursedDice":21,"aspiration:RunicSpoon":0,"Quantum Egg":1,"aspiration:HummingbirdHeart":105,"aspiration:SecretTechniqueScroll":6,"White Beast Statue":152,"Anchor":107,"CaptainsWheel":133,"infinitespire:WardingShard":46,"vexMod:HeadHunter":0,"infinitespire:Satchel":121,"Runesmith:UraniumAnvil":123,"LetterFromLob":44,"qcfpunch:Red_Headband":62,"Bag of Marbles":151,"Membership Card":24,"PureWater":107,"DemoMod:Bottle":78,"DemoMod:VorpalBullet":11,"FossilizedHelix":78,"aspiration:MarisaSkillbook":140,"RuthlessExorcism:ReiMu":130},{"Golden Egg":0,"infinitespire:BottledMercury":74,"vexMod:MemoryStick":236,"ScarletDevilRocket":319,"wanderingMiniBosses:OtherGremlinHorn":115,"Ginger":447,"vexMod:RockOfEvil":123,"aspiration:RitualStick":512,"Replay:Wanted Poster":52,"Replay:Ringing Soul":34,"conspire:GlowingRock":6,"infinitespire:ShieldingShard":264,"Ribbon":486,"vexMod:EndlessSickness":194,"DemoMod:MeltedRock":94,"DemoMod:LamentConfigurum":198,"qcfpunch:Red_Cyclone_Teachings":104,"aspiration:DSix":352,"HollowMod:QueensCombRelic":493,"construct:RocketBooster":104,"Gensokyo:TheCrow":236,"DemoMod:OrangeGuonStone":405,"HollowMod:JonisBlessing":264,"Pen Nib":209,"Guardian:PocketSentry":89,"aspiration:FrozenJewel":147,"Akabeko":522,"infinitespire:EvilPickle":234,"SlaversCollar":349,"Elementarium:ElementariumTrophy":123,"qcfpunch:Broken_Tusk":130,"Pandora\u0027s Box":83,"energizedSpire:MagnifyingGlass":209,"paleoftheancients:SoulOfTheShowman":389,"Lantern":147,"StoneCalendar":71,"AdministrixMod:CrackedTaijitu":264,"wanderingMiniBosses:AbyssPearl":341,"Mythril_Glove":60,"hubris:EmptyBottle":83,"White_Cape":147,"qcfpunch:Crimson_Sash":85,"hubris:EvacipatedBox":486,"Replay:Rubber Ducky":514,"Matryoshka":486,"Ring of Peace":305,"AntiCross":6,"hubris:CuriousFeather":83,"WingedGreaves":85,"DemoMod:GnawedKey":147,"qcfpunch:Cattail":236,"InkBottle":209,"AdministrixMod:DragonsEyeCharm":264,"Potion Belt":147,"Lee\u0027s Waffle":147,"Runesmith:Nanobots":273,"construct:ClawGrip":435,"hubris:64BitClover":171,"Guardian:GemstoneGun":147,"DemoMod:WeirdEgg":497,"PreservedInsect":83,"The Courier":305,"DemoMod:PinkGuonStone":405,"Protect_Vest":131,"infinitespire:CheckeredPen":87,"infinitespire:Lucky Rock":169,"hubris:Towel":406,"MawBank":182,"PureWhite:ReiMu":34,"Busted Crown":531,"Bottled Lightning":476,"AdministrixMod:PrescriptionBottle":264,"ReplayTheSpireMod:Lightbulb":298,"wanderingMiniBosses:Inkheart":444,"Elementarium:FlickeringLantern":444,"hubris:BottledRain":525,"DemoMod:GreenGuonStone":147,"DemoMod:BlueGuonStone":365,"hubris:CrystalStatue":147,"Calipers":264,"Menagerie:HuntersKnife":152,"Vajra":264,"ZunR:ReiMu":512,"DemoMod:GlassGuonStoneRelic":10,"AdministrixMod:ConductorRitualBaton":171,"DemoMod:RiddleOfLead":226,"vexMod:RetaliationKit":45,"Girya":9,"chefmod:TrustyPot":486,"paleoftheancients:KeyRelic":377,"Choco_Feather":9,"Dead Branch":171,"Oddly Smooth Stone":107,"wanderingMiniBosses:MasterThiefsPresence":29,"conspire:Boomerang":305,"aspiration:SeaSaltIceCream":85,"Letter Opener":546,"War Paint":39,"paleoftheancients:Timepiece":377,"OrangePellets":127,"Bottled Flame":92,"Replay:Baseball":457,"ReplayTheSpireMod:Shallot":85,"Bronze Scales":360,"ReplayTheSpireMod:TigerMarble":87,"infinitespire:EmpoweringShard":473,"Mirror":127,"hermit:Momento":0,"ReplayTheSpireMod:Ring of Exchange":305,"SacredBark":319,"conspire:SpecialSausage":167,"aspiration:TomeofQuesting":352,"Yang":405,"Juzu Bracelet":0,"Hallownest:DreamNailRelic":1,"hubris:SlimyHat":264,"Replay:Mystery Machine":92,"DemoMod:WhiteGuonStone":171,"conspire:TopHat":204,"ClockworkSouvenir":83,"DemoMod:SevenLeafClover":0,"Frozen Eye":37,"Nunchaku":486,"energizedSpire:CursedPentagram":291,"Bromod:ArcaneTrickery":405,"Bromod:ArcaneTempo":447,"qcfpunch:Wrestler\u0027s_Cloak":264,"Cracked Core":147,"hubris:KleinBottle":473,"Hallownest:SalubrasBlessingRelic":9,"qcfpunch:Army_Boots":280,"hubris:DisguiseKit":451,"ReplayTheSpireMod:Ninjato":167,"Replay:Towering Pillar of Hats":405,"infinitespire:CursedDice":74,"aspiration:RunicSpoon":0,"Quantum Egg":1,"aspiration:HummingbirdHeart":389,"aspiration:SecretTechniqueScroll":16,"White Beast Statue":539,"Anchor":405,"CaptainsWheel":491,"infinitespire:WardingShard":157,"vexMod:HeadHunter":0,"infinitespire:Satchel":457,"Runesmith:UraniumAnvil":463,"LetterFromLob":150,"qcfpunch:Red_Headband":202,"Bag of Marbles":536,"Membership Card":83,"PureWater":405,"DemoMod:Bottle":264,"DemoMod:VorpalBullet":34,"FossilizedHelix":264,"aspiration:MarisaSkillbook":509,"RuthlessExorcism:ReiMu":486}],"aspiration:RitualStick":[0]},"card_choices":[{"not_picked":["chefmod:QuickChop","chefmod:FreezerBurn"],"picked":"chefmod:DimSum","floor":1},{"not_picked":["chefmod:DeathByChocolate","chefmod:ZaruSoba"],"picked":"chefmod:FullBurn","floor":4},{"not_picked":["chefmod:FireUp","chefmod:Fillet"],"picked":"chefmod:NewMenu","floor":5},{"not_picked":["chefmod:HotSoup","chefmod:Sorbet","chefmod:BananaSplit"],"picked":"SKIP","floor":6},{"not_picked":["chefmod:DinoKale","chefmod:KnifeFlurry"],"picked":"chefmod:TwoForOne","floor":8},{"not_picked":["chefmod:Sorbet","chefmod:Omelette","chefmod:DinoKale"],"picked":"SKIP","floor":10},{"not_picked":["chefmod:FryPan","chefmod:SliceAndDice"],"picked":"chefmod:Puree","floor":11},{"not_picked":["chefmod:Defrost","chefmod:DinoKale","chefmod:OldCookbook"],"picked":"SKIP","floor":13},{"not_picked":["chefmod:SliceAndDice","chefmod:FiveAlarmChili"],"picked":"chefmod:Mince","floor":14},{"not_picked":["chefmod:Mince","chefmod:PrepCook"],"picked":"chefmod:RaidPantry","floor":16},{"not_picked":["Acceleration","GravityBeat","AsteroidBelt"],"picked":"MaximisePower","floor":18},{"not_picked":["chefmod:Puree+1","MilkyWay","FinalSpark","Bane"],"picked":"DoubleSpark","floor":23},{"not_picked":["NonDirectionalLaser","AlicesGift","SprinkleStarSeal","Occultation"],"picked":"Dagger Spray","floor":24},{"not_picked":["6A","GasGiant","MilkyWay","chefmod:CapreseSalad"],"picked":"Dodge and Roll","floor":25},{"not_picked":["StarlightTyphoon","chefmod:Fillet","chefmod:FryPan","chefmod:KnifeFlurry"],"picked":"Acrobatics","floor":27},{"not_picked":["infinitespire:SevenWalls","ReplayTheSpireMod:Chaos Vortex"],"picked":"infinitespire:NeuralNetwork","floor":29},{"not_picked":["Acceleration","chefmod:IceCreamCone","MilkyWay","chefmod:ZaruSoba","Reflex"],"picked":"SKIP","floor":29},{"not_picked":["chefmod:IcePick","AsteroidBelt","Orbital","Sucker Punch"],"picked":"SporeBomb+1","floor":31},{"not_picked":["BinaryStars","CollectingQuirk","StarDustReverie","chefmod:FrozenTuna"],"picked":"Bullet Time","floor":33},{"not_picked":["chefmod:ColdSteel","ShootingEcho","Poisoned Stab"],"picked":"SKIP","floor":35},{"not_picked":["chefmod:Sorbet","chefmod:SpaghettiCarbonara","Blur"],"picked":"SKIP","floor":39},{"not_picked":["OneTimeOff+1","chefmod:Leftovers+1"],"picked":"After Image","floor":40},{"not_picked":["chefmod:Gelato","chefmod:Fillet","Underhanded Strike"],"picked":"SKIP","floor":42},{"not_picked":["chefmod:Bruschetta","ShootingEcho","Flying Knee"],"picked":"SKIP","floor":44},{"not_picked":["LuminesStrike","UnstableBomb","Prepared"],"picked":"SKIP","floor":47},{"not_picked":["chefmod:BaoBuns+1","OrrerysSun+1","Poisoned Stab"],"picked":"SKIP","floor":48}],"player_experience":1316001,"relics_obtained":[{"floor":4,"key":"PreservedInsect"},{"floor":5,"key":"CaptainsWheel"},{"floor":6,"key":"HollowMod:QueensCombRelic"},{"floor":8,"key":"DemoMod:WeirdEgg"},{"floor":9,"key":"Guardian:PocketSentry"},{"floor":11,"key":"ReplayTheSpireMod:Lightbulb"},{"floor":22,"key":"Lantern"},{"floor":22,"key":"hubris:DisguiseKit"},{"floor":23,"key":"Replay:Rubber Ducky"},{"floor":26,"key":"Bottled Lightning"},{"floor":27,"key":"Akabeko"},{"floor":29,"key":"hubris:BottledRain"},{"floor":40,"key":"Bag of Marbles"},{"floor":43,"key":"White Beast Statue"},{"floor":47,"key":"wanderingMiniBosses:OtherGremlinHorn"},{"floor":48,"key":"Letter Opener"}],"event_choices":[{"damage_healed":0,"gold_gain":0,"player_choice":"Upgraded","damage_taken":0,"max_hp_gain":0,"max_hp_loss":0,"event_name":"Upgrade Shrine","floor":20,"gold_loss":0,"cards_upgraded":["chefmod:FullBurn"]},{"damage_healed":0,"gold_gain":0,"player_choice":"Keep O-miki","damage_taken":4,"relics_obtained":["ZunR:ReiMu"],"max_hp_gain":0,"max_hp_loss":0,"event_name":"ZunEvent","floor":21,"gold_loss":0},{"damage_healed":0,"gold_gain":44,"player_choice":"Grab what you can","damage_taken":0,"max_hp_gain":0,"max_hp_loss":0,"event_name":"Creature of the Night","floor":36,"gold_loss":0}],"is_beta":false,"boss_relics":[{"not_picked":["hubris:VirtuousBlindfold","hubris:BlackHole","Snecko Heart"],"picked":"aspiration:MarisaSkillbook"},{"not_picked":["Pandora\u0027s Box","vexMod:EndlessSickness","Replay:Ancient Bell"],"picked":"Busted Crown"}],"items_purged_floors":[0],"is_endless":false,"potions_floor_spawned":[4,6,13,14,24,25,29,31,40,44,47,48],"ascension_level":20}}