{"host":"1c17lcvl7acx821p","time":1610368242,"event":{"mods":["AchievementEnabler","BaseMod","Colored Map","Minty Spire (QoL Compilation)","StSLib"],"gold_per_floor":[13,13,13,13,38,38,69,34,58,72,91,105,141,157,157,287,287,303,303,79,79,79,79,118,137,137,67,88,88,107,127,127,248,248,266,284,67,86,419,448,498,498,524,68,68,68,95,113,113,113],"floor_reached":51,"playtime":2661,"items_purged":["Strike_G","Survivor"],"score":847,"play_id":"e1b8f11c-80b9-4e08-b81d-160a400ca987","local_time":"20210111143042","is_ascension_mode":true,"campfire_choices":[{"data":"Flechettes","floor":6,"key":"SMITH"},{"floor":15,"key":"REST"},{"data":"Deadly Poison","floor":23,"key":"SMITH"},{"data":"Leg Sweep","floor":29,"key":"SMITH"},{"floor":32,"key":"REST"},{"data":"Deadly Poison","floor":42,"key":"SMITH"},{"floor":46,"key":"REST"},{"data":"Infinite Blades","floor":49,"key":"SMITH"}],"circlet_count":0,"master_deck":["Strike_G+1","Strike_G+1","Defend_G+1","Defend_G+1","Defend_G+1","Defend_G+1","Neutralize","Master of Strategy","Flechettes+1","Sucker Punch","Dodge and Roll","Backflip","PiercingWail","Escape Plan","Deflect","Deadly Poison+1","Die Die Die","Caltrops+1","Backflip","Caltrops","Deadly Poison+1","Bane","Well Laid Plans+1","Leg Sweep+1","Infinite Blades","Adrenaline","Backstab+1","Noxious Fumes+1","Noxious Fumes","Crippling Poison","PiercingWail+1","Infinite Blades+1","Dodge and Roll+1"],"relics":["Ring of the Snake","Shuriken","Ancient Tea Set","Orichalcum","Empty Cage","Regal Pillow","Ninja Scroll","Cursed Key","Omamori","Blood Vial","Dead Branch","MawBank","Sling","Boot","Letter Opener"],"acts_visited":["Exordium","TheCity","TheBeyond"],"potions_floor_usage":[13,16,33,40,50,50,50],"damage_taken":[{"damage":0,"enemies":"Jaw Worm","floor":1,"turns":3},{"damage":0,"enemies":"2 Louse","floor":5,"turns":2},{"damage":27,"enemies":"Gremlin Nob","floor":7,"turns":5},{"damage":0,"enemies":"Small Slimes","floor":10,"turns":2},{"damage":0,"enemies":"Exordium Wildlife","floor":11,"turns":5},{"damage":0,"enemies":"3 Louse","floor":12,"turns":2},{"damage":0,"enemies":"Lagavulin","floor":13,"turns":8},{"damage":4,"enemies":"Large Slime","floor":14,"turns":6},{"damage":47,"enemies":"Slime Boss","floor":16,"turns":12},{"damage":23,"enemies":"Chosen","floor":18,"turns":8},{"damage":3,"enemies":"Gremlin Leader","floor":24,"turns":5},{"damage":0,"enemies":"Shell Parasite","floor":25,"turns":7},{"damage":6,"enemies":"3 Cultists","floor":28,"turns":4},{"damage":9,"enemies":"Shelled Parasite and Fungi","floor":30,"turns":5},{"damage":0,"enemies":"Centurion and Healer","floor":31,"turns":5},{"damage":12,"enemies":"Champ","floor":33,"turns":11},{"damage":4,"enemies":"3 Darklings","floor":35,"turns":4},{"damage":0,"enemies":"Orb Walker","floor":36,"turns":2},{"damage":8,"enemies":"4 Shapes","floor":38,"turns":6},{"damage":26,"enemies":"Nemesis","floor":40,"turns":7},{"damage":0,"enemies":"Mind Bloom Boss Battle","floor":41,"turns":5},{"damage":0,"enemies":"Reptomancer","floor":47,"turns":4},{"damage":0,"enemies":"3 Darklings","floor":48,"turns":5},{"damage":8,"enemies":"Donu and Deca","floor":50,"turns":8}],"seed_played":"-1597695980425820097","potions_obtained":[{"floor":10,"key":"Dexterity Potion"},{"floor":11,"key":"SkillPotion"},{"floor":16,"key":"LiquidMemories"},{"floor":25,"key":"FearPotion"},{"floor":33,"key":"DistilledChaos"},{"floor":41,"key":"Dexterity Potion"}],"is_trial":false,"path_per_floor":["M","?","?","?","M","R","E","?","T","M","M","M","E","M","R","B",null,"M","?","$","?","?","R","E","M","T","$","M","R","M","M","R","B",null,"M","M","$","M","?","E","?","R","T","$","?","R","E","M","R","B",null],"character_chosen":"THE_SILENT","items_purchased":["Backflip","Caltrops","BlessingOfTheForge","Leg Sweep","Omamori","Noxious Fumes","Infinite Blades","Sling","Boot"],"campfire_rested":3,"item_purchase_floors":[20,20,20,27,37,37,44,44,44],"current_hp_per_floor":[70,53,46,51,51,51,24,42,42,42,42,42,42,38,60,13,75,52,52,52,52,52,52,49,49,49,49,43,43,34,34,71,59,75,71,71,71,63,63,37,39,39,39,39,39,75,75,75,75,67],"gold":113,"neow_bonus":"RANDOM_COLORLESS_2","is_daily":false,"chose_seed":false,"campfire_upgraded":5,"win_rate":0.0,"timestamp":1610368242,"path_taken":["M","?","?","?","M","R","E","?","T","M","M","?","E","M","R","BOSS","M","?","$","?","?","R","E","M","T","$","M","R","?","M","R","BOSS","M","M","$","M","?","E","?","R","T","$","?","R","E","?","R","BOSS"],"items_purchased_type":["Card","Card","Potion","Card","Relic","Card","Card","Relic","Relic"],"build_version":"2020-12-22","purchased_purges":2,"victory":true,"max_hp_per_floor":[70,70,70,75,75,75,75,75,75,75,75,75,75,75,75,75,75,75,75,75,75,75,75,75,75,75,75,75,75,75,75,75,75,75,75,75,75,75,75,75,75,75,75,75,75,75,75,75,75,75],"card_choices":[{"not_picked":["The Bomb","Secret Weapon"],"picked":"Master of Strategy","floor":0},{"not_picked":["Backflip","Prepared"],"picked":"Flechettes","floor":1},{"not_picked":["Dagger Spray","Underhanded Strike"],"picked":"Sucker Punch","floor":5},{"not_picked":["Bullet Time","Distraction"],"picked":"Dodge and Roll","floor":7},{"not_picked":["Prepared","Catalyst"],"picked":"Backflip","floor":10},{"not_picked":["Acrobatics","Noxious Fumes"],"picked":"PiercingWail","floor":11},{"not_picked":["Dagger Throw","Footwork"],"picked":"Escape Plan","floor":12},{"not_picked":["Prepared","All Out Attack"],"picked":"Deflect","floor":13},{"not_picked":["Malaise","Deflect"],"picked":"Deadly Poison","floor":14},{"not_picked":["Night Terror","Burst"],"picked":"Die Die Die","floor":16},{"not_picked":["Underhanded Strike+1","Heel Hook"],"picked":"Caltrops+1","floor":18},{"not_picked":["Calculated Gamble","Slice"],"picked":"Bane","floor":24},{"not_picked":["Dagger Spray","Finisher"],"picked":"Well Laid Plans+1","floor":25},{"not_picked":["Dagger Throw+1","Bane","Infinite Blades"],"picked":"SKIP","floor":28},{"not_picked":["Riddle With Holes","Expertise","Underhanded Strike"],"picked":"SKIP","floor":30},{"not_picked":["Outmaneuver","Flying Knee"],"picked":"Infinite Blades","floor":31},{"not_picked":["Die Die Die","Corpse Explosion"],"picked":"Adrenaline","floor":33},{"not_picked":["Prepared","Well Laid Plans+1"],"picked":"Backstab+1","floor":35},{"not_picked":["PiercingWail+1","Endless Agony"],"picked":"Noxious Fumes+1","floor":36},{"not_picked":["Predator+1","Well Laid Plans+1","Dodge and Roll"],"picked":"SKIP","floor":38},{"not_picked":["Acrobatics","Masterful Stab"],"picked":"Crippling Poison","floor":40},{"not_picked":["Distraction+1","Dodge and Roll+1"],"picked":"PiercingWail+1","floor":41},{"not_picked":["Heel Hook","Sucker Punch+1"],"picked":"Dodge and Roll+1","floor":47},{"not_picked":["Poisoned Stab+1","Eviscerate+1","Quick Slash+1"],"picked":"SKIP","floor":48}],"player_experience":35729,"relics_obtained":[{"floor":7,"key":"Shuriken"},{"floor":9,"key":"Ancient Tea Set"},{"floor":13,"key":"Orichalcum"},{"floor":24,"key":"Regal Pillow"},{"floor":26,"key":"Ninja Scroll"},{"floor":40,"key":"Blood Vial"},{"floor":41,"key":"Dead Branch"},{"floor":43,"key":"MawBank"},{"floor":47,"key":"Letter Opener"}],"event_choices":[{"damage_healed":0,"gold_gain":0,"player_choice":"Take Damage","damage_taken":17,"relics_obtained":["Golden Idol"],"max_hp_gain":0,"max_hp_loss":0,"event_name":"Golden Idol","floor":2,"gold_loss":0},{"cards_removed":["Strike_G"],"damage_healed":0,"gold_gain":0,"player_choice":"Card Removal","damage_taken":7,"max_hp_gain":0,"max_hp_loss":0,"event_name":"Golden Wing","floor":3,"gold_loss":0},{"damage_healed":0,"gold_gain":0,"player_choice":"Donut","damage_taken":0,"max_hp_gain":5,"max_hp_loss":0,"event_name":"Big Fish","floor":4,"gold_loss":0},{"damage_healed":18,"gold_gain":0,"player_choice":"Healed","damage_taken":0,"max_hp_gain":0,"max_hp_loss":0,"event_name":"The Cleric","floor":8,"gold_loss":35},{"damage_healed":0,"gold_gain":0,"player_choice":"Ignored","damage_taken":0,"max_hp_gain":0,"max_hp_loss":0,"event_name":"Ghosts","floor":19,"gold_loss":0},{"damage_healed":0,"gold_gain":0,"player_choice":"Simplicity","damage_taken":0,"max_hp_gain":0,"max_hp_loss":0,"event_name":"Back to Basics","floor":21,"gold_loss":0,"cards_upgraded":["Strike_G","Strike_G","Defend_G","Defend_G","Defend_G","Defend_G"]},{"damage_healed":0,"gold_gain":0,"player_choice":"Read","damage_taken":0,"max_hp_gain":0,"max_hp_loss":0,"event_name":"The Library","floor":22,"gold_loss":0,"cards_obtained":["Deadly Poison"]},{"damage_healed":0,"gold_gain":333,"player_choice":"Gave Idol","damage_taken":0,"max_hp_gain":0,"max_hp_loss":0,"event_name":"The Moai Head","floor":39,"relics_lost":["Golden Idol"],"gold_loss":0},{"damage_healed":0,"gold_gain":0,"player_choice":"Fight","damage_taken":0,"max_hp_gain":0,"max_hp_loss":0,"event_name":"MindBloom","floor":41,"gold_loss":0},{"damage_healed":0,"gold_gain":0,"player_choice":"Memory 1","damage_taken":0,"max_hp_gain":0,"max_hp_loss":0,"event_name":"SensoryStone","floor":45,"gold_loss":0}],"is_beta":false,"boss_relics":[{"not_picked":["Sozu","Velvet Choker"],"picked":"Empty Cage"},{"not_picked":["HoveringKite","Runic Pyramid"],"picked":"Cursed Key"}],"items_purged_floors":[20,44],"is_endless":false,"potions_floor_spawned":[10,11,16,25,28,33,41,48],"ascension_level":1}}