{"host":"t7mx8yfj1no5p62f","time":1610342949,"event":{"mods":["BaseMod","Bestiary","Colored Map","Colored Powertips","Minty Spire (QoL Compilation)","Relic Stats","StSLib"],"gold_per_floor":[117,131,149,15,15,41,41,74,97,97,169,181,197,72,72,145,145,95,110,130,130,142,142,158,158,158],"floor_reached":25,"playtime":811,"items_purged":["Doubt","Strike_R"],"score":530,"play_id":"fb5d3d0a-255f-43e3-bdf8-c6011fb4b5c3","local_time":"20210111002909","is_ascension_mode":true,"campfire_choices":[{"data":"Inflame","floor":7.0,"key":"SMITH"},{"data":"Uppercut","floor":15.0,"key":"SMITH"},{"data":"Berserk","floor":23.0,"key":"SMITH"}],"circlet_count":0,"master_deck":["AscendersBane","Strike_R","Strike_R","Strike_R","Defend_R","Defend_R","Defend_R","Defend_R","Bash","Rage","Twin Strike","Inflame+1","Sword Boomerang","Offering","Uppercut+1","Shrug It Off","Second Wind","Shrug It Off","Feed","Armaments","Battle Trance","Cleave","Necronomicurse","Berserk+1","True Grit"],"relics":["Burning Blood","Magic Flower","Red Skull","Ancient Tea Set","Anchor","Kunai","Black Star","Necronomicon"],"acts_visited":["Exordium","TheCity"],"potions_floor_usage":[25],"damage_taken":[{"damage":2.0,"enemies":"Small Slimes","floor":1.0,"turns":6.0},{"damage":11.0,"enemies":"Jaw Worm","floor":2.0,"turns":5.0},{"damage":0.0,"enemies":"Cultist","floor":3.0,"turns":4.0},{"damage":54.0,"enemies":"Gremlin Nob","floor":6.0,"turns":5.0},{"damage":22.0,"enemies":"3 Sentries","floor":8.0,"turns":6.0},{"damage":2.0,"enemies":"Large Slime","floor":12.0,"turns":5.0},{"damage":3.0,"enemies":"3 Louse","floor":13.0,"turns":3.0},{"damage":6.0,"enemies":"Hexaghost","floor":16.0,"turns":6.0},{"damage":28.0,"enemies":"2 Thieves","floor":18.0,"turns":5.0},{"damage":10.0,"enemies":"Chosen","floor":19.0,"turns":3.0},{"damage":12.0,"enemies":"Snake Plant","floor":20.0,"turns":4.0},{"damage":6.0,"enemies":"Centurion and Healer","floor":22.0,"turns":5.0},{"damage":7,"enemies":"Shelled Parasite and Fungi","floor":24,"turns":3},{"damage":44,"enemies":"Slavers","floor":25,"turns":3}],"seed_played":"6724864920349881668","potions_obtained":[{"floor":3.0,"key":"BlessingOfTheForge"},{"floor":13.0,"key":"PowerPotion"},{"floor":18.0,"key":"AttackPotion"},{"floor":20.0,"key":"Dexterity Potion"},{"floor":22.0,"key":"SpeedPotion"}],"is_trial":false,"path_per_floor":["M","M","M","$","?","E","R","E","T","?","T","M","M","$","R","B",null,"M","M","M","?","M","R","M","E"],"character_chosen":"IRONCLAD","items_purchased":["Sword Boomerang","Shrug It Off"],"campfire_rested":0,"item_purchase_floors":[4,14],"current_hp_per_floor":[75,73,75,75,68,23,23,10,10,10,10,17,23,23,23,26,63,49,48,45,24,32,32,39,0,0],"gold":158,"neow_bonus":"ONE_RARE_RELIC","is_daily":false,"chose_seed":false,"campfire_upgraded":3,"win_rate":0.0,"timestamp":1610342949,"path_taken":["M","M","M","$","?","E","R","E","T","?","?","M","M","$","R","BOSS","M","M","?","?","M","R","M","E"],"items_purchased_type":["Card","Card"],"build_version":"2020-12-22","purchased_purges":2,"victory":false,"max_hp_per_floor":[75,75,75,75,75,75,75,75,75,75,75,75,75,75,75,75,75,78,78,78,78,81,81,84,84,84],"relic_stats":{"counters":[14,63],"Magic Flower":[42],"Black Star":0,"Necronomicon":[4],"Kunai":[7],"obtain_stats":[{"Anchor":9,"Magic Flower":0,"Black Star":17,"Necronomicon":21,"Kunai":11,"Ancient Tea Set":8,"Burning Blood":0,"Red Skull":6},{"Anchor":5,"Magic Flower":0,"Black Star":8,"Necronomicon":11,"Kunai":5,"Ancient Tea Set":5,"Burning Blood":0,"Red Skull":4},{"Anchor":26,"Magic Flower":0,"Black Star":40,"Necronomicon":52,"Kunai":26,"Ancient Tea Set":26,"Burning Blood":0,"Red Skull":20}],"Burning Blood":110},"card_choices":[{"not_picked":["Warcry","Dual Wield"],"picked":"Rage","floor":1.0},{"not_picked":["Iron Wave","Flex"],"picked":"Twin Strike","floor":2.0},{"not_picked":["Rampage","Warcry"],"picked":"Inflame","floor":3.0},{"not_picked":["Intimidate","Barricade"],"picked":"Offering","floor":6.0},{"not_picked":["Body Slam","Iron Wave"],"picked":"Uppercut","floor":8.0},{"not_picked":["Heavy Blade","Clash"],"picked":"Shrug It Off","floor":12.0},{"not_picked":["Heavy Blade","Reckless Charge"],"picked":"Second Wind","floor":13.0},{"not_picked":["Corruption","Fiend Fire"],"picked":"Feed","floor":16.0},{"not_picked":["Blood for Blood","Thunderclap"],"picked":"Armaments","floor":18.0},{"not_picked":["Hemokinesis","True Grit"],"picked":"Battle Trance","floor":19.0},{"not_picked":["Perfected Strike","Hemokinesis"],"picked":"Cleave","floor":20.0},{"not_picked":["Sword Boomerang","Heavy Blade+1"],"picked":"Berserk","floor":22.0},{"not_picked":["Wild Strike","Seeing Red"],"picked":"True Grit","floor":24}],"player_experience":1724659,"relics_obtained":[{"floor":6.0,"key":"Red Skull"},{"floor":8.0,"key":"Ancient Tea Set"},{"floor":9.0,"key":"Anchor"},{"floor":11.0,"key":"Kunai"},{"floor":21.0,"key":"Necronomicon"}],"event_choices":[{"cards_removed":["Strike_R"],"damage_healed":0.0,"max_hp_gain":0.0,"max_hp_loss":0.0,"gold_gain":0.0,"event_name":"Golden Wing","player_choice":"Card Removal","floor":5.0,"gold_loss":0.0,"damage_taken":7.0},{"damage_healed":0.0,"max_hp_gain":0.0,"max_hp_loss":0.0,"gold_gain":0.0,"event_name":"Liars Game","player_choice":"Ignored","floor":10.0,"gold_loss":0.0,"damage_taken":0.0},{"damage_healed":0.0,"max_hp_gain":0.0,"max_hp_loss":0.0,"gold_gain":0.0,"event_name":"Cursed Tome","player_choice":"Obtained Book","floor":21.0,"gold_loss":0.0,"damage_taken":21.0}],"is_beta":false,"boss_relics":[{"not_picked":["Sozu","Calling Bell"],"picked":"Black Star"}],"items_purged_floors":[4,14],"is_endless":false,"potions_floor_spawned":[3,13,18,20,22],"killed_by":"Slavers","ascension_level":20}}