{"host":"4rvakrj1idbgia3f","time":1610328731,"event":{"mods":["BaseMod","Colored Map","Colored Powertips","DeckTracker","Highlight Path","Minty Spire (QoL Compilation)","Random Character Button","StSLib"],"gold_per_floor":[118,130,149,69,80,80,80,80,80,107,132,132,152,186,186,261,261,281,281,300,300,314,314,348,348,372,372,384,384,384,412,412,487,487,503,503,503,34,45,45,0,0,23,23,74,91,105,105,105,105,105,105,105,49,74,74,74],"floor_reached":56,"playtime":2625,"items_purged":["Defend_G"],"score":2032,"play_id":"574f0e3c-cd33-466a-a6f6-78f0e211d073","local_time":"20210111103211","is_ascension_mode":true,"campfire_choices":[{"data":"Dagger Spray","floor":6.0,"key":"SMITH"},{"data":"1","floor":8.0,"key":"LIFT"},{"data":"2","floor":12.0,"key":"LIFT"},{"data":"3","floor":15.0,"key":"LIFT"},{"data":"Envenom","floor":23.0,"key":"SMITH"},{"data":"Footwork","floor":25.0,"key":"SMITH"},{"data":"Neutralize","floor":27.0,"key":"SMITH"},{"data":"Blade Dance","floor":32.0,"key":"SMITH"},{"floor":40.0,"key":"RECALL"}],"circlet_count":0,"master_deck":["AscendersBane","Defend_G+1","Defend_G+1","Defend_G+1","Defend_G+1","Survivor+1","Neutralize+1","Flying Knee+1","Dagger Spray+1","Quick Slash+1","Dash+1","PiercingWail+1","Footwork+1","Blade Dance+1","Storm of Steel+1","Dodge and Roll+1","Blade Dance+1","Acrobatics+1","Backflip+1","Finisher+1","Backflip+1","Bite+1","Bite+1","Bite+1","Bite+1","Bite+1","RitualDagger+1","Doppelganger+1","Flash of Steel+1","Riddle With Holes+1","Well Laid Plans+1","Backstab","A Thousand Cuts","Dodge and Roll+1"],"relics":["Ring of the Snake","NeowsBlessing","Girya","Dead Branch","Pear","Odd Mushroom","Pantograph","Coffee Dripper","WarpedTongs","Shuriken","Centennial Puzzle","The Specimen","Fusion Hammer","Snake Skull","Red Mask","Mark of the Bloom","Prayer Wheel","Akabeko"],"acts_visited":["Exordium","TheCity","TheBeyond","TheEnding"],"potions_floor_usage":[50,56,56],"damage_taken":[{"damage":0.0,"enemies":"Jaw Worm","floor":1.0,"turns":1.0},{"damage":0.0,"enemies":"Small Slimes","floor":2.0,"turns":1.0},{"damage":0.0,"enemies":"Cultist","floor":3.0,"turns":1.0},{"damage":3.0,"enemies":"3 Louse","floor":5.0,"turns":6.0},{"damage":8.0,"enemies":"Gremlin Nob","floor":10.0,"turns":3.0},{"damage":0.0,"enemies":"The Mushroom Lair","floor":11.0,"turns":3.0},{"damage":2.0,"enemies":"Blue Slaver","floor":13.0,"turns":3.0},{"damage":15.0,"enemies":"Lagavulin","floor":14.0,"turns":8.0},{"damage":13.0,"enemies":"Hexaghost","floor":16.0,"turns":8.0},{"damage":0.0,"enemies":"Chosen","floor":18.0,"turns":2.0},{"damage":0.0,"enemies":"Spheric Guardian","floor":20.0,"turns":3.0},{"damage":0.0,"enemies":"Cultist and Chosen","floor":22.0,"turns":1.0},{"damage":1.0,"enemies":"Gremlin Leader","floor":24.0,"turns":3.0},{"damage":7.0,"enemies":"Centurion and Healer","floor":28.0,"turns":3.0},{"damage":0.0,"enemies":"Book of Stabbing","floor":31.0,"turns":1.0},{"damage":16.0,"enemies":"Champ","floor":33.0,"turns":4.0},{"damage":10.0,"enemies":"3 Shapes","floor":35.0,"turns":2.0},{"damage":6.0,"enemies":"3 Darklings","floor":39.0,"turns":3.0},{"damage":0.0,"enemies":"2 Orb Walkers","floor":45.0,"turns":1.0},{"damage":0,"enemies":"4 Shapes","floor":46,"turns":4},{"damage":0,"enemies":"Maw","floor":47,"turns":3},{"damage":10,"enemies":"Donu and Deca","floor":50,"turns":5},{"damage":22,"enemies":"Time Eater","floor":51,"turns":9},{"damage":0,"enemies":"Shield and Spear","floor":55,"turns":3},{"damage":48,"enemies":"The Heart","floor":56,"turns":2}],"seed_played":"3373934055121217199","potions_obtained":[{"floor":3.0,"key":"ColorlessPotion"},{"floor":5.0,"key":"Fire Potion"},{"floor":11.0,"key":"Weak Potion"},{"floor":14.0,"key":"PowerPotion"},{"floor":18.0,"key":"CunningPotion"}],"is_trial":false,"path_per_floor":["M","M","M","$","M","R","?","R","T","E","?","R","M","E","R","B",null,"M","?","M","?","M","R","E","R","T","R","M","?","?","E","R","B",null,"M","?","?","$","M","R","?","R","T","?","?","M","M","?","R","B","B",null,"R","$","E","B"],"character_chosen":"THE_SILENT","items_purchased":["Dash","Snake Skull","Flash of Steel","Riddle With Holes","Well Laid Plans","Block Potion"],"campfire_rested":0,"item_purchase_floors":[4,38,38,38,38,54],"current_hp_per_floor":[59,59,59,59,56,56,45,45,45,47,47,47,45,30,30,42,68,68,68,68,68,68,68,67,67,67,67,60,53,47,47,47,39,50,40,40,40,40,38,38,38,38,38,38,38,38,38,38,38,28,6,6,6,6,6,0,0],"gold":74,"neow_bonus":"THREE_ENEMY_KILL","is_daily":false,"chose_seed":false,"campfire_upgraded":5,"win_rate":0.0,"timestamp":1610328731,"path_taken":["M","M","M","$","M","R","?","R","T","E","?","R","M","E","R","BOSS","M","?","M","?","M","R","E","R","T","R","?","?","?","E","R","BOSS","M","?","?","$","?","R","?","R","T","?","?","?","M","?","R","BOSS","BOSS","R","$","E","BOSS"],"items_purchased_type":["Card","Relic","Card","Card","Card","Potion"],"build_version":"2020-12-22","purchased_purges":1,"victory":false,"max_hp_per_floor":[66,66,66,66,66,66,66,66,66,76,76,76,76,76,76,76,76,76,76,76,76,76,76,76,76,76,76,76,53,53,53,53,53,53,53,50,50,50,50,50,50,50,50,50,50,50,50,50,50,50,50,50,50,50,50,50,50],"card_choices":[{"not_picked":["Underhanded Strike","Backflip"],"picked":"Flying Knee","floor":1.0},{"not_picked":["Deadly Poison","Infinite Blades"],"picked":"Dagger Spray","floor":2.0},{"not_picked":["PiercingWail","Infinite Blades"],"picked":"Quick Slash","floor":3.0},{"not_picked":["Dagger Spray","Underhanded Strike"],"picked":"PiercingWail","floor":5.0},{"not_picked":["Outmaneuver","Poisoned Stab"],"picked":"Footwork","floor":10.0},{"not_picked":["Leg Sweep","Well Laid Plans"],"picked":"Blade Dance","floor":11.0},{"not_picked":["Deflect","Bane","Reflex"],"picked":"SKIP","floor":13.0},{"not_picked":["Tactician","Heel Hook"],"picked":"Storm of Steel","floor":14.0},{"not_picked":["Unload","Phantasmal Killer"],"picked":"Envenom","floor":16.0},{"not_picked":["Caltrops","Bane"],"picked":"Dodge and Roll","floor":18.0},{"not_picked":["Predator","Flying Knee"],"picked":"Acrobatics","floor":20.0},{"not_picked":["Prepared","Dagger Throw"],"picked":"Backflip+1","floor":22.0},{"not_picked":["Infinite Blades","Cloak And Dagger"],"picked":"Finisher","floor":24.0},{"not_picked":["Caltrops","Poisoned Stab"],"picked":"Backflip+1","floor":28.0},{"not_picked":["Concentrate","Deadly Poison","Noxious Fumes+1"],"picked":"SKIP","floor":31.0},{"not_picked":["Glass Knife","Die Die Die"],"picked":"Doppelganger","floor":33.0},{"not_picked":["Acrobatics","Calculated Gamble","Dagger Spray"],"picked":"SKIP","floor":35.0},{"not_picked":["Dagger Throw","Poisoned Stab","Underhanded Strike"],"picked":"SKIP","floor":39.0},{"not_picked":["Outmaneuver","Quick Slash+1","Deadly Poison"],"picked":"SKIP","floor":46},{"not_picked":["Concentrate","Sucker Punch","Dash+1"],"picked":"SKIP","floor":46},{"not_picked":["Acrobatics","Poisoned Stab"],"picked":"Backstab","floor":47},{"not_picked":["Dagger Throw","Cloak And Dagger"],"picked":"A Thousand Cuts","floor":47},{"not_picked":["Quick Slash","Envenom"],"picked":"Dodge and Roll+1","floor":55}],"player_experience":2001941,"relics_obtained":[{"floor":9.0,"key":"Dead Branch"},{"floor":10.0,"key":"Pear"},{"floor":11.0,"key":"Odd Mushroom"},{"floor":14.0,"key":"Pantograph"},{"floor":24.0,"key":"Shuriken"},{"floor":26.0,"key":"Centennial Puzzle"},{"floor":31.0,"key":"The Specimen"},{"floor":45.0,"key":"Prayer Wheel"},{"floor":55,"key":"Akabeko"}],"event_choices":[{"damage_healed":0.0,"max_hp_gain":0.0,"max_hp_loss":0.0,"gold_gain":0.0,"event_name":"Scrap Ooze","player_choice":"Success","floor":7.0,"gold_loss":0.0,"damage_taken":11.0,"relics_obtained":["Girya"]},{"damage_healed":0.0,"max_hp_gain":0.0,"max_hp_loss":0.0,"gold_gain":0.0,"event_name":"Mushrooms","player_choice":"Fought Mushrooms","floor":11.0,"gold_loss":0.0,"damage_taken":0.0},{"damage_healed":0.0,"max_hp_gain":0.0,"max_hp_loss":0.0,"gold_gain":0.0,"event_name":"The Library","player_choice":"Read","floor":19.0,"gold_loss":0.0,"damage_taken":0.0,"cards_obtained":["Blade Dance"]},{"damage_healed":0.0,"max_hp_gain":0.0,"max_hp_loss":0.0,"gold_gain":0.0,"event_name":"Accursed Blacksmith","player_choice":"Rummage","floor":21.0,"gold_loss":0.0,"damage_taken":0.0,"relics_obtained":["WarpedTongs"],"cards_obtained":["Pain"]},{"damage_healed":0.0,"max_hp_gain":0.0,"max_hp_loss":23.0,"gold_gain":0.0,"event_name":"Vampires","player_choice":"Became a vampire","floor":29.0,"gold_loss":0.0,"damage_taken":0.0,"cards_obtained":["Bite","Bite","Bite","Bite","Bite"]},{"damage_healed":0.0,"max_hp_gain":0.0,"max_hp_loss":0.0,"gold_gain":0.0,"event_name":"Nest","player_choice":"Joined the Cult","floor":30.0,"gold_loss":0.0,"damage_taken":6.0,"cards_obtained":["RitualDagger"]},{"damage_healed":0.0,"max_hp_gain":0.0,"max_hp_loss":3.0,"gold_gain":0.0,"event_name":"Winding Halls","player_choice":"Max HP","floor":36.0,"gold_loss":0.0,"damage_taken":0.0},{"cards_removed":["Pain"],"damage_healed":0.0,"max_hp_gain":0.0,"max_hp_loss":0.0,"gold_gain":0.0,"event_name":"Purifier","player_choice":"Purged","floor":37.0,"gold_loss":0.0,"damage_taken":0.0},{"damage_healed":0.0,"max_hp_gain":0.0,"max_hp_loss":0.0,"gold_gain":0.0,"event_name":"Tomb of Lord Red Mask","player_choice":"Paid","floor":41.0,"gold_loss":45.0,"damage_taken":0.0,"relics_obtained":["Red Mask"]},{"damage_healed":0.0,"max_hp_gain":0.0,"max_hp_loss":0.0,"gold_gain":0.0,"event_name":"MindBloom","player_choice":"Upgrade","floor":44.0,"gold_loss":0.0,"damage_taken":0.0,"cards_upgraded":["Defend_G","Defend_G","Defend_G","Defend_G","Survivor","Flying Knee","Quick Slash","Dash","PiercingWail","Blade Dance","Storm of Steel","Dodge and Roll","Acrobatics","Finisher","Bite","Bite","Bite","Bite","Bite","RitualDagger","Doppelganger","Flash of Steel","Riddle With Holes","Well Laid Plans"],"relics_obtained":["Mark of the Bloom"]},{"damage_healed":0.0,"max_hp_gain":0.0,"max_hp_loss":0.0,"gold_gain":0.0,"event_name":"Mysterious Sphere","player_choice":"Fight","floor":45.0,"gold_loss":0.0,"damage_taken":0.0},{"cards_removed":["Envenom"],"damage_healed":0,"gold_gain":0,"player_choice":"Removed Power","damage_taken":0,"max_hp_gain":0,"max_hp_loss":0,"event_name":"Falling","floor":48,"gold_loss":0}],"is_beta":false,"boss_relics":[{"not_picked":["Ectoplasm","Pandora\u0027s Box"],"picked":"Coffee Dripper"},{"not_picked":["Sozu","Philosopher\u0027s Stone"],"picked":"Fusion Hammer"}],"items_purged_floors":[38],"is_endless":false,"potions_floor_spawned":[3,5,11,14,18,22,35,39,55],"killed_by":"The Heart","ascension_level":20}}