{"host":"Timothy","time":1610385021,"event":{"mods":["AchievementEnabler","BaseMod","Bestiary","Highlight Path","Minty Spire (QoL Compilation)","Quick Restart","Slay-I"],"gold_per_floor":[114,114,114,133,148,181,181,198,252,267,267,298,298,298,298,399,399,411,429,528,544,556,556,556,556,582,582,582,582,594,362,362,457,457,467,467,479,236,255,255,272,272,272,282,157,157,168,184,184,184],"floor_reached":51,"playtime":955,"items_purged":["Defend_R","Defend_R","Strike_R"],"score":686,"play_id":"12ce48df-d308-4adf-9533-7d612cce5e22","local_time":"20210111091021","is_ascension_mode":false,"campfire_choices":[{"floor":7.0,"key":"REST"},{"floor":13.0,"key":"REST"},{"data":"Heavy Blade","floor":15.0,"key":"SMITH"},{"floor":23.0,"key":"REST"},{"floor":27.0,"key":"REST"},{"floor":32.0,"key":"REST"},{"data":"Limit Break","floor":40.0,"key":"SMITH"},{"floor":42.0,"key":"REST"},{"floor":49,"key":"REST"}],"circlet_count":0,"master_deck":["Strike_R","Strike_R","Strike_R","Strike_R","Bash","Clash","Flex","Spot Weakness","Heavy Blade+1","Flex","Limit Break+1","Inflame","Inflame","Whirlwind+1","Heavy Blade+1","Double Tap","Battle Trance+1"],"relics":["Burning Blood","NeowsBlessing","Strawberry","Oddly Smooth Stone","Runic Pyramid","Vajra","Nloth\u0027s Gift","Regal Pillow","Sozu","Chemical X","White Beast Statue","Kunai"],"acts_visited":["Exordium","TheCity","TheBeyond"],"potions_floor_usage":[],"damage_taken":[{"damage":0.0,"enemies":"Jaw Worm","floor":1.0,"turns":1.0},{"damage":0.0,"enemies":"Small Slimes","floor":4.0,"turns":1.0},{"damage":0.0,"enemies":"Cultist","floor":5.0,"turns":1.0},{"damage":48.0,"enemies":"Gremlin Nob","floor":6.0,"turns":5.0},{"damage":18.0,"enemies":"Gremlin Gang","floor":8.0,"turns":5.0},{"damage":14.0,"enemies":"2 Fungi Beasts","floor":10.0,"turns":3.0},{"damage":36.0,"enemies":"Lagavulin","floor":12.0,"turns":4.0},{"damage":25.0,"enemies":"Hexaghost","floor":16.0,"turns":6.0},{"damage":10.0,"enemies":"Chosen","floor":18.0,"turns":3.0},{"damage":43.0,"enemies":"3 Byrds","floor":19.0,"turns":5.0},{"damage":28.0,"enemies":"Shelled Parasite and Fungi","floor":21.0,"turns":4.0},{"damage":10.0,"enemies":"Cultist and Chosen","floor":22.0,"turns":4.0},{"damage":0.0,"enemies":"Snake Plant","floor":29.0,"turns":1.0},{"damage":32.0,"enemies":"Centurion and Healer","floor":30.0,"turns":4.0},{"damage":50.0,"enemies":"Automaton","floor":33.0,"turns":6.0},{"damage":22.0,"enemies":"Orb Walker","floor":35.0,"turns":3.0},{"damage":21.0,"enemies":"3 Shapes","floor":37.0,"turns":3.0},{"damage":0.0,"enemies":"Jaw Worm Horde","floor":39.0,"turns":1.0},{"damage":24.0,"enemies":"4 Shapes","floor":41.0,"turns":1.0},{"damage":5.0,"enemies":"Maw","floor":44.0,"turns":4.0},{"damage":28,"enemies":"Sphere and 2 Shapes","floor":47,"turns":4},{"damage":32,"enemies":"Spire Growth","floor":48,"turns":3},{"damage":72,"enemies":"Donu and Deca","floor":50,"turns":5}],"seed_played":"-8369361732457177077","potions_obtained":[{"floor":5.0,"key":"Fire Potion"},{"floor":8.0,"key":"Energy Potion"},{"floor":12.0,"key":"BlessingOfTheForge"},{"floor":16.0,"key":"FearPotion"},{"floor":18.0,"key":"GamblersBrew"},{"floor":22.0,"key":"SmokeBomb"},{"floor":33.0,"key":"Fruit Juice"}],"is_trial":false,"path_per_floor":["M","?","?","M","M","E","R","M","T","M","?","E","R","?","R","B",null,"M","M","?","M","M","R","?","?","T","R","?","M","M","$","R","B",null,"M","?","M","$","M","R","M","R","T","M","$","T","M","M","R","B",null],"character_chosen":"IRONCLAD","items_purchased":["Regal Pillow","Chemical X"],"campfire_rested":7,"item_purchase_floors":[31,38],"current_hp_per_floor":[80,80,80,80,80,38,62,50,57,49,49,19,45,45,45,26,87,83,46,46,24,20,46,46,46,46,72,72,78,52,52,87,48,92,76,92,77,77,83,83,65,92,92,92,92,92,70,44,86,20],"gold":184,"neow_bonus":"THREE_ENEMY_KILL","is_daily":false,"chose_seed":false,"campfire_upgraded":2,"win_rate":0.0,"timestamp":1610385021,"path_taken":["M","?","?","M","?","E","R","M","T","?","?","E","R","?","R","BOSS","M","M","?","M","M","R","?","?","T","R","?","M","?","$","R","BOSS","M","?","M","?","M","R","M","R","T","M","$","?","M","M","R","BOSS"],"items_purchased_type":["Relic","Relic"],"build_version":"2020-12-18","purchased_purges":3,"victory":true,"max_hp_per_floor":[80,80,80,80,80,80,80,80,87,87,87,87,87,87,87,87,87,87,87,87,87,87,87,87,87,87,87,87,87,87,87,87,92,92,92,92,92,92,92,92,92,92,92,92,92,92,92,92,92,92],"card_choices":[{"not_picked":["Headbutt","Reckless Charge","Cleave"],"picked":"SKIP","floor":1.0},{"not_picked":["Twin Strike","Anger","Metallicize"],"picked":"SKIP","floor":4.0},{"not_picked":["Reckless Charge","Ghostly Armor"],"picked":"Clash","floor":5.0},{"not_picked":["Headbutt","Shockwave"],"picked":"Flex","floor":6.0},{"not_picked":["True Grit","Bloodletting"],"picked":"Spot Weakness","floor":8.0},{"not_picked":["Pummel","Flex"],"picked":"Heavy Blade","floor":10.0},{"not_picked":["Perfected Strike","Clothesline"],"picked":"Flex","floor":12.0},{"not_picked":["Reaper","Exhume"],"picked":"Limit Break","floor":16.0},{"not_picked":["True Grit","Ghostly Armor+1"],"picked":"Inflame","floor":18.0},{"not_picked":["Sword Boomerang","Combust+1"],"picked":"Inflame","floor":19.0},{"not_picked":["Thunderclap","Rage+1"],"picked":"Whirlwind+1","floor":21.0},{"not_picked":["Havoc","Armaments"],"picked":"Heavy Blade+1","floor":22.0},{"not_picked":["Bloodletting+1","Disarm+1","Clash+1"],"picked":"SKIP","floor":30.0},{"not_picked":["Juggernaut","Corruption"],"picked":"Double Tap","floor":33.0},{"not_picked":["Havoc+1","Pommel Strike+1","Clash+1"],"picked":"SKIP","floor":35.0},{"not_picked":["Anger+1","Blood for Blood","Wild Strike"],"picked":"SKIP","floor":37.0},{"not_picked":["Warcry+1","Dark Embrace+1","Feed"],"picked":"SKIP","floor":39.0},{"not_picked":["Perfected Strike+1","Reckless Charge+1","Sword Boomerang+1"],"picked":"SKIP","floor":41.0},{"not_picked":["Warcry","Armaments+1","Thunderclap+1"],"picked":"SKIP","floor":44.0},{"not_picked":["Anger","Havoc"],"picked":"Battle Trance+1","floor":47},{"not_picked":["Berserk","Warcry+1","Clash"],"picked":"SKIP","floor":48}],"player_experience":806972,"relics_obtained":[{"floor":6.0,"key":"Mummified Hand"},{"floor":9.0,"key":"Strawberry"},{"floor":12.0,"key":"Oddly Smooth Stone"},{"floor":26.0,"key":"Vajra"},{"floor":43.0,"key":"White Beast Statue"},{"floor":46.0,"key":"Kunai"}],"event_choices":[{"damage_healed":0.0,"max_hp_gain":0.0,"max_hp_loss":0.0,"gold_gain":0.0,"event_name":"Scrap Ooze","player_choice":"Fled","floor":2.0,"gold_loss":0.0,"damage_taken":0.0},{"damage_healed":0.0,"max_hp_gain":0.0,"max_hp_loss":0.0,"gold_gain":0.0,"event_name":"The Woman in Blue","player_choice":"Bought 0 Potions","floor":3.0,"gold_loss":0.0,"damage_taken":0.0},{"cards_removed":["Defend_R"],"damage_healed":0.0,"max_hp_gain":0.0,"max_hp_loss":0.0,"gold_gain":0.0,"event_name":"Living Wall","player_choice":"Forget","floor":11.0,"gold_loss":0.0,"damage_taken":0.0},{"damage_healed":0.0,"max_hp_gain":0.0,"max_hp_loss":0.0,"gold_gain":0.0,"event_name":"Golden Idol","player_choice":"Ignored","floor":14.0,"gold_loss":0.0,"damage_taken":0.0},{"damage_healed":0.0,"max_hp_gain":0.0,"max_hp_loss":0.0,"gold_gain":99.0,"event_name":"Nest","player_choice":"Stole From Cult","floor":20.0,"gold_loss":0.0,"damage_taken":0.0},{"damage_healed":0.0,"max_hp_gain":0.0,"max_hp_loss":0.0,"gold_gain":0.0,"event_name":"Ghosts","player_choice":"Ignored","floor":24.0,"gold_loss":0.0,"damage_taken":0.0},{"cards_removed":["Defend_R"],"damage_healed":0.0,"max_hp_gain":0.0,"max_hp_loss":0.0,"gold_gain":0.0,"event_name":"Back to Basics","player_choice":"Elegance","floor":25.0,"gold_loss":0.0,"damage_taken":0.0},{"damage_healed":0.0,"max_hp_gain":0.0,"max_hp_loss":0.0,"gold_gain":0.0,"event_name":"N\u0027loth","player_choice":"Traded Relic","floor":28.0,"relics_lost":["Mummified Hand"],"gold_loss":0.0,"damage_taken":0.0,"relics_obtained":["Nloth\u0027s Gift"]},{"damage_healed":16.0,"max_hp_gain":0.0,"max_hp_loss":0.0,"gold_gain":0.0,"event_name":"Wheel of Change","player_choice":"Full Heal","floor":36.0,"gold_loss":0.0,"damage_taken":0.0}],"is_beta":true,"boss_relics":[{"not_picked":["Snecko Eye","Astrolabe"],"picked":"Runic Pyramid"},{"not_picked":["Black Blood","Fusion Hammer"],"picked":"Sozu"}],"items_purged_floors":[31,38,45],"is_endless":false,"potions_floor_spawned":[5,8,12,16,18,22,29,33,37,44,47,48],"ascension_level":0}}