{"host":"xnrw1j8ho83czkv7","time":1610405524,"event":{"mods":["AchievementEnabler","BaseMod","Colored Map","Colored Powertips","Minty Spire (QoL Compilation)","Quick Restart","StSLib"],"gold_per_floor":[116,41,41,41,41,41,75,75,156,167,183,193,193,226,226,324,324,337,252,287,287,287,287,315,334,359,359,359,359,105,5,5,108,108,125,142,142,161,211,211,211,433,458,458,333,333,345,372,372,372,372,372,61,94,94,94],"floor_reached":55,"playtime":3213,"items_purged":["Strike_B","Strike_B","Self Repair","Defend_B"],"score":802,"play_id":"4d343832-069a-4bed-a8e1-76c6469c93f7","local_time":"20210111225204","is_ascension_mode":true,"campfire_choices":[{"data":"Dualcast","floor":6,"key":"SMITH"},{"data":"Zap","floor":8,"key":"SMITH"},{"data":"Gash","floor":13,"key":"SMITH"},{"data":"Gash","floor":15,"key":"SMITH"},{"floor":23,"key":"RECALL"},{"data":"Electrodynamics","floor":28,"key":"SMITH"},{"data":"Conserve Battery","floor":32,"key":"SMITH"},{"data":"Conserve Battery","floor":40,"key":"SMITH"},{"data":"Cold Snap","floor":44,"key":"SMITH"},{"data":"Defend_B","floor":46,"key":"SMITH"},{"floor":49,"key":"REST"},{"data":"Defend_B","floor":52,"key":"SMITH"}],"circlet_count":0,"master_deck":["Defend_B","Defend_B+1","Defend_B+1","Zap+1","Dualcast+1","Cold Snap+1","Conserve Battery+1","Conserve Battery+1","Gash+1","Gash+1","Coolheaded+1","Reboot+1","Electrodynamics+1","Gash+1","Master of Strategy+1","Impatience+1","Deep Breath+1","Reboot+1"],"relics":["Cracked Core","Vajra","White Beast Statue","Toxic Egg 2","Lantern","Lizard Tail","Red Mask","Enchiridion","Boot","MutagenicStrength","Kunai","Black Star","Incense Burner","Blood Vial","Ice Cream","Darkstone Periapt","Bag of Preparation","Strawberry"],"acts_visited":["Exordium","TheCity","TheBeyond","TheEnding"],"potions_floor_usage":[14,16,20,20,24,24,33,47,48,55,55,55],"damage_taken":[{"damage":0,"enemies":"Small Slimes","floor":1,"turns":3},{"damage":21,"enemies":"Lagavulin","floor":7,"turns":10},{"damage":0,"enemies":"2 Louse","floor":10,"turns":3},{"damage":0,"enemies":"Cultist","floor":11,"turns":3},{"damage":0,"enemies":"3 Louse","floor":12,"turns":4},{"damage":7,"enemies":"Gremlin Nob","floor":14,"turns":4},{"damage":0,"enemies":"The Guardian","floor":16,"turns":9},{"damage":0,"enemies":"Spheric Guardian","floor":18,"turns":3},{"damage":11,"enemies":"Masked Bandits","floor":20,"turns":5},{"damage":0,"enemies":"Book of Stabbing","floor":24,"turns":4},{"damage":0,"enemies":"3 Byrds","floor":25,"turns":2},{"damage":1,"enemies":"Automaton","floor":33,"turns":8},{"damage":0,"enemies":"3 Shapes","floor":35,"turns":2},{"damage":0,"enemies":"Orb Walker","floor":36,"turns":3},{"damage":12,"enemies":"Sphere and 2 Shapes","floor":38,"turns":4},{"damage":0,"enemies":"Mind Bloom Boss Battle","floor":39,"turns":4},{"damage":0,"enemies":"Transient","floor":47,"turns":5},{"damage":26,"enemies":"Nemesis","floor":48,"turns":7},{"damage":14,"enemies":"Awakened One","floor":50,"turns":12},{"damage":37,"enemies":"Shield and Spear","floor":54,"turns":3},{"damage":103,"enemies":"The Heart","floor":55,"turns":8}],"seed_played":"3345844599315930106","potions_obtained":[{"floor":7,"key":"SkillPotion"},{"floor":10,"key":"Block Potion"},{"floor":11,"key":"DuplicationPotion"},{"floor":12,"key":"Swift Potion"},{"floor":14,"key":"Weak Potion"},{"floor":16,"key":"Swift Potion"},{"floor":18,"key":"SpeedPotion"},{"floor":20,"key":"EssenceOfSteel"},{"floor":22,"key":"SkillPotion"},{"floor":24,"key":"SpeedPotion"},{"floor":25,"key":"FearPotion"},{"floor":33,"key":"CultistPotion"},{"floor":47,"key":"SkillPotion"},{"floor":48,"key":"PotionOfCapacity"}],"is_trial":false,"path_per_floor":["M","$","?","?","?","R","E","R","T","M","M","M","R","E","R","B",null,"M","?","?","?","?","R","E","M","T","?","R","?","$","$","R","B",null,"M","M","?","M","?","R","?","?","T","R","$","R","M","E","R","B",null,"R","$","E","B"],"character_chosen":"DEFECT","items_purchased":["Kunai","Deep Breath+1","Reboot+1"],"campfire_rested":1,"item_purchase_floors":[30,53,53],"current_hp_per_floor":[54,54,59,59,56,56,42,42,42,49,56,63,63,63,63,70,80,80,80,76,60,60,60,67,74,74,74,74,74,74,74,74,80,80,80,80,80,75,80,80,70,70,70,70,70,70,72,48,72,60,80,80,80,50,0,0],"gold":94,"neow_bonus":"TRANSFORM_TWO_CARDS","is_daily":false,"chose_seed":false,"campfire_upgraded":10,"win_rate":0.0,"timestamp":1610405524,"path_taken":["M","$","?","?","?","R","E","R","T","M","M","M","R","E","R","BOSS","M","?","?","?","?","R","E","?","T","?","R","?","?","$","R","BOSS","M","M","?","?","?","R","?","?","T","R","?","R","M","E","R","BOSS","R","$","E","BOSS"],"items_purchased_type":["Relic","Card","Card"],"build_version":"2020-12-22","purchased_purges":4,"victory":false,"max_hp_per_floor":[75,75,80,80,80,80,80,80,80,80,80,80,80,80,80,80,80,80,80,80,80,80,80,80,80,80,80,80,80,80,80,80,80,80,80,80,80,80,80,80,80,80,80,80,80,80,80,80,80,80,80,80,80,87,87,87],"card_choices":[{"not_picked":["Go for the Eyes","Stack","Self Repair"],"picked":"SKIP","floor":1},{"not_picked":["Go for the Eyes","Stack"],"picked":"Self Repair","floor":1},{"not_picked":["Beam Cell","Redo"],"picked":"Conserve Battery","floor":7},{"not_picked":["Go for the Eyes","Self Repair","Leap+1"],"picked":"SKIP","floor":10},{"not_picked":["Beam Cell","Defragment"],"picked":"Gash","floor":11},{"not_picked":["Reinforced Body+1","Undo+1"],"picked":"Gash","floor":12},{"not_picked":["Echo Form","Consume+1"],"picked":"Coolheaded+1","floor":14},{"not_picked":["Thunder Strike","Seek+1"],"picked":"Reboot+1","floor":16},{"not_picked":["Sunder","Recycle+1","Steam+1"],"picked":"SKIP","floor":18},{"not_picked":["Steam+1","Rip and Tear","Go for the Eyes+1"],"picked":"SKIP","floor":24},{"not_picked":["Conserve Battery+1","Loop","Tempest+1"],"picked":"SKIP","floor":25},{"not_picked":["FTL","Rebound"],"picked":"Gash+1","floor":35},{"not_picked":["Barrage+1","Chill+1","FTL+1"],"picked":"SKIP","floor":36},{"not_picked":["Gash+1","Rebound","Beam Cell"],"picked":"SKIP","floor":38},{"not_picked":["Madness+1","Bandage Up+1"],"picked":"Master of Strategy+1","floor":41},{"not_picked":["Violence+1","Enlightenment+1"],"picked":"Impatience+1","floor":41},{"not_picked":["Stack+1","Static Discharge","Steam+1"],"picked":"SKIP","floor":47},{"not_picked":["Undo+1","Barrage","Conserve Battery+1"],"picked":"SKIP","floor":48},{"not_picked":["Ball Lightning","Multi-Cast+1","Skim+1"],"picked":"SKIP","floor":54}],"player_experience":35317,"relics_obtained":[{"floor":7,"key":"White Beast Statue"},{"floor":9,"key":"Toxic Egg 2"},{"floor":14,"key":"Lantern"},{"floor":20,"key":"Red Mask"},{"floor":21,"key":"Enchiridion"},{"floor":24,"key":"Boot"},{"floor":39,"key":"Incense Burner"},{"floor":43,"key":"Blood Vial"},{"floor":48,"key":"Ice Cream"},{"floor":48,"key":"Darkstone Periapt"},{"floor":54,"key":"Bag of Preparation"},{"floor":54,"key":"Strawberry"}],"event_choices":[{"damage_healed":0,"gold_gain":0,"player_choice":"Donut","damage_taken":0,"max_hp_gain":5,"max_hp_loss":0,"event_name":"Big Fish","floor":3,"gold_loss":0},{"damage_healed":0,"gold_gain":0,"player_choice":"Leave","damage_taken":0,"max_hp_gain":0,"max_hp_loss":0,"event_name":"The Cleric","floor":4,"gold_loss":0},{"damage_healed":0,"gold_gain":0,"player_choice":"Success","damage_taken":3,"relics_obtained":["Vajra"],"max_hp_gain":0,"max_hp_loss":0,"event_name":"Scrap Ooze","floor":5,"gold_loss":0},{"damage_healed":0,"gold_gain":0,"player_choice":"Obtained Relic","damage_taken":0,"relics_obtained":["Lizard Tail"],"max_hp_gain":0,"max_hp_loss":0,"event_name":"Addict","floor":19,"gold_loss":85},{"damage_healed":0,"gold_gain":0,"player_choice":"Fought Bandits","damage_taken":0,"max_hp_gain":0,"max_hp_loss":0,"event_name":"Masked Bandits","floor":20,"gold_loss":0},{"damage_healed":0,"gold_gain":0,"player_choice":"Obtained Book","damage_taken":16,"max_hp_gain":0,"max_hp_loss":0,"event_name":"Cursed Tome","floor":21,"gold_loss":0},{"damage_healed":0,"gold_gain":0,"player_choice":"Got Potions","damage_taken":0,"max_hp_gain":0,"max_hp_loss":0,"event_name":"Lab","floor":22,"gold_loss":0},{"damage_healed":0,"gold_gain":0,"player_choice":"Read","damage_taken":0,"max_hp_gain":0,"max_hp_loss":0,"event_name":"The Library","floor":27,"gold_loss":0,"cards_obtained":["Electrodynamics"]},{"damage_healed":0,"gold_gain":0,"player_choice":"Inject Mutagens","damage_taken":0,"relics_obtained":["MutagenicStrength"],"max_hp_gain":0,"max_hp_loss":0,"event_name":"Drug Dealer","floor":29,"gold_loss":0},{"damage_healed":0,"gold_gain":0,"player_choice":"Ignored","damage_taken":0,"max_hp_gain":0,"max_hp_loss":0,"event_name":"SecretPortal","floor":37,"gold_loss":0},{"damage_healed":0,"gold_gain":0,"player_choice":"Fight","damage_taken":0,"max_hp_gain":0,"max_hp_loss":0,"event_name":"MindBloom","floor":39,"gold_loss":0},{"damage_healed":0,"gold_gain":0,"player_choice":"Memory 3","damage_taken":10,"max_hp_gain":0,"max_hp_loss":0,"event_name":"SensoryStone","floor":41,"gold_loss":0},{"damage_healed":0,"gold_gain":222,"player_choice":"Wore Mask","damage_taken":0,"max_hp_gain":0,"max_hp_loss":0,"event_name":"Tomb of Lord Red Mask","floor":42,"gold_loss":0}],"is_beta":false,"boss_relics":[{"not_picked":["Runic Pyramid","Ectoplasm","Snecko Eye"]},{"not_picked":["FrozenCore","Cursed Key"],"picked":"Black Star"}],"items_purged_floors":[2,31,45,53],"is_endless":false,"potions_floor_spawned":[7,10,11,12,14,16,18,20,24,25,33,35,36,38,39,47,48,54],"killed_by":"The Heart","ascension_level":1}}