{"host":"alk2ftu785mujiir","time":1610382519,"event":{"mods":["BaseMod","Colored Map","Downfall","Minty Spire (QoL Compilation)","StSLib"],"gold_per_floor":[99,99,99,99,117,42,342,342,355,375,389,389,419,435,454,552,552,477,491,505,505,505,521,521,621,11,31,31,65,50,84,102,199,199,124,139,151,126,126,152,202,217,217,217,250,300,300,315,327,327,327,361,8,8,8],"floor_reached":56,"playtime":3794,"items_purged":["hexamod:Strike","hexamod:Strike"],"score":1347,"play_id":"25d8c0f8-a4fb-4abf-a392-af48f6304f8d","local_time":"20210111112839","is_ascension_mode":false,"campfire_choices":[{"floor":1,"key":"RECALL"},{"floor":6,"key":"REST"},{"data":"hexamod:Firestarter","floor":8,"key":"SMITH"},{"floor":12,"key":"REST"},{"data":"hexamod:WildfireWeapon","floor":18,"key":"SMITH"},{"data":"hexamod:SpectralSpark","floor":28,"key":"SMITH"},{"data":"hexamod:SearingWound","floor":35,"key":"SMITH"},{"data":"hexamod:HeatShield","floor":44,"key":"SMITH"},{"data":"hexamod:PhantomCloak","floor":47,"key":"SMITH"},{"data":"hexamod:Float","floor":54,"key":"SMITH"}],"circlet_count":0,"master_deck":["hexamod:Strike","hexamod:Strike","hexamod:Defend","hexamod:Defend","hexamod:Defend","hexamod:Defend","hexamod:Sear","hexamod:Float+1","hexamod:Firestarter+1","hexamod:RainOfEmbers","hexamod:Hexaguard","hexamod:ThermalTransfer","hexamod:FlamesFromBeyond","hexamod:SpectralSpark+1","hexamod:HauntingEcho","hexamod:WildfireWeapon+1","hexamod:ThermalTransfer","hexamod:Hexaguard","hexamod:PhantomCloak+1","hexamod:FirstSeal","hexamod:HeatShield+1","hexamod:DynamicBlow+1","hexamod:FourthSeal","hexamod:SearingWound+1","hexamod:BurningTouch+1","hexamod:Hexaguard+1","hexamod:ExtraCrispy+1","hexamod:GhostOfSpireFuture+1","hexamod:HexaLevel+1","hexamod:GhostOfSpireFuture+1","hexamod:FastForward","hexamod:EmpoweredFlame+1","hexamod:EmpoweredFlame+1","Panache+1","hexamod:EtherealExpedition+1","hexamod:FastForward+1","hexamod:HeatShield+1","hexamod:InspiringFlames+1","expansioncontent:Collect+1"],"relics":["hexamod:SpiritBrand","Incense Burner","Letter Opener","downfall:ShatteredFragment","Gremlin Horn","downfall:HeartBlessingRed","Old Coin","Bird Faced Urn","Black Star","downfall:HeartBlessingGreen","Potion Belt","hexamod:MatchstickCase","Mango","Pantograph","Dream Catcher","Frozen Egg 2","Juzu Bracelet","hexamod:IceCube","downfall:HeartBlessingBlue","Mercury Hourglass","Toy Ornithopter","Toxic Egg 2","Orichalcum","Centennial Puzzle","PreservedInsect","Thread and Needle","Ginger","Turnip","Mummified Hand"],"acts_visited":["Exordium","TheCity","TheBeyond","TheEnding"],"potions_floor_usage":[14,20,20,29,29,38,46,55,55,55],"damage_taken":[{"damage":0,"enemies":"Small Slimes","floor":5,"turns":2},{"damage":0,"enemies":"Jaw Worm","floor":9,"turns":2},{"damage":0,"enemies":"Cultist","floor":10,"turns":3},{"damage":0,"enemies":"Blue Slaver","floor":11,"turns":3},{"damage":8,"enemies":"3 Sentries","floor":13,"turns":7},{"damage":0,"enemies":"3 Louse","floor":14,"turns":2},{"damage":0,"enemies":"Gremlin Gang","floor":15,"turns":2},{"damage":24,"enemies":"downfall:Ironclad","floor":16,"turns":6},{"damage":4,"enemies":"Chosen","floor":19,"turns":3},{"damage":6,"enemies":"3 Cultists","floor":20,"turns":3},{"damage":5,"enemies":"Cultist and Chosen","floor":23,"turns":6},{"damage":32,"enemies":"downfall:LadyInBlue","floor":25,"turns":9},{"damage":0,"enemies":"downfall:FleeingMerchant","floor":26,"turns":4},{"damage":2,"enemies":"Centurion and Healer","floor":27,"turns":3},{"damage":6,"enemies":"Book of Stabbing","floor":29,"turns":5},{"damage":7,"enemies":"downfall:FleeingMerchant","floor":30,"turns":4},{"damage":0,"enemies":"Gremlin Leader","floor":31,"turns":5},{"damage":0,"enemies":"Snecko","floor":32,"turns":5},{"damage":48,"enemies":"downfall:Silent","floor":33,"turns":8},{"damage":9,"enemies":"3 Shapes","floor":36,"turns":6},{"damage":1,"enemies":"Orb Walker","floor":37,"turns":4},{"damage":0,"enemies":"downfall:FleeingMerchant","floor":38,"turns":4},{"damage":16,"enemies":"Nemesis","floor":40,"turns":5},{"damage":6,"enemies":"Writhing Mass","floor":42,"turns":5},{"damage":19,"enemies":"Giant Head","floor":45,"turns":8},{"damage":30,"enemies":"Mind Bloom Boss Battle","floor":46,"turns":5},{"damage":7,"enemies":"Maw","floor":48,"turns":5},{"damage":6,"enemies":"Spire Growth","floor":49,"turns":4},{"damage":34,"enemies":"downfall:Watcher","floor":50,"turns":8},{"damage":43,"enemies":"downfall:CharBossMerchant","floor":52,"turns":7},{"damage":27,"enemies":"downfall:NeowBoss","floor":55,"turns":23}],"seed_played":"-8082875829028328320","potions_obtained":[{"floor":14,"key":"Fruit Juice"},{"floor":15,"key":"Explosive Potion"},{"floor":16,"key":"DistilledChaos"},{"floor":25,"key":"LiquidBronze"},{"floor":25,"key":"SkillPotion"},{"floor":25,"key":"Block Potion"},{"floor":25,"key":"FairyPotion"},{"floor":27,"key":"FearPotion"},{"floor":29,"key":"SkillPotion"},{"floor":30,"key":"SteroidPotion"},{"floor":31,"key":"DuplicationPotion"},{"floor":40,"key":"Strength Potion"},{"floor":45,"key":"Dexterity Potion"},{"floor":46,"key":"SteroidPotion"},{"floor":49,"key":"DuplicationPotion"}],"is_trial":false,"path_per_floor":["R","?","?","T","M","R","T","R","M","M","M","R","E","M","M","B",null,"R","M","M","?","?","M","T","?","$","M","R","E","$","E","M","B",null,"R","M","M","$","?","E","T","M","?","R","E","?","R","M","M","B",null,"E","$","R","B",null],"character_chosen":"THE_SPIRIT","items_purchased":["hexamod:MatchstickCase","Mango","hexamod:SearingWound","hexamod:EmpoweredFlame+1","Panache+1","Mummified Hand","expansioncontent:Collect+1"],"campfire_rested":2,"item_purchase_floors":[26,26,26,38,38,53,53],"current_hp_per_floor":[49,46,25,25,25,46,46,46,46,46,46,67,59,64,64,40,75,75,71,67,67,60,66,66,38,65,67,67,76,71,84,89,47,89,99,99,99,99,99,96,96,99,99,99,87,83,83,96,99,72,99,78,78,78,93],"gold":8,"neow_bonus":"ONE_RARE_RELIC","is_daily":false,"chose_seed":false,"campfire_upgraded":7,"win_rate":0.0,"timestamp":1610382519,"path_taken":["R","?","?","?","?","R","T","R","M","M","M","R","E","M","M","BOSS","R","M","M","?","?","M","T","?","$","?","R","E","?","E","M","BOSS","R","M","M","$","?","E","T","M","?","R","E","?","R","M","M","BOSS","E","$","R","BOSS"],"items_purchased_type":["Relic","Relic","Card","Card","Card","Relic","Card"],"build_version":"2020-12-22","purchased_purges":2,"victory":true,"max_hp_per_floor":[70,70,70,70,70,70,70,70,70,70,70,70,70,75,75,75,75,75,75,75,75,75,75,75,75,89,89,89,89,89,89,89,89,89,99,99,99,99,99,99,99,99,99,99,99,99,99,99,99,99,99,99,99,99,99],"card_choices":[{"not_picked":["hexamod:InspiringFlames","hexamod:BacktrackSmack"],"picked":"hexamod:Firestarter","floor":5},{"not_picked":["hexamod:NecessarySacrifice","hexamod:GhostShield"],"picked":"hexamod:RainOfEmbers","floor":9},{"not_picked":["hexamod:DynamicBlow","hexamod:SwordOfDarkness"],"picked":"hexamod:Hexaguard","floor":10},{"not_picked":["hexamod:GhostShield","hexamod:EmpoweringStance"],"picked":"hexamod:ThermalTransfer","floor":11},{"not_picked":["hexamod:RadiantFlame","hexamod:SkipABeat"],"picked":"hexamod:FlamesFromBeyond","floor":13},{"not_picked":["hexamod:NightmareStrike","hexamod:InspiringFlames"],"picked":"hexamod:SpectralSpark","floor":14},{"not_picked":["hexamod:AdvancingGuard","hexamod:ThermalTransfer"],"picked":"hexamod:HauntingEcho","floor":15},{"not_picked":["hexamod:TimeWarp","hexamod:VolcanoVisage"],"picked":"hexamod:WildfireWeapon","floor":16},{"not_picked":["hexamod:RainOfEmbers","hexamod:GhostShield"],"picked":"hexamod:ThermalTransfer","floor":19},{"not_picked":["hexamod:NecessarySacrifice","hexamod:SkipABeat"],"picked":"hexamod:Hexaguard","floor":20},{"not_picked":["hexamod:ShieldOfDarkness","hexamod:RetreatToShadows"],"picked":"hexamod:HeatShield","floor":23},{"not_picked":["hexamod:Rewind","hexamod:SpectersWail"],"picked":"hexamod:DynamicBlow+1","floor":25},{"not_picked":["hexamod:AdvancingGuard+1","hexamod:RainOfEmbers"],"picked":"hexamod:FourthSeal","floor":26},{"not_picked":["hexamod:GhostShield+1","hexamod:NightmareGuise+1"],"picked":"hexamod:BurningTouch+1","floor":27},{"not_picked":["hexamod:ApocalypseNow","hexamod:NightmareStrike","hexamod:GhostLash"],"picked":"SKIP","floor":29},{"not_picked":["hexamod:InspiringFlames+1","hexamod:HauntingEcho"],"picked":"hexamod:Hexaguard+1","floor":30},{"not_picked":["hexamod:DynamicBlow+1","hexamod:HauntingEcho"],"picked":"hexamod:ExtraCrispy+1","floor":31},{"not_picked":["hexamod:Hexaguard","hexamod:InspiringFlames"],"picked":"hexamod:GhostOfSpireFuture+1","floor":32},{"not_picked":["hexamod:TimeOfNeed","hexamod:GiftsFromTheDead+1"],"picked":"hexamod:HexaLevel+1","floor":33},{"not_picked":["hexamod:BacktrackSmack","hexamod:ShieldOfDarkness+1"],"picked":"hexamod:GhostOfSpireFuture+1","floor":36},{"not_picked":["hexamod:SpectersWail","hexamod:AdvancingGuard+1"],"picked":"hexamod:FastForward","floor":37},{"not_picked":["hexamod:StepThrough","hexamod:RetreatToShadows"],"picked":"hexamod:EmpoweredFlame+1","floor":38},{"not_picked":["hexamod:InspiringFlames+1","hexamod:FourthSeal","hexamod:GhostOfSpirePresent+1"],"picked":"SKIP","floor":40},{"not_picked":["hexamod:Firestarter","hexamod:BacktrackSmack","hexamod:NightmareStrike"],"picked":"SKIP","floor":42},{"not_picked":["hexamod:GhostShield+1","hexamod:SixthSeal"],"picked":"hexamod:EtherealExpedition+1","floor":45},{"not_picked":["hexamod:HauntingEcho","hexamod:Firestarter"],"picked":"hexamod:FastForward+1","floor":46},{"not_picked":["hexamod:InspiringFlames+1","hexamod:ShieldOfDarkness+1","hexamod:SwordOfDarkness+1"],"picked":"SKIP","floor":48},{"not_picked":["hexamod:RainOfEmbers","hexamod:AdvancingGuard+1"],"picked":"hexamod:HeatShield+1","floor":49},{"not_picked":["hexamod:FlamesFromBeyond+1","hexamod:GhostLash"],"picked":"hexamod:InspiringFlames+1","floor":52}],"player_experience":1746390,"relics_obtained":[{"floor":4,"key":"Gremlin Horn"},{"floor":7,"key":"Old Coin"},{"floor":13,"key":"Bird Faced Urn"},{"floor":25,"key":"Potion Belt"},{"floor":29,"key":"Pantograph"},{"floor":29,"key":"Dream Catcher"},{"floor":31,"key":"Frozen Egg 2"},{"floor":31,"key":"Juzu Bracelet"},{"floor":39,"key":"Mercury Hourglass"},{"floor":40,"key":"Toy Ornithopter"},{"floor":40,"key":"Toxic Egg 2"},{"floor":41,"key":"Orichalcum"},{"floor":45,"key":"Centennial Puzzle"},{"floor":45,"key":"PreservedInsect"},{"floor":46,"key":"Thread and Needle"},{"floor":52,"key":"Ginger"},{"floor":52,"key":"Turnip"}],"event_choices":[{"damage_healed":0,"gold_gain":0,"player_choice":"Success","damage_taken":3,"relics_obtained":["Letter Opener"],"max_hp_gain":0,"max_hp_loss":0,"event_name":"Scrap Ooze","floor":2,"gold_loss":0},{"damage_healed":0,"gold_gain":0,"player_choice":"Read","damage_taken":0,"max_hp_gain":0,"max_hp_loss":0,"event_name":"The Library","floor":21,"gold_loss":0,"cards_obtained":["hexamod:PhantomCloak"]}],"is_beta":false,"boss_relics":[{"not_picked":["Empty Cage","Tiny House"],"picked":"Black Star"},{"not_picked":["SacredBark","Fusion Hammer"],"picked":"hexamod:IceCube"}],"items_purged_floors":[26,38],"is_endless":false,"potions_floor_spawned":[14,15,16,25,27,31,32,37,42,45,48,52],"ascension_level":0}}