{"host":"yo9wwslrag05lh37","time":1610386262,"event":{"mods":["AchievementEnabler","BaseMod","Block Reminder","Colored Map","Colored Powertips","GifTheSpireLib","HexUI Lib","Highlight Path","Minty Spire (QoL Compilation)","Rare Cards Sparkle","Relic Stats","StSLib","everything is the same but u backflip on backflip"],"gold_per_floor":[367,337,14,34,52,86,100,100,100,132,152,152,183,46,46,123,123,135,153,168,43,62,62,96,11,11,61,61,77,27,60,60,133,133,152,168,168,118,133,165,165,165,165,115,0,27,43,54,54,54,54,54],"floor_reached":51,"playtime":1664,"items_purged":["Defend_B","Strike_B","Strike_B","Strike_B","Defend_B","Defend_B"],"score":1655,"play_id":"77b0b38b-f740-4bc3-b8bc-50b8469eec60","local_time":"20210111183102","is_ascension_mode":true,"campfire_choices":[{"floor":8.0,"key":"REST"},{"floor":12.0,"key":"REST"},{"data":"Defragment","floor":15.0,"key":"SMITH"},{"data":"Defragment","floor":23.0,"key":"SMITH"},{"data":"Storm","floor":28.0,"key":"SMITH"},{"data":"Defragment","floor":32.0,"key":"SMITH"},{"floor":42,"key":"RECALL"},{"floor":49,"key":"REST"}],"circlet_count":0,"master_deck":["AscendersBane","Strike_B+1","Defend_B","Dualcast","Melter+1","Lockon","Loop","Defragment+1","Electrodynamics","Coolheaded","Glacier","Defragment+1","Biased Cognition","Self Repair","Capacitor","Darkness","Defragment+1","Storm+1","Glacier","Biased Cognition","Echo Form"],"relics":["Cracked Core","Anchor","Smiling Mask","Eternal Feather","Bottled Tornado","SlaversCollar","Whetstone","Bag of Preparation","Ancient Tea Set","Fusion Hammer","Matryoshka","Akabeko","Vajra","Red Mask","PreservedInsect"],"acts_visited":["Exordium","TheCity","TheBeyond"],"potions_floor_usage":[39,39,39,50,51],"damage_taken":[{"damage":1.0,"enemies":"Cultist","floor":1.0,"turns":4.0},{"damage":0.0,"enemies":"Jaw Worm","floor":4.0,"turns":2.0},{"damage":3.0,"enemies":"Small Slimes","floor":5.0,"turns":3.0},{"damage":30.0,"enemies":"Lagavulin","floor":6.0,"turns":6.0},{"damage":1.0,"enemies":"2 Fungi Beasts","floor":7.0,"turns":3.0},{"damage":31.0,"enemies":"Gremlin Nob","floor":10.0,"turns":4.0},{"damage":0.0,"enemies":"3 Louse","floor":11.0,"turns":2.0},{"damage":7.0,"enemies":"3 Sentries","floor":13.0,"turns":5.0},{"damage":0.0,"enemies":"Slime Boss","floor":16.0,"turns":5.0},{"damage":18.0,"enemies":"2 Thieves","floor":18.0,"turns":4.0},{"damage":0.0,"enemies":"Spheric Guardian","floor":19.0,"turns":2.0},{"damage":22.0,"enemies":"Centurion and Healer","floor":20.0,"turns":3.0},{"damage":19.0,"enemies":"Snake Plant","floor":22.0,"turns":6.0},{"damage":24.0,"enemies":"Slavers","floor":24.0,"turns":4.0},{"damage":0.0,"enemies":"Snecko","floor":29.0,"turns":5.0},{"damage":8.0,"enemies":"Gremlin Leader","floor":31.0,"turns":4.0},{"damage":21.0,"enemies":"Collector","floor":33.0,"turns":4.0},{"damage":1,"enemies":"3 Shapes","floor":35,"turns":2},{"damage":0,"enemies":"Orb Walker","floor":36,"turns":3},{"damage":16,"enemies":"Jaw Worm Horde","floor":39,"turns":3},{"damage":0,"enemies":"Reptomancer","floor":40,"turns":5},{"damage":1,"enemies":"Giant Head","floor":46,"turns":5},{"damage":0,"enemies":"Sphere and 2 Shapes","floor":47,"turns":2},{"damage":0,"enemies":"Transient","floor":48,"turns":6},{"damage":49,"enemies":"Time Eater","floor":50,"turns":11},{"damage":49,"enemies":"Awakened One","floor":51,"turns":2}],"seed_played":"8885284628919354954","potions_obtained":[{"floor":1.0,"key":"Strength Potion"},{"floor":2.0,"key":"Ancient Potion"},{"floor":19.0,"key":"FairyPotion"},{"floor":20.0,"key":"Regen Potion"},{"floor":22.0,"key":"EntropicBrew"},{"floor":35,"key":"Strength Potion"},{"floor":36,"key":"Fire Potion"},{"floor":40,"key":"Energy Potion"}],"is_trial":false,"path_per_floor":["M","?","$","M","M","E","M","R","T","E","M","R","E","$","R","B",null,"M","M","M","$","M","R","E","?","T","?","R","M","$","E","R","B",null,"M","M","?","$","M","E","?","R","T","$","?","E","M","M","R","B","B"],"character_chosen":"DEFECT","items_purchased":["Anchor","Lockon","Defragment","Defragment"],"campfire_rested":3,"item_purchase_floors":[3,3,14,21],"current_hp_per_floor":[45,45,45,45,42,12,11,32,32,1,1,31,24,24,33,33,62,44,44,29,29,25,37,20,20,20,20,32,32,32,24,36,22,59,58,58,58,58,49,56,56,67,67,67,67,67,67,67,67,25,0,0],"gold":54,"neow_bonus":"TWO_FIFTY_GOLD","is_daily":false,"chose_seed":false,"campfire_upgraded":4,"win_rate":0.0,"timestamp":1610386262,"path_taken":["M","?","$","M","M","E","?","R","T","E","M","R","E","$","R","BOSS","M","M","?","?","M","R","E","?","T","?","R","M","$","E","R","BOSS","M","M","?","$","M","E","?","R","T","$","?","E","M","M","R","BOSS","BOSS"],"items_purchased_type":["Relic","Card","Card","Card"],"build_version":"2020-12-22","purchased_purges":6,"victory":false,"max_hp_per_floor":[71,71,71,71,71,71,71,71,71,71,71,71,71,71,71,71,71,71,71,71,71,71,71,71,71,71,71,71,71,71,71,71,71,71,71,71,67,67,67,67,67,67,67,67,67,67,67,67,67,67,67,67],"relic_stats":{"counters":[26,104],"Eternal Feather":65,"PreservedInsect":0,"Bag of Preparation":[24],"Whetstone":["Melter","Strike_B"],"Smiling Mask":500,"obtain_stats":[{"Vajra":43,"Eternal Feather":10,"PreservedInsect":46,"Bag of Preparation":25,"Whetstone":24,"Bottled Tornado":13,"Smiling Mask":6,"Ancient Tea Set":31,"Akabeko":43,"SlaversCollar":17,"Anchor":3,"Matryoshka":40,"Fusion Hammer":34,"Red Mask":45,"Cracked Core":0},{"Vajra":21,"Eternal Feather":6,"PreservedInsect":22,"Bag of Preparation":14,"Whetstone":14,"Bottled Tornado":8,"Smiling Mask":4,"Ancient Tea Set":16,"Akabeko":21,"SlaversCollar":9,"Anchor":1,"Matryoshka":21,"Fusion Hammer":17,"Red Mask":21,"Cracked Core":0},{"Vajra":78,"Eternal Feather":22,"PreservedInsect":83,"Bag of Preparation":53,"Whetstone":53,"Bottled Tornado":29,"Smiling Mask":15,"Ancient Tea Set":62,"Akabeko":78,"SlaversCollar":34,"Anchor":4,"Matryoshka":78,"Fusion Hammer":66,"Red Mask":78,"Cracked Core":0}]},"card_choices":[{"not_picked":["BootSequence","Darkness"],"picked":"Melter","floor":1.0},{"not_picked":["Go for the Eyes","Gash"],"picked":"Loop","floor":4.0},{"not_picked":["Steam","Compile Driver"],"picked":"Defragment","floor":5.0},{"not_picked":["Cold Snap","Coolheaded"],"picked":"Electrodynamics","floor":6.0},{"not_picked":["Skim","Hologram","Compile Driver"],"picked":"SKIP","floor":7.0},{"not_picked":["Creative AI","Redo"],"picked":"Coolheaded","floor":10.0},{"not_picked":["Go for the Eyes","Redo","Cold Snap"],"picked":"SKIP","floor":11.0},{"not_picked":["Glacier","Compile Driver","Tempest"],"picked":"SKIP","floor":13.0},{"not_picked":["Compile Driver","Tempest"],"picked":"Glacier","floor":13.0},{"not_picked":["Thunder Strike","All For One"],"picked":"Biased Cognition","floor":16.0},{"not_picked":["Steam Power","Reprogram+1"],"picked":"Self Repair","floor":18.0},{"not_picked":["Beam Cell","Glacier"],"picked":"Capacitor","floor":19.0},{"not_picked":["Gash","Stack"],"picked":"Darkness","floor":20.0},{"not_picked":["Ball Lightning+1","Doom and Gloom"],"picked":"Storm","floor":22.0},{"not_picked":["Melter","Reinforced Body","Streamline"],"picked":"SKIP","floor":24.0},{"not_picked":["Streamline","Scrape+1"],"picked":"Glacier","floor":29.0},{"not_picked":["Turbo","Consume","Reprogram"],"picked":"SKIP","floor":31.0},{"not_picked":["Core Surge","Seek"],"picked":"Biased Cognition","floor":33.0},{"not_picked":["Ball Lightning","Scrape","Gash"],"picked":"SKIP","floor":35},{"not_picked":["Lockon","Ball Lightning","BootSequence"],"picked":"SKIP","floor":36},{"not_picked":["Storm","Stack","Go for the Eyes+1"],"picked":"SKIP","floor":39},{"not_picked":["Cold Snap+1","Conserve Battery"],"picked":"Echo Form","floor":40},{"not_picked":["Fusion","Steam Power+1","Hologram"],"picked":"SKIP","floor":46},{"not_picked":["Lockon","Conserve Battery","Gash"],"picked":"SKIP","floor":47},{"not_picked":["BootSequence","Fusion+1","Conserve Battery"],"picked":"SKIP","floor":48}],"player_experience":1491084,"relics_obtained":[{"floor":6.0,"key":"Smiling Mask"},{"floor":10.0,"key":"Eternal Feather"},{"floor":13.0,"key":"Bottled Tornado"},{"floor":24.0,"key":"Whetstone"},{"floor":31.0,"key":"Ancient Tea Set"},{"floor":40,"key":"Matryoshka"},{"floor":43,"key":"Akabeko"},{"floor":43,"key":"Vajra"},{"floor":46,"key":"PreservedInsect"}],"event_choices":[{"damage_healed":0.0,"max_hp_gain":0.0,"max_hp_loss":0.0,"gold_gain":0.0,"event_name":"The Woman in Blue","player_choice":"Bought 2 Potions","floor":2.0,"gold_loss":0.0,"damage_taken":0.0},{"damage_healed":0.0,"max_hp_gain":0.0,"max_hp_loss":0.0,"gold_gain":0.0,"event_name":"Addict","player_choice":"Obtained Relic","floor":25.0,"gold_loss":85.0,"damage_taken":0.0,"relics_obtained":["Bag of Preparation"]},{"damage_healed":0.0,"max_hp_gain":0.0,"max_hp_loss":0.0,"gold_gain":50.0,"event_name":"Nest","player_choice":"Stole From Cult","floor":27.0,"gold_loss":0.0,"damage_taken":0.0},{"damage_healed":0,"gold_gain":0,"player_choice":"Max HP","damage_taken":0,"max_hp_gain":0,"max_hp_loss":4,"event_name":"Winding Halls","floor":37,"gold_loss":0},{"cards_removed":["Zap"],"damage_healed":0,"gold_gain":0,"player_choice":"Removed Skill","damage_taken":0,"max_hp_gain":0,"max_hp_loss":0,"event_name":"Falling","floor":41,"gold_loss":0},{"damage_healed":0,"gold_gain":0,"player_choice":"Paid","damage_taken":0,"relics_obtained":["Red Mask"],"max_hp_gain":0,"max_hp_loss":0,"event_name":"Tomb of Lord Red Mask","floor":45,"gold_loss":115}],"is_beta":false,"boss_relics":[{"not_picked":["Nuclear Battery","FrozenCore"],"picked":"SlaversCollar"},{"not_picked":["Calling Bell","SacredBark"],"picked":"Fusion Hammer"}],"items_purged_floors":[3,14,21,30,38,44],"is_endless":false,"potions_floor_spawned":[1,7,11,19,20,22,35,36,40],"killed_by":"Awakened One","ascension_level":20}}