{"host":"msa0wxqjs3jv1k3j","time":1610343435,"event":{"mods":["AchievementEnabler","BaseMod","BetterRewards","Colored Map","Highlight Path","KOR Keyword Fix","Keyboard Shortcuts","Minty Spire (QoL Compilation)","Quick Restart","SuperFastMode","everything is the same but u backflip on backflip"],"gold_per_floor":[117,117,130,130,144,144,144],"floor_reached":6,"playtime":307,"items_purged":[],"score":36,"play_id":"ca9b839a-760c-4fdb-8193-e70e8d62a982","local_time":"20210111143715","is_ascension_mode":false,"campfire_choices":[],"circlet_count":0,"master_deck":["Strike_P","Strike_P","Strike_P","Strike_P","Defend_P","Defend_P","Defend_P","Eruption","Vigilance","Pray","DeceiveReality","Sanctity","TalkToTheHand","Pray"],"relics":["PureWater","Incense Burner","Thread and Needle","Lee\u0027s Waffle","Art of War"],"acts_visited":["Exordium"],"potions_floor_usage":[6,6],"damage_taken":[{"damage":1,"enemies":"Small Slimes","floor":1,"turns":4},{"damage":2,"enemies":"2 Louse","floor":3,"turns":6},{"damage":3,"enemies":"Cultist","floor":5,"turns":6},{"damage":79,"enemies":"Gremlin Nob","floor":6,"turns":4}],"seed_played":"2078671910654095840","potions_obtained":[{"floor":5,"key":"EssenceOfSteel"}],"is_trial":false,"path_per_floor":["M","?","M","?","M","E"],"character_chosen":"WATCHER","items_purchased":["Thread and Needle","Lee\u0027s Waffle","Art of War","Pray","PowerPotion"],"campfire_rested":0,"item_purchase_floors":[0,0,0,0,0],"current_hp_per_floor":[78,78,76,76,73,0,0],"gold":144,"neow_bonus":"","is_daily":false,"chose_seed":false,"campfire_upgraded":0,"win_rate":0.0,"timestamp":1610343435,"path_taken":["M","?","M","?","?","E"],"items_purchased_type":["Relic","Relic","Relic","Card","Potion"],"build_version":"2020-12-22","purchased_purges":0,"victory":false,"max_hp_per_floor":[79,79,79,79,79,79,79],"card_choices":[{"not_picked":["FearNoEvil","Crescendo"],"picked":"DeceiveReality","floor":1},{"not_picked":["FlyingSleeves","WaveOfTheHand"],"picked":"TalkToTheHand","floor":3},{"not_picked":["Weave","WaveOfTheHand"],"picked":"Pray","floor":5}],"player_experience":78078,"relics_obtained":[],"event_choices":[{"damage_healed":0,"gold_gain":0,"cards_transformed":["Defend_P"],"player_choice":"Change","damage_taken":0,"max_hp_gain":0,"max_hp_loss":0,"event_name":"Living Wall","floor":2,"gold_loss":0,"cards_obtained":["Sanctity"]},{"damage_healed":0,"gold_gain":0,"player_choice":"0 cards matched","damage_taken":0,"max_hp_gain":0,"max_hp_loss":0,"event_name":"Match and Keep!","floor":4,"gold_loss":0,"cards_obtained":[]}],"is_beta":false,"boss_relics":[],"items_purged_floors":[],"is_endless":false,"potions_floor_spawned":[5],"killed_by":"Gremlin Nob","ascension_level":0}}