{"host":"ga4s3hj9m6nkn6gp","time":1610403188,"event":{"mods":["AchievementEnabler","BaseMod","Bestiary","Colored Powertips","Highlight Path","Minty Spire (QoL Compilation)","Relic Stats","everything is the same but u backflip on backflip"],"gold_per_floor":[117,128,128,152,227,227,270,270,270,285,73,73,86,105,105,195,195,211,226,226,141,141,141,184,184,235,73,73,109,149,164,164,255,255,273,3,225,225,225,225,263,263,263,263,294,294,313,313,313,313,313],"floor_reached":50,"playtime":1976,"items_purged":["Choke"],"score":1139,"play_id":"22468154-4378-41c0-8408-53b936763c45","local_time":"20210111231308","is_ascension_mode":true,"campfire_choices":[{"data":"Bouncing Flask","floor":6.0,"key":"SMITH"},{"floor":8.0,"key":"REST"},{"data":"Noxious Fumes","floor":15.0,"key":"SMITH"},{"data":"Choke","floor":23.0,"key":"SMITH"},{"data":"Concentrate","floor":25.0,"key":"SMITH"},{"floor":28.0,"key":"REST"},{"floor":32.0,"key":"REST"},{"floor":40.0,"key":"REST"},{"data":"Leg Sweep","floor":42,"key":"SMITH"},{"data":"Sadistic Nature","floor":44,"key":"SMITH"},{"floor":46,"key":"RECALL"},{"floor":49,"key":"REST"}],"circlet_count":0,"master_deck":["AscendersBane","Survivor","Neutralize","Endless Agony","Bouncing Flask+1","PiercingWail","Noxious Fumes+1","Blade Dance","Noxious Fumes","After Image","Blade Dance","Adrenaline","Acrobatics","Quick Slash","Corpse Explosion","Concentrate+1","Finisher","Tools of the Trade","Choke+1","Bane+1","Necronomicurse","Well Laid Plans","Leg Sweep+1","Predator+1","Dash","Venomology","Backstab+1","Sadistic Nature+1","Burst","After Image","Blade Dance","Bouncing Flask+1","Panacea"],"relics":["Ring of the Snake","Golden Idol","Mummified Hand","Sundial","TwistedFunnel","CultistMask","Pandora\u0027s Box","Necronomicon","PreservedInsect","MutagenicStrength","Whetstone","Red Mask","Dream Catcher","Runic Dome","Bottled Tornado","Pear","The Courier"],"acts_visited":["Exordium","TheCity","TheBeyond"],"potions_floor_usage":[47,50],"damage_taken":[{"damage":2.0,"enemies":"2 Louse","floor":1.0,"turns":4.0},{"damage":2.0,"enemies":"Jaw Worm","floor":2.0,"turns":5.0},{"damage":0.0,"enemies":"Cultist","floor":4.0,"turns":4.0},{"damage":46.0,"enemies":"Gremlin Nob","floor":7.0,"turns":5.0},{"damage":8.0,"enemies":"Blue Slaver","floor":10.0,"turns":3.0},{"damage":6.0,"enemies":"Looter","floor":13.0,"turns":3.0},{"damage":0.0,"enemies":"2 Fungi Beasts","floor":14.0,"turns":2.0},{"damage":4.0,"enemies":"Hexaghost","floor":16.0,"turns":9.0},{"damage":5.0,"enemies":"Chosen","floor":18.0,"turns":3.0},{"damage":11.0,"enemies":"2 Thieves","floor":19.0,"turns":3.0},{"damage":3.0,"enemies":"Slavers","floor":24.0,"turns":2.0},{"damage":0.0,"enemies":"Masked Bandits","floor":29.0,"turns":2.0},{"damage":13.0,"enemies":"Book of Stabbing","floor":30.0,"turns":3.0},{"damage":2.0,"enemies":"Centurion and Healer","floor":31.0,"turns":3.0},{"damage":27.0,"enemies":"Champ","floor":33.0,"turns":6.0},{"damage":32.0,"enemies":"3 Darklings","floor":35.0,"turns":3.0},{"damage":12,"enemies":"Reptomancer","floor":41,"turns":4},{"damage":0,"enemies":"Nemesis","floor":45,"turns":1},{"damage":0,"enemies":"3 Shapes","floor":47,"turns":2},{"damage":47,"enemies":"Time Eater","floor":50,"turns":8}],"seed_played":"7468858387707034503","potions_obtained":[{"floor":1.0,"key":"Swift Potion"},{"floor":2.0,"key":"SteroidPotion"},{"floor":10.0,"key":"Energy Potion"},{"floor":18.0,"key":"PowerPotion"},{"floor":24.0,"key":"ColorlessPotion"},{"floor":30.0,"key":"Strength Potion"}],"is_trial":false,"path_per_floor":["M","M","?","M","?","R","E","R","T","M","$","?","M","M","R","B",null,"M","M","?","?","?","R","E","R","T","$","R","?","E","M","R","B",null,"M","$","?","?","?","R","E","R","T","R","E","R","M","?","R","B"],"character_chosen":"THE_SILENT","items_purchased":["TwistedFunnel","Noxious Fumes","Well Laid Plans","Leg Sweep","Sadistic Nature"],"campfire_rested":5,"item_purchase_floors":[11,11,27,27,36],"current_hp_per_floor":[63,61,61,61,50,50,4,23,23,15,15,15,9,9,9,5,50,45,34,13,13,13,13,10,10,10,10,29,29,16,14,33,6,50,18,18,18,18,18,37,25,25,35,35,35,35,35,25,47,0,0],"gold":313,"neow_bonus":"TEN_PERCENT_HP_BONUS","is_daily":false,"chose_seed":false,"campfire_upgraded":6,"win_rate":0.0,"timestamp":1610403188,"path_taken":["M","M","?","M","?","R","E","R","T","M","$","?","?","M","R","BOSS","M","M","?","?","?","R","E","R","T","$","R","?","E","M","R","BOSS","M","$","?","?","?","R","E","R","T","R","E","R","?","?","R","BOSS"],"items_purchased_type":["Relic","Card","Card","Card","Card"],"build_version":"2020-12-22","purchased_purges":1,"victory":false,"max_hp_per_floor":[72,72,65,65,65,65,65,65,65,65,65,65,65,65,65,65,65,65,65,65,65,65,65,65,65,65,65,65,65,65,65,65,65,65,65,65,65,65,65,65,65,65,75,75,75,75,75,75,75,75,75],"relic_stats":{"Dream Catcher":3,"counters":[20,75],"Golden Idol":115,"Mummified Hand":[60],"Sundial":[4],"Pandora\u0027s Box":["Acrobatics","Quick Slash","Corpse Explosion","Concentrate","Choke","Finisher","Tools of the Trade","Choke","Flechettes","Bane"],"PreservedInsect":196,"Necronomicon":[19],"Whetstone":["Bane","Flechettes"],"obtain_stats":[{"TwistedFunnel":11,"Pear":43,"Golden Idol":3,"PreservedInsect":21,"The Courier":45,"Whetstone":24,"Bottled Tornado":41,"Runic Dome":34,"Dream Catcher":30,"Mummified Hand":7,"Sundial":9,"MutagenicStrength":22,"Pandora\u0027s Box":17,"CultistMask":12,"Necronomicon":20,"Red Mask":29,"Ring of the Snake":0},{"TwistedFunnel":5,"Pear":17,"Golden Idol":2,"PreservedInsect":10,"The Courier":18,"Whetstone":11,"Bottled Tornado":17,"Runic Dome":15,"Dream Catcher":13,"Mummified Hand":4,"Sundial":4,"MutagenicStrength":10,"Pandora\u0027s Box":8,"CultistMask":5,"Necronomicon":10,"Red Mask":12,"Ring of the Snake":0},{"TwistedFunnel":21,"Pear":64,"Golden Idol":9,"PreservedInsect":41,"The Courier":65,"Whetstone":43,"Bottled Tornado":64,"Runic Dome":57,"Dream Catcher":48,"Mummified Hand":18,"Sundial":18,"MutagenicStrength":41,"Pandora\u0027s Box":35,"CultistMask":21,"Necronomicon":41,"Red Mask":45,"Ring of the Snake":0}],"Ring of the Snake":[43]},"card_choices":[{"not_picked":["Leg Sweep","Slice"],"picked":"Endless Agony","floor":1.0},{"not_picked":["Flying Knee","Caltrops"],"picked":"Bouncing Flask","floor":2.0},{"not_picked":["Acrobatics","Deflect"],"picked":"PiercingWail","floor":4.0},{"not_picked":["Masterful Stab","Flechettes"],"picked":"Noxious Fumes","floor":7.0},{"not_picked":["Masterful Stab","Outmaneuver"],"picked":"Blade Dance","floor":10.0},{"not_picked":["Choke","Slice"],"picked":"After Image","floor":13.0},{"not_picked":["Underhanded Strike","Noxious Fumes"],"picked":"Blade Dance","floor":14.0},{"not_picked":["Glass Knife","A Thousand Cuts"],"picked":"Adrenaline","floor":16.0},{"not_picked":["Finisher+1","Underhanded Strike","PiercingWail"],"picked":"SKIP","floor":18.0},{"not_picked":["Dagger Throw","Backflip","Dagger Spray"],"picked":"SKIP","floor":19.0},{"not_picked":["Malaise","Dodge and Roll","Glass Knife"],"picked":"SKIP","floor":24.0},{"not_picked":["Reflex","Calculated Gamble"],"picked":"Predator+1","floor":29.0},{"not_picked":["Deadly Poison","Quick Slash"],"picked":"Dash","floor":30.0},{"not_picked":["Cloak And Dagger","Storm of Steel","PiercingWail"],"picked":"SKIP","floor":31.0},{"not_picked":["Doppelganger","Storm of Steel"],"picked":"Venomology","floor":33.0},{"not_picked":["Blade Dance","Bane"],"picked":"Backstab+1","floor":35.0},{"not_picked":["Prepared","Footwork"],"picked":"After Image","floor":41},{"not_picked":["Heel Hook","Noxious Fumes"],"picked":"Blade Dance","floor":45},{"not_picked":["Quick Slash","Escape Plan"],"picked":"Bouncing Flask+1","floor":47},{"not_picked":["Good Instincts","Secret Weapon"],"picked":"Panacea","floor":48}],"player_experience":610787,"relics_obtained":[{"floor":7.0,"key":"Mummified Hand"},{"floor":9.0,"key":"Sundial"},{"floor":20.0,"key":"Necronomicon"},{"floor":24.0,"key":"Whetstone"},{"floor":29.0,"key":"Red Mask"},{"floor":30.0,"key":"Dream Catcher"},{"floor":41,"key":"Bottled Tornado"},{"floor":43,"key":"Pear"},{"floor":45,"key":"The Courier"}],"event_choices":[{"damage_healed":0.0,"max_hp_gain":0.0,"max_hp_loss":7.0,"gold_gain":0.0,"event_name":"Golden Idol","player_choice":"Lose Max HP","floor":3.0,"gold_loss":0.0,"damage_taken":0.0,"relics_obtained":["Golden Idol"]},{"damage_healed":0.0,"max_hp_gain":0.0,"max_hp_loss":0.0,"gold_gain":75.0,"event_name":"World of Goop","player_choice":"Gather Gold","floor":5.0,"gold_loss":0.0,"damage_taken":11.0},{"damage_healed":0.0,"max_hp_gain":0.0,"max_hp_loss":0.0,"gold_gain":0.0,"event_name":"FaceTrader","player_choice":"Trade","floor":12.0,"gold_loss":0.0,"damage_taken":0.0,"relics_obtained":["CultistMask"]},{"damage_healed":0.0,"max_hp_gain":0.0,"max_hp_loss":0.0,"gold_gain":0.0,"event_name":"Cursed Tome","player_choice":"Obtained Book","floor":20.0,"gold_loss":0.0,"damage_taken":21.0},{"damage_healed":0.0,"max_hp_gain":0.0,"max_hp_loss":0.0,"gold_gain":0.0,"event_name":"Addict","player_choice":"Obtained Relic","floor":21.0,"gold_loss":85.0,"damage_taken":0.0,"relics_obtained":["PreservedInsect"]},{"damage_healed":0.0,"max_hp_gain":0.0,"max_hp_loss":0.0,"gold_gain":0.0,"event_name":"Drug Dealer","player_choice":"Inject Mutagens","floor":22.0,"gold_loss":0.0,"damage_taken":0.0,"relics_obtained":["MutagenicStrength"]},{"damage_healed":0.0,"max_hp_gain":0.0,"max_hp_loss":0.0,"gold_gain":0.0,"event_name":"Masked Bandits","player_choice":"Fought Bandits","floor":29.0,"gold_loss":0.0,"damage_taken":0.0},{"damage_healed":0.0,"max_hp_gain":0.0,"max_hp_loss":0.0,"gold_gain":222.0,"event_name":"Tomb of Lord Red Mask","player_choice":"Wore Mask","floor":37.0,"gold_loss":0.0,"damage_taken":0.0},{"cards_removed":["Flechettes"],"damage_healed":0.0,"max_hp_gain":0.0,"max_hp_loss":0.0,"gold_gain":0.0,"event_name":"Falling","player_choice":"Removed Attack","floor":38.0,"gold_loss":0.0,"damage_taken":0.0},{"damage_healed":0.0,"max_hp_gain":0.0,"max_hp_loss":0.0,"gold_gain":0.0,"event_name":"Match and Keep!","player_choice":"1 cards matched","floor":39.0,"gold_loss":0.0,"damage_taken":0.0,"cards_obtained":["Burst"]},{"damage_healed":0,"gold_gain":0,"player_choice":"Memory 3","damage_taken":10,"max_hp_gain":0,"max_hp_loss":0,"event_name":"SensoryStone","floor":48,"gold_loss":0}],"is_beta":false,"boss_relics":[{"not_picked":["Empty Cage","Velvet Choker"],"picked":"Pandora\u0027s Box"},{"not_picked":["SlaversCollar","Astrolabe"],"picked":"Runic Dome"}],"items_purged_floors":[36],"is_endless":false,"potions_floor_spawned":[1,2,10,18,24,30,45],"killed_by":"Time Eater","ascension_level":20}}