{"host":"kwvcf9gzgu4x9g41","time":1610332152,"event":{"mods":["AchievementEnabler","AlwaysNeverKeys","BaseMod","BetterRewards","Block Reminder","Colored Map","Colored Powertips","Custom Start","Highlight Path","Keyboard Shortcuts","Minty Spire (QoL Compilation)","Permanent Neow","Rare Cards Sparkle","Relic Stats","Spicy Shops","StSLib","The Cursed","The Servant 0.9.4"],"gold_per_floor":[115,135,149,160,335,369,381,396,396,406,430,447,224,224,224,345,345,360,384,400,423,167,167,205,220,245,269,282,302,302,302,302,428,428,448,448,301,317,337,337,378,378,378,397,93,93,93,108,108,108],"floor_reached":51,"playtime":2528,"items_purged":["Doubt"],"score":857,"play_id":"b4cea454-1b27-48e6-8077-594f3d11d2ea","local_time":"20210110202912","is_ascension_mode":false,"campfire_choices":[{"floor":15,"key":"REST"},{"data":"Defragment","floor":23,"key":"SMITH"},{"data":"Storm","floor":30,"key":"SMITH"},{"floor":32,"key":"REST"},{"floor":40,"key":"REST"},{"floor":42,"key":"REST"},{"floor":47,"key":"REST"},{"floor":49,"key":"REST"}],"circlet_count":0,"master_deck":["Heatsinks+1","Defragment+1","Self Repair+1","Storm+1","Electrodynamics+1","Scrape+1","Gash+1","Gash+1","Gash+1","Gash+1","Defragment+1","Storm+1"],"relics":["Cracked Core","Runic Capacitor","Inserter","DataDisk","Bottled Tornado","Whetstone","Singing Bowl","Tiny Chest","Potion Belt","Golden Idol","Runic Pyramid","Gremlin Horn","Pantograph","Bag of Preparation","Busted Crown","Nunchaku","Cables","Shuriken","Lantern","TheAbacus","Orichalcum"],"acts_visited":["Exordium","TheCity","TheBeyond"],"potions_floor_usage":[],"damage_taken":[{"damage":11,"enemies":"Jaw Worm","floor":1,"turns":2},{"damage":0,"enemies":"2 Louse","floor":2,"turns":1},{"damage":10,"enemies":"Small Slimes","floor":3,"turns":2},{"damage":10,"enemies":"Looter","floor":4,"turns":2},{"damage":0,"enemies":"Gremlin Nob","floor":6,"turns":2},{"damage":5,"enemies":"Gremlin Gang","floor":7,"turns":2},{"damage":0,"enemies":"Exordium Thugs","floor":8,"turns":2},{"damage":0,"enemies":"Lots of Slimes","floor":10,"turns":1},{"damage":13,"enemies":"Red Slaver","floor":12,"turns":2},{"damage":0,"enemies":"Slime Boss","floor":16,"turns":2},{"damage":10,"enemies":"Chosen","floor":18,"turns":2},{"damage":12,"enemies":"Shell Parasite","floor":19,"turns":2},{"damage":21,"enemies":"Snake Plant","floor":20,"turns":2},{"damage":0,"enemies":"3 Cultists","floor":21,"turns":2},{"damage":18,"enemies":"Gremlin Leader","floor":24,"turns":2},{"damage":15,"enemies":"Snecko","floor":25,"turns":3},{"damage":15,"enemies":"Chosen and Byrds","floor":27,"turns":2},{"damage":8,"enemies":"Centurion and Healer","floor":28,"turns":2},{"damage":10,"enemies":"Cultist and Chosen","floor":29,"turns":2},{"damage":18,"enemies":"Collector","floor":33,"turns":3},{"damage":15,"enemies":"Orb Walker","floor":35,"turns":2},{"damage":11,"enemies":"3 Darklings","floor":38,"turns":2},{"damage":0,"enemies":"Sphere and 2 Shapes","floor":39,"turns":1},{"damage":24,"enemies":"Nemesis","floor":41,"turns":3},{"damage":0,"enemies":"Jaw Worm Horde","floor":44,"turns":1},{"damage":0,"enemies":"4 Shapes","floor":48,"turns":1},{"damage":12,"enemies":"Awakened One","floor":50,"turns":3}],"seed_played":"-2941915924355367559","potions_obtained":[{"floor":2,"key":"Swift Potion"},{"floor":3,"key":"FocusPotion"},{"floor":4,"key":"Swift Potion"},{"floor":16,"key":"Fire Potion"},{"floor":19,"key":"Explosive Potion"},{"floor":21,"key":"Energy Potion"},{"floor":25,"key":"SteroidPotion"},{"floor":48,"key":"FocusPotion"}],"is_trial":true,"path_per_floor":["M","M","M","M","?","E","M","M","T","M","T","M","$","?","R","B",null,"M","M","M","M","$","R","E","M","T","M","M","M","R","?","R","B",null,"M","?","$","M","M","R","E","R","T","M","$","T","R","M","R","B",null],"character_chosen":"DEFECT","items_purchased":["Potion Belt","Gremlin Horn","Nunchaku","Lantern","TheAbacus"],"campfire_rested":6,"item_purchase_floors":[13,22,37,45,45],"current_hp_per_floor":[64,74,74,74,74,75,70,75,75,77,77,76,76,73,73,75,75,77,75,66,78,78,78,72,69,69,66,68,70,70,70,89,83,91,88,90,90,91,99,99,87,101,101,103,103,103,103,105,105,103],"gold":108,"neow_bonus":"","is_daily":false,"chose_seed":false,"campfire_upgraded":2,"win_rate":0.0,"timestamp":1610332152,"path_taken":["M","M","M","M","?","E","M","M","T","M","?","M","$","?","R","BOSS","M","M","M","M","$","R","E","M","T","M","M","M","R","?","R","BOSS","M","?","$","M","M","R","E","R","T","M","$","?","R","?","R","BOSS"],"items_purchased_type":["Relic","Relic","Relic","Relic","Relic"],"build_version":"2020-12-22","purchased_purges":1,"victory":true,"max_hp_per_floor":[75,75,75,75,75,75,75,75,75,77,77,79,79,73,73,75,75,77,77,79,81,81,81,83,85,85,87,87,89,89,89,89,91,91,93,95,95,97,99,99,101,101,101,103,103,103,103,105,105,105],"relic_stats":{"Inserter":[26],"Singing Bowl":36,"Gremlin Horn":[12,12],"counters":[27,53],"Golden Idol":138,"Bag of Preparation":[22],"Whetstone":[],"Orichalcum":[12],"Cables":[4,4,0,0,0],"Nunchaku":[6],"Busted Crown":14,"TheAbacus":[36],"Shuriken":[8],"Pantograph":0,"Tiny Chest":1,"obtain_stats":[{"Potion Belt":13,"Lantern":45,"Inserter":0,"Singing Bowl":9,"Gremlin Horn":22,"Golden Idol":14,"Runic Capacitor":0,"Bag of Preparation":26,"Whetstone":6,"Bottled Tornado":0,"Orichalcum":46,"Cables":41,"DataDisk":0,"Nunchaku":37,"Busted Crown":34,"TheAbacus":45,"Shuriken":43,"Pantograph":24,"Tiny Chest":11,"Cracked Core":0,"Runic Pyramid":17},{"Potion Belt":9,"Lantern":25,"Inserter":0,"Singing Bowl":7,"Gremlin Horn":14,"Golden Idol":9,"Runic Capacitor":0,"Bag of Preparation":16,"Whetstone":5,"Bottled Tornado":0,"Orichalcum":25,"Cables":24,"DataDisk":0,"Nunchaku":21,"Busted Crown":20,"TheAbacus":25,"Shuriken":24,"Pantograph":15,"Tiny Chest":8,"Cracked Core":0,"Runic Pyramid":10},{"Potion Belt":16,"Lantern":49,"Inserter":0,"Singing Bowl":13,"Gremlin Horn":26,"Golden Idol":16,"Runic Capacitor":0,"Bag of Preparation":31,"Whetstone":9,"Bottled Tornado":0,"Orichalcum":49,"Cables":48,"DataDisk":0,"Nunchaku":42,"Busted Crown":40,"TheAbacus":49,"Shuriken":48,"Pantograph":28,"Tiny Chest":14,"Cracked Core":0,"Runic Pyramid":18}]},"card_choices":[{"not_picked":["Redo","Auto Shields","Heatsinks"],"picked":"SKIP","floor":1},{"not_picked":["Doom and Gloom","Blizzard","Beam Cell"],"picked":"SKIP","floor":2},{"not_picked":["Self Repair","Hologram","Compile Driver"],"picked":"SKIP","floor":3},{"not_picked":["Turbo","Hologram","Steam"],"picked":"SKIP","floor":4},{"not_picked":["Fusion","Streamline","Scrape"],"picked":"SKIP","floor":6},{"not_picked":["Leap","Recycle","Coolheaded"],"picked":"SKIP","floor":7},{"not_picked":["Hologram","Fission","Steam Power"],"picked":"SKIP","floor":8},{"not_picked":["Turbo","Compile Driver","Steam"],"picked":"Singing Bowl","floor":10},{"not_picked":["Rip and Tear","Darkness","Stack"],"picked":"Singing Bowl","floor":12},{"not_picked":["Echo Form","Buffer","Hyperbeam"],"picked":"Singing Bowl","floor":16},{"not_picked":["Gash","Compile Driver","Coolheaded+1"],"picked":"Singing Bowl","floor":18},{"not_picked":["Genetic Algorithm+1","Gash"],"picked":"Defragment","floor":19},{"not_picked":["Gash","Auto Shields","Steam"],"picked":"Singing Bowl","floor":20},{"not_picked":["Ball Lightning","BootSequence","Reprogram"],"picked":"Singing Bowl","floor":21},{"not_picked":["Heatsinks","BootSequence","Melter"],"picked":"Singing Bowl","floor":24},{"not_picked":["Rebound+1","Cold Snap","Hologram"],"picked":"Singing Bowl","floor":25},{"not_picked":["Sunder","Skim+1","Seek"],"picked":"Singing Bowl","floor":27},{"not_picked":["Coolheaded","Doom and Gloom"],"picked":"Storm","floor":28},{"not_picked":["Compile Driver","Redo","Conserve Battery"],"picked":"Singing Bowl","floor":29},{"not_picked":["Multi-Cast","Echo Form","Reboot"],"picked":"Singing Bowl","floor":33},{"not_picked":["Streamline"],"picked":"Singing Bowl","floor":35},{"not_picked":["Mayhem"],"picked":"Singing Bowl","floor":36},{"not_picked":["Ball Lightning"],"picked":"Singing Bowl","floor":38},{"not_picked":["Turbo"],"picked":"Singing Bowl","floor":39},{"not_picked":["Fusion+1"],"picked":"Singing Bowl","floor":41},{"not_picked":["Ball Lightning"],"picked":"Singing Bowl","floor":44},{"not_picked":["Redo"],"picked":"Singing Bowl","floor":48}],"player_experience":349989,"relics_obtained":[{"floor":6,"key":"Whetstone"},{"floor":9,"key":"Singing Bowl"},{"floor":11,"key":"Tiny Chest"},{"floor":24,"key":"Pantograph"},{"floor":26,"key":"Bag of Preparation"},{"floor":41,"key":"Cables"},{"floor":43,"key":"Shuriken"},{"floor":46,"key":"Orichalcum"}],"event_choices":[{"damage_healed":0,"gold_gain":175,"player_choice":"AGREE","damage_taken":0,"max_hp_gain":0,"max_hp_loss":0,"event_name":"Liars Game","floor":5,"gold_loss":0,"cards_obtained":["Doubt"]},{"damage_healed":0,"gold_gain":0,"player_choice":"Lose Max HP","damage_taken":0,"relics_obtained":["Golden Idol"],"max_hp_gain":0,"max_hp_loss":6,"event_name":"Golden Idol","floor":14,"gold_loss":0},{"damage_healed":0,"gold_gain":0,"player_choice":"Ignored","damage_taken":0,"max_hp_gain":0,"max_hp_loss":0,"event_name":"Ghosts","floor":31,"gold_loss":0},{"damage_healed":0,"gold_gain":0,"player_choice":"Memory 1","damage_taken":0,"max_hp_gain":0,"max_hp_loss":0,"event_name":"SensoryStone","floor":36,"gold_loss":0}],"is_beta":false,"boss_relics":[{"not_picked":["Tiny House","FrozenCore"],"picked":"Runic Pyramid"},{"not_picked":["Sozu","Velvet Choker"],"picked":"Busted Crown"}],"items_purged_floors":[13],"is_endless":false,"potions_floor_spawned":[2,3,4,8,10,16,19,21,25,28,29,35,48],"ascension_level":0}}