{"host":"llpusn9usp8rznkj","time":1610335581,"event":{"mods":["2.2 Compatiblity","Aspiration","BaseMod","Colored Map","Colored Powertips","Conspire","Hubris","Minty Spire (QoL Compilation)","Quick Restart","Rare Cards Sparkle","Replay The Spire","StSLib","The Cursed"],"gold_per_floor":[110,30,46,66,66,66,66,66,66,66,96,96,116,116,116,116,116],"floor_reached":16,"playtime":418,"items_purged":[],"score":196,"play_id":"5e754dda-be43-48f5-8aa0-fb95bd2802d7","local_time":"20210110222621","is_ascension_mode":true,"campfire_choices":[{"data":"Bash","floor":6,"key":"SMITH"},{"data":"Carnage","floor":8,"key":"SMITH"},{"floor":15,"key":"REST"}],"circlet_count":0,"master_deck":["AscendersBane","Strike_R","Strike_R+1","Strike_R+1","Strike_R","Strike_R","Defend_R","Defend_R+1","Defend_R","Defend_R","Bash+1","Sword Boomerang","Carnage+1","Flex+1","Limit Break","ReplayTheSpireMod:Stacked","Headbutt"],"relics":["Burning Blood","NeowsBlessing","Garlic","Turnip","Golden Idol"],"acts_visited":["Exordium"],"potions_floor_usage":[11,16],"damage_taken":[{"damage":0,"enemies":"Cultist","floor":1,"turns":1},{"damage":0,"enemies":"Jaw Worm","floor":3,"turns":1},{"damage":0,"enemies":"2 Louse","floor":4,"turns":1},{"damage":17,"enemies":"3 Sentries","floor":11,"turns":4},{"damage":0,"enemies":"Large Slime","floor":13,"turns":4},{"damage":70,"enemies":"Fading Forest","floor":16,"turns":13}],"seed_played":"6670227507860113835","potions_obtained":[{"floor":3,"key":"Explosive Potion"},{"floor":11,"key":"Energy Potion"}],"is_trial":false,"path_per_floor":["M","$","M","M","?","R","?","R","T","$","E","?","M","?","R","B"],"character_chosen":"IRONCLAD","items_purchased":["Carnage"],"campfire_rested":1,"item_purchase_floors":[2],"current_hp_per_floor":[74,74,75,75,52,52,52,52,52,52,41,41,47,21,43,0,0],"gold":116,"neow_bonus":"THREE_ENEMY_KILL","is_daily":false,"chose_seed":false,"campfire_upgraded":2,"win_rate":0.0,"timestamp":1610335581,"path_taken":["M","$","M","?","?","R","?","R","T","$","E","?","?","?","R","BOSS"],"items_purchased_type":["Card"],"build_version":"2020-12-22","purchased_purges":0,"victory":false,"max_hp_per_floor":[75,75,75,75,75,75,75,75,75,75,75,75,75,75,75,75,75],"card_choices":[{"not_picked":["Clash","True Grit"],"picked":"Sword Boomerang","floor":1},{"not_picked":["True Grit","Dark Embrace"],"picked":"Flex","floor":3},{"not_picked":["ReplayTheSpireMod:Muscle Training","Clash"],"picked":"Limit Break","floor":4},{"not_picked":["Pummel","Thunderclap"],"picked":"ReplayTheSpireMod:Stacked","floor":11},{"not_picked":["ReplayTheSpireMod:Strike From Hell","Searing Blow"],"picked":"Headbutt","floor":13}],"player_experience":1139139,"relics_obtained":[{"floor":9,"key":"Garlic"},{"floor":11,"key":"Turnip"}],"event_choices":[{"damage_healed":0,"gold_gain":0,"player_choice":"Entered Light","damage_taken":23,"max_hp_gain":0,"max_hp_loss":0,"event_name":"Shining Light","floor":5,"gold_loss":0,"cards_upgraded":["Strike_R","Strike_R"]},{"damage_healed":0,"gold_gain":0,"player_choice":"Upgraded","damage_taken":0,"max_hp_gain":0,"max_hp_loss":0,"event_name":"Upgrade Shrine","floor":12,"gold_loss":0,"cards_upgraded":["Flex"]},{"damage_healed":0,"gold_gain":0,"player_choice":"Take Damage","damage_taken":26,"relics_obtained":["Golden Idol"],"max_hp_gain":0,"max_hp_loss":0,"event_name":"Golden Idol","floor":14,"gold_loss":0}],"is_beta":false,"boss_relics":[],"items_purged_floors":[],"is_endless":false,"potions_floor_spawned":[3,11],"killed_by":"Fading Forest","ascension_level":20}}