{"host":"i7jfea87xc8lz16p","time":1610408885,"event":{"mods":["AchievementEnabler","BaseMod","Colored Powertips","Minty Spire (QoL Compilation)","Relic Stats"],"gold_per_floor":[110,110,120,139,151,186,198,198,198,198,198,123,149,168,168,245,245,258,258,293,305,305,305],"floor_reached":22,"playtime":1071,"items_purged":["Grand Finale+1"],"score":392,"play_id":"a97c6567-16aa-4c9f-94e7-783b12d91d92","local_time":"20210112004805","is_ascension_mode":true,"campfire_choices":[{"data":"Footwork","floor":8,"key":"SMITH"},{"floor":11,"key":"REST"},{"floor":15,"key":"REST"}],"circlet_count":0,"master_deck":["AscendersBane","Strike_G+1","Strike_G","Defend_G","Defend_G","Defend_G","Defend_G","Defend_G","Survivor","Neutralize","Skewer+1","Flechettes+1","Deadly Poison","Poisoned Stab+1","Tools of the Trade","Catalyst","Footwork+1","Deadly Poison","Bouncing Flask","Leg Sweep","Adrenaline","Night Terror"],"relics":["Astrolabe","Ancient Tea Set","Mummified Hand","StoneCalendar","Whetstone","Busted Crown","Red Mask"],"acts_visited":["Exordium","TheCity"],"potions_floor_usage":[13,22],"damage_taken":[{"damage":0,"enemies":"Jaw Worm","floor":1,"turns":3},{"damage":0,"enemies":"Cultist","floor":3,"turns":3},{"damage":1,"enemies":"Small Slimes","floor":4,"turns":3},{"damage":1,"enemies":"3 Louse","floor":5,"turns":4},{"damage":27,"enemies":"Gremlin Nob","floor":6,"turns":4},{"damage":3,"enemies":"Blue Slaver","floor":7,"turns":3},{"damage":1,"enemies":"Lagavulin","floor":13,"turns":4},{"damage":17,"enemies":"Exordium Thugs","floor":14,"turns":5},{"damage":2,"enemies":"The Guardian","floor":16,"turns":7},{"damage":0,"enemies":"Chosen","floor":18,"turns":4},{"damage":43,"enemies":"Masked Bandits","floor":20,"turns":6},{"damage":0,"enemies":"Spheric Guardian","floor":21,"turns":3},{"damage":22,"enemies":"Chosen and Byrds","floor":22,"turns":2}],"seed_played":"7807003226832152628","potions_obtained":[{"floor":3,"key":"DuplicationPotion"},{"floor":4,"key":"EssenceOfSteel"},{"floor":13,"key":"EssenceOfSteel"},{"floor":20,"key":"DuplicationPotion"}],"is_trial":false,"path_per_floor":["M","?","M","M","M","E","M","R","T","T","R","$","E","M","R","B",null,"M","?","?","M","M"],"character_chosen":"THE_SILENT","items_purchased":[],"campfire_rested":2,"item_purchase_floors":[],"current_hp_per_floor":[59,59,59,58,57,30,27,27,27,27,46,46,45,28,47,45,61,61,61,18,18,0,0],"gold":305,"neow_bonus":"BOSS_RELIC","is_daily":false,"chose_seed":false,"campfire_upgraded":1,"win_rate":0.0,"timestamp":1610408885,"path_taken":["M","?","M","?","M","E","M","R","T","?","R","$","E","M","R","BOSS","M","?","?","M","M"],"items_purchased_type":[],"build_version":"2020-12-22","purchased_purges":1,"victory":false,"max_hp_per_floor":[66,66,66,66,66,66,66,66,66,66,66,66,66,66,66,66,66,66,66,66,66,66,66],"relic_stats":{"Busted Crown":6,"counters":[13,51],"Mummified Hand":[11],"Astrolabe":["Skewer","Flechettes","Grand Finale"],"StoneCalendar":[32],"Whetstone":["Strike_G","Poisoned Stab"],"obtain_stats":[{"Busted Crown":17,"Mummified Hand":9,"Astrolabe":0,"StoneCalendar":10,"Red Mask":20,"Whetstone":13,"Ancient Tea Set":6,"Ring of the Snake":0},{"Busted Crown":9,"Mummified Hand":6,"Astrolabe":0,"StoneCalendar":6,"Red Mask":11,"Whetstone":7,"Ancient Tea Set":5,"Ring of the Snake":0},{"Busted Crown":36,"Mummified Hand":20,"Astrolabe":0,"StoneCalendar":20,"Red Mask":46,"Whetstone":24,"Ancient Tea Set":17,"Ring of the Snake":0}]},"card_choices":[{"not_picked":["Dagger Spray","Quick Slash"],"picked":"Deadly Poison","floor":1},{"not_picked":["Outmaneuver","Quick Slash"],"picked":"Catalyst","floor":3},{"not_picked":["Prepared","Bane"],"picked":"Footwork","floor":4},{"not_picked":["Underhanded Strike","Slice"],"picked":"Deadly Poison","floor":5},{"not_picked":["Deadly Poison","Predator"],"picked":"Bouncing Flask","floor":6},{"not_picked":["Flechettes","Underhanded Strike","Poisoned Stab"],"picked":"SKIP","floor":7},{"not_picked":["Well Laid Plans","Reflex"],"picked":"Leg Sweep","floor":13},{"not_picked":["Dagger Spray","Bane"],"picked":"Adrenaline","floor":14},{"not_picked":["Phantasmal Killer","Grand Finale"],"picked":"Night Terror","floor":16},{"not_picked":["Outmaneuver"],"picked":"SKIP","floor":18},{"not_picked":["Deadly Poison"],"picked":"SKIP","floor":21}],"player_experience":1748007,"relics_obtained":[{"floor":6,"key":"Ancient Tea Set"},{"floor":9,"key":"Mummified Hand"},{"floor":10,"key":"StoneCalendar"},{"floor":13,"key":"Whetstone"},{"floor":20,"key":"Red Mask"}],"event_choices":[{"damage_healed":0,"gold_gain":0,"player_choice":"2 cards matched","damage_taken":0,"max_hp_gain":0,"max_hp_loss":0,"event_name":"Match and Keep!","floor":2,"gold_loss":0,"cards_obtained":["Poisoned Stab","Tools of the Trade"]},{"damage_healed":0,"gold_gain":0,"player_choice":"Ignored","damage_taken":0,"max_hp_gain":0,"max_hp_loss":0,"event_name":"Ghosts","floor":19,"gold_loss":0},{"damage_healed":0,"gold_gain":0,"player_choice":"Fought Bandits","damage_taken":0,"max_hp_gain":0,"max_hp_loss":0,"event_name":"Masked Bandits","floor":20,"gold_loss":0}],"is_beta":false,"boss_relics":[{"not_picked":["Calling Bell","Empty Cage"],"picked":"Busted Crown"}],"items_purged_floors":[12],"is_endless":false,"potions_floor_spawned":[3,4,5,13,16,20],"killed_by":"Chosen and Byrds","ascension_level":20}}