{"host":"y4sghvfd0ewtcchd","time":1610389582,"event":{"mods":["Aspiration","BaseMod","Better Debug","Better Note","Better Third Choice","BetterRewards","Block Reminder","Colored Map","Colored Powertips","Downfall","Highlight Path","Hubris","Infinite Spire","Minty Spire (QoL Compilation)","Relic Sorter","Relic Stats","Replay The Spire","Shop Mod","StSLib","The Jungle","The Saiyan"],"gold_per_floor":[112,130,141,141,141,141,166,166,191,220,220,220,220,236,326,421,421,441,441,503,503,523,295,295,295,295,326,326,343,369,385,385,483,483,501,517,466,466,480,480,755,755,755,771,799,818,843,843,843,843,843],"floor_reached":50,"playtime":4216,"items_purged":["Defend_B"],"score":871,"play_id":"c69703d9-cb92-432e-b9a1-1fd33d934b9a","local_time":"20210111212622","is_ascension_mode":true,"campfire_choices":[{"data":"Zap","floor":6.0,"key":"SMITH"},{"data":"Hello World","floor":8.0,"key":"SMITH"},{"floor":12.0,"key":"RECALL"},{"data":"hubris:PowerSurge","floor":25,"key":"SMITH"},{"data":"Creative AI","floor":28,"key":"SMITH"},{"data":"hubris:EnhanceAbility","floor":32,"key":"SMITH"},{"data":"Electrodynamics","floor":40,"key":"SMITH"},{"data":"Replay:SS_hec_1","floor":42,"key":"SMITH"},{"data":"hubris:PowerSurge","floor":49,"key":"SMITH"}],"circlet_count":0,"master_deck":["Strike_B","Strike_B","Defend_B","Defend_B","Defend_B","Zap+1","Dualcast+1","Turbo","Hello World+1","Chill+1","Ball Lightning","Creative AI+1","BasicCrystalCard+1","Creative AI+1","hubris:EnhanceAbility+1","expansioncontent:HyperBeam","Replay:SS_hec_1+1","infinitespire:Fortify+1","Conserve Battery+1","hubris:PowerSurge+1","Consume+1","Chill+1","Panic Button+1","Electrodynamics+1","Barrage+1","BasicCrystalCard+1","Tempest+1","Regret","hubris:PowerSurge+1","Time Bomb+1","White Noise+1","Capacitor","Heatsinks+1","Consume+1","Coolheaded+1","Rebound+1"],"relics":["Cracked Core","Blood Vial","Carrot","Lee\u0027s Waffle","Toxic Egg 2","Replay:Mystery Machine","aspiration:TomeofQuesting","Replay:Grab Bag","Philosopher\u0027s Stone","Replay:Bronze Core","SacredBark","Eternal Feather","Replay:Drink Me","ReplayTheSpireMod:ShopPack","ClockworkSouvenir","Du-Vu Doll","hubris:BottledRain","Centennial Puzzle","Geode","Velvet Choker","hubris:SlimyHat","Chameleon Ring","Question Card","Inserter","Orrery"],"acts_visited":["Exordium","TheCity","TheBeyond"],"potions_floor_usage":[18,31,33,50,50,50],"damage_taken":[{"damage":0.0,"enemies":"Small Slimes","floor":1.0,"turns":3.0},{"damage":6.0,"enemies":"2 Louse","floor":2.0,"turns":2.0},{"damage":7.0,"enemies":"Jaw Worm","floor":3.0,"turns":2.0},{"damage":30.0,"enemies":"3 Sentries","floor":7.0,"turns":6.0},{"damage":35.0,"enemies":"Gremlin Nob","floor":10.0,"turns":4.0},{"damage":3.0,"enemies":"Blue Slaver","floor":14.0,"turns":3.0},{"damage":40.0,"enemies":"Hexaghost","floor":16.0,"turns":10.0},{"damage":0,"enemies":"3 Byrds","floor":18,"turns":3},{"damage":2,"enemies":"2 Thieves","floor":22,"turns":4},{"damage":0,"enemies":"Replay:Snechameleon","floor":27,"turns":5},{"damage":0,"enemies":"Snecko","floor":29,"turns":6},{"damage":15,"enemies":"Slavers","floor":30,"turns":9},{"damage":9,"enemies":"Cultist and Chosen","floor":31,"turns":7},{"damage":47,"enemies":"Automaton","floor":33,"turns":9},{"damage":0,"enemies":"3 Darklings","floor":35,"turns":4},{"damage":0,"enemies":"3 Shapes","floor":36,"turns":5},{"damage":0,"enemies":"Sphere and 2 Shapes","floor":39,"turns":4},{"damage":1,"enemies":"4 Shapes","floor":44,"turns":5},{"damage":44,"enemies":"Giant Head","floor":45,"turns":8},{"damage":0,"enemies":"3 Darklings","floor":46,"turns":3},{"damage":5,"enemies":"Reptomancer","floor":47,"turns":3},{"damage":46,"enemies":"Time Eater","floor":50,"turns":7}],"seed_played":"2257250096805648413","potions_obtained":[{"floor":2.0,"key":"Regen Potion"},{"floor":14.0,"key":"Reflective Coating"},{"floor":16.0,"key":"FocusPotion"},{"floor":18,"key":"Toxic Potion"},{"floor":20,"key":"LifebloodPotion"},{"floor":30,"key":"Dexterity Potion"},{"floor":31,"key":"FocusPotion"},{"floor":36,"key":"sneckomod:MuddlingPotion"},{"floor":45,"key":"Weak Potion"}],"is_trial":false,"path_per_floor":["M","M","M","$","?","R","E","R","T","E","?","R","?","M","R_BF","B",null,"M","?","?","AVR","M","$","?","R","T","E","R","M","E","M","R","B",null,"M","M","$","?","M","R","?","R","T","M","E","M","E","AVR","R","B"],"character_chosen":"DEFECT","items_purchased":["Blood Vial","Carrot","Lee\u0027s Waffle","hubris:PowerSurge","ClockworkSouvenir","BasicCrystalCard+1"],"campfire_rested":0,"item_purchase_floors":[0,0,0,23,23,37],"current_hp_per_floor":[82,76,71,71,71,71,43,43,43,19,46,46,46,45,45,7,63,65,65,45,45,45,45,45,57,57,59,62,62,47,40,52,7,48,50,52,52,52,54,62,62,62,62,61,18,20,17,17,38,0,0],"gold":843,"neow_bonus":"","is_daily":false,"chose_seed":false,"campfire_upgraded":8,"win_rate":0.0,"timestamp":1610389582,"path_taken":["M","M","M","$","?","R","E","R","T","E","?","R","?","M","R_BF","BOSS","M","?","?","AVR","M","$","?","R","T","E","R","?","E","M","R","BOSS","M","M","$","?","M","R","?","R","T","?","E","M","E","AVR","R","BOSS"],"items_purchased_type":["Relic","Relic","Relic","Card","Relic","Card"],"build_version":"2020-12-22","purchased_purges":1,"victory":false,"max_hp_per_floor":[82,82,82,82,82,82,82,82,82,82,82,82,82,82,82,82,82,82,82,82,62,62,62,62,62,62,62,62,62,62,62,62,62,62,62,62,62,62,62,62,62,62,62,62,62,62,62,62,62,62,62],"relic_stats":{"Blood Vial":33,"Lee\u0027s Waffle":49,"Centennial Puzzle":[21],"Inserter":[2],"counters":[22,111],"Eternal Feather":56,"Question Card":5,"obtain_stats":[{"Carrot":0,"SacredBark":17,"aspiration:TomeofQuesting":10,"hubris:SlimyHat":43,"Replay:Mystery Machine":7,"ClockworkSouvenir":23,"Blood Vial":0,"Centennial Puzzle":27,"Chameleon Ring":45,"Replay:Bronze Core":17,"Philosopher\u0027s Stone":17,"Toxic Egg 2":5,"Cracked Core":0,"Replay:Drink Me":21,"Lee\u0027s Waffle":0,"Inserter":48,"NeowsBlessing":0,"Replay:Grab Bag":17,"Velvet Choker":34,"Eternal Feather":20,"Geode":30,"Question Card":47,"Du-Vu Doll":24,"Orrery":48,"ReplayTheSpireMod:ShopPack":21,"hubris:BottledRain":26},{"Carrot":0,"SacredBark":7,"aspiration:TomeofQuesting":5,"hubris:SlimyHat":17,"Replay:Mystery Machine":4,"ClockworkSouvenir":9,"Blood Vial":0,"Centennial Puzzle":10,"Chameleon Ring":19,"Replay:Bronze Core":7,"Philosopher\u0027s Stone":7,"Toxic Egg 2":3,"Cracked Core":0,"Replay:Drink Me":8,"Lee\u0027s Waffle":0,"Inserter":21,"NeowsBlessing":0,"Replay:Grab Bag":7,"Velvet Choker":14,"Eternal Feather":8,"Geode":12,"Question Card":21,"Du-Vu Doll":9,"Orrery":21,"ReplayTheSpireMod:ShopPack":8,"hubris:BottledRain":9},{"Carrot":0,"SacredBark":30,"aspiration:TomeofQuesting":17,"hubris:SlimyHat":85,"Replay:Mystery Machine":13,"ClockworkSouvenir":37,"Blood Vial":0,"Centennial Puzzle":42,"Chameleon Ring":98,"Replay:Bronze Core":30,"Philosopher\u0027s Stone":30,"Toxic Egg 2":7,"Cracked Core":0,"Replay:Drink Me":33,"Lee\u0027s Waffle":0,"Inserter":104,"NeowsBlessing":0,"Replay:Grab Bag":30,"Velvet Choker":72,"Eternal Feather":33,"Geode":57,"Question Card":104,"Du-Vu Doll":37,"Orrery":104,"ReplayTheSpireMod:ShopPack":33,"hubris:BottledRain":37}]},"card_choices":[{"not_picked":["Steam","Aggregate","FTL"],"picked":"SKIP","floor":1.0},{"not_picked":["Leap","Hologram"],"picked":"Rebound","floor":2.0},{"not_picked":["ReplaySolidLightProjector","Hologram"],"picked":"Turbo","floor":3.0},{"not_picked":["Loop","Steam Power+1"],"picked":"Hello World","floor":7.0},{"not_picked":["Panic Button+1","Compile Driver"],"picked":"Chill+1","floor":10.0},{"not_picked":["Leap+1","Sweeping Beam"],"picked":"Ball Lightning","floor":14.0},{"not_picked":["ReplayTheSpireMod:Omega Cannon","Mirror Shield+1"],"picked":"Creative AI","floor":16.0},{"not_picked":["Go for the Eyes","Coolheaded+1"],"picked":"BasicCrystalCard+1","floor":18},{"not_picked":["Streamline","Barrage"],"picked":"Creative AI","floor":20},{"not_picked":["HandOfGreed","expansioncontent:DashGenerateEvil"],"picked":"hubris:EnhanceAbility","floor":21},{"not_picked":["expansioncontent:YouAreMine","expansioncontent:Chronoboost"],"picked":"expansioncontent:HyperBeam","floor":21},{"not_picked":["Replay:SS_hec_4","expansioncontent:ChargeUp"],"picked":"Replay:SS_hec_1","floor":21},{"not_picked":["Rebound","Barrage"],"picked":"Conserve Battery+1","floor":22},{"not_picked":["Steam+1","Lockon+1"],"picked":"Consume+1","floor":27},{"not_picked":["Auto Shields+1","Ball Lightning"],"picked":"Chill+1","floor":29},{"not_picked":["Sweeping Beam","Scrape"],"picked":"Panic Button+1","floor":30},{"not_picked":["Cold Snap","ReplayTheSpireMod:System Scan+1","Stack+1"],"picked":"SKIP","floor":31},{"not_picked":["All For One","Creative AI"],"picked":"Electrodynamics","floor":33},{"not_picked":["Hello World","Streamline","Steam+1"],"picked":"SKIP","floor":35},{"not_picked":["Sweeping Beam+1","Turbo+1"],"picked":"Barrage+1","floor":36},{"not_picked":["Skim+1","Rebound"],"picked":"Tempest+1","floor":39},{"not_picked":["Fusion+1","Static Discharge"],"picked":"hubris:PowerSurge","floor":44},{"not_picked":["Hologram+1","BasicCrystalCard+1"],"picked":"Time Bomb+1","floor":45},{"not_picked":["Leap+1","Consume+1","Redo+1"],"picked":"SKIP","floor":46},{"not_picked":["Leap+1","Consume+1","Redo+1"],"picked":"SKIP","floor":46},{"not_picked":["Cold Snap","Hyperbeam"],"picked":"White Noise+1","floor":47},{"not_picked":["Leap+1","Stack+1","Loop"],"picked":"Capacitor","floor":48},{"not_picked":["Ball Lightning+1","ReplaySort+1","Auto Shields+1"],"picked":"Heatsinks+1","floor":48},{"not_picked":["Aggregate+1","Ball Lightning","Go for the Eyes"],"picked":"Consume+1","floor":48},{"not_picked":["Stack+1","Sweeping Beam+1","Rebound"],"picked":"Coolheaded+1","floor":48},{"not_picked":["Ball Lightning","Stack+1","Cold Snap"],"picked":"Rebound+1","floor":48}],"player_experience":539494,"relics_obtained":[{"floor":7.0,"key":"Replay:Mystery Machine"},{"floor":10.0,"key":"aspiration:TomeofQuesting"},{"floor":20,"key":"Eternal Feather"},{"floor":26,"key":"hubris:BottledRain"},{"floor":27,"key":"Centennial Puzzle"},{"floor":30,"key":"Geode"},{"floor":43,"key":"hubris:SlimyHat"},{"floor":45,"key":"Chameleon Ring"},{"floor":47,"key":"Question Card"}],"event_choices":[{"damage_healed":27.0,"max_hp_gain":0.0,"max_hp_loss":0.0,"gold_gain":0.0,"event_name":"Big Fish","player_choice":"Banana","floor":11.0,"gold_loss":0.0,"damage_taken":0.0},{"damage_healed":0,"gold_gain":0,"player_choice":"Gave Potion","damage_taken":0,"relics_obtained":["Du-Vu Doll"],"max_hp_gain":0,"max_hp_loss":0,"event_name":"WeMeetAgain","floor":24,"gold_loss":0},{"cards_removed":["Rebound"],"damage_healed":0,"gold_gain":0,"player_choice":"Removed Attack","damage_taken":0,"max_hp_gain":0,"max_hp_loss":0,"event_name":"Falling","floor":38,"gold_loss":0},{"damage_healed":0,"gold_gain":275,"player_choice":"Desecrate","damage_taken":0,"max_hp_gain":0,"max_hp_loss":0,"event_name":"Golden Shrine","floor":41,"gold_loss":0,"cards_obtained":["Regret"]}],"is_beta":false,"boss_relics":[{"not_picked":["hubris:TerracottaHorce","hubris:VirtuousBlindfold"],"picked":"Replay:Grab Bag"},{"not_picked":["hubris:CrackedHourglass","Runic Dome"],"picked":"Philosopher\u0027s Stone"},{"not_picked":["hubris:GrandSneckoEye","aspiration:FutureDiary"],"picked":"Replay:Bronze Core"},{"not_picked":["Snecko Eye","aspiration:Stellarator"],"picked":"SacredBark"},{"not_picked":["ReplayTheSpireMod:SealedPack","hubris:RunicObelisk"],"picked":"Velvet Choker"}],"items_purged_floors":[21],"is_endless":false,"potions_floor_spawned":[2,14,16,18,30,31,36,39,45],"killed_by":"Time Eater","ascension_level":7}}