{"host":"6gnjg44wf0nz538o","time":1610408739,"event":{"mods":["AchievementEnabler","BaseMod","BetterRewards","Colored Map","Minty Spire (QoL Compilation)","Replay The Spire","Spicy Shops","StSLib","The Servant 0.9.4"],"gold_per_floor":[112,112,112,2,12,38,38,38,63,76,99,125,143,155,155,155,155],"floor_reached":16,"playtime":485,"items_purged":[],"score":236,"play_id":"ca33884c-cfdd-4124-b426-bf6e9048e506","local_time":"20210111184539","is_ascension_mode":true,"campfire_choices":[{"data":"Limit Break","floor":8,"key":"SMITH"},{"floor":15,"key":"REST"}],"circlet_count":0,"master_deck":["AscendersBane","Strike_R","Strike_R+1","Strike_R","Strike_R","Strike_R","Defend_R","Defend_R","Defend_R","Defend_R","Bash","CommonCold","Twin Strike+1","Limit Break+1","Spot Weakness","Thunderclap","Flame Barrier","Wild Strike","Flex","Uppercut","Anger","Wild Strike"],"relics":["Burning Blood","NeowsBlessing","Ring of Panic","Ring of Searing","Orrery","PreservedInsect","Nunchaku","Replay:Accelerometer"],"acts_visited":["Exordium"],"potions_floor_usage":[16],"damage_taken":[{"damage":0,"enemies":"Jaw Worm","floor":1,"turns":1},{"damage":0,"enemies":"2 Louse","floor":5,"turns":1},{"damage":0,"enemies":"Lagavulin","floor":6,"turns":1},{"damage":5,"enemies":"Cultist","floor":10,"turns":2},{"damage":40,"enemies":"Replay:BlueRogue","floor":12,"turns":4},{"damage":32,"enemies":"Lots of Slimes","floor":13,"turns":4},{"damage":1,"enemies":"Blue Slaver","floor":14,"turns":2},{"damage":46,"enemies":"The Guardian","floor":16,"turns":7}],"seed_played":"-4549051398434930519","potions_obtained":[{"floor":10,"key":"Dexterity Potion"},{"floor":13,"key":"BlessingOfTheForge"},{"floor":14,"key":"SteroidPotion"}],"is_trial":false,"path_per_floor":["M","?","?","$","M","E","$","R","T","M","T","E","M","M","R","B"],"character_chosen":"IRONCLAD","items_purchased":["Twin Strike+1","Orrery"],"campfire_rested":1,"item_purchase_floors":[4,4],"current_hp_per_floor":[74,74,74,74,75,75,75,75,75,75,75,41,15,20,42,0,0],"gold":155,"neow_bonus":"THREE_ENEMY_KILL","is_daily":false,"chose_seed":false,"campfire_upgraded":1,"win_rate":0.0,"timestamp":1610408739,"path_taken":["M","?","?","$","M","E","$","R","T","M","?","E","?","M","R","BOSS"],"items_purchased_type":["Card","Relic"],"build_version":"2020-12-22","purchased_purges":0,"victory":false,"max_hp_per_floor":[75,75,75,75,75,75,75,75,75,75,75,75,75,75,75,75,75],"card_choices":[{"not_picked":["Headbutt","Dark Embrace","Burning Pact"],"picked":"SKIP","floor":1},{"not_picked":["Replay:Undeath\u0027s Touch","Pommel Strike"],"picked":"Limit Break","floor":4},{"not_picked":["Abandon","ReplayTheSpireMod:Strike From Hell"],"picked":"Spot Weakness","floor":4},{"not_picked":["Armaments","Entrench"],"picked":"Thunderclap","floor":4},{"not_picked":["Armaments","Wild Strike"],"picked":"Flame Barrier","floor":4},{"not_picked":["Clothesline","Headbutt"],"picked":"Wild Strike","floor":4},{"not_picked":["Bludgeon","ReplayTheSpireMod:LeadingStrike"],"picked":"Flex","floor":5},{"not_picked":["ReplayTheSpireMod:LeadingStrike","Seeing Red"],"picked":"Uppercut","floor":6},{"not_picked":["Sword Boomerang","Headbutt"],"picked":"Anger","floor":10},{"not_picked":["Havoc","Battle Trance"],"picked":"Wild Strike","floor":12},{"not_picked":["Armaments","Iron Wave","ReplayTheSpireMod:Muscle Training"],"picked":"SKIP","floor":13},{"not_picked":["Body Slam","Fire Breathing","Abandon"],"picked":"SKIP","floor":14}],"player_experience":535484,"relics_obtained":[{"floor":2,"key":"Ring of Panic"},{"floor":2,"key":"Ring of Searing"},{"floor":6,"key":"PreservedInsect"},{"floor":9,"key":"Nunchaku"},{"floor":12,"key":"Replay:Accelerometer"}],"event_choices":[],"is_beta":false,"boss_relics":[],"items_purged_floors":[],"is_endless":false,"potions_floor_spawned":[10,13,14],"killed_by":"The Guardian","ascension_level":15}}