{"host":"dftyqn972q7tuon4","time":1610325246,"event":{"mods":["AchievementEnabler","BaseMod","Better Altar","Better Match","Better Note","Better Sensory Stone","Better Skull","Better Third Choice","Colored Powertips","Highlight Path","Minty Spire (QoL Compilation)","Permanent Neow","Quick Restart","StSLib"],"gold_per_floor":[113,38,38,54,4,33,33,68,68,48,48,65,65,81,81,181,181,192,192,192,207,217,248,248,280,352,381,381,381,381,394,394,498,498,508,39,39,261,271,271,271,298,598,188,188,204,204,52,52,52,52],"floor_reached":50,"playtime":3344,"items_purged":["Doubt","Defend_R","Defend_R"],"score":775,"play_id":"771d0046-90ca-4916-9608-599deb2864cf","local_time":"20210111013406","is_ascension_mode":true,"campfire_choices":[{"floor":11.0,"key":"REST"},{"data":"Demon Form","floor":13.0,"key":"SMITH"},{"data":"Bash","floor":15.0,"key":"SMITH"},{"floor":24.0,"key":"REST"},{"floor":28,"key":"REST"},{"floor":30,"key":"REST"},{"floor":32,"key":"REST"},{"data":"Limit Break","floor":40,"key":"SMITH"},{"data":"Madness","floor":45,"key":"SMITH"},{"data":"Madness","floor":47,"key":"SMITH"},{"data":"Fire Breathing","floor":49,"key":"SMITH"}],"circlet_count":0,"master_deck":["Defend_R+1","Bash+1","Dropkick","Apotheosis+1","Warcry+1","Demon Form+1","Sword Boomerang","Power Through","Reaper","Heavy Blade","Bite","Bite","Bite","Bite","Bite","Rupture","True Grit+1","Whirlwind","Flame Barrier+1","Shrug It Off","Seeing Red","Rupture+1","Limit Break+1","Metallicize+1","Metallicize","Demon Form","Uppercut+1","Madness+1","Madness+1","Disarm+1","Fire Breathing+1","Infernal Blade","Feel No Pain","Sever Soul"],"relics":["Burning Blood","Bird Faced Urn","Omamori","Darkstone Periapt","War Paint","Strawberry","Cursed Key","Gremlin Horn","Blue Candle","StrikeDummy","Red Mask","Empty Cage","Magic Flower","Bronze Scales","Old Coin","Bottled Tornado"],"acts_visited":["Exordium","TheCity","TheBeyond"],"potions_floor_usage":[27,27,27,27,33,42,46],"damage_taken":[{"damage":21.0,"enemies":"Jaw Worm","floor":1.0,"turns":6.0},{"damage":10.0,"enemies":"2 Louse","floor":4.0,"turns":3.0},{"damage":16.0,"enemies":"Gremlin Nob","floor":6.0,"turns":3.0},{"damage":20.0,"enemies":"3 Sentries","floor":8.0,"turns":7.0},{"damage":0.0,"enemies":"Small Slimes","floor":12.0,"turns":3.0},{"damage":19.0,"enemies":"Exordium Thugs","floor":14.0,"turns":5.0},{"damage":54.0,"enemies":"The Guardian","floor":16.0,"turns":10.0},{"damage":13.0,"enemies":"2 Thieves","floor":18.0,"turns":3.0},{"damage":11.0,"enemies":"Spheric Guardian","floor":21.0,"turns":3.0},{"damage":33.0,"enemies":"Snake Plant","floor":22.0,"turns":4.0},{"damage":48.0,"enemies":"Book of Stabbing","floor":23.0,"turns":6.0},{"damage":28.0,"enemies":"Slavers","floor":25.0,"turns":5.0},{"damage":19,"enemies":"Masked Bandits","floor":27,"turns":5},{"damage":45,"enemies":"3 Cultists","floor":31,"turns":5},{"damage":24,"enemies":"Automaton","floor":33,"turns":6},{"damage":39,"enemies":"3 Shapes","floor":35,"turns":6},{"damage":22,"enemies":"3 Darklings","floor":39,"turns":4},{"damage":45,"enemies":"Giant Head","floor":42,"turns":8},{"damage":28,"enemies":"4 Shapes","floor":46,"turns":5},{"damage":56,"enemies":"Donu and Deca","floor":50,"turns":4}],"seed_played":"633708907593292439","potions_obtained":[{"floor":1.0,"key":"Explosive Potion"},{"floor":10.0,"key":"Regen Potion"},{"floor":16.0,"key":"Fire Potion"},{"floor":21.0,"key":"SneckoOil"},{"floor":22.0,"key":"BlessingOfTheForge"},{"floor":25.0,"key":"EntropicBrew"},{"floor":31,"key":"Swift Potion"},{"floor":35,"key":"Explosive Potion"},{"floor":39,"key":"PowerPotion"}],"is_trial":false,"path_per_floor":["M","$","?","M","?","E","T","E","T","?","R","M","R","M","R","B",null,"M","?","?","M","M","E","R","E","T","?","R","?","R","M","R","B",null,"M","$","?","?","M","R","?","E","T","$","R","M","R","$","R","B"],"character_chosen":"IRONCLAD","items_purchased":["Magic Flower","Metallicize","Fire Breathing","Bottled Tornado","Feel No Pain","Sever Soul"],"campfire_rested":5,"item_purchase_floors":[36,36,44,44,48,48],"current_hp_per_floor":[57,57,57,53,53,43,43,29,36,36,62,68,68,55,55,24,71,72,60,60,60,41,20,38,20,20,18,36,36,54,25,43,60,60,57,57,45,45,60,60,52,46,46,46,46,60,60,60,60,16,16],"gold":52,"neow_bonus":"ONE_RARE_RELIC","is_daily":false,"chose_seed":false,"campfire_upgraded":6,"win_rate":0.0,"timestamp":1610325246,"path_taken":["M","$","?","M","?","E","?","E","T","?","R","M","R","M","R","BOSS","M","?","?","M","M","E","R","E","T","?","R","?","R","?","R","BOSS","M","$","?","?","M","R","?","E","T","?","R","M","R","$","R","BOSS"],"items_purchased_type":["Relic","Card","Card","Relic","Card","Card"],"build_version":"2020-12-22","purchased_purges":3,"victory":false,"max_hp_per_floor":[80,80,80,80,80,80,80,80,87,87,87,87,87,87,87,87,87,87,60,60,60,60,60,60,60,60,60,60,60,60,60,60,60,60,60,60,60,60,60,60,60,60,60,60,60,60,60,60,60,60,60],"card_choices":[{"not_picked":["Perfected Strike","Pommel Strike"],"picked":"Dropkick","floor":1.0},{"not_picked":["Iron Wave","Reckless Charge"],"picked":"Warcry","floor":4.0},{"not_picked":["Metallicize","Pommel Strike"],"picked":"Body Slam","floor":6.0},{"not_picked":["Perfected Strike","Clash"],"picked":"Demon Form","floor":8.0},{"not_picked":["Twin Strike","Carnage"],"picked":"Sword Boomerang","floor":12.0},{"not_picked":["Reckless Charge","Thunderclap"],"picked":"Power Through","floor":14.0},{"not_picked":["Feed","Demon Form"],"picked":"Reaper","floor":16.0},{"not_picked":["Cleave","Rampage"],"picked":"Heavy Blade","floor":18.0},{"not_picked":["Armaments","Warcry"],"picked":"True Grit+1","floor":21.0},{"not_picked":["Warcry","Havoc"],"picked":"Whirlwind","floor":22.0},{"not_picked":["Demon Form","Sword Boomerang"],"picked":"Flame Barrier+1","floor":23.0},{"not_picked":["Whirlwind","Armaments"],"picked":"Shrug It Off","floor":25.0},{"not_picked":["Havoc+1","Dropkick"],"picked":"Seeing Red","floor":27},{"not_picked":["Entrench","Anger"],"picked":"Rupture+1","floor":31},{"not_picked":["Immolate","Corruption"],"picked":"Limit Break","floor":33},{"not_picked":["Havoc+1","Warcry"],"picked":"Metallicize+1","floor":35},{"not_picked":["Ghostly Armor","Body Slam"],"picked":"Uppercut+1","floor":39},{"not_picked":["Clash","True Grit"],"picked":"Disarm+1","floor":42},{"not_picked":["Flex","Pommel Strike"],"picked":"Infernal Blade","floor":46}],"player_experience":599025,"relics_obtained":[{"floor":6.0,"key":"Omamori"},{"floor":7.0,"key":"Darkstone Periapt"},{"floor":8.0,"key":"War Paint"},{"floor":9.0,"key":"Strawberry"},{"floor":23.0,"key":"Gremlin Horn"},{"floor":25.0,"key":"Blue Candle"},{"floor":26.0,"key":"StrikeDummy"},{"floor":27,"key":"Red Mask"},{"floor":42,"key":"Bronze Scales"},{"floor":43,"key":"Old Coin"}],"event_choices":[{"damage_healed":57.0,"max_hp_gain":0.0,"max_hp_loss":80.0,"gold_gain":0.0,"event_name":"betterThird:BetterShining","player_choice":"Embrace","floor":3.0,"gold_loss":0.0,"damage_taken":0.0},{"cards_removed":["Strike_R"],"damage_healed":0.0,"max_hp_gain":0.0,"max_hp_loss":0.0,"gold_gain":0.0,"event_name":"The Cleric","player_choice":"Card Removal","floor":5.0,"gold_loss":50.0,"damage_taken":0.0},{"damage_healed":0.0,"max_hp_gain":0.0,"max_hp_loss":0.0,"gold_gain":0.0,"event_name":"The Woman in Blue","player_choice":"Bought 1 Potion","floor":10.0,"gold_loss":0.0,"damage_taken":0.0},{"damage_healed":0.0,"max_hp_gain":0.0,"max_hp_loss":27.0,"gold_gain":0.0,"event_name":"Vampires","player_choice":"Became a vampire","floor":19.0,"gold_loss":0.0,"damage_taken":0.0,"cards_obtained":["Bite","Bite","Bite","Bite","Bite"]},{"damage_healed":0.0,"max_hp_gain":0.0,"max_hp_loss":0.0,"gold_gain":0.0,"event_name":"The Library","player_choice":"Read","floor":20.0,"gold_loss":0.0,"damage_taken":0.0,"cards_obtained":["Rupture"]},{"damage_healed":0,"gold_gain":0,"player_choice":"Fought Bandits","damage_taken":0,"max_hp_gain":0,"max_hp_loss":0,"event_name":"Masked Bandits","floor":27,"gold_loss":0},{"damage_healed":0,"gold_gain":0,"player_choice":"Ignored","damage_taken":0,"max_hp_gain":0,"max_hp_loss":0,"event_name":"Ghosts","floor":29,"gold_loss":0},{"damage_healed":0,"gold_gain":3,"player_choice":"2","damage_taken":0,"max_hp_gain":0,"max_hp_loss":12,"event_name":"betterStone:BetterStone","floor":37,"gold_loss":0},{"damage_healed":0,"gold_gain":222,"player_choice":"Wore Mask","damage_taken":0,"max_hp_gain":0,"max_hp_loss":0,"event_name":"Tomb of Lord Red Mask","floor":38,"gold_loss":0},{"damage_healed":0,"gold_gain":0,"player_choice":"Embrace Madness","damage_taken":8,"max_hp_gain":0,"max_hp_loss":0,"event_name":"Winding Halls","floor":41,"gold_loss":0,"cards_obtained":["Madness","Madness"]}],"is_beta":false,"boss_relics":[{"not_picked":["Tiny House","Runic Dome"],"picked":"Cursed Key"},{"not_picked":["Fusion Hammer","Astrolabe"],"picked":"Empty Cage"}],"items_purged_floors":[2,36,44],"is_endless":false,"potions_floor_spawned":[1,16,21,22,25,31,35,39],"killed_by":"Donu and Deca","ascension_level":7}}