{"host":"6h0diz2ap0m56grs","time":1610406469,"event":{"mods":["2.2 Compatiblity","BaseMod","Colored Map","Marisa????????","Minty Spire (QoL Compilation)","Quick Restart","Replay The Spire","Shop Mod","StSLib","The Servant 0.9.4"],"gold_per_floor":[119,134,134,153,153,184,218,257,257,257,293,293,329,342,342,470,470,470,290,290,205,28,71,71,114,114,114,155,155,115,148,148,279,279,294,317,317,165,165,205,241,282,282,294,347,397,449,481,493,505],"floor_reached":51,"playtime":1227,"items_purged":[],"score":1918,"play_id":"837de9e9-f6a9-4ab5-818e-97620cff76c8","local_time":"20210111170749","daily_mods":["SealedDeck","Heirloom","Time Dilation","Flight"],"is_ascension_mode":true,"campfire_choices":[{"data":"SprinkleStarSeal","floor":10,"key":"SMITH"},{"data":"MachineGunSpark","floor":12,"key":"SMITH"},{"data":"PowerUp","floor":15,"key":"SMITH"},{"data":"SporeBomb","floor":24,"key":"SMITH"},{"data":"PowerUp","floor":29,"key":"SMITH"},{"data":"UnstableBomb","floor":32,"key":"SMITH"},{"data":"UltimateShortwave","floor":44,"key":"SMITH"},{"data":"StarBarrage","floor":49,"key":"SMITH"}],"circlet_count":0,"master_deck":["AlicesGift+1","StarBarrage+1","PowerUp+1","MachineGunSpark+1","MilkyWay+1","MilkyWay+1","UnstableBomb+1","PowerUp+1","6A","MilkyWay+1","MilkyWay+1","UnstableBomb","SprinkleStarSeal+1","SporeBomb+1","6A","UltimateShortwave+1","MilkyWay+1","MachineGunSpark+1","UnstableBomb"],"relics":["MiniHakkero","replay:Trail_Library","Pondfish Scales","Golden Idol","Bronze Scales","Replay:Bottled Eggs","Lantern","Toy Ornithopter","ReplayTheSpireMod:DimensionalGlitch","MerchantsRug","PreservedInsect","Akabeko","Membership Card","Boot","Shuriken","SproutingBranch","MutagenicStrength","Calipers","Pear","Black Star","TheAbacus","Strawberry","Gambling Chip","FossilizedHelix","AmplifyWand","Singing Bowl","Anchor","Thread and Needle","MawBank","Dream Catcher","Oddly Smooth Stone","Replay:Rubber Ducky","Replay:Accelerometer","Vajra","Pet Ghost"],"acts_visited":["Exordium","TheCity","TheBeyond"],"potions_floor_usage":[50,50,50],"damage_taken":[{"damage":0,"enemies":"Small Slimes","floor":1,"turns":2},{"damage":0,"enemies":"Jaw Worm","floor":2,"turns":2},{"damage":0,"enemies":"Cultist","floor":4,"turns":2},{"damage":0,"enemies":"Lagavulin","floor":6,"turns":3},{"damage":0,"enemies":"Gremlin Nob","floor":7,"turns":3},{"damage":0,"enemies":"3 Sentries","floor":8,"turns":4},{"damage":0,"enemies":"Lagavulin","floor":11,"turns":3},{"damage":0,"enemies":"3 Sentries","floor":13,"turns":2},{"damage":0,"enemies":"Looter","floor":14,"turns":2},{"damage":0,"enemies":"Hexaghost","floor":16,"turns":3},{"damage":0,"enemies":"Chosen","floor":18,"turns":2},{"damage":0,"enemies":"Slavers","floor":23,"turns":1},{"damage":0,"enemies":"Replay:Snechameleon","floor":25,"turns":3},{"damage":0,"enemies":"Book of Stabbing","floor":31,"turns":2},{"damage":0,"enemies":"Pondfish","floor":33,"turns":5},{"damage":3,"enemies":"3 Shapes","floor":35,"turns":2},{"damage":0,"enemies":"3 Darklings","floor":36,"turns":2},{"damage":0,"enemies":"R_Hoarder","floor":40,"turns":2},{"damage":0,"enemies":"Nemesis","floor":41,"turns":1},{"damage":0,"enemies":"R_Hoarder","floor":42,"turns":1},{"damage":0,"enemies":"Reptomancer","floor":45,"turns":2},{"damage":0,"enemies":"R_Hoarder","floor":46,"turns":3},{"damage":0,"enemies":"Nemesis","floor":47,"turns":1},{"damage":0,"enemies":"Writhing Mass","floor":48,"turns":1},{"damage":0,"enemies":"Time Eater","floor":50,"turns":1}],"seed_played":"3125639993912638661","potions_obtained":[{"floor":1,"key":"SkillPotion"},{"floor":4,"key":"Dexterity Potion"},{"floor":6,"key":"Strength Potion"},{"floor":11,"key":"StarNLove"},{"floor":48,"key":"DuplicationPotion"}],"is_trial":true,"path_per_floor":["M","M","?","M","?","E","E","E","T","R","E","R","E","M","R","B",null,"M","$","?","?","$","E","R","E","T","?","$","R","?","E","R","B",null,"M","M","?","$","?","E","E","E","T","R","E","E","E","M","R","B",null],"character_chosen":"MARISA","items_purchased":["MerchantsRug","PreservedInsect","Membership Card","SporeBomb","Calipers","TheAbacus","Strawberry"],"campfire_rested":0,"item_purchase_floors":[19,19,22,22,28,38,38],"current_hp_per_floor":[75,75,80,80,60,60,60,60,60,60,60,60,60,60,60,60,80,80,80,80,80,80,80,80,80,80,80,80,80,80,90,90,90,90,87,90,90,97,97,97,99,99,99,99,101,103,105,107,107,107],"gold":517,"neow_bonus":"","is_daily":false,"chose_seed":false,"campfire_upgraded":8,"win_rate":0.0,"timestamp":1610406469,"path_taken":["M","M","?","?","?","E","E","E","T","R","E","R","E","M","R","BOSS","M","$","?","?","$","E","R","E","T","?","?","R","?","E","R","BOSS","M","?","?","$","?","E","E","E","T","R","E","E","E","?","R","BOSS"],"items_purchased_type":["Relic","Relic","Relic","Card","Relic","Relic","Relic"],"build_version":"2020-12-22","purchased_purges":0,"victory":true,"max_hp_per_floor":[75,75,80,80,80,80,80,80,80,80,80,80,80,80,80,80,80,80,80,80,80,80,80,80,80,80,80,80,80,80,90,90,90,90,90,90,90,97,97,97,99,99,99,99,101,103,105,107,107,107],"card_choices":[{"not_picked":["PulseMagic","ManaConvection"],"picked":"MilkyWay","floor":1},{"not_picked":["ChargeUpSpray","Orbital","MeteoricShower"],"picked":"SKIP","floor":2},{"not_picked":["FairyDestructionRay","ShootTheMoon","DC"],"picked":"SKIP","floor":4},{"not_picked":["GrandCross","LuminesStrike"],"picked":"UnstableBomb","floor":6},{"not_picked":["UnstableBomb","MagicChant","ShootTheMoon"],"picked":"SKIP","floor":7},{"not_picked":["MysteriousBeam","EventHorizon","WitchLeyline"],"picked":"SKIP","floor":8},{"not_picked":["MysteriousBeam","EventHorizon","WitchLeyline"],"picked":"SKIP","floor":8},{"not_picked":["DragonMeteor","Acceleration","Orbital"],"picked":"SKIP","floor":11},{"not_picked":["LuminesStrike","ChargeUpSpray","EnergyFlow"],"picked":"SKIP","floor":13},{"not_picked":["PropBag","EscapeVelocity","AsteroidBelt"],"picked":"SKIP","floor":14},{"not_picked":["PropBag","RefractionSpark","IllusionStar+1"],"picked":"SKIP","floor":18},{"not_picked":["StarlightTyphoon+1","MagicChant","AsteroidBelt"],"picked":"SKIP","floor":23},{"not_picked":["MysteriousBeam","DC+1","AbsoluteMagnitude"],"picked":"SKIP","floor":25},{"not_picked":["EnergyFlow","OrrerysSun+1","DarkSpark"],"picked":"SKIP","floor":31},{"not_picked":["FinalSpark","EscapeVelocity"],"picked":"UltimateShortwave","floor":33},{"not_picked":["DeepEcoloBomb+1","MeteoricShower+1","GalacticHalo"],"picked":"SKIP","floor":35},{"not_picked":["OpenUniverse","AsteroidBelt+1","DarkSpark"],"picked":"SKIP","floor":36},{"not_picked":["AsteroidBelt+1","IllusionStar"],"picked":"MilkyWay+1","floor":40},{"not_picked":["MysteriousBeam","OpenUniverse","BlazeAway+1"],"picked":"Singing Bowl","floor":41},{"not_picked":["LuminesStrike","WitchLeyline+1"],"picked":"MachineGunSpark+1","floor":42},{"not_picked":["Occultation","GravityBeat+1","EnergyFlow+1"],"picked":"Singing Bowl","floor":45},{"not_picked":["EventHorizon","LuminesStrike","AsteroidBelt+1"],"picked":"Singing Bowl","floor":46},{"not_picked":["WitchOfGreed+1","Acceleration","MilkyWay"],"picked":"Singing Bowl","floor":47},{"not_picked":["EnergyRecoil+1","PowerUp","MysteriousBeam"],"picked":"Singing Bowl","floor":48}],"player_experience":172141,"relics_obtained":[{"floor":6,"key":"Gremlin Food"},{"floor":7,"key":"Bronze Scales"},{"floor":8,"key":"Replay:Bottled Eggs"},{"floor":9,"key":"MealTicket"},{"floor":11,"key":"Lantern"},{"floor":13,"key":"Toy Ornithopter"},{"floor":23,"key":"Boot"},{"floor":25,"key":"Shuriken"},{"floor":26,"key":"SproutingBranch"},{"floor":31,"key":"Pear"},{"floor":40,"key":"Gambling Chip"},{"floor":40,"key":"FossilizedHelix"},{"floor":41,"key":"AmplifyWand"},{"floor":41,"key":"Singing Bowl"},{"floor":42,"key":"Anchor"},{"floor":42,"key":"Thread and Needle"},{"floor":43,"key":"MawBank"},{"floor":45,"key":"Dream Catcher"},{"floor":45,"key":"Oddly Smooth Stone"},{"floor":46,"key":"Replay:Rubber Ducky"},{"floor":46,"key":"Replay:Accelerometer"},{"floor":47,"key":"Vajra"},{"floor":47,"key":"Pet Ghost"}],"event_choices":[{"damage_healed":0,"gold_gain":0,"player_choice":"Donut","damage_taken":0,"max_hp_gain":5,"max_hp_loss":0,"event_name":"Big Fish","floor":3,"gold_loss":0},{"damage_healed":0,"gold_gain":0,"player_choice":"Take Damage","damage_taken":20,"relics_obtained":["Golden Idol"],"max_hp_gain":0,"max_hp_loss":0,"event_name":"Golden Idol","floor":5,"gold_loss":0},{"damage_healed":0,"gold_gain":0,"player_choice":"Ignored","damage_taken":0,"max_hp_gain":0,"max_hp_loss":0,"event_name":"Vampires","floor":20,"gold_loss":0},{"damage_healed":0,"gold_gain":0,"player_choice":"Obtained Relic","damage_taken":0,"relics_obtained":["Akabeko"],"max_hp_gain":0,"max_hp_loss":0,"event_name":"Addict","floor":21,"gold_loss":85},{"damage_healed":0,"gold_gain":0,"player_choice":"Inject Mutagens","damage_taken":0,"relics_obtained":["MutagenicStrength"],"max_hp_gain":0,"max_hp_loss":0,"event_name":"Drug Dealer","floor":27,"gold_loss":0},{"damage_healed":0,"gold_gain":0,"player_choice":"Upgrade","damage_taken":0,"max_hp_gain":0,"max_hp_loss":0,"event_name":"Designer","floor":30,"gold_loss":40,"cards_upgraded":["AlicesGift"]},{"damage_healed":0,"gold_gain":0,"player_choice":"Memory 1","damage_taken":0,"max_hp_gain":0,"max_hp_loss":0,"event_name":"SensoryStone","floor":37,"gold_loss":0},{"damage_healed":0,"gold_gain":0,"player_choice":"Ignored","damage_taken":0,"max_hp_gain":0,"max_hp_loss":0,"event_name":"Transmorgrifier","floor":39,"gold_loss":0}],"is_beta":false,"boss_relics":[{"not_picked":["Astrolabe","Coffee Dripper"],"picked":"Replay:Grab Bag"},{"not_picked":["Replay:Wanted Poster","Painkiller Herb"],"picked":"ReplayTheSpireMod:DimensionalGlitch"},{"not_picked":["Busted Crown","RampagingMagicTools"],"picked":"Ectoplasm"},{"not_picked":["Kintsugi","Ring of Chaos"],"picked":"SacredBark"},{"not_picked":["Replay:Ancient Bell","Snecko Eye"],"picked":"Black Star"}],"items_purged_floors":[],"is_endless":false,"potions_floor_spawned":[1,4,6,11,14,18,31,35,45,46,48],"ascension_level":1}}