{"host":"fm9e0lfunjlbhzxv","time":1610352833,"event":{"mods":["100% Spire Juice","2.2 Compatiblity","Abigail Mod","Astrologer","BaseMod","Bestiary","Better Match","Better Skull","Better Third Choice","Colored Map","Colored Powertips","Downfall","Energized Spire","Key Reminder","Koishi","Minty Spire (QoL Compilation)","Permanent Neow","Rare Cards Sparkle","Relic Stats","Spicy Shops","StSLib","The Administrix","The Bug Knight","The Servant 0.9.4","The Vixen","slay the spire mod where everything is the same but ironclad has a cowboy hat"],"gold_per_floor":[99,116,116,134,134,147,147,159,159,170,196,210,135,164,183,281,281,281,297,317,328,338,438,465,465,498,16,16,43,54,85,101,203,203,128,139,139,139,10,27,51,79,94,2,21,37,37,71,81,81],"floor_reached":51,"playtime":5347,"items_purged":["Guardian:Strike_Guardian","Guardian:Defend_Guardian","Guardian:Defend_Guardian"],"score":900,"play_id":"3f7ae5f6-3218-432f-b9b1-648ae547845c","local_time":"20210111001353","is_ascension_mode":true,"campfire_choices":[{"data":"Guardian:CurlUp","floor":1,"key":"SMITH"},{"floor":9,"key":"RECALL"},{"floor":13,"key":"REST"},{"data":"Guardian:Orbwalk","floor":18,"key":"SMITH"},{"data":"Guardian:Emergency","floor":25,"key":"SMITH"},{"floor":28,"key":"REST"},{"floor":35,"key":"REST"},{"floor":47,"key":"REST"}],"circlet_count":0,"master_deck":["Guardian:Strike_Guardian","Guardian:Defend_Guardian","Guardian:CurlUp+1","Guardian:TwinSlam","Guardian:Clone","Guardian:ShieldCharger","Guardian:SpikerProtocol","Guardian:Recover","Guardian:StasisField","Guardian:Orbwalk+1","Guardian:Emergency+1","Guardian:RevengeProtocol","Guardian:WalkerClaw","Guardian:Repulse","Guardian:Reroute","Guardian:BronzeOrb","Guardian:TimeSifter","Guardian:PrismaticBeam","Guardian:EvasiveProtocol+1","Guardian:ExploitGems","Guardian:FloatingOrbs","Guardian:PiercingHide","Guardian:DecasProtection+1","Guardian:WalkerClaw","Guardian:Harden","Guardian:Gem_Purple"],"relics":["Guardian:ModeShifter","Bird Faced Urn","Ginger","Pear","downfall:HeartBlessingRed","WingedGreaves","energizedSpire:OgreHead","MutagenicStrength","Ancient Tea Set","Smiling Mask","Membership Card","Vajra","Sling","Matryoshka","Toy Ornithopter","Fusion Hammer","downfall:HeartBlessingGreen","Anchor","Happy Flower","Gambling Chip","Bronze Scales"],"acts_visited":["Exordium","TheCity","TheBeyond"],"potions_floor_usage":[14,16,22,26,26,31,31],"damage_taken":[{"damage":0,"enemies":"Cultist","floor":2,"turns":4},{"damage":3,"enemies":"Jaw Worm","floor":4,"turns":4},{"damage":3,"enemies":"2 Louse","floor":6,"turns":3},{"damage":12,"enemies":"Exordium Thugs","floor":8,"turns":6},{"damage":11,"enemies":"Large Slime","floor":10,"turns":8},{"damage":19,"enemies":"3 Sentries","floor":11,"turns":12},{"damage":5,"enemies":"Lots of Slimes","floor":12,"turns":4},{"damage":10,"enemies":"Gremlin Nob","floor":14,"turns":6},{"damage":12,"enemies":"Exordium Wildlife","floor":15,"turns":6},{"damage":44,"enemies":"downfall:Defect","floor":16,"turns":13},{"damage":9,"enemies":"Spheric Guardian","floor":19,"turns":6},{"damage":6,"enemies":"Shell Parasite","floor":20,"turns":6},{"damage":13,"enemies":"Snake Plant","floor":21,"turns":4},{"damage":16,"enemies":"Shelled Parasite and Fungi","floor":22,"turns":5},{"damage":22,"enemies":"downfall:Augmenter","floor":23,"turns":8},{"damage":8,"enemies":"Slavers","floor":26,"turns":4},{"damage":5,"enemies":"downfall:FleeingMerchant","floor":27,"turns":4},{"damage":0,"enemies":"Gremlin Leader","floor":29,"turns":5},{"damage":7,"enemies":"3 Cultists","floor":30,"turns":5},{"damage":12,"enemies":"Slavers","floor":31,"turns":5},{"damage":1,"enemies":"Centurion and Healer","floor":32,"turns":8},{"damage":16,"enemies":"downfall:Watcher","floor":33,"turns":10},{"damage":0,"enemies":"3 Shapes","floor":36,"turns":4},{"damage":0,"enemies":"downfall:FleeingMerchant","floor":39,"turns":4},{"damage":11,"enemies":"3 Darklings","floor":40,"turns":4},{"damage":31,"enemies":"Nemesis","floor":42,"turns":7},{"damage":16,"enemies":"Jaw Worm Horde","floor":43,"turns":4},{"damage":0,"enemies":"downfall:FleeingMerchant","floor":44,"turns":4},{"damage":15,"enemies":"4 Shapes","floor":45,"turns":5},{"damage":0,"enemies":"Maw","floor":46,"turns":7},{"damage":0,"enemies":"Giant Head","floor":48,"turns":6},{"damage":14,"enemies":"Writhing Mass","floor":49,"turns":5},{"damage":0,"enemies":"downfall:Ironclad","floor":50,"turns":11}],"seed_played":"1984940183258682565","potions_obtained":[{"floor":4,"key":"FairyPotion"},{"floor":8,"key":"Dexterity Potion"},{"floor":10,"key":"Guardian:DefensiveModePotion"},{"floor":11,"key":"DuplicationPotion"},{"floor":15,"key":"Block Potion"},{"floor":20,"key":"sneckomod:MuddlingPotion"},{"floor":21,"key":"AttackPotion"},{"floor":22,"key":"Swift Potion"},{"floor":31,"key":"DuplicationPotion"},{"floor":40,"key":"DuplicationPotion"}],"is_trial":false,"path_per_floor":["R","M","?","M","T","M","T","M","R","M","E","M","R","E","M","B",null,"R","M","M","M","M","?","T","R","E","$","R","E","M","E","M","B",null,"R","M","?","?","$","M","T","E","M","$","M","M","R","E","M","B",null],"character_chosen":"GUARDIAN","items_purchased":["Membership Card","Guardian:PrismaticBeam","Guardian:Gem_Green","Vajra","Sling","Block Potion","Guardian:DefensiveModePotion","Guardian:FloatingOrbs","Guardian:Gem_Cyan","Guardian:WalkerClaw","Gambling Chip"],"campfire_rested":4,"item_purchase_floors":[27,27,27,27,27,27,27,39,39,44,44],"current_hp_per_floor":[80,80,85,82,82,79,79,67,67,56,49,46,74,66,58,18,95,95,86,86,77,65,51,51,51,49,54,82,92,91,89,95,81,95,95,95,95,95,95,86,86,67,63,75,76,92,95,95,93,95],"gold":81,"neow_bonus":"TRANSFORM_CARD","is_daily":false,"chose_seed":false,"campfire_upgraded":3,"win_rate":0.0,"timestamp":1610352833,"path_taken":["R","M","?","M","?","M","T","M","R","M","E","M","R","E","M","BOSS","R","M","M","?","M","?","T","R","E","$","R","E","M","E","M","BOSS","R","M","?","?","$","M","T","E","?","$","M","M","R","E","M","BOSS"],"items_purchased_type":["Relic","Card","Card","Relic","Relic","Potion","Potion","Card","Card","Card","Relic"],"build_version":"2020-12-22","purchased_purges":3,"victory":true,"max_hp_per_floor":[80,80,85,85,85,85,85,85,85,85,95,95,95,95,95,95,95,95,95,95,95,95,95,95,95,95,95,95,95,95,95,95,95,95,95,95,95,95,95,95,95,95,95,95,95,95,95,95,95,95],"relic_stats":{"Happy Flower":[14],"counters":[33,197],"Bird Faced Urn":[171],"Gambling Chip":[14],"Bronze Scales":[17],"Ginger":[29],"Smiling Mask":1,"obtain_stats":[{"Pear":11,"downfall:HeartBlessingRed":13,"Happy Flower":42,"Guardian:ModeShifter":0,"Vajra":27,"downfall:HeartBlessingGreen":35,"energizedSpire:OgreHead":17,"Ginger":7,"Ancient Tea Set":24,"Smiling Mask":26,"Sling":27,"keyreminder:keyreminder":9,"Anchor":41,"Matryoshka":29,"Bird Faced Urn":5,"MutagenicStrength":23,"Gambling Chip":44,"Bronze Scales":48,"WingedGreaves":14,"Fusion Hammer":34,"Membership Card":27,"Toy Ornithopter":31},{"Pear":6,"downfall:HeartBlessingRed":7,"Happy Flower":26,"Guardian:ModeShifter":0,"Vajra":17,"downfall:HeartBlessingGreen":22,"energizedSpire:OgreHead":10,"Ginger":3,"Ancient Tea Set":15,"Smiling Mask":16,"Sling":17,"keyreminder:keyreminder":4,"Anchor":25,"Matryoshka":18,"Bird Faced Urn":2,"MutagenicStrength":15,"Gambling Chip":28,"Bronze Scales":31,"WingedGreaves":8,"Fusion Hammer":22,"Membership Card":17,"Toy Ornithopter":20},{"Pear":37,"downfall:HeartBlessingRed":41,"Happy Flower":155,"Guardian:ModeShifter":0,"Vajra":103,"downfall:HeartBlessingGreen":136,"energizedSpire:OgreHead":66,"Ginger":11,"Ancient Tea Set":95,"Smiling Mask":99,"Sling":103,"keyreminder:keyreminder":17,"Anchor":148,"Matryoshka":108,"Bird Faced Urn":8,"MutagenicStrength":95,"Gambling Chip":163,"Bronze Scales":181,"WingedGreaves":47,"Fusion Hammer":136,"Membership Card":103,"Toy Ornithopter":118}],"Toy Ornithopter":0},"card_choices":[{"not_picked":["Guardian:Incinerate","Guardian:CrystalBeam","Guardian:Suspension"],"picked":"SKIP","floor":2},{"not_picked":["Guardian:TemporalShield","Guardian:VentSteam"],"picked":"Guardian:ShieldCharger","floor":4},{"not_picked":["Guardian:GuardianWhirl","Guardian:VentSteam"],"picked":"Guardian:Gem_Synthetic","floor":6},{"not_picked":["Guardian:TimeCapacitor","Guardian:Gem_Red"],"picked":"Guardian:Gem_White","floor":8},{"not_picked":["Guardian:PiercingHide","Guardian:Recover"],"picked":"Guardian:SpikerProtocol","floor":10},{"not_picked":["Guardian:RefractedBeam","Guardian:Reroute"],"picked":"Guardian:Recover","floor":11},{"not_picked":["Guardian:Gem_Crimson","Guardian:Gem_Green"],"picked":"Guardian:StasisField","floor":12},{"not_picked":["Guardian:PrismaticBarrier","Guardian:Suspension"],"picked":"Guardian:Orbwalk","floor":14},{"not_picked":["Guardian:DecasProtection","Guardian:BronzeArmor"],"picked":"Guardian:Emergency","floor":15},{"not_picked":["Guardian:StasisStrike","Guardian:SphericShield"],"picked":"Guardian:RevengeProtocol","floor":16},{"not_picked":["Guardian:PolyBeam","Guardian:Gem_Lightblue"],"picked":"Guardian:Gem_Blue","floor":19},{"not_picked":["Guardian:PiercingHide","Guardian:MultiBeam"],"picked":"Guardian:WalkerClaw","floor":20},{"not_picked":["Guardian:ChargeCore","Guardian:MultiBeam"],"picked":"Guardian:Gem_Lightblue","floor":21},{"not_picked":["Guardian:TimeBomb","Guardian:BronzeArmor","Guardian:RollAttack"],"picked":"SKIP","floor":22},{"not_picked":["Guardian:EvasiveProtocol+1","Guardian:ChargeCore"],"picked":"Guardian:Repulse","floor":23},{"not_picked":["Guardian:Planning","Guardian:Gem_Blue"],"picked":"Guardian:TimeSifter","floor":26},{"not_picked":["Guardian:PiercingHide","Guardian:PrimingBeam"],"picked":"Guardian:Gem_Cyan","floor":27},{"not_picked":["Guardian:GatlingBeam","Guardian:PrimingBeam"],"picked":"Guardian:Gem_White","floor":29},{"not_picked":["Guardian:ChargeCore","Guardian:PrismaticBarrier"],"picked":"Guardian:EvasiveProtocol+1","floor":30},{"not_picked":["Guardian:DonusPower","Guardian:PrismaticBeam","Guardian:RollAttack"],"picked":"SKIP","floor":31},{"not_picked":["Guardian:TemporalStrike","Guardian:CrystalBeam"],"picked":"Guardian:Gem_Green","floor":32},{"not_picked":["Guardian:RevengeProtocol","Guardian:StasisField"],"picked":"Guardian:ExploitGems","floor":33},{"not_picked":["Guardian:PrimingBeam+1","Guardian:ShieldSpikes"],"picked":"Guardian:Gem_Red","floor":36},{"not_picked":["Guardian:SpikerProtocol","Guardian:BronzeOrb","Guardian:TimeBomb+1"],"picked":"SKIP","floor":39},{"not_picked":["Guardian:PrismaticBarrier","Guardian:ChargeCore+1"],"picked":"Guardian:Gem_Cyan","floor":40},{"not_picked":["Guardian:VentSteam","Guardian:Gem_Lightblue"],"picked":"Guardian:PiercingHide","floor":42},{"not_picked":["Guardian:PiercingHide","Guardian:TemporalShield+1"],"picked":"Guardian:DecasProtection+1","floor":43},{"not_picked":["Guardian:Planning","Guardian:Gem_Green","Guardian:TimeSifter"],"picked":"SKIP","floor":44},{"not_picked":["Guardian:ChargeCore+1","Guardian:Gem_Green","Guardian:Emergency"],"picked":"SKIP","floor":45},{"not_picked":["Guardian:Gem_White","Guardian:Gem_Green"],"picked":"Guardian:Harden","floor":46},{"not_picked":["Guardian:Gem_Green","Guardian:Reroute"],"picked":"Guardian:Gem_Purple","floor":48},{"not_picked":["Guardian:PolyBeam","Guardian:Suspension","Guardian:WalkerClaw"],"picked":"SKIP","floor":49}],"player_experience":693328,"relics_obtained":[{"floor":5,"key":"Bird Faced Urn"},{"floor":7,"key":"Ginger"},{"floor":11,"key":"Pear"},{"floor":14,"key":"WingedGreaves"},{"floor":23,"key":"MutagenicStrength"},{"floor":24,"key":"Ancient Tea Set"},{"floor":26,"key":"Smiling Mask"},{"floor":29,"key":"Matryoshka"},{"floor":31,"key":"Toy Ornithopter"},{"floor":41,"key":"Anchor"},{"floor":42,"key":"Happy Flower"},{"floor":48,"key":"Bronze Scales"}],"event_choices":[{"damage_healed":0,"gold_gain":0,"player_choice":"Donut","damage_taken":0,"max_hp_gain":5,"max_hp_loss":0,"event_name":"Big Fish","floor":3,"gold_loss":0}],"is_beta":false,"boss_relics":[{"not_picked":["SacredBark","Black Star"],"picked":"energizedSpire:OgreHead"},{"not_picked":["energizedSpire:StickyHand","energizedSpire:EnergizedDie"],"picked":"Fusion Hammer"}],"items_purged_floors":[27,39,44],"is_endless":false,"potions_floor_spawned":[4,8,10,11,15,20,21,22,23,31,33,40,42,43,45],"ascension_level":1}}