{"host":"0av13bfd5y1jedv9","time":1610349755,"event":{"mods":["Act Like it!","BaseMod","Conspire","Downfall","Hallownest","Hubris","Infinite Spire","Minty Spire (QoL Compilation)","Relic Sorter","Replay The Spire","StSLib","The Hierophant","The Senshi"],"gold_per_floor":[119,119,142,142,169,215,237,266,340,352,352,352,352,373,396,411,411,359,359],"floor_reached":18,"playtime":2049,"items_purged":[],"score":166,"play_id":"2ef95bb3-a3e0-4836-bc90-fa5bb3f954af","local_time":"20210111072235","is_ascension_mode":false,"campfire_choices":[{"floor":17,"key":"REST"}],"circlet_count":0,"master_deck":["hierophant:Strike_Hierophant","hierophant:Strike_Hierophant","hierophant:Strike_Hierophant","hierophant:Strike_Hierophant","hierophant:Punish","hierophant:Defend_Hierophant","hierophant:Defend_Hierophant","hierophant:Defend_Hierophant","hierophant:Defend_Hierophant","hierophant:ChurchCoffers","hierophant:Doubloon","hierophant:Charity","Injury","hierophant:FieryStrike","hierophant:EyeForCoin","hierophant:Doubloon","hierophant:Community","hierophant:RustyCrate","hierophant:Doubloon","hierophant:Doubloon","Decay","hierophant:RepressedViolence","hierophant:Doubloon","hierophant:Doubloon","hierophant:ConvertCurrency","hierophant:Doubloon","hierophant:Doubloon","hierophant:Remorse","hierophant:Doubloon"],"relics":["hierophant:PropheticMaskRelic","NeowsBlessing","Golden Idol","hubris:Towel","Toy Ornithopter","Matryoshka","hubris:DeckOfHolding","Oddly Smooth Stone"],"acts_visited":["Exordium"],"potions_floor_usage":[14],"damage_taken":[{"damage":0,"enemies":"Jaw Worm","floor":1,"turns":1},{"damage":0,"enemies":"conspire:RoseBush","floor":3,"turns":1},{"damage":0,"enemies":"Gremlin Nob","floor":6,"turns":1},{"damage":0,"enemies":"Cultist","floor":7,"turns":4},{"damage":22,"enemies":"Exordium Wildlife","floor":8,"turns":5},{"damage":11,"enemies":"Exordium Thugs","floor":10,"turns":5},{"damage":2,"enemies":"Large Slime","floor":14,"turns":5},{"damage":8,"enemies":"2 Fungi Beasts","floor":15,"turns":4},{"damage":27,"enemies":"Blue Slaver","floor":16,"turns":6},{"damage":35,"enemies":"The Guardian","floor":18,"turns":5}],"seed_played":"-5658011414637194007","potions_obtained":[{"floor":3,"key":"Energy Potion"},{"floor":6,"key":"Ancient Potion"},{"floor":7,"key":"SneckoOil"}],"is_trial":false,"path_per_floor":["M","?","M","?","T","E","M","M","T","M","?","PTL","PTL","M","M","M","R","B"],"character_chosen":"HIEROPHANT","items_purchased":[],"campfire_rested":1,"item_purchase_floors":[],"current_hp_per_floor":[75,75,75,75,75,75,75,53,53,42,42,42,42,45,37,10,32,0,0],"gold":359,"neow_bonus":"THREE_ENEMY_KILL","is_daily":false,"chose_seed":false,"campfire_upgraded":0,"win_rate":0.0,"timestamp":1610349755,"path_taken":["M","?","M","?","?","E","?","M","T","M","?","PTL","PTL","?","M","M","R","BOSS"],"items_purchased_type":[],"build_version":"2020-12-22","purchased_purges":0,"victory":false,"max_hp_per_floor":[75,75,75,75,75,75,75,75,75,75,75,75,75,75,75,75,75,75,75],"card_choices":[{"not_picked":["hierophant:TollTheBells","hierophant:Purify"],"picked":"hierophant:Charity","floor":1},{"not_picked":["hierophant:HammerAndAnvil","hierophant:FlamingChariot"],"picked":"hierophant:FieryStrike","floor":3},{"not_picked":["hierophant:HammerAndAnvil","hierophant:TollTheBells"],"picked":"hierophant:EyeForCoin","floor":6},{"not_picked":["hierophant:Rebuild","hierophant:OrnateBuckler"],"picked":"hierophant:Doubloon","floor":7},{"not_picked":["hierophant:RepressedViolence","hierophant:Alms"],"picked":"hierophant:Community","floor":8},{"not_picked":["hierophant:Doubloon","hierophant:Smite"],"picked":"hierophant:RustyCrate","floor":10},{"not_picked":["hierophant:PassingBell","hierophant:Upheaval"],"picked":"hierophant:RepressedViolence","floor":14},{"not_picked":["hierophant:Smite","hierophant:Shelter"],"picked":"hierophant:ConvertCurrency","floor":15},{"not_picked":["hierophant:AuricForm","hierophant:Shelter"],"picked":"hierophant:Remorse","floor":16}],"player_experience":174116,"relics_obtained":[{"floor":5,"key":"Toy Ornithopter"},{"floor":6,"key":"Matryoshka"},{"floor":9,"key":"hubris:DeckOfHolding"},{"floor":9,"key":"Oddly Smooth Stone"}],"event_choices":[{"damage_healed":0,"gold_gain":0,"player_choice":"Take Wound","damage_taken":0,"relics_obtained":["Golden Idol"],"max_hp_gain":0,"max_hp_loss":0,"event_name":"Golden Idol","floor":2,"gold_loss":0,"cards_obtained":["Injury"]},{"damage_healed":0,"gold_gain":0,"player_choice":"Cursed","damage_taken":0,"max_hp_gain":0,"max_hp_loss":0,"event_name":"Wheel of Change","floor":11,"gold_loss":0,"cards_obtained":["Decay"]}],"is_beta":false,"boss_relics":[],"items_purged_floors":[],"is_endless":false,"potions_floor_spawned":[3,6,7],"killed_by":"The Guardian","ascension_level":0}}