{"host":"l84l8xigz5v5foa2","time":1610344023,"event":{"mods":["2.2 Compatiblity","AchievementEnabler","BaseMod","Better Note","Better Vampires","Card Filter","Colored Map","DeckTracker","Downfall","Gremlin Skip","Highlight Path","Keyboard Shortcuts","Minty Spire (QoL Compilation)","Permanent Neow","Quick Restart","Relic Filter","Relic Stats","StSLib","SuperFastMode","Transform Curses","Unknown Chances"],"gold_per_floor":[99,109,124,34,134,159,159,159,187,217,217,217,217,247,267,343,343,268,284,435,121,121,121,148,166,196,137,163,197,197,227,240,315,315,240,254,254,88,120,152,199,217,142,167,198,226,256,288,299,299,299,334,4,4,4],"floor_reached":56,"playtime":3726,"items_purged":["Barrage"],"score":3621,"play_id":"00ce9692-a45b-4bb0-b5d3-60f74933a736","local_time":"20210111144703","daily_mods":["Draft","Flight","DeadlyEvents","Elite Swarm"],"is_ascension_mode":true,"campfire_choices":[{"data":"Hologram","floor":1.0,"key":"SMITH"},{"data":"Aggregate","floor":8.0,"key":"SMITH"},{"data":"Echo Form","floor":11.0,"key":"SMITH"},{"data":"Hologram","floor":12.0,"key":"SMITH"},{"data":"FTL","floor":13.0,"key":"SMITH"},{"floor":18.0,"key":"RECALL"},{"floor":35.0,"key":"REST"},{"floor":43.0,"key":"REST"},{"floor":54,"key":"REST"}],"circlet_count":0,"master_deck":["AscendersBane","Gash","Conserve Battery","Gash","Conserve Battery","Rebound","Leap+1","Hologram+1","Hologram+1","Rebound","Leap","FTL+1","Go for the Eyes","Aggregate+1","Scrape","Streamline","Gash","Echo Form+1","Hyperbeam","Meteor Strike+1","Core Surge+1","Stack","Go for the Eyes+1","Stack","Aggregate","Aggregate","Hologram","Gash+1","Creative AI","Hologram","Echo Form","Creative AI","Aggregate+1","Amplify","Aggregate+1","Meteor Strike+1","Seek","All For One+1","Double Energy","Scrape+1"],"relics":["Unceasing Top","Nilry\u0027s Codex","Guardian:StasisCodex","Bronze Scales","champ:DuelingGlove","Kunai","Ice Cream","Molten Egg 2","Fusion Hammer","downfall:HeartBlessingGreen","Orrery","Chemical X","Regal Pillow","Guardian:PocketSentry","Meat on the Bone","Toy Ornithopter","Oddly Smooth Stone","expansioncontent:StudyCardRelic","downfall:HeartBlessingRed","Membership Card","Ginger","Incense Burner","downfall:HeartBlessingBlue","TungstenRod","Happy Flower","Nunchaku","Bag of Marbles","Question Card","Blood Vial","War Paint","Torii"],"acts_visited":["Exordium","TheCity","TheBeyond","TheEnding"],"potions_floor_usage":[55],"damage_taken":[{"damage":2.0,"enemies":"2 Louse","floor":2.0,"turns":3.0},{"damage":0.0,"enemies":"Cultist","floor":3.0,"turns":3.0},{"damage":1.0,"enemies":"downfall:FleeingMerchant","floor":4.0,"turns":4.0},{"damage":29.0,"enemies":"downfall:FleeingMerchant","floor":5.0,"turns":4.0},{"damage":2.0,"enemies":"Gremlin Nob","floor":6.0,"turns":3.0},{"damage":3.0,"enemies":"Lagavulin","floor":9.0,"turns":5.0},{"damage":0.0,"enemies":"Gremlin Nob","floor":10.0,"turns":2.0},{"damage":0.0,"enemies":"Lagavulin","floor":14.0,"turns":3.0},{"damage":0.0,"enemies":"Small Slimes","floor":15.0,"turns":1.0},{"damage":0.0,"enemies":"downfall:Silent","floor":16.0,"turns":2.0},{"damage":9.0,"enemies":"Shell Parasite","floor":19.0,"turns":2.0},{"damage":0.0,"enemies":"downfall:FleeingMerchant","floor":20.0,"turns":4.0},{"damage":0.0,"enemies":"Spheric Guardian","floor":25.0,"turns":3.0},{"damage":0.0,"enemies":"Book of Stabbing","floor":26.0,"turns":2.0},{"damage":3.0,"enemies":"Gremlin Leader","floor":28.0,"turns":2.0},{"damage":4.0,"enemies":"Slavers","floor":29.0,"turns":2.0},{"damage":0.0,"enemies":"Book of Stabbing","floor":31.0,"turns":1.0},{"damage":0.0,"enemies":"3 Cultists","floor":32.0,"turns":3.0},{"damage":0.0,"enemies":"downfall:Defect","floor":33.0,"turns":5.0},{"damage":0.0,"enemies":"3 Shapes","floor":36.0,"turns":2.0},{"damage":0.0,"enemies":"Reptomancer","floor":39.0,"turns":2.0},{"damage":6.0,"enemies":"Giant Head","floor":40.0,"turns":3.0},{"damage":0.0,"enemies":"Orb Walker","floor":42.0,"turns":2.0},{"damage":0.0,"enemies":"Mind Bloom Boss Battle","floor":44.0,"turns":2.0},{"damage":0,"enemies":"Nemesis","floor":45,"turns":3},{"damage":0,"enemies":"Giant Head","floor":46,"turns":3},{"damage":0,"enemies":"Reptomancer","floor":47,"turns":4},{"damage":0,"enemies":"Giant Head","floor":48,"turns":1},{"damage":0,"enemies":"Transient","floor":49,"turns":2},{"damage":0,"enemies":"downfall:Ironclad","floor":50,"turns":2},{"damage":3,"enemies":"downfall:CharBossMerchant","floor":52,"turns":3},{"damage":0,"enemies":"downfall:NeowBoss","floor":55,"turns":12}],"seed_played":"-1405079076379492868","potions_obtained":[{"floor":2.0,"key":"GamblersBrew"},{"floor":5.0,"key":"Energy Potion"},{"floor":10.0,"key":"SneckoOil"},{"floor":19.0,"key":"DistilledChaos"},{"floor":28.0,"key":"LiquidBronze"},{"floor":31.0,"key":"BlessingOfTheForge"},{"floor":33.0,"key":"ColorlessPotion"}],"is_trial":true,"path_per_floor":["R","M","M","$","?","E","T","R","E","E","R","R","R","E","M","B",null,"R","M","$","$","?","?","T","M","E","$","E","E","?","E","M","B",null,"R","M","?","$","E","E","T","M","R","?","E","E","E","E","M","B",null,"E","$","R","B",null],"character_chosen":"DEFECT","items_purchased":["Orrery","Aggregate","Hologram","Chemical X","Hologram","Membership Card","Double Energy","Scrape+1","War Paint","Torii"],"campfire_rested":3,"item_purchase_floors":[20,21,21,21,27,38,53,53,53,53],"current_hp_per_floor":[64,62,62,61,32,30,30,30,27,27,27,27,27,27,27,27,60,60,51,51,51,51,51,51,51,51,51,48,44,44,49,49,49,66,71,71,71,71,71,65,65,65,81,81,81,81,81,81,81,81,81,78,78,81,81],"gold":4,"neow_bonus":"","is_daily":false,"chose_seed":false,"campfire_upgraded":5,"win_rate":0.0,"timestamp":1610344023,"path_taken":["R","M","M","$","?","E","T","R","E","E","R","R","R","E","M","BOSS","R","M","$","$","?","?","T","?","E","?","E","?","?","E","M","BOSS","R","M","?","$","?","E","T","?","R","?","E","E","E","E","M","BOSS","E","$","R","BOSS"],"items_purchased_type":["Relic","Card","Card","Relic","Card","Relic","Card","Card","Relic","Relic"],"build_version":"2020-12-22","purchased_purges":1,"victory":true,"max_hp_per_floor":[71,71,71,71,71,71,71,71,71,71,71,71,71,71,71,71,71,71,71,71,71,71,71,71,71,71,71,71,71,71,71,71,71,71,71,71,71,71,71,71,71,71,81,81,81,81,81,81,81,81,81,81,81,81,81],"relic_stats":{"Regal Pillow":0,"Happy Flower":[9],"Torii":2,"counters":[32,94],"Ginger":[10],"War Paint":["Leap","Aggregate"],"Question Card":2,"Blood Vial":0,"Nunchaku":[15],"Bronze Scales":[101],"Kunai":[118],"Chemical X":[2],"obtain_stats":[{"Ice Cream":10,"champ:DuelingGlove":7,"Regal Pillow":24,"Torii":53,"Nilry\u0027s Codex":0,"Guardian:StasisCodex":0,"downfall:HeartBlessingGreen":18,"expansioncontent:StudyCardRelic":34,"Incense Burner":40,"Ginger":39,"Blood Vial":52,"Nunchaku":46,"downfall:HeartBlessingBlue":43,"Fusion Hammer":17,"Kunai":9,"Chemical X":21,"downfall:HeartBlessingRed":35,"Happy Flower":45,"Oddly Smooth Stone":31,"Guardian:PocketSentry":26,"War Paint":53,"Question Card":48,"Bronze Scales":6,"Orrery":20,"Molten Egg 2":14,"Bag of Marbles":47,"Membership Card":38,"Unceasing Top":0,"Toy Ornithopter":29,"TungstenRod":44,"Meat on the Bone":28},{"Ice Cream":7,"champ:DuelingGlove":5,"Regal Pillow":12,"Torii":31,"Nilry\u0027s Codex":0,"Guardian:StasisCodex":0,"downfall:HeartBlessingGreen":10,"expansioncontent:StudyCardRelic":19,"Incense Burner":22,"Ginger":21,"Blood Vial":31,"Nunchaku":26,"downfall:HeartBlessingBlue":23,"Fusion Hammer":10,"Kunai":6,"Chemical X":12,"downfall:HeartBlessingRed":19,"Happy Flower":25,"Oddly Smooth Stone":17,"Guardian:PocketSentry":14,"War Paint":31,"Question Card":28,"Bronze Scales":5,"Orrery":12,"Molten Egg 2":8,"Bag of Marbles":27,"Membership Card":20,"Unceasing Top":0,"Toy Ornithopter":16,"TungstenRod":24,"Meat on the Bone":15},{"Ice Cream":24,"champ:DuelingGlove":17,"Regal Pillow":36,"Torii":82,"Nilry\u0027s Codex":0,"Guardian:StasisCodex":0,"downfall:HeartBlessingGreen":30,"expansioncontent:StudyCardRelic":53,"Incense Burner":60,"Ginger":57,"Blood Vial":82,"Nunchaku":70,"downfall:HeartBlessingBlue":62,"Fusion Hammer":30,"Kunai":22,"Chemical X":36,"downfall:HeartBlessingRed":53,"Happy Flower":67,"Oddly Smooth Stone":46,"Guardian:PocketSentry":41,"War Paint":82,"Question Card":75,"Bronze Scales":17,"Orrery":36,"Molten Egg 2":27,"Bag of Marbles":74,"Membership Card":55,"Unceasing Top":0,"Toy Ornithopter":45,"TungstenRod":64,"Meat on the Bone":43}],"Unceasing Top":[344],"Toy Ornithopter":5,"TungstenRod":2,"Meat on the Bone":0},"card_choices":[{"not_picked":["Barrage","Beam Cell"],"picked":"Gash","floor":0.0},{"not_picked":["Redo","Cold Snap"],"picked":"Conserve Battery","floor":0.0},{"not_picked":["Cold Snap","Lockon"],"picked":"Gash","floor":0.0},{"not_picked":["Lockon","Streamline"],"picked":"Conserve Battery","floor":0.0},{"not_picked":["Redo","Force Field"],"picked":"Rebound","floor":0.0},{"not_picked":["Redo","Rebound"],"picked":"Leap","floor":0.0},{"not_picked":["Ball Lightning","Storm"],"picked":"Force Field","floor":0.0},{"not_picked":["Self Repair","Undo"],"picked":"Hologram","floor":0.0},{"not_picked":["Sunder","Capacitor"],"picked":"Hologram","floor":0.0},{"not_picked":["Loop","Defragment"],"picked":"Rebound","floor":0.0},{"not_picked":["Tempest","Force Field"],"picked":"Leap","floor":0.0},{"not_picked":["Chill","Conserve Battery"],"picked":"FTL","floor":0.0},{"not_picked":["Loop","Consume"],"picked":"Go for the Eyes","floor":0.0},{"not_picked":["Defragment","Go for the Eyes"],"picked":"Aggregate","floor":0.0},{"not_picked":["Ball Lightning","Coolheaded"],"picked":"Barrage","floor":0.0},{"not_picked":["Chaos","Go for the Eyes","Rip and Tear"],"picked":"SKIP","floor":2.0},{"not_picked":["Chaos","Go for the Eyes","Rip and Tear"],"picked":"SKIP","floor":2.0},{"not_picked":["Chaos","Leap"],"picked":"Scrape","floor":3.0},{"not_picked":["FTL","Capacitor"],"picked":"Streamline","floor":4.0},{"not_picked":["Hello World","Ball Lightning"],"picked":"Gash","floor":5.0},{"not_picked":["Core Surge","Amplify"],"picked":"Echo Form","floor":6.0},{"not_picked":["Biased Cognition","Rainbow","Electrodynamics"],"picked":"SKIP","floor":9.0},{"not_picked":["Reboot","Echo Form"],"picked":"Hyperbeam","floor":10.0},{"not_picked":["Multi-Cast","Reboot"],"picked":"Meteor Strike+1","floor":14.0},{"not_picked":["Coolheaded","Sweeping Beam+1","Leap"],"picked":"SKIP","floor":15.0},{"not_picked":["Multi-Cast","Hyperbeam+1"],"picked":"Core Surge+1","floor":16.0},{"not_picked":["Force Field","Rip and Tear+1","Conserve Battery"],"picked":"SKIP","floor":19.0},{"not_picked":["Hologram","Sweeping Beam+1"],"picked":"Stack","floor":20.0},{"not_picked":["Redo","Capacitor"],"picked":"Go for the Eyes+1","floor":20.0},{"not_picked":["Hologram","Streamline+1"],"picked":"Stack","floor":20.0},{"not_picked":["Storm","Coolheaded+1"],"picked":"Aggregate","floor":20.0},{"not_picked":["White Noise","Redo"],"picked":"Gash+1","floor":25.0},{"not_picked":["Amplify","Echo Form"],"picked":"Creative AI","floor":26.0},{"not_picked":["Fission","Thunder Strike+1","Amplify"],"picked":"SKIP","floor":28.0},{"not_picked":["Electrodynamics","Fission","Thunder Strike+1"],"picked":"SKIP","floor":29.0},{"not_picked":["Fission","Buffer"],"picked":"Echo Form","floor":31.0},{"not_picked":["Undo","Streamline+1","Leap"],"picked":"SKIP","floor":32.0},{"not_picked":["Machine Learning","Fission"],"picked":"Creative AI","floor":33.0},{"not_picked":["Genetic Algorithm","Cold Snap+1","Go for the Eyes+1"],"picked":"SKIP","floor":36.0},{"not_picked":["Biased Cognition","Electrodynamics"],"picked":"Amplify","floor":39.0},{"not_picked":["Biased Cognition","Meteor Strike+1","Thunder Strike+1"],"picked":"SKIP","floor":40.0},{"not_picked":["Barrage+1","Darkness"],"picked":"Aggregate","floor":42.0},{"not_picked":["Reboot","Fission","Biased Cognition"],"picked":"SKIP","floor":45},{"not_picked":["Thunder Strike+1","Buffer"],"picked":"Meteor Strike+1","floor":46},{"not_picked":["Multi-Cast","Thunder Strike+1"],"picked":"Seek","floor":47},{"not_picked":["Rainbow","Biased Cognition","Electrodynamics"],"picked":"SKIP","floor":48},{"not_picked":["Static Discharge","Leap","Go for the Eyes+1","Cold Snap+1"],"picked":"SKIP","floor":49},{"not_picked":["Hyperbeam+1","Seek","Creative AI"],"picked":"All For One+1","floor":52}],"player_experience":3072292,"relics_obtained":[{"floor":6.0,"key":"Bronze Scales"},{"floor":7.0,"key":"champ:DuelingGlove"},{"floor":9.0,"key":"Kunai"},{"floor":10.0,"key":"Ice Cream"},{"floor":14.0,"key":"Molten Egg 2"},{"floor":24.0,"key":"Regal Pillow"},{"floor":26.0,"key":"Guardian:PocketSentry"},{"floor":28.0,"key":"Meat on the Bone"},{"floor":29.0,"key":"Toy Ornithopter"},{"floor":31.0,"key":"Oddly Smooth Stone"},{"floor":39.0,"key":"Ginger"},{"floor":40.0,"key":"Incense Burner"},{"floor":44.0,"key":"TungstenRod"},{"floor":45,"key":"Happy Flower"},{"floor":46,"key":"Nunchaku"},{"floor":47,"key":"Bag of Marbles"},{"floor":48,"key":"Question Card"},{"floor":52,"key":"Blood Vial"}],"event_choices":[{"cards_removed":["Force Field"],"damage_healed":0.0,"max_hp_gain":0.0,"max_hp_loss":0.0,"gold_gain":0.0,"event_name":"Back to Basics","player_choice":"Elegance","floor":22.0,"gold_loss":0.0,"damage_taken":0.0},{"damage_healed":0.0,"max_hp_gain":0.0,"max_hp_loss":0.0,"gold_gain":0.0,"event_name":"Duplicator","player_choice":"Copied","floor":37.0,"gold_loss":0.0,"damage_taken":0.0,"cards_obtained":["Aggregate"]}],"is_beta":false,"boss_relics":[{"not_picked":["Empty Cage","Astrolabe"],"picked":"Fusion Hammer"},{"not_picked":["Nuclear Battery","SlaversCollar"],"picked":"expansioncontent:StudyCardRelic"}],"items_purged_floors":[4],"is_endless":false,"potions_floor_spawned":[2,5,10,15,19,28,31,33,40,44,45,46,48,49,52],"ascension_level":20}}