{"host":"igi9xpgoc000gxf5","time":1610400453,"event":{"mods":["BaseMod","Colored Powertips","Downfall","Googly Eyes","Minty Spire (QoL Compilation)","StSLib"],"gold_per_floor":[99,110,125,300,300,300,372,14,28,13,25,125,34,7,24,121,121,121,30,30,41,54,54,54,80,192,209,134,153,153,153,165,265,315,315,0,0,0,0,15,15,15,31,31,44,63,79,95,95,95],"floor_reached":49,"playtime":4026,"items_purged":[],"score":627,"play_id":"195f5854-f8c9-4cf3-8bf5-3ce28f758d93","local_time":"20210111222733","is_ascension_mode":false,"campfire_choices":[{"data":"sneckomod:Unknown","floor":1,"key":"SMITH"},{"data":"sneckomod:UnknownCommonAttack","floor":6,"key":"SMITH"},{"data":"sneckomod:MorePower","floor":18,"key":"SMITH"},{"floor":23,"key":"REST"},{"floor":28,"key":"REST"},{"floor":30,"key":"REST"},{"data":"sneckomod:SerpentMind","floor":35,"key":"SMITH"},{"data":"sneckomod:TrashToTreasure","floor":42,"key":"SMITH"}],"circlet_count":0,"master_deck":["sneckomod:Strike","sneckomod:Strike","sneckomod:Defend","sneckomod:Defend","sneckomod:Defend","sneckomod:TailWhip","sneckomod:SnekBite","sneckomod:Unknown+1","sneckomod:Unknown+1","sneckomod:UnknownCommonAttack+1","sneckomod:Unknown2Cost","Doubt","sneckomod:RainOfDice","sneckomod:UnknownRareSkill","sneckomod:UnknownStrike","sneckomod:DiceCrush","sneckomod:TrashToTreasure+1","sneckomod:UnknownUncommonSkill","sneckomod:SerpentMind+1","sneckomod:UnknownCommonAttack","sneckomod:UnknownVulnerable","sneckomod:UnknownUncommonPower","sneckomod:MorePower+1","sneckomod:UnknownClassTHE_CHAMP_GRAY+1","sneckomod:UnknownStrike","sneckomod:UnknownCommonAttack","sneckomod:Nope","sneckomod:DiceBlock","sneckomod:UnknownClassGREEN+1","sneckomod:ImprovisedGuard","sneckomod:Unknown+1","sneckomod:UnknownCommonAttack","sneckomod:Unknown0Cost+1","sneckomod:UnknownCommonSkill+1","sneckomod:UnknownUncommonPower","sneckomod:UnknownExhaust+1","sneckomod:RainOfDice","sneckomod:QuickMove","sneckomod:UnknownRareAttack+1","sneckomod:SoulCleanse","sneckomod:UnknownWeak+1","sneckomod:DangerNoodle","sneckomod:UnknownRarePower+1","sneckomod:UnknownClassTHE_CHAMP_GRAY","sneckomod:UnknownColorless+1","sneckomod:UnknownColorless","sneckomod:UnknownCommonSkill","sneckomod:UnknownUncommonPower","sneckomod:UnknownWeak","expansioncontent:HyperBeam","sneckomod:UnknownRareAttack+1","sneckomod:Unknown1Cost","sneckomod:Unknown1Cost+1","sneckomod:ImprovisedAttack+1","Parasite","sneckomod:UnknownRarePower+1","sneckomod:UnknownUncommonPower+1","sneckomod:UnknownClassSLIMEBOUND+1","sneckomod:WideSting+1","sneckomod:UnknownVulnerable+1","sneckomod:SerpentIdol","sneckomod:UnknownCommonAttack","sneckomod:UnknownRareAttack+1","sneckomod:UnknownWeak+1"],"relics":["sneckomod:SneckoSoul","NlothsMask","Membership Card","sneckomod:ConfusingCodex","MealTicket","SlaversCollar","Ornamental Fan","Bronze Scales","Lantern","downfall:HeartBlessingBlue","Tiny House","Bottled Tornado","Shuriken","Pear"],"acts_visited":["Exordium","TheCity","TheBeyond"],"potions_floor_usage":[16,16,32,32,33,33,46,47,47,48],"damage_taken":[{"damage":0,"enemies":"2 Louse","floor":2,"turns":2},{"damage":0,"enemies":"Jaw Worm","floor":3,"turns":2},{"damage":0,"enemies":"downfall:FleeingMerchant","floor":8,"turns":4},{"damage":0,"enemies":"Cultist","floor":9,"turns":3},{"damage":3,"enemies":"downfall:FleeingMerchant","floor":10,"turns":4},{"damage":0,"enemies":"Blue Slaver","floor":11,"turns":3},{"damage":0,"enemies":"downfall:FleeingMerchant","floor":13,"turns":4},{"damage":10,"enemies":"downfall:FleeingMerchant","floor":14,"turns":4},{"damage":11,"enemies":"Exordium Thugs","floor":15,"turns":5},{"damage":39,"enemies":"downfall:Silent","floor":16,"turns":7},{"damage":15,"enemies":"downfall:FleeingMerchant","floor":19,"turns":4},{"damage":32,"enemies":"Shell Parasite","floor":21,"turns":6},{"damage":39,"enemies":"3 Byrds","floor":22,"turns":5},{"damage":18,"enemies":"downfall:FleeingMerchant","floor":26,"turns":4},{"damage":14,"enemies":"Centurion and Healer","floor":27,"turns":5},{"damage":34,"enemies":"Cultist and Chosen","floor":29,"turns":7},{"damage":21,"enemies":"Snake Plant","floor":32,"turns":5},{"damage":78,"enemies":"downfall:Ironclad","floor":33,"turns":10},{"damage":4,"enemies":"Orb Walker","floor":40,"turns":2},{"damage":23,"enemies":"3 Darklings","floor":43,"turns":2},{"damage":22,"enemies":"Writhing Mass","floor":45,"turns":4},{"damage":37,"enemies":"Jaw Worm Horde","floor":46,"turns":6},{"damage":29,"enemies":"Transient","floor":47,"turns":5},{"damage":24,"enemies":"4 Shapes","floor":48,"turns":6},{"damage":20,"enemies":"Sphere and 2 Shapes","floor":49,"turns":2}],"seed_played":"397408838277174548","potions_obtained":[{"floor":2,"key":"LiquidBronze"},{"floor":15,"key":"CultistPotion"},{"floor":16,"key":"SneckoOil"},{"floor":19,"key":"sneckomod:DiceRollPotion"},{"floor":21,"key":"SneckoOil"},{"floor":27,"key":"Fire Potion"},{"floor":29,"key":"SkillPotion"},{"floor":32,"key":"Regen Potion"},{"floor":33,"key":"LiquidMemories"},{"floor":34,"key":"LiquidMemories"},{"floor":40,"key":"Fire Potion"},{"floor":46,"key":"champ:CounterPotion"},{"floor":47,"key":"SkillPotion"}],"is_trial":false,"path_per_floor":["R","M","M","?","?","R","T","$","M","$","M","?","$","$","M","B",null,"R","$","?","M","M","R","T","T","$","M","R","M","R","?","M","B",null,"R","$","?","?","?","M","T","R","M","?","M","M","M","M","M"],"character_chosen":"THE_SNECKO","items_purchased":["Membership Card","sneckomod:ConfusingCodex","sneckomod:UnknownRareSkill","sneckomod:UnknownStrike","MealTicket","sneckomod:UnknownVulnerable","sneckomod:UnknownCommonAttack","sneckomod:Nope","sneckomod:DiceBlock","Bronze Scales","Lantern","sneckomod:UnknownUncommonPower","sneckomod:UnknownExhaust","sneckomod:RainOfDice","sneckomod:QuickMove","Bottled Tornado","Shuriken","sneckomod:UnknownUncommonPower","sneckomod:UnknownWeak"],"campfire_rested":3,"item_purchase_floors":[8,8,8,8,13,14,19,19,19,26,26,26,26,26,26,36,36,36,36],"current_hp_per_floor":[90,91,92,92,92,92,92,94,94,91,92,92,92,87,77,38,98,98,93,93,73,36,67,67,67,68,55,100,90,120,120,101,40,130,130,132,132,132,132,130,140,140,118,118,98,64,37,15,0,0],"gold":95,"neow_bonus":"UPGRADE_CARD","is_daily":false,"chose_seed":false,"campfire_upgraded":5,"win_rate":0.0,"timestamp":1610400453,"path_taken":["R","M","M","?","?","R","T","$","?","$","M","?","?","$","M","BOSS","R","$","?","?","M","R","T","?","?","M","R","M","R","?","M","BOSS","R","$","?","?","?","M","T","R","?","?","M","M","M","M","M"],"items_purchased_type":["Relic","Relic","Card","Card","Relic","Card","Card","Card","Card","Relic","Relic","Card","Card","Card","Card","Relic","Relic","Card","Card"],"build_version":"2020-12-22","purchased_purges":0,"victory":false,"max_hp_per_floor":[90,91,92,92,92,92,92,94,94,94,95,95,95,97,98,98,98,98,101,101,102,104,104,104,104,108,109,119,120,120,120,122,124,130,130,132,132,132,132,134,144,144,145,145,147,148,150,152,152,152],"card_choices":[{"not_picked":["sneckomod:Nope","sneckomod:UnknownVulnerable"],"picked":"sneckomod:UnknownCommonAttack","floor":2},{"not_picked":["sneckomod:DiceCrush","sneckomod:SoulDraw"],"picked":"sneckomod:Unknown2Cost","floor":3},{"not_picked":["sneckomod:CheapStock","sneckomod:DangerNoodle"],"picked":"sneckomod:RainOfDice","floor":8},{"not_picked":["sneckomod:IronFang","sneckomod:WideSting"],"picked":"sneckomod:DiceCrush","floor":9},{"not_picked":["sneckomod:RainOfDice","sneckomod:SoulDraw"],"picked":"sneckomod:TrashToTreasure","floor":10},{"not_picked":["sneckomod:SoulDraw","sneckomod:DiceBlock"],"picked":"sneckomod:UnknownUncommonSkill","floor":11},{"not_picked":["sneckomod:SerpentIdol","sneckomod:RainOfDice"],"picked":"sneckomod:SerpentMind","floor":13},{"not_picked":["sneckomod:SoulRoll","sneckomod:UnknownDexterity"],"picked":"sneckomod:UnknownCommonAttack","floor":14},{"not_picked":["sneckomod:DiceCrush","sneckomod:DiceBlock"],"picked":"sneckomod:UnknownUncommonPower","floor":15},{"not_picked":["sneckomod:Mudshield","sneckomod:UnknownRarePower"],"picked":"sneckomod:MorePower","floor":16},{"not_picked":["sneckomod:UnknownEthereal+1","sneckomod:UnknownUncommonSkill+1"],"picked":"sneckomod:UnknownClassTHE_CHAMP_GRAY+1","floor":19},{"not_picked":["sneckomod:MasterEye+1","sneckomod:RainOfDice"],"picked":"sneckomod:UnknownStrike","floor":19},{"not_picked":["sneckomod:UnknownEthereal+1","sneckomod:UnknownUncommonPower+1"],"picked":"sneckomod:UnknownClassGREEN+1","floor":21},{"not_picked":["sneckomod:CheapStock","sneckomod:QuickMove"],"picked":"sneckomod:ImprovisedGuard","floor":21},{"not_picked":["sneckomod:UnknownClassSLIMEBOUND+1","sneckomod:UnknownDexterity+1"],"picked":"sneckomod:Unknown+1","floor":22},{"not_picked":["sneckomod:SoulRoll","sneckomod:QuickBite"],"picked":"sneckomod:UnknownCommonAttack","floor":22},{"not_picked":["sneckomod:UnknownVulnerable+1","sneckomod:UnknownWeak+1"],"picked":"sneckomod:Unknown0Cost+1","floor":26},{"not_picked":["sneckomod:DiceBlock","sneckomod:Unknown0Cost"],"picked":"sneckomod:UnknownCommonSkill+1","floor":26},{"not_picked":["sneckomod:UnknownClassBLUE+1","sneckomod:UnknownClassHEXA_GHOST_PURPLE+1"],"picked":"sneckomod:UnknownRareAttack+1","floor":27},{"not_picked":["sneckomod:SoulRoll","sneckomod:WideSting"],"picked":"sneckomod:SoulCleanse","floor":27},{"not_picked":["sneckomod:UnknownX+1","sneckomod:UnknownClassGREEN+1"],"picked":"sneckomod:UnknownWeak+1","floor":29},{"not_picked":["sneckomod:UnknownVulnerable","sneckomod:Unknown2Cost"],"picked":"sneckomod:DangerNoodle","floor":29},{"not_picked":["sneckomod:UnknownDexterity+1","sneckomod:UnknownStrike+1"],"picked":"sneckomod:UnknownRarePower+1","floor":32},{"not_picked":["sneckomod:UnknownCommonAttack","sneckomod:UnknownUncommonSkill"],"picked":"sneckomod:UnknownClassTHE_CHAMP_GRAY","floor":32},{"not_picked":["sneckomod:Unknown3Cost+1","sneckomod:UnknownUncommonSkill+1"],"picked":"sneckomod:UnknownColorless+1","floor":33},{"not_picked":["sneckomod:SoulExchange","sneckomod:Unknown3Cost"],"picked":"sneckomod:UnknownColorless","floor":33},{"not_picked":["sneckomod:ImprovisedGuard","sneckomod:SoulRoll"],"picked":"sneckomod:UnknownCommonSkill","floor":34},{"not_picked":["expansioncontent:GuardianWhirl","expansioncontent:DefensiveMode"],"picked":"expansioncontent:HyperBeam","floor":38},{"not_picked":["sneckomod:UnknownCommonSkill+1","sneckomod:UnknownClassHEXA_GHOST_PURPLE+1"],"picked":"sneckomod:UnknownRareAttack+1","floor":40},{"not_picked":["sneckomod:UnknownClassTHE_CHAMP_GRAY","sneckomod:UnknownUncommonSkill"],"picked":"sneckomod:Unknown1Cost","floor":40},{"not_picked":["sneckomod:UnknownEthereal+1","sneckomod:UnknownCommonSkill+1"],"picked":"sneckomod:Unknown1Cost+1","floor":43},{"not_picked":["sneckomod:RainOfDice","sneckomod:UnknownClassPURPLE"],"picked":"sneckomod:ImprovisedAttack+1","floor":43},{"not_picked":["sneckomod:Unknown0Cost+1","sneckomod:UnknownClassRED+1"],"picked":"sneckomod:UnknownRarePower+1","floor":45},{"not_picked":["sneckomod:UnknownStrike","sneckomod:RainOfDice+1"],"picked":"sneckomod:UnknownUncommonPower+1","floor":45},{"not_picked":["sneckomod:UnknownVulnerable+1","sneckomod:UnknownX+1"],"picked":"sneckomod:UnknownClassSLIMEBOUND+1","floor":46},{"not_picked":["sneckomod:DiceCrush+1","sneckomod:UnknownX"],"picked":"sneckomod:WideSting+1","floor":46},{"not_picked":["sneckomod:UnknownStrength+1","sneckomod:UnknownRarePower+1"],"picked":"sneckomod:UnknownVulnerable+1","floor":47},{"not_picked":["sneckomod:UnknownWeak","sneckomod:DiceCrush+1"],"picked":"sneckomod:SerpentIdol","floor":47},{"not_picked":["sneckomod:SoulDraw","sneckomod:Unknown3Cost"],"picked":"sneckomod:UnknownCommonAttack","floor":47},{"not_picked":["sneckomod:Unknown3Cost+1","sneckomod:UnknownRarePower+1"],"picked":"sneckomod:UnknownRareAttack+1","floor":48},{"not_picked":["sneckomod:UnknownClassRED","sneckomod:UnknownVulnerable+1"],"picked":"sneckomod:UnknownWeak+1","floor":48}],"player_experience":925320,"relics_obtained":[{"floor":24,"key":"Ornamental Fan"},{"floor":41,"key":"Pear"}],"event_choices":[{"damage_healed":0,"gold_gain":0,"player_choice":"Trade","damage_taken":0,"relics_obtained":["NlothsMask"],"max_hp_gain":0,"max_hp_loss":0,"event_name":"FaceTrader","floor":5,"gold_loss":0},{"damage_healed":0,"gold_gain":0,"player_choice":"Ignored","damage_taken":0,"max_hp_gain":0,"max_hp_loss":0,"event_name":"Ghosts","floor":31,"gold_loss":0},{"cards_removed":["sneckomod:Strike"],"damage_healed":0,"gold_gain":0,"player_choice":"Removed Attack","damage_taken":0,"max_hp_gain":0,"max_hp_loss":0,"event_name":"Falling","floor":39,"gold_loss":0},{"damage_healed":0,"gold_gain":0,"player_choice":"Ignored","damage_taken":0,"max_hp_gain":0,"max_hp_loss":0,"event_name":"NoteForYourself","floor":44,"gold_loss":0}],"is_beta":false,"boss_relics":[{"not_picked":["Velvet Choker","downfall:Hecktoplasm"],"picked":"SlaversCollar"},{"not_picked":["Astrolabe","Coffee Dripper"],"picked":"Tiny House"}],"items_purged_floors":[],"is_endless":false,"potions_floor_spawned":[2,15,16,21,27,29,32,33,40,45,47],"killed_by":"Sphere and 2 Shapes","ascension_level":0}}