{"host":"25beq07qjecnigqh","time":1610373134,"event":{"mods":["BaseMod","Minty Spire (QoL Compilation)"],"gold_per_floor":[111,111,211,221,232,232,249,268,268,295,309,338,354,11,11,110,110,127,52,52,72,86,86,86,86,133,133,146,156,188,188,188],"floor_reached":31,"playtime":2338,"items_purged":["Strike_R"],"score":319,"play_id":"97a9348b-b8e8-4250-8173-ef13ffc5a335","local_time":"20210111215214","is_ascension_mode":false,"campfire_choices":[{"data":"Perfected Strike","floor":6,"key":"SMITH"},{"data":"Transmutation","floor":15,"key":"SMITH"},{"floor":23,"key":"REST"},{"floor":25,"key":"REST"},{"floor":27,"key":"REST"}],"circlet_count":0,"master_deck":["Strike_R","Strike_R","Strike_R","Strike_R","Defend_R","Defend_R","Defend_R","Defend_R","Bash","Metallicize","Flex","Perfected Strike+1","Disarm","True Grit","Juggernaut","Transmutation+1","Berserk","Uppercut+1","Seeing Red+1","True Grit+1","Twin Strike+1","Intimidate"],"relics":["Black Blood","Pen Nib","PreservedInsect","Pear","Lee\u0027s Waffle","Molten Egg 2","Dream Catcher","White Beast Statue"],"acts_visited":["Exordium","TheCity"],"potions_floor_usage":[10,10,16,16,22,22,30],"damage_taken":[{"damage":1,"enemies":"2 Louse","floor":1,"turns":3},{"damage":1,"enemies":"Cultist","floor":4,"turns":3},{"damage":6,"enemies":"Jaw Worm","floor":5,"turns":3},{"damage":17,"enemies":"Exordium Wildlife","floor":7,"turns":4},{"damage":19,"enemies":"Large Slime","floor":8,"turns":8},{"damage":25,"enemies":"Gremlin Nob","floor":10,"turns":4},{"damage":11,"enemies":"Blue Slaver","floor":11,"turns":4},{"damage":13,"enemies":"3 Sentries","floor":12,"turns":11},{"damage":15,"enemies":"Exordium Thugs","floor":13,"turns":5},{"damage":68,"enemies":"Slime Boss","floor":16,"turns":13},{"damage":41,"enemies":"Spheric Guardian","floor":18,"turns":6},{"damage":24,"enemies":"Chosen","floor":21,"turns":6},{"damage":39,"enemies":"Centurion and Healer","floor":22,"turns":5},{"damage":15,"enemies":"Snake Plant","floor":28,"turns":4},{"damage":59,"enemies":"Sentry and Sphere","floor":29,"turns":6},{"damage":32,"enemies":"Book of Stabbing","floor":30,"turns":6},{"damage":44,"enemies":"Colosseum Slavers","floor":31,"turns":3}],"seed_played":"7210349980902557597","potions_obtained":[{"floor":1,"key":"AttackPotion"},{"floor":5,"key":"SneckoOil"},{"floor":11,"key":"ColorlessPotion"},{"floor":13,"key":"ColorlessPotion"},{"floor":18,"key":"Strength Potion"},{"floor":21,"key":"ColorlessPotion"},{"floor":29,"key":"Ancient Potion"}],"is_trial":false,"path_per_floor":["M","$","?","M","M","R","M","M","T","E","M","E","M","$","R","B",null,"M","$","?","M","M","R","?","R","T","R","M","M","E","?"],"character_chosen":"IRONCLAD","items_purchased":["Transmutation","Lee\u0027s Waffle"],"campfire_rested":3,"item_purchase_floors":[14,14],"current_hp_per_floor":[88,88,88,88,88,88,77,64,64,45,40,43,34,105,105,43,105,76,76,76,64,37,68,47,80,80,110,107,60,40,0,0],"gold":188,"neow_bonus":"TEN_PERCENT_HP_BONUS","is_daily":false,"chose_seed":false,"campfire_upgraded":2,"win_rate":0.0,"timestamp":1610373134,"path_taken":["M","$","?","M","M","R","M","M","T","E","?","E","M","$","R","BOSS","M","$","?","?","M","R","?","R","T","R","M","M","E","?"],"items_purchased_type":["Card","Relic"],"build_version":"2020-12-22","purchased_purges":1,"victory":false,"max_hp_per_floor":[88,88,88,88,88,88,88,88,88,88,88,98,98,105,105,105,105,105,105,105,105,105,105,110,110,110,110,110,110,110,110,110],"card_choices":[{"not_picked":["Armaments","Shrug It Off"],"picked":"Metallicize","floor":1},{"not_picked":["Headbutt","Sword Boomerang"],"picked":"Flex","floor":4},{"not_picked":["Body Slam","Thunderclap"],"picked":"Perfected Strike","floor":5},{"not_picked":["Armaments","Burning Pact","Perfected Strike"],"picked":"SKIP","floor":7},{"not_picked":["Sever Soul","Shrug It Off","Pommel Strike"],"picked":"SKIP","floor":8},{"not_picked":["Feed","Sever Soul"],"picked":"Disarm","floor":10},{"not_picked":["Ghostly Armor","Cleave"],"picked":"True Grit","floor":11},{"not_picked":["Battle Trance","True Grit"],"picked":"Juggernaut","floor":12},{"not_picked":["Thunderclap","Cleave","Warcry"],"picked":"SKIP","floor":13},{"not_picked":["Fiend Fire","Brutality"],"picked":"Berserk","floor":16},{"not_picked":["Carnage","Clothesline","Battle Trance"],"picked":"SKIP","floor":18},{"not_picked":["Warcry+1","Anger+1"],"picked":"Uppercut+1","floor":21},{"not_picked":["Blood for Blood+1","Feel No Pain+1"],"picked":"Seeing Red+1","floor":22},{"not_picked":["Warcry","Thunderclap+1"],"picked":"True Grit+1","floor":27},{"not_picked":["Perfected Strike+1","Shrug It Off+1","Iron Wave+1"],"picked":"SKIP","floor":28},{"not_picked":["Second Wind","Burning Pact+1"],"picked":"Twin Strike+1","floor":29},{"not_picked":["True Grit","Armaments+1"],"picked":"Intimidate","floor":30}],"player_experience":2783,"relics_obtained":[{"floor":9,"key":"Pen Nib"},{"floor":10,"key":"PreservedInsect"},{"floor":12,"key":"Pear"},{"floor":20,"key":"Molten Egg 2"},{"floor":26,"key":"Dream Catcher"},{"floor":30,"key":"White Beast Statue"}],"event_choices":[{"damage_healed":0,"gold_gain":100,"player_choice":"Pray","damage_taken":0,"max_hp_gain":0,"max_hp_loss":0,"event_name":"Golden Shrine","floor":3,"gold_loss":0},{"damage_healed":0,"gold_gain":0,"player_choice":"Relic","damage_taken":0,"max_hp_gain":0,"max_hp_loss":0,"event_name":"Wheel of Change","floor":20,"gold_loss":0},{"damage_healed":0,"gold_gain":0,"player_choice":"Shed Blood","damage_taken":26,"max_hp_gain":5,"max_hp_loss":0,"event_name":"Forgotten Altar","floor":24,"gold_loss":0},{"damage_healed":0,"gold_gain":0,"player_choice":"Fight","damage_taken":0,"max_hp_gain":0,"max_hp_loss":0,"event_name":"Colosseum","floor":31,"gold_loss":0}],"is_beta":false,"boss_relics":[{"not_picked":["SacredBark","Runic Dome"],"picked":"Black Blood"}],"items_purged_floors":[19],"is_endless":false,"potions_floor_spawned":[1,5,11,13,18,21,29],"killed_by":"Colosseum Slavers","ascension_level":0}}