{"host":"63howft1cojq0ioc","time":1610335084,"event":{"mods":["Act Like it!","Aspiration","BaseMod","DeckTracker","Downfall","Infinite Spire","Minty Spire (QoL Compilation)","Quick Restart","Relic Stats","Replay The Spire","StSLib","SuperFastMode","The Jungle"],"gold_per_floor":[115,131,131,47,47,47,77,77,102,31,31,31,55,79,79,208,208,229,7,7,7,7,48,61,99,99,99,137,137,55,125,125,251,251,267,287,287,287,305,346,270,306,356,380,420,444,465,489,489,489,489],"floor_reached":50,"playtime":8132,"items_purged":["Injury"],"score":888,"play_id":"2fc1a437-d7df-452e-900a-a7b86c838a35","local_time":"20210111011804","is_ascension_mode":true,"campfire_choices":[{"data":"Rage","floor":6,"key":"SMITH"},{"floor":11,"key":"REST"},{"floor":15,"key":"REST"},{"data":"Infernal Blade","floor":27,"key":"SMITH"},{"floor":29,"key":"REST"},{"data":"Anger","floor":32,"key":"SMITH"}],"circlet_count":0,"master_deck":["Strike_R+2","Strike_R","Strike_R","Strike_R+1","Strike_R","Defend_R","Defend_R","Defend_R","Defend_R","Bash+1","Rage+1","infinitespire:Oblivion","Spot Weakness+1","Anger+1","Sword Boomerang","Inflame","Inflame","Cleave","Infernal Blade+1","Rampage","Double Tap+1","Cleave","Clash+1"],"relics":["Burning Blood","aspiration:Nostalgia","infinitespire:DarkRift","Replay:Wax Seal","aspiration:FrozenJewel","Golden Idol","ReplayTheSpireMod:Lightbulb","Gremlin Food","aspiration:PoetsPen_weak","Simple Rune","Calipers","Eternal Feather","Matryoshka","Golden Egg","Divine Protection","Sundial","Fusion Hammer","Lantern","Nunchaku","King of Hearts","infinitespire:Lucky Rock","Singing Bowl"],"acts_visited":["Exordium","TheCity","TheBeyond"],"potions_floor_usage":[23,25,28,45,45,45,50,50],"damage_taken":[{"damage":6,"enemies":"Cultist","floor":1,"turns":3},{"damage":0,"enemies":"Small Slimes","floor":2,"turns":2},{"damage":28,"enemies":"Gremlin Nob","floor":7,"turns":4},{"damage":0,"enemies":"Jaw Worm","floor":13,"turns":2},{"damage":8,"enemies":"Looter","floor":14,"turns":3},{"damage":41,"enemies":"The Guardian","floor":16,"turns":9},{"damage":5,"enemies":"Spheric Guardian","floor":18,"turns":3},{"damage":0,"enemies":"Gremlin Leader","floor":23,"turns":4},{"damage":10,"enemies":"Chosen","floor":24,"turns":2},{"damage":21,"enemies":"Book of Stabbing","floor":25,"turns":3},{"damage":65,"enemies":"Gremlin Leader","floor":28,"turns":7},{"damage":0,"enemies":"Sentry and Sphere","floor":30,"turns":3},{"damage":0,"enemies":"Automaton","floor":33,"turns":6},{"damage":5,"enemies":"3 Shapes","floor":35,"turns":2},{"damage":1,"enemies":"Orb Walker","floor":36,"turns":2},{"damage":0,"enemies":"3 Darklings","floor":39,"turns":1},{"damage":20,"enemies":"R_Hoarder","floor":40,"turns":5},{"damage":0,"enemies":"Spire Growth","floor":41,"turns":3},{"damage":0,"enemies":"Reptomancer","floor":42,"turns":3},{"damage":9,"enemies":"4 Shapes","floor":44,"turns":3},{"damage":43,"enemies":"Nemesis","floor":45,"turns":5},{"damage":0,"enemies":"3 Darklings","floor":46,"turns":2},{"damage":10,"enemies":"Spire Growth","floor":47,"turns":3},{"damage":9,"enemies":"Sphere and 2 Shapes","floor":48,"turns":3},{"damage":67,"enemies":"Replay:Hell Engine","floor":50,"turns":3}],"seed_played":"2020384631487224509","potions_obtained":[{"floor":2,"key":"BloodPotion"},{"floor":7,"key":"sneckomod:MuddlingPotion"},{"floor":14,"key":"FearPotion"},{"floor":23,"key":"Elixir"},{"floor":28,"key":"FearPotion"},{"floor":33,"key":"Reflective Coating"},{"floor":45,"key":"FearPotion"},{"floor":47,"key":"sneckomod:MuddlingPotion"}],"is_trial":false,"path_per_floor":["M","M","?","$","?","R","E","?","T","$","R","$","M","M","R","B",null,"M","$","?","?","?","E","M","E","T","R","E","R","M","T","R","B",null,"M","M","?","?","M","E","M","E","T","M","E","M","M","M","R","B"],"character_chosen":"IRONCLAD","items_purchased":["Replay:Wax Seal","Anger","Gremlin Food","Inflame","Simple Rune"],"campfire_rested":3,"item_purchase_floors":[4,10,10,19,19],"current_hp_per_floor":[80,80,61,61,61,61,39,39,39,39,63,63,69,67,80,45,71,72,72,72,80,80,80,76,61,61,73,30,66,72,72,80,80,80,80,80,80,80,80,66,72,78,78,75,40,48,46,45,59,0,0],"gold":489,"neow_bonus":"NOSTALGIA","is_daily":false,"chose_seed":false,"campfire_upgraded":3,"win_rate":0.0,"timestamp":1610335084,"path_taken":["M","?","?","?","?","R","E","?","T","$","R","$","M","M","R","BOSS","M","$","?","?","?","E","?","E","T","R","E","R","M","?","R","BOSS","M","M","?","?","M","E","?","E","T","M","E","M","M","M","R","BOSS"],"items_purchased_type":["Relic","Card","Relic","Card","Relic"],"build_version":"2020-12-22","purchased_purges":1,"victory":false,"max_hp_per_floor":[80,80,80,80,80,80,80,80,80,80,80,80,80,80,80,80,80,80,80,80,80,80,80,80,80,80,80,80,80,80,80,80,80,80,80,80,80,80,80,80,80,80,80,80,82,84,86,88,90,90,90],"relic_stats":{"Nunchaku":[9],"Singing Bowl":10,"counters":[25,86],"Golden Idol":154,"Sundial":[6],"Eternal Feather":44,"obtain_stats":[{"Gremlin Food":10,"Golden Egg":28,"Divine Protection":31,"Lantern":40,"Calipers":23,"Singing Bowl":45,"aspiration:Nostalgia":0,"Golden Idol":8,"Eternal Feather":25,"aspiration:PoetsPen_weak":17,"King of Hearts":43,"infinitespire:Lucky Rock":43,"Burning Blood":0,"aspiration:FrozenJewel":7,"infinitespire:DarkRift":0,"Nunchaku":42,"Matryoshka":26,"Sundial":31,"Simple Rune":19,"Fusion Hammer":34,"Replay:Wax Seal":4,"ReplayTheSpireMod:Lightbulb":9},{"Gremlin Food":3,"Golden Egg":11,"Divine Protection":12,"Lantern":17,"Calipers":8,"Singing Bowl":21,"aspiration:Nostalgia":0,"Golden Idol":3,"Eternal Feather":10,"aspiration:PoetsPen_weak":6,"King of Hearts":19,"infinitespire:Lucky Rock":19,"Burning Blood":0,"aspiration:FrozenJewel":3,"infinitespire:DarkRift":0,"Nunchaku":19,"Matryoshka":10,"Sundial":12,"Simple Rune":7,"Fusion Hammer":13,"Replay:Wax Seal":2,"ReplayTheSpireMod:Lightbulb":3},{"Gremlin Food":9,"Golden Egg":42,"Divine Protection":45,"Lantern":61,"Calipers":30,"Singing Bowl":75,"aspiration:Nostalgia":0,"Golden Idol":9,"Eternal Feather":35,"aspiration:PoetsPen_weak":23,"King of Hearts":67,"infinitespire:Lucky Rock":67,"Burning Blood":0,"aspiration:FrozenJewel":9,"infinitespire:DarkRift":0,"Nunchaku":67,"Matryoshka":35,"Sundial":45,"Simple Rune":26,"Fusion Hammer":51,"Replay:Wax Seal":5,"ReplayTheSpireMod:Lightbulb":9}],"Burning Blood":114},"card_choices":[{"not_picked":["Defy Death","ReplayTheSpireMod:Strike From Hell"],"picked":"Rage","floor":1},{"not_picked":["Whirlwind","Disarm","Replay:Undeath\u0027s Touch"],"picked":"SKIP","floor":2},{"not_picked":["ReplayTheSpireMod:Black Plague","infinitespire:Fortify"],"picked":"infinitespire:Oblivion","floor":3},{"not_picked":["Flex","Reckless Charge"],"picked":"Spot Weakness","floor":7},{"not_picked":["Whirlwind","Fire Breathing","Intimidate"],"picked":"SKIP","floor":13},{"not_picked":["Iron Wave","Body Slam"],"picked":"Sword Boomerang","floor":14},{"not_picked":["Flame Barrier","Rage"],"picked":"Twin Strike","floor":18},{"not_picked":["Sword Boomerang+1","Havoc"],"picked":"Cleave","floor":23},{"not_picked":["Feed","Body Slam","Perfected Strike"],"picked":"SKIP","floor":24},{"not_picked":["ReplayTheSpireMod:Muscle Training","Burning Pact"],"picked":"Infernal Blade","floor":25},{"not_picked":["Burning Pact","ReplayTheSpireMod:Corrosion Curse"],"picked":"Rampage","floor":28},{"not_picked":["Carnage","Infernal Blade","Flex"],"picked":"SKIP","floor":30},{"not_picked":["Reaper","Demonic Infusion"],"picked":"Double Tap","floor":33},{"not_picked":["Perfected Strike","Ghostly Armor"],"picked":"Cleave","floor":35},{"not_picked":["Body Slam+1","Sword Boomerang+1","Shrug It Off+1"],"picked":"SKIP","floor":36},{"not_picked":["ReplayTheSpireMod:Strike From Hell","Body Slam"],"picked":"Clash+1","floor":39},{"not_picked":["Bludgeon","Cleave","Armaments+1"],"picked":"SKIP","floor":40},{"not_picked":["Anger","Sword Boomerang","Infernal Blade"],"picked":"SKIP","floor":41},{"not_picked":["Cleave","Heavy Blade","Twin Strike+1"],"picked":"SKIP","floor":42},{"not_picked":["Burning Pact+1","Clash","Barricade"],"picked":"SKIP","floor":44},{"not_picked":["Hemokinesis+1","Heavy Blade+1","Clash+1"],"picked":"Singing Bowl","floor":45},{"not_picked":["Bloodletting+1","Heavy Blade","Clash"],"picked":"Singing Bowl","floor":46},{"not_picked":["Clash","Heavy Blade+1","Headbutt+1"],"picked":"Singing Bowl","floor":47},{"not_picked":["Armaments+1","Heavy Blade","Clash+1"],"picked":"Singing Bowl","floor":48},{"not_picked":["Enlightenment","Bandage Up","Transmutation"],"picked":"Singing Bowl","floor":49}],"player_experience":111071,"relics_obtained":[{"floor":7,"key":"aspiration:FrozenJewel"},{"floor":9,"key":"ReplayTheSpireMod:Lightbulb"},{"floor":23,"key":"Calipers"},{"floor":25,"key":"Eternal Feather"},{"floor":26,"key":"Matryoshka"},{"floor":28,"key":"Golden Egg"},{"floor":31,"key":"Divine Protection"},{"floor":31,"key":"Sundial"},{"floor":40,"key":"Lantern"},{"floor":42,"key":"Nunchaku"},{"floor":43,"key":"King of Hearts"},{"floor":43,"key":"infinitespire:Lucky Rock"},{"floor":45,"key":"Singing Bowl"}],"event_choices":[{"damage_healed":0,"gold_gain":0,"player_choice":"Take Wound","damage_taken":0,"relics_obtained":["Golden Idol"],"max_hp_gain":0,"max_hp_loss":0,"event_name":"Golden Idol","floor":8,"gold_loss":0,"cards_obtained":["Injury"]},{"damage_healed":0,"gold_gain":0,"player_choice":"Ignored","damage_taken":0,"max_hp_gain":0,"max_hp_loss":0,"event_name":"Ghosts","floor":20,"gold_loss":0},{"damage_healed":0,"gold_gain":0,"player_choice":"Copied","damage_taken":0,"max_hp_gain":0,"max_hp_loss":0,"event_name":"Duplicator","floor":22,"gold_loss":0,"cards_obtained":["Inflame"]},{"cards_removed":["Twin Strike"],"damage_healed":0,"gold_gain":0,"player_choice":"Removed Attack","damage_taken":0,"max_hp_gain":0,"max_hp_loss":0,"event_name":"Falling","floor":37,"gold_loss":0},{"damage_healed":0,"gold_gain":0,"player_choice":"Full Heal","damage_taken":0,"max_hp_gain":0,"max_hp_loss":0,"event_name":"Wheel of Change","floor":38,"gold_loss":0},{"damage_healed":0,"gold_gain":0,"player_choice":"Memory 1","damage_taken":0,"max_hp_gain":0,"max_hp_loss":0,"event_name":"SensoryStone","floor":49,"gold_loss":0}],"is_beta":false,"boss_relics":[{"not_picked":["Black Star","Kintsugi"],"picked":"aspiration:PoetsPen_weak"},{"not_picked":["Coffee Dripper","infinitespire:Cupcake"],"picked":"Fusion Hammer"}],"items_purged_floors":[10],"is_endless":false,"potions_floor_spawned":[2,7,14,16,23,28,33,36,40,42,45,47],"killed_by":"Replay:Hell Engine","ascension_level":5}}