{"host":"yecadp3kwkksam5a","time":1610372301,"event":{"mods":["BaseMod","Minty Spire (QoL Compilation)","StSLib","The Cursed"],"gold_per_floor":[113,125,140,65,79,79,79],"floor_reached":6,"playtime":319,"items_purged":["TheCursedMod:Strike_TheCursed"],"score":42,"play_id":"4ccce923-58c3-490c-93f8-630fd3fae850","local_time":"20210111223821","is_ascension_mode":true,"campfire_choices":[],"circlet_count":0,"master_deck":["TheCursedMod:Strike_TheCursed","TheCursedMod:Strike_TheCursed","TheCursedMod:Strike_TheCursed","TheCursedMod:Defend_TheCursed","TheCursedMod:Defend_TheCursed","TheCursedMod:Defend_TheCursed","TheCursedMod:Defend_TheCursed","TheCursedMod:CursedWand","TheCursedMod:CleanUpWorkshop","TheCursedMod:Dregs","TheCursedMod:LuckyCharm","TheCursedMod:CursedAmulet","TheCursedMod:SmokeScreen","TheCursedMod:FleshFromBone"],"relics":["TheCursedMod:BlackMagic101"],"acts_visited":["Exordium"],"potions_floor_usage":[],"damage_taken":[{"damage":1,"enemies":"Cultist","floor":1,"turns":3},{"damage":0,"enemies":"Small Slimes","floor":2,"turns":4},{"damage":0,"enemies":"2 Louse","floor":3,"turns":3},{"damage":1,"enemies":"Exordium Wildlife","floor":5,"turns":10},{"damage":2,"enemies":"Gremlin Nob","floor":6,"turns":3}],"seed_played":"8166105843643794600","potions_obtained":[{"floor":1,"key":"Strength Potion"},{"floor":3,"key":"Strength Potion"}],"is_trial":false,"path_per_floor":["M","M","M","$","M","E"],"character_chosen":"THE_CURSED","items_purchased":[],"campfire_rested":0,"item_purchase_floors":[],"current_hp_per_floor":[81,81,81,81,80,78,78],"gold":79,"neow_bonus":"TEN_PERCENT_HP_BONUS","is_daily":false,"chose_seed":false,"campfire_upgraded":0,"win_rate":0.0,"timestamp":1610372301,"path_taken":["M","M","M","$","?","E"],"items_purchased_type":[],"build_version":"2020-12-22","purchased_purges":1,"victory":false,"max_hp_per_floor":[82,82,82,82,82,82,82],"card_choices":[{"not_picked":["TheCursedMod:ReleasedStrength","TheCursedMod:Mangle"],"picked":"TheCursedMod:LuckyCharm","floor":1},{"not_picked":["TheCursedMod:Obscuration","TheCursedMod:RavingStaff"],"picked":"TheCursedMod:CursedAmulet","floor":2},{"not_picked":["TheCursedMod:ReleasedKnowledge","TheCursedMod:CursedMace"],"picked":"TheCursedMod:SmokeScreen","floor":3},{"not_picked":["TheCursedMod:CircleOfWindfury","TheCursedMod:CircleOfFlame"],"picked":"TheCursedMod:FleshFromBone","floor":5}],"player_experience":494721,"relics_obtained":[],"event_choices":[],"is_beta":false,"boss_relics":[],"items_purged_floors":[4],"is_endless":false,"potions_floor_spawned":[1,3],"killed_by":"Gremlin Nob","ascension_level":2}}