{"host":"ecaj4hn004xnnrw9","time":1610401587,"event":{"mods":["AchievementEnabler","BaseMod","Hermit","Minty Spire (QoL Compilation)","Quick Restart","Replay The Spire","Shop Mod","StSLib","The Jungle"],"gold_per_floor":[11,28,40,59,59,59,85,85,85,97,97,107,135,135,135,237,237,257,257,267,280,43,43,43,70,70,86,105,30,30,30,30,30,30],"floor_reached":33,"playtime":1444,"items_purged":["Strike_R"],"score":398,"play_id":"d6a5b9b4-d799-47f1-a685-9e0efd0cc251","local_time":"20210111214627","is_ascension_mode":true,"campfire_choices":[{"data":"1","floor":6,"key":"LIFT"},{"data":"2","floor":8,"key":"LIFT"},{"data":"3","floor":11,"key":"LIFT"},{"data":"Voices","floor":15,"key":"PURGE"},{"floor":23,"key":"REST"},{"data":"Heavy Blade","floor":32,"key":"SMITH"}],"circlet_count":0,"master_deck":["AscendersBane","Strike_R","Defend_R","Defend_R","Defend_R","Defend_R","Bash","Clothesline","Anger","Feel No Pain","Wild Strike","Heavy Blade+1","Immolate","True Grit","Reaper","ReplayTheSpireMod:Strike From Hell","Burning Pact","Pummel","Exhume","Abandon"],"relics":["Burning Blood","Girya","Bag of Marbles","Mirror","Replay:Multitool","Runic Pyramid","Red Mask","The Courier"],"acts_visited":["Exordium","TheCity"],"potions_floor_usage":[13,13,18,25,33,33],"damage_taken":[{"damage":4,"enemies":"2 Louse","floor":1,"turns":3},{"damage":5,"enemies":"Small Slimes","floor":2,"turns":4},{"damage":0,"enemies":"Cultist","floor":3,"turns":3},{"damage":6,"enemies":"2 Fungi Beasts","floor":4,"turns":3},{"damage":25,"enemies":"3 Sentries","floor":7,"turns":9},{"damage":8,"enemies":"Blue Slaver","floor":10,"turns":2},{"damage":10,"enemies":"Large Slime","floor":12,"turns":4},{"damage":10,"enemies":"Lagavulin","floor":13,"turns":4},{"damage":33,"enemies":"The Guardian","floor":16,"turns":11},{"damage":10,"enemies":"Shell Parasite","floor":18,"turns":5},{"damage":29,"enemies":"Spheric Guardian","floor":20,"turns":6},{"damage":35,"enemies":"Snake Plant","floor":21,"turns":5},{"damage":0,"enemies":"Masked Bandits","floor":25,"turns":1},{"damage":3,"enemies":"Centurion and Healer","floor":27,"turns":6},{"damage":0,"enemies":"3 Cultists","floor":28,"turns":2},{"damage":92,"enemies":"Automaton","floor":33,"turns":8}],"seed_played":"1536934956049713243","potions_obtained":[{"floor":7,"key":"Weak Potion"},{"floor":10,"key":"PowerPotion"},{"floor":16,"key":"LiquidMemories"},{"floor":18,"key":"CultistPotion"},{"floor":21,"key":"Adrenaline Potion"},{"floor":28,"key":"SteroidPotion"}],"is_trial":false,"path_per_floor":["M","M","M","M","?","R","E","R","T","M","R","M","E","?","R","B",null,"M","?","M","M","$","R","?","?","T","M","M","?","?","?","R","B"],"character_chosen":"IRONCLAD","items_purchased":["Burning Pact","Pummel"],"campfire_rested":1,"item_purchase_floors":[22,22],"current_hp_per_floor":[74,75,80,80,73,73,54,54,54,52,52,48,44,44,44,17,64,60,60,44,15,15,39,24,40,40,50,56,56,56,56,56,0,0],"gold":30,"neow_bonus":"ONE_RARE_RELIC","is_daily":false,"chose_seed":false,"campfire_upgraded":1,"win_rate":0.0,"timestamp":1610401587,"path_taken":["M","M","M","M","?","R","E","R","T","M","R","M","E","?","R","BOSS","M","?","?","M","$","R","?","?","T","M","M","?","?","?","R","BOSS"],"items_purchased_type":["Card","Card"],"build_version":"2020-12-22","purchased_purges":1,"victory":false,"max_hp_per_floor":[80,80,80,80,80,80,80,80,80,80,80,80,80,80,80,80,80,80,80,80,80,80,80,85,85,85,85,85,85,85,85,85,85,85],"card_choices":[{"not_picked":["Shrug It Off","Inflame"],"picked":"Clothesline","floor":1},{"not_picked":["Burning Pact","Armaments"],"picked":"Anger","floor":2},{"not_picked":["Pommel Strike","Twin Strike"],"picked":"Feel No Pain","floor":3},{"not_picked":["Anger","Body Slam"],"picked":"Wild Strike","floor":4},{"not_picked":["Twin Strike","Inflame","Anger"],"picked":"SKIP","floor":7},{"not_picked":["ReplayTheSpireMod:Strike From Hell","Anger"],"picked":"Heavy Blade","floor":10},{"not_picked":["Metallicize","Thunderclap"],"picked":"Immolate","floor":12},{"not_picked":["Twin Strike","Heavy Blade"],"picked":"True Grit","floor":13},{"not_picked":["Immolate","Eclipse"],"picked":"Reaper","floor":16},{"not_picked":["Perfected Strike","Iron Wave+1","Headbutt"],"picked":"SKIP","floor":18},{"not_picked":["Run Through","Reckless Charge"],"picked":"ReplayTheSpireMod:Strike From Hell","floor":20},{"not_picked":["ReplayReversal","Sword Boomerang","Intimidate+1"],"picked":"SKIP","floor":21},{"not_picked":["Uppercut+1","Dropkick","Second Wind"],"picked":"SKIP","floor":27},{"not_picked":["Fire Breathing+1","Body Slam"],"picked":"Exhume","floor":28}],"player_experience":286382,"relics_obtained":[{"floor":7,"key":"Bag of Marbles"},{"floor":9,"key":"Mirror"},{"floor":13,"key":"Replay:Multitool"},{"floor":25,"key":"Red Mask"},{"floor":26,"key":"The Courier"}],"event_choices":[{"cards_removed":["Strike_R"],"damage_healed":0,"gold_gain":0,"player_choice":"Card Removal","damage_taken":7,"max_hp_gain":0,"max_hp_loss":0,"event_name":"Golden Wing","floor":5,"gold_loss":0},{"cards_removed":["Strike_R"],"damage_healed":0,"gold_gain":0,"player_choice":"Offered Basic","damage_taken":0,"max_hp_gain":0,"max_hp_loss":0,"event_name":"Bonfire Elementals","floor":19,"gold_loss":0},{"damage_healed":0,"gold_gain":0,"player_choice":"Shed Blood","damage_taken":20,"max_hp_gain":5,"max_hp_loss":0,"event_name":"Forgotten Altar","floor":24,"gold_loss":0},{"damage_healed":0,"gold_gain":0,"player_choice":"Fought Bandits","damage_taken":0,"max_hp_gain":0,"max_hp_loss":0,"event_name":"Masked Bandits","floor":25,"gold_loss":0},{"cards_removed":["Strike_R"],"damage_healed":0,"gold_gain":0,"player_choice":"Gave Gold","damage_taken":0,"max_hp_gain":0,"max_hp_loss":0,"event_name":"Beggar","floor":29,"gold_loss":75},{"damage_healed":0,"gold_gain":0,"player_choice":"Read","damage_taken":0,"max_hp_gain":0,"max_hp_loss":0,"event_name":"The Library","floor":30,"gold_loss":0,"cards_obtained":["Abandon"]}],"is_beta":false,"boss_relics":[{"not_picked":["Replay:Wanted Poster","Runic Cube"],"picked":"Runic Pyramid"}],"items_purged_floors":[22],"is_endless":false,"potions_floor_spawned":[7,10,12,16,18,21,28],"killed_by":"Automaton","ascension_level":11}}