{"host":"87fdiiwflhrwsj8a","time":1610407946,"event":{"mods":["Aspiration","BaseMod","Better Match","Better Third Choice","BetterRewards","Colored Map","Conspire","GifTheSpireLib","Infinite Spire","Minty Spire (QoL Compilation)","Quick Restart","Relic Sorter","Replay The Spire","Robot Space Explorer","StSLib","Stuff the Spire","The Alterego","The Cursed","The Jungle"],"gold_per_floor":[118,118,118,138,138,172,172,172,172],"floor_reached":8,"playtime":93,"items_purged":[],"score":158,"play_id":"b8b22bb5-1123-4f43-bd74-a19a162dc190","local_time":"20210111183226","is_ascension_mode":true,"campfire_choices":[],"circlet_count":0,"master_deck":["AscendersBane","Strike_P","Strike_P","Strike_P","Strike_P","Defend_P","Defend_P","Defend_P","Defend_P","Eruption","Vigilance"],"relics":["PureWater","NeowsBlessing","infinitespire:Bottled Soul","Blood Vial"],"acts_visited":["Exordium"],"potions_floor_usage":[8],"damage_taken":[{"damage":0.0,"enemies":"2 Louse","floor":1.0,"turns":1.0},{"damage":0.0,"enemies":"Cultist","floor":4.0,"turns":1.0},{"damage":0.0,"enemies":"Gremlin Nob","floor":6.0,"turns":1.0},{"damage":62,"enemies":"Lagavulin","floor":8,"turns":3}],"seed_played":"287572172984623411","potions_obtained":[{"floor":6.0,"key":"Cursed Concoction"}],"is_trial":false,"path_per_floor":["M","?","$","M","$","E","?","E"],"character_chosen":"WATCHER","items_purchased":[],"campfire_rested":0,"item_purchase_floors":[],"current_hp_per_floor":[61,61,61,61,61,61,57,0,0],"gold":172,"neow_bonus":"THREE_ENEMY_KILL","is_daily":false,"chose_seed":false,"campfire_upgraded":0,"win_rate":0.0,"timestamp":1610407946,"path_taken":["M","?","$","?","$","E","?","E"],"items_purchased_type":[],"build_version":"2020-12-22","purchased_purges":0,"victory":false,"max_hp_per_floor":[68,68,68,68,68,68,68,68,68],"card_choices":[{"not_picked":["WreathOfFlame","Evaluate"],"picked":"FlurryOfBlows","floor":1.0},{"not_picked":["Indignation","SashWhip","WreathOfFlame"],"picked":"SKIP","floor":4.0},{"not_picked":["Protect","JustLucky","ClearTheMind"],"picked":"SKIP","floor":6.0}],"player_experience":2673308,"relics_obtained":[{"floor":6.0,"key":"Blood Vial"}],"event_choices":[{"cards_removed":["FlurryOfBlows"],"damage_healed":0.0,"max_hp_gain":0.0,"max_hp_loss":0.0,"gold_gain":0.0,"event_name":"WeMeetAgain","player_choice":"Gave Card","floor":2.0,"gold_loss":0.0,"damage_taken":0.0,"relics_obtained":["infinitespire:Bottled Soul"]},{"damage_healed":0.0,"max_hp_gain":0.0,"max_hp_loss":0.0,"gold_gain":0.0,"event_name":"The Woman in Blue","player_choice":"Bought 0 Potions","floor":7.0,"gold_loss":0.0,"damage_taken":0.0}],"is_beta":false,"boss_relics":[],"items_purged_floors":[],"is_endless":false,"potions_floor_spawned":[6],"killed_by":"Lagavulin","ascension_level":20}}