{"host":"5apxsqgkueisybsc","time":1610330996,"event":{"mods":["A Magickal Journey","BaseMod","Better Third Choice","DeckTracker","Hermit","Hubris","Hunter ??","Mimic Mod","Minty Spire (QoL Compilation)","Random Character Button","Rare Cards Sparkle","Replay The Spire","Robot Space Explorer","SOS???????","Shade Mod","StSLib","The Blackbeard","The Bladedancer","The Bug Knight","The Clintock","The Cursed","The Disciple","The Druid","The Exalted","The Forsaken","The Servant 0.9.4","The Valiant","The Witch"],"gold_per_floor":[109,37,37,51,1,1,1],"floor_reached":6,"playtime":421,"items_purged":[],"score":34,"play_id":"e91f3672-c424-419d-884b-51df9a2ddb3f","local_time":"20210110210956","is_ascension_mode":false,"campfire_choices":[],"circlet_count":0,"master_deck":["Strike_Br","Strike_Br","Strike_Br","Strike_Br","Defend_Br","Defend_Br","Defend_Br","Defend_Br","SecondHand","PatternShift","LockedThread","LockedWarPaint","LockedBlood"],"relics":["Chronometer"],"acts_visited":["Exordium"],"potions_floor_usage":[6,6],"damage_taken":[{"damage":0,"enemies":"Small Slimes","floor":1,"turns":5},{"damage":26,"enemies":"Jaw Worm","floor":4,"turns":9},{"damage":66,"enemies":"Gremlin Nob","floor":6,"turns":6}],"seed_played":"-9146253677852547362","potions_obtained":[{"floor":1,"key":"Energy Potion"},{"floor":4,"key":"EssenceOfSteel"}],"is_trial":false,"path_per_floor":["M","$","?","M","?","E"],"character_chosen":"CHRONO_CLASS","items_purchased":["LockedWarPaint"],"campfire_rested":0,"item_purchase_floors":[2],"current_hp_per_floor":[71,71,71,45,45,0,0],"gold":1,"neow_bonus":"TEN_PERCENT_HP_BONUS","is_daily":false,"chose_seed":false,"campfire_upgraded":0,"win_rate":0.0,"timestamp":1610330996,"path_taken":["M","$","?","M","?","E"],"items_purchased_type":["Card"],"build_version":"2020-12-22","purchased_purges":0,"victory":false,"max_hp_per_floor":[71,71,71,71,71,71,71],"card_choices":[{"not_picked":["CrunchTime","HandsUpB"],"picked":"LockedThread","floor":1},{"not_picked":["Accruing","BiteCommand"],"picked":"LockedBlood","floor":4}],"player_experience":117600,"relics_obtained":[],"event_choices":[{"damage_healed":71,"gold_gain":0,"player_choice":"Embrace Burn","damage_taken":0,"max_hp_gain":0,"max_hp_loss":71,"event_name":"betterThird:BetterShining","floor":3,"gold_loss":0},{"cards_removed":["Burn"],"damage_healed":0,"gold_gain":0,"player_choice":"Card Removal","damage_taken":0,"max_hp_gain":0,"max_hp_loss":0,"event_name":"The Cleric","floor":5,"gold_loss":50}],"is_beta":false,"boss_relics":[],"items_purged_floors":[],"is_endless":false,"potions_floor_spawned":[1,4],"killed_by":"Gremlin Nob","ascension_level":0}}