{"host":"d7v3kvhe79blqf0r","time":1610363213,"event":{"mods":["ATMod(°¢èªMod)","Act Like it!","BaseMod","Dota2Spire","Gensokyo","Koishi","Lobotomy","LobotomyExtend","Marisa£¨ìFÓê¡¡Ä§ÀíÉ³£©","Minty Spire (QoL Compilation)","Quick Restart","Replay The Spire","RumiaBox-Â¶Ã×æ«µÄÉñÃØºÐ×Ó","StSLib","The Alterego","UnlockEverythingMod","WarShipGirlsR/Õ½½¢ÉÙÅ®R mod","Yakumo Yukari mod","Youmu£¨»êÆÇÑýÃÎ£©","Yuyuko","¡¾ÒÅÎï¿¨ÅÆ¡¿REMEMod"],"gold_per_floor":[113,147,147,35,54,82,92,122,122,140,160,160,160,189,189,287,287,299,299,69,69,18,18,268,280,280,291,280,280,280,298,298,298,298],"floor_reached":33,"playtime":1960,"items_purged":[],"score":341,"play_id":"216a5529-a22a-4da4-8426-60427872a895","local_time":"20210111190653","is_ascension_mode":true,"campfire_choices":[{"data":"rmod:diamondstrike","floor":12,"key":"SMITH"},{"data":"rmod:aviationdawn","floor":15,"key":"SMITH"},{"data":"rmod:mineteam","floor":23,"key":"SMITH"}],"circlet_count":0,"master_deck":["rmod:strick","rmod:strick","rmod:strick","rmod:defend","rmod:basicallowance","REME_Shoggoth","AT_DivineConfetti","rmod:luckystar","rmod:diamondstrike+1","rmod:overbreakdown","rmod:wife","rmod:diaomin","rmod:firesupport","rmod:overbreakdown","Pain","rmod:aviationdawn+1","rmod:aluminumsupply+1","rmod:mineteam+1","rmod:aviationdawn","rmod:robin","Gensokyo:SpontaneousHumanCombustion","rmod:highspeedshooting"],"relics":["rmod:firstchargereward","AT_ATBox","REME_ComplimentaryCards","AddBug","SecretRecord","SecretRecord","SecretRecord"],"acts_visited":["Gensokyo:Gensokyo","Gensokyo:Gensokyoer"],"potions_floor_usage":[6,16,16,16,27,31,33],"damage_taken":[{"damage":8,"enemies":"Gensokyo:Gryphon","floor":1,"turns":2},{"damage":0,"enemies":"Gensokyo:3_Fairies","floor":5,"turns":4},{"damage":12,"enemies":"Gensokyo:Cirno","floor":6,"turns":7},{"damage":0,"enemies":"Gensokyo:2_Kodama","floor":7,"turns":2},{"damage":0,"enemies":"Gensokyo:Mamizou","floor":8,"turns":3},{"damage":8,"enemies":"Gensokyo:VengefulSpirit","floor":10,"turns":5},{"damage":6,"enemies":"Gensokyo:3_Kodama","floor":11,"turns":3},{"damage":0,"enemies":"Gensokyo:Aya","floor":14,"turns":3},{"damage":32,"enemies":"Gensokyo:Kokoro","floor":16,"turns":6},{"damage":29,"enemies":"Gensokyo:CosmicMonolith","floor":18,"turns":4},{"damage":0,"enemies":"Gensokyo:3_Dogs","floor":25,"turns":1},{"damage":63,"enemies":"Gensokyo:Swordslinger","floor":27,"turns":3},{"damage":34,"enemies":"Gensokyo:Mirror_and_Dog","floor":31,"turns":3},{"damage":60,"enemies":"Gensokyo:Eternal_Rivals","floor":33,"turns":4}],"seed_played":"5047570159365136763","potions_obtained":[{"floor":5,"key":"Venom Potion"},{"floor":7,"key":"Block Potion"},{"floor":11,"key":"Milkshake"},{"floor":14,"key":"Strength Potion"},{"floor":18,"key":"Strength Potion"},{"floor":25,"key":"Dota2Spire:HealingSalve"},{"floor":31,"key":"Adrenaline Potion"},{"floor":32,"key":"FairyPotion"},{"floor":32,"key":"Energy Potion"}],"is_trial":false,"path_per_floor":["M","?","?","?","M","E","M","E","T","M","M","R","?","E","R","B",null,"M","?","$","?","$","R","?","M","T","M","?","?","?","M","R","B"],"character_chosen":"PRAEFECT","items_purchased":["rmod:mineteam","Dota2Spire:ShadowBlade","rmod:aviationdawn"],"campfire_rested":0,"item_purchase_floors":[20,20,22],"current_hp_per_floor":[67,37,19,75,75,63,63,63,63,55,49,49,49,49,49,17,75,46,66,66,66,66,66,66,66,66,6,66,66,60,26,26,0,0],"gold":298,"neow_bonus":"REMOVE_CARD","is_daily":false,"chose_seed":false,"campfire_upgraded":3,"win_rate":0.0,"timestamp":1610363213,"path_taken":["M","?","?","?","M","E","M","E","T","M","M","R","?","E","R","BOSS","M","?","$","?","?","R","?","?","T","M","?","?","?","M","R","BOSS"],"items_purchased_type":["Card","Relic","Card"],"build_version":"2020-12-22","purchased_purges":0,"victory":false,"max_hp_per_floor":[75,75,75,75,75,75,75,75,75,75,75,75,75,75,75,75,75,75,75,75,75,75,75,71,71,71,71,71,66,60,60,60,60,60],"card_choices":[{"not_picked":["rmod:unsinkable","rmod:fletcherpendant"],"picked":"rmod:luckystar","floor":1},{"not_picked":["rmod:circuitoustactics","rmod:wolves"],"picked":"rmod:diamondstrike","floor":2},{"not_picked":["rmod:circuitoustactics","rmod:fuelsupply"],"picked":"rmod:overbreakdown","floor":5},{"not_picked":["rmod:circuitoustactics","rmod:intelligenceanalysis"],"picked":"rmod:wife","floor":6},{"not_picked":["rmod:diamondstrike","rmod:heivgo"],"picked":"rmod:diaomin","floor":7},{"not_picked":["rmod:combined","rmod:wife"],"picked":"rmod:windflower","floor":8},{"not_picked":["rmod:supportescort","rmod:circuitoustactics"],"picked":"rmod:firesupport","floor":10},{"not_picked":["rmod:combined","rmod:aluminumsupply"],"picked":"rmod:overbreakdown","floor":11},{"not_picked":["rmod:victimresponsibility","rmod:timeschanged"],"picked":"rmod:aviationdawn","floor":14},{"not_picked":["rmod:supriseattacks","rmod:seals"],"picked":"rmod:stealaluminum","floor":16},{"not_picked":["rmod:fuelsupply","rmod:fletcherpendant+1"],"picked":"rmod:aluminumsupply+1","floor":18},{"not_picked":["rmod:intelligenceanalysis+1","rmod:luckystar"],"picked":"rmod:robin","floor":25},{"not_picked":["rmod:luckystar","rmod:combined+1"],"picked":"rmod:victimresponsibility","floor":27},{"not_picked":["Gensokyo:LittleGreenMen","Gensokyo:Doppelganger"],"picked":"Gensokyo:SpontaneousHumanCombustion","floor":30},{"not_picked":["rmod:diamondstrike","rmod:unsinkable"],"picked":"rmod:highspeedshooting","floor":31}],"player_experience":82097,"relics_obtained":[{"floor":1,"key":"AddBug"},{"floor":2,"key":"Dota2Spire:Butterfly"},{"floor":6,"key":"Pen Nib"},{"floor":8,"key":"Garlic"},{"floor":9,"key":"Oddly Smooth Stone"},{"floor":10,"key":"SecretRecord"},{"floor":14,"key":"Thread and Needle"},{"floor":25,"key":"SecretRecord"},{"floor":26,"key":"Replay:Multitool"}],"event_choices":[],"is_beta":false,"boss_relics":[{"not_picked":["ReplayTheSpireMod:DimensionalGlitch","REME_DemonsWealth"],"picked":"Replay:Drink Me"}],"items_purged_floors":[],"is_endless":false,"potions_floor_spawned":[5,7,11,14,18,25,31],"killed_by":"Gensokyo:Eternal_Rivals","ascension_level":2}}