{"host":"msa0wxqjs3jv1k3j","time":1610374380,"event":{"mods":["AchievementEnabler","BaseMod","BetterRewards","Colored Map","Highlight Path","KOR Keyword Fix","Keyboard Shortcuts","Minty Spire (QoL Compilation)","Quick Restart","SuperFastMode","everything is the same but u backflip on backflip"],"gold_per_floor":[118,5,21,40,51,51,80,80,80,80,94,111,123,123,123,224,224,242,12,12,32,32,65,80,80,80,10,35,47,47,67,67,166,166,178,197,197,220,244,278,290,290,340,417,417,357,373,473,473,473],"floor_reached":51,"playtime":2056,"items_purged":["Strike_G"],"score":767,"play_id":"069c97ff-8a24-40fa-b269-d0591b6cb1e8","local_time":"20210111231300","is_ascension_mode":false,"campfire_choices":[{"data":"Cloak And Dagger","floor":6,"key":"SMITH"},{"data":"Deflect","floor":8,"key":"SMITH"},{"floor":15,"key":"REST"},{"data":"Accuracy","floor":25,"key":"SMITH"},{"data":"Cloak And Dagger","floor":30,"key":"SMITH"},{"data":"Backstab","floor":32,"key":"SMITH"},{"data":"Die Die Die","floor":45,"key":"SMITH"},{"data":"Outmaneuver","floor":49,"key":"SMITH"}],"circlet_count":0,"master_deck":["Strike_G","Strike_G","Defend_G","Defend_G","Survivor","Neutralize","Outmaneuver+1","Deflect+1","Outmaneuver+1","Dagger Spray","Quick Slash","Masterful Stab","Poisoned Stab","Cloak And Dagger+1","Crippling Poison","PiercingWail","Noxious Fumes","Die Die Die+1","Die Die Die+1","Grand Finale+1","Endless Agony+1","Slice+1","Accuracy+1","Cloak And Dagger+1","Accuracy+1","Backstab+1","Deflect+1","Cloak And Dagger+1","Accuracy+1"],"relics":["Ring of the Snake","Tough Bandages","Dead Branch","Art of War","Orrery","Ornamental Fan","Ice Cream","Pocketwatch","Astrolabe","Tiny Chest","Toy Ornithopter","Frozen Egg 2","Lizard Tail","Sozu","Lantern","Nunchaku","Singing Bowl","Orichalcum","Pantograph"],"acts_visited":["Exordium","TheCity","TheBeyond"],"potions_floor_usage":[7,29,33,33],"damage_taken":[{"damage":8,"enemies":"2 Louse","floor":1,"turns":2},{"damage":0,"enemies":"Cultist","floor":3,"turns":3},{"damage":11,"enemies":"Jaw Worm","floor":4,"turns":4},{"damage":0,"enemies":"Red Slaver","floor":5,"turns":3},{"damage":8,"enemies":"3 Sentries","floor":7,"turns":6},{"damage":12,"enemies":"Gremlin Gang","floor":11,"turns":2},{"damage":7,"enemies":"Blue Slaver","floor":12,"turns":4},{"damage":13,"enemies":"Lots of Slimes","floor":13,"turns":3},{"damage":8,"enemies":"Hexaghost","floor":16,"turns":6},{"damage":3,"enemies":"Shell Parasite","floor":18,"turns":4},{"damage":0,"enemies":"Spheric Guardian","floor":21,"turns":3},{"damage":16,"enemies":"Gremlin Leader","floor":23,"turns":5},{"damage":0,"enemies":"Chosen and Byrds","floor":24,"turns":3},{"damage":0,"enemies":"Book of Stabbing","floor":28,"turns":5},{"damage":0,"enemies":"Snake Plant","floor":29,"turns":4},{"damage":0,"enemies":"Cultist and Chosen","floor":31,"turns":5},{"damage":17,"enemies":"Automaton","floor":33,"turns":9},{"damage":11,"enemies":"Orb Walker","floor":35,"turns":2},{"damage":22,"enemies":"3 Shapes","floor":36,"turns":4},{"damage":8,"enemies":"Reptomancer","floor":40,"turns":4},{"damage":10,"enemies":"Maw","floor":41,"turns":5},{"damage":6,"enemies":"Sphere and 2 Shapes","floor":47,"turns":3},{"damage":44,"enemies":"Awakened One","floor":50,"turns":9}],"seed_played":"2124825116135762608","potions_obtained":[{"floor":3,"key":"FearPotion"},{"floor":5,"key":"AttackPotion"},{"floor":7,"key":"DuplicationPotion"},{"floor":10,"key":"GhostInAJar"},{"floor":10,"key":"ColorlessPotion"},{"floor":29,"key":"Ancient Potion"}],"is_trial":false,"path_per_floor":["M","?","M","M","M","R","E","R","T","?","M","M","M","?","R","B",null,"M","$","?","M","?","E","M","R","T","$","E","M","R","M","R","B",null,"M","M","?","T","T","E","M","?","T","T","R","?","M","?","R","B",null],"character_chosen":"THE_SILENT","items_purchased":["Dead Branch","Art of War","Orrery","Tiny Chest","Accuracy+1"],"campfire_rested":1,"item_purchase_floors":[0,0,0,19,27],"current_hp_per_floor":[62,62,62,51,51,51,43,43,43,43,31,24,11,11,32,24,70,67,67,67,67,67,51,51,51,51,51,51,56,56,56,56,49,70,59,37,37,37,37,29,21,63,63,63,63,63,59,59,59,21],"gold":473,"neow_bonus":"","is_daily":false,"chose_seed":false,"campfire_upgraded":7,"win_rate":0.0,"timestamp":1610374380,"path_taken":["M","?","M","?","M","R","E","R","T","?","?","M","?","?","R","BOSS","M","?","?","M","?","E","M","R","T","$","E","M","R","M","R","BOSS","M","M","?","?","?","E","?","?","T","?","R","?","?","?","R","BOSS"],"items_purchased_type":["Relic","Relic","Relic","Relic","Card"],"build_version":"2020-12-22","purchased_purges":1,"victory":true,"max_hp_per_floor":[70,70,70,70,70,70,70,70,70,70,70,70,70,70,70,70,70,70,70,70,70,70,70,70,70,70,70,70,70,70,70,70,70,70,70,70,70,70,70,70,72,63,63,63,63,63,65,65,65,65],"card_choices":[{"not_picked":["Backflip","Catalyst"],"picked":"Outmaneuver","floor":0},{"not_picked":["Dash","Predator"],"picked":"Deflect","floor":0},{"not_picked":["Catalyst","Dagger Throw"],"picked":"Outmaneuver","floor":0},{"not_picked":["Slice","Phantasmal Killer"],"picked":"Dagger Spray","floor":0},{"not_picked":["Underhanded Strike","Eviscerate"],"picked":"Quick Slash","floor":0},{"not_picked":["Blur","Dagger Throw"],"picked":"Masterful Stab","floor":1},{"not_picked":["Deadly Poison","Quick Slash"],"picked":"Poisoned Stab","floor":3},{"not_picked":["Dagger Spray","Deadly Poison"],"picked":"Cloak And Dagger","floor":4},{"not_picked":["Backflip","Deadly Poison"],"picked":"Crippling Poison","floor":5},{"not_picked":["Crippling Poison","Deadly Poison"],"picked":"PiercingWail","floor":7},{"not_picked":["Distraction","Catalyst","Phantasmal Killer"],"picked":"SKIP","floor":11},{"not_picked":["Dagger Spray","Terror","Leg Sweep"],"picked":"SKIP","floor":12},{"not_picked":["Poisoned Stab","Finisher"],"picked":"Noxious Fumes","floor":13},{"not_picked":["Envenom","A Thousand Cuts"],"picked":"Die Die Die","floor":16},{"not_picked":["Crippling Poison+1","Heel Hook"],"picked":"Slice+1","floor":18},{"not_picked":["Acrobatics","Backflip"],"picked":"Accuracy","floor":21},{"not_picked":["Quick Slash+1","Eviscerate+1"],"picked":"Cloak And Dagger","floor":23},{"not_picked":["Heel Hook","Dodge and Roll+1","Dagger Spray"],"picked":"SKIP","floor":24},{"not_picked":["Tactician","Flying Knee","Wraith Form v2+1"],"picked":"SKIP","floor":28},{"not_picked":["Deflect","Dagger Spray","Dodge and Roll"],"picked":"SKIP","floor":29},{"not_picked":["Flying Knee","Underhanded Strike"],"picked":"Backstab","floor":31},{"not_picked":["Dagger Spray+1","Bane+1"],"picked":"Deflect+1","floor":35},{"not_picked":["Dagger Throw+1","Eviscerate+1"],"picked":"Cloak And Dagger+1","floor":36},{"not_picked":["Poisoned Stab+1","Catalyst"],"picked":"Accuracy+1","floor":40},{"not_picked":["Prepared","Dagger Spray+1","Storm of Steel"],"picked":"Singing Bowl","floor":41},{"not_picked":["Poisoned Stab+1","Prepared","Well Laid Plans+1"],"picked":"Singing Bowl","floor":47}],"player_experience":84491,"relics_obtained":[{"floor":7,"key":"Ice Cream"},{"floor":9,"key":"Pocketwatch"},{"floor":23,"key":"Toy Ornithopter"},{"floor":26,"key":"Frozen Egg 2"},{"floor":28,"key":"Lizard Tail"},{"floor":38,"key":"Lantern"},{"floor":39,"key":"Nunchaku"},{"floor":40,"key":"Singing Bowl"},{"floor":43,"key":"Orichalcum"},{"floor":44,"key":"Pantograph"}],"event_choices":[{"damage_healed":0,"gold_gain":0,"player_choice":"Paid Gold","damage_taken":0,"relics_obtained":["Ornamental Fan"],"max_hp_gain":0,"max_hp_loss":0,"event_name":"WeMeetAgain","floor":2,"gold_loss":113},{"damage_healed":0,"gold_gain":0,"player_choice":"Got Potions","damage_taken":0,"max_hp_gain":0,"max_hp_loss":0,"event_name":"Lab","floor":10,"gold_loss":0},{"damage_healed":0,"gold_gain":0,"player_choice":"Upgraded","damage_taken":0,"max_hp_gain":0,"max_hp_loss":0,"event_name":"Upgrade Shrine","floor":14,"gold_loss":0,"cards_upgraded":["Outmaneuver"]},{"damage_healed":0,"gold_gain":0,"player_choice":"Ignored","damage_taken":0,"max_hp_gain":0,"max_hp_loss":0,"event_name":"Cursed Tome","floor":20,"gold_loss":0},{"cards_removed":["Strike_G"],"damage_healed":0,"gold_gain":0,"player_choice":"Elegance","damage_taken":0,"max_hp_gain":0,"max_hp_loss":0,"event_name":"Back to Basics","floor":22,"gold_loss":0},{"damage_healed":0,"gold_gain":0,"player_choice":"Ignored","damage_taken":0,"max_hp_gain":0,"max_hp_loss":0,"event_name":"SecretPortal","floor":37,"gold_loss":0},{"damage_healed":63,"gold_gain":0,"player_choice":"Heal","damage_taken":0,"max_hp_gain":0,"max_hp_loss":9,"event_name":"The Moai Head","floor":42,"gold_loss":0},{"cards_removed":["Defend_G"],"damage_healed":0,"gold_gain":0,"player_choice":"Single Remove","damage_taken":0,"max_hp_gain":0,"max_hp_loss":0,"event_name":"Designer","floor":46,"gold_loss":60},{"damage_healed":0,"gold_gain":100,"player_choice":"Pray","damage_taken":0,"max_hp_gain":0,"max_hp_loss":0,"event_name":"Golden Shrine","floor":48,"gold_loss":0}],"is_beta":false,"boss_relics":[{"not_picked":["Black Star","Calling Bell"],"picked":"Astrolabe"},{"not_picked":["Cursed Key","Philosopher\u0027s Stone"],"picked":"Sozu"}],"items_purged_floors":[19],"is_endless":false,"potions_floor_spawned":[3,5,7,12,21,23,29,40],"ascension_level":0}}