{"host":"2lo6hma6kymb0g9i","time":1610385109,"event":{"mods":["BaseMod","Colored Map","DeckTracker","Minty Spire (QoL Compilation)"],"gold_per_floor":[116,131,131,150,150,150,178,178,178,196,196,196,226,151,151,223,223,243,143,123,123,138,138,138,138,138,151,170,170,119,139,139,139,139],"floor_reached":33,"playtime":2021,"items_purged":["Strike_B","Scrape"],"score":515,"play_id":"2dcaa022-aea5-4566-8324-05ebdf821a20","local_time":"20210112021149","is_ascension_mode":true,"campfire_choices":[{"data":"Barrage","floor":6,"key":"SMITH"},{"data":"Defragment","floor":8,"key":"SMITH"},{"data":"Dualcast","floor":11,"key":"SMITH"},{"data":"Zap","floor":15,"key":"SMITH"},{"data":"Barrage","floor":23,"key":"SMITH"},{"floor":32,"key":"REST"}],"circlet_count":0,"master_deck":["AscendersBane","Zap+1","Dualcast+1","Conserve Battery","Glacier","Barrage+1","Defragment+1","Skim","Barrage+1","Darkness","Undo","Gash","Glacier","Buffer"],"relics":["Cracked Core","Nunchaku","Omamori","Singing Bowl","Cables","Pandora\u0027s Box","Du-Vu Doll"],"acts_visited":["Exordium","TheCity"],"potions_floor_usage":[10,16,20,27,33],"damage_taken":[{"damage":1,"enemies":"Cultist","floor":1,"turns":3},{"damage":0,"enemies":"2 Louse","floor":2,"turns":2},{"damage":0,"enemies":"Jaw Worm","floor":4,"turns":5},{"damage":13,"enemies":"3 Sentries","floor":7,"turns":10},{"damage":10,"enemies":"Large Slime","floor":10,"turns":7},{"damage":0,"enemies":"Lagavulin","floor":13,"turns":8},{"damage":10,"enemies":"Slime Boss","floor":16,"turns":11},{"damage":10,"enemies":"Chosen","floor":18,"turns":3},{"damage":19,"enemies":"2 Thieves","floor":20,"turns":4},{"damage":7,"enemies":"Chosen and Byrds","floor":22,"turns":5},{"damage":15,"enemies":"Shelled Parasite and Fungi","floor":27,"turns":6},{"damage":2,"enemies":"Snake Plant","floor":28,"turns":3},{"damage":2,"enemies":"Centurion and Healer","floor":31,"turns":5},{"damage":49,"enemies":"Collector","floor":33,"turns":6}],"seed_played":"-965928237090400679","potions_obtained":[{"floor":4,"key":"SkillPotion"},{"floor":10,"key":"Fruit Juice"},{"floor":18,"key":"FearPotion"},{"floor":20,"key":"Strength Potion"},{"floor":22,"key":"Regen Potion"}],"is_trial":false,"path_per_floor":["M","M","?","M","?","R","E","R","T","M","R","?","E","$","R","B",null,"M","$","M","$","M","R","?","?","T","M","M","?","$","M","R","B"],"character_chosen":"DEFECT","items_purchased":["FocusPotion"],"campfire_rested":1,"item_purchase_floors":[30],"current_hp_per_floor":[63,63,63,63,63,63,50,50,50,47,47,47,49,49,49,41,72,62,62,43,43,36,36,36,12,12,14,14,14,14,14,41,0,0],"gold":139,"neow_bonus":"RANDOM_COMMON_RELIC","is_daily":false,"chose_seed":false,"campfire_upgraded":5,"win_rate":0.0,"timestamp":1610385109,"path_taken":["M","M","?","M","?","R","E","R","T","M","R","?","E","$","R","BOSS","M","$","M","?","M","R","?","?","T","M","M","?","$","?","R","BOSS"],"items_purchased_type":["Potion"],"build_version":"2020-12-22","purchased_purges":2,"victory":false,"max_hp_per_floor":[71,71,71,71,71,71,71,71,71,78,78,78,80,80,80,82,82,82,82,82,82,82,82,82,87,87,89,91,91,91,93,93,93,93],"card_choices":[{"not_picked":["Hologram","Rebound"],"picked":"Conserve Battery","floor":1},{"not_picked":["Cold Snap","Conserve Battery"],"picked":"Glacier","floor":2},{"not_picked":["Gash","Go for the Eyes"],"picked":"Barrage","floor":4},{"not_picked":["Beam Cell","Rebound"],"picked":"Defragment","floor":7},{"not_picked":["Leap","Reprogram","Loop"],"picked":"Singing Bowl","floor":10},{"not_picked":["Stack","Rebound","Undo"],"picked":"Singing Bowl","floor":13},{"not_picked":["Thunder Strike","All For One","Creative AI"],"picked":"Singing Bowl","floor":16},{"not_picked":["Self Repair","Rip and Tear"],"picked":"Undo","floor":18},{"not_picked":["Auto Shields","Ball Lightning"],"picked":"Gash","floor":20},{"not_picked":["Steam","Gash"],"picked":"Glacier","floor":22},{"not_picked":["Double Energy+1","Blizzard","Tempest"],"picked":"Singing Bowl","floor":27},{"not_picked":["Stack","Recycle","Gash"],"picked":"Singing Bowl","floor":28},{"not_picked":["Heatsinks","Reprogram","Ball Lightning"],"picked":"Singing Bowl","floor":31}],"player_experience":1034185,"relics_obtained":[{"floor":7,"key":"Omamori"},{"floor":9,"key":"Singing Bowl"},{"floor":13,"key":"Cables"},{"floor":26,"key":"Du-Vu Doll"}],"event_choices":[{"cards_removed":["Strike_B"],"damage_healed":0,"gold_gain":0,"player_choice":"Forget","damage_taken":0,"max_hp_gain":0,"max_hp_loss":0,"event_name":"Living Wall","floor":3,"gold_loss":0},{"damage_healed":0,"gold_gain":0,"player_choice":"Ignored","damage_taken":0,"max_hp_gain":0,"max_hp_loss":0,"event_name":"Liars Game","floor":5,"gold_loss":0},{"cards_removed":["Strike_B"],"damage_healed":0,"gold_gain":0,"player_choice":"Offered Basic","damage_taken":0,"max_hp_gain":0,"max_hp_loss":0,"event_name":"Bonfire Elementals","floor":12,"gold_loss":0},{"damage_healed":0,"gold_gain":0,"player_choice":"Ignored","damage_taken":0,"max_hp_gain":0,"max_hp_loss":0,"event_name":"Ghosts","floor":24,"gold_loss":0},{"damage_healed":0,"gold_gain":0,"player_choice":"Shed Blood","damage_taken":29,"max_hp_gain":5,"max_hp_loss":0,"event_name":"Forgotten Altar","floor":25,"gold_loss":0},{"damage_healed":0,"gold_gain":0,"cards_transformed":["Stack"],"player_choice":"Transformed","damage_taken":0,"max_hp_gain":0,"max_hp_loss":0,"event_name":"Transmorgrifier","floor":29,"gold_loss":0,"cards_obtained":["Buffer"]}],"is_beta":false,"boss_relics":[{"not_picked":["Philosopher\u0027s Stone","Empty Cage"],"picked":"Pandora\u0027s Box"}],"items_purged_floors":[14,19],"is_endless":false,"potions_floor_spawned":[4,10,18,20,22],"killed_by":"Collector","ascension_level":15}}