{"host":"uzcks4yhskks9i02","time":1610401092,"event":{"mods":["BaseMod","Minty Spire (QoL Compilation)","Quick Restart"],"gold_per_floor":[113,131,131,144,162,162,175,34,59,134,134,161,161,192,192,192,192],"floor_reached":16,"playtime":693,"items_purged":[],"score":187,"play_id":"704e8f85-a3c2-45c0-b71d-331bc4d21e3c","local_time":"20210111143812","is_ascension_mode":true,"campfire_choices":[{"floor":6.0,"key":"REST"},{"floor":11.0,"key":"REST"},{"floor":13.0,"key":"REST"},{"floor":15.0,"key":"REST"}],"circlet_count":0,"master_deck":["AscendersBane","Strike_R","Strike_R","Strike_R","Strike_R","Defend_R","Defend_R","Defend_R","Defend_R","Bash","Juggernaut","Clothesline","Body Slam","Sever Soul","Bloodletting","Warcry","Shrug It Off","Offering","Corruption","Iron Wave"],"relics":["Burning Blood","Potion Belt","Regal Pillow","Boot"],"acts_visited":["Exordium"],"potions_floor_usage":[16],"damage_taken":[{"damage":7.0,"enemies":"Jaw Worm","floor":1.0,"turns":4.0},{"damage":9.0,"enemies":"2 Louse","floor":2.0,"turns":3.0},{"damage":0.0,"enemies":"Cultist","floor":4.0,"turns":4.0},{"damage":50.0,"enemies":"Lots of Slimes","floor":5.0,"turns":8.0},{"damage":5.0,"enemies":"Blue Slaver","floor":7.0,"turns":5.0},{"damage":34.0,"enemies":"Gremlin Nob","floor":12.0,"turns":5.0},{"damage":33.0,"enemies":"Lagavulin","floor":14.0,"turns":8.0},{"damage":78,"enemies":"Hexaghost","floor":16,"turns":10}],"seed_played":"-8837228648738732506","potions_obtained":[{"floor":4.0,"key":"EssenceOfSteel"},{"floor":5.0,"key":"Regen Potion"},{"floor":14.0,"key":"Ancient Potion"}],"is_trial":false,"path_per_floor":["M","M","?","M","M","R","M","$","T","?","R","E","R","E","R","B"],"character_chosen":"IRONCLAD","items_purchased":["Offering"],"campfire_rested":4,"item_purchase_floors":[8],"current_hp_per_floor":[49,46,46,52,8,30,45,45,45,34,56,28,65,38,75,0,0],"gold":192,"neow_bonus":"THREE_RARE_CARDS","is_daily":false,"chose_seed":false,"campfire_upgraded":0,"win_rate":0.0,"timestamp":1610401092,"path_taken":["M","M","?","M","M","R","M","$","T","?","R","E","R","E","R","BOSS"],"items_purchased_type":["Card"],"build_version":"2020-12-22","purchased_purges":0,"victory":false,"max_hp_per_floor":[75,75,75,75,75,75,75,75,75,75,75,75,75,75,75,75,75],"card_choices":[{"not_picked":["Demon Form","Brutality"],"picked":"Juggernaut","floor":0.0},{"not_picked":["Reckless Charge","Twin Strike"],"picked":"Clothesline","floor":1.0},{"not_picked":["Anger","Heavy Blade"],"picked":"Body Slam","floor":2.0},{"not_picked":["Sword Boomerang","Havoc"],"picked":"Bloodletting","floor":4.0},{"not_picked":["Body Slam","Rampage"],"picked":"Warcry","floor":5.0},{"not_picked":["Clothesline","Anger"],"picked":"Shrug It Off","floor":7.0},{"not_picked":["Sentinel","Metallicize"],"picked":"Corruption","floor":12.0},{"not_picked":["Headbutt","Uppercut"],"picked":"Iron Wave","floor":14.0}],"player_experience":498564,"relics_obtained":[{"floor":9.0,"key":"Potion Belt"},{"floor":12.0,"key":"Regal Pillow"},{"floor":14.0,"key":"Boot"}],"event_choices":[{"damage_healed":0.0,"max_hp_gain":0.0,"max_hp_loss":0.0,"gold_gain":0.0,"cards_transformed":["Strike_R"],"event_name":"Living Wall","player_choice":"Change","floor":3.0,"gold_loss":0.0,"damage_taken":0.0,"cards_obtained":["Sever Soul"]},{"damage_healed":0.0,"max_hp_gain":0.0,"max_hp_loss":0.0,"gold_gain":75.0,"event_name":"World of Goop","player_choice":"Gather Gold","floor":10.0,"gold_loss":0.0,"damage_taken":11.0}],"is_beta":false,"boss_relics":[],"items_purged_floors":[],"is_endless":false,"potions_floor_spawned":[4,5,14],"killed_by":"Hexaghost","ascension_level":14}}