{"host":"szp1d6dso4pv7ddl","time":1610330787,"event":{"mods":["AchievementEnabler","Alarm Clock","BaseMod","Bestiary","Block Reminder","Colored Map","Colored Powertips","Curses Come First","Dark Map","Displayed Cursed Tome","Googly Eyes","Highlight Path","Minty Spire (QoL Compilation)","Permanent Neow","Quick Restart","Relic Sorter","Relic Stats","StSLib","Synergy Search"],"gold_per_floor":[15,15,29,29,104,104,131,148,218,218,230,241,261,281,281,358,358,376,390,390,402,105,130,142,142,142,170,181,71,71,89,89,162,162,173,183,183,196,206,206,31,31,31,57,75,45,62,74,74,74,74,74,5,38,38,38],"floor_reached":55,"playtime":7123,"items_purged":["Defend_G+1","Strike_G+1"],"score":1481,"play_id":"f9850040-429b-4a81-abc5-d9e9c45511a6","local_time":"20210110180627","is_ascension_mode":true,"campfire_choices":[{"floor":6,"key":"REST"},{"floor":10,"key":"REST"},{"floor":15,"key":"REST"},{"data":"Tactician","floor":25,"key":"SMITH"},{"data":"Cloak And Dagger","floor":30,"key":"SMITH"},{"data":"Noxious Fumes","floor":32,"key":"SMITH"},{"floor":40,"key":"REST"},{"floor":42,"key":"RECALL"},{"floor":49,"key":"REST"},{"floor":52,"key":"REST"}],"circlet_count":0,"master_deck":["AscendersBane","Strike_G+1","Strike_G+1","Strike_G+1","Defend_G+1","Defend_G+1","Defend_G+1","Survivor+1","Neutralize","Footwork+1","Prepared","Cloak And Dagger+1","Acrobatics","Dodge and Roll","Blade Dance","Underhanded Strike","Prepared","Tools of the Trade","PiercingWail","Flying Knee","Dagger Throw","Underhanded Strike+1","Tactician+1","Masterful Stab","After Image","Cloak And Dagger","Noxious Fumes+1","Cloak And Dagger","Calculated Gamble","Adrenaline","Footwork","Slice+1","Prepared","Acrobatics+1","Prepared+1","Reflex+1","Accuracy","Blade Dance","Malaise"],"relics":["Ring of the Snake","Shuriken","Dead Branch","Anchor","Tough Bandages","Darkstone Periapt","HoveringKite","Membership Card","Bag of Marbles","Potion Belt","Molten Egg 2","Lantern","WristBlade","Orrery","War Paint"],"acts_visited":["TheCity","TheBeyond","TheEnding"],"potions_floor_usage":[7,12,12,27,28,38,39,50,54,55,55,55],"damage_taken":[{"damage":4,"enemies":"Cultist","floor":1,"turns":4},{"damage":0,"enemies":"Small Slimes","floor":3,"turns":3},{"damage":36,"enemies":"Gremlin Nob","floor":7,"turns":6},{"damage":0,"enemies":"2 Louse","floor":8,"turns":4},{"damage":2,"enemies":"Red Slaver","floor":11,"turns":7},{"damage":2,"enemies":"Gremlin Gang","floor":12,"turns":8},{"damage":0,"enemies":"Blue Slaver","floor":13,"turns":5},{"damage":0,"enemies":"Exordium Wildlife","floor":14,"turns":3},{"damage":6,"enemies":"The Guardian","floor":16,"turns":10},{"damage":0,"enemies":"3 Byrds","floor":18,"turns":5},{"damage":0,"enemies":"Shell Parasite","floor":19,"turns":6},{"damage":0,"enemies":"Shelled Parasite and Fungi","floor":21,"turns":6},{"damage":0,"enemies":"Slavers","floor":23,"turns":4},{"damage":0,"enemies":"Centurion and Healer","floor":24,"turns":6},{"damage":16,"enemies":"Gremlin Leader","floor":27,"turns":8},{"damage":0,"enemies":"Cultist and Chosen","floor":28,"turns":6},{"damage":0,"enemies":"3 Cultists","floor":31,"turns":4},{"damage":0,"enemies":"Champ","floor":33,"turns":11},{"damage":0,"enemies":"3 Shapes","floor":35,"turns":2},{"damage":0,"enemies":"Orb Walker","floor":36,"turns":2},{"damage":8,"enemies":"Transient","floor":38,"turns":5},{"damage":26,"enemies":"Jaw Worm Horde","floor":39,"turns":3},{"damage":16,"enemies":"Reptomancer","floor":44,"turns":5},{"damage":17,"enemies":"3 Darklings","floor":45,"turns":3},{"damage":0,"enemies":"Maw","floor":47,"turns":6},{"damage":0,"enemies":"Spire Growth","floor":48,"turns":3},{"damage":2,"enemies":"Donu and Deca","floor":50,"turns":7},{"damage":5,"enemies":"Shield and Spear","floor":54,"turns":5},{"damage":62,"enemies":"The Heart","floor":55,"turns":8}],"seed_played":"2310438251887957046","potions_obtained":[{"floor":1,"key":"GhostInAJar"},{"floor":8,"key":"DuplicationPotion"},{"floor":11,"key":"LiquidBronze"},{"floor":16,"key":"Explosive Potion"},{"floor":19,"key":"FearPotion"},{"floor":23,"key":"PowerPotion"},{"floor":27,"key":"AttackPotion"},{"floor":31,"key":"FearPotion"},{"floor":38,"key":"ColorlessPotion"},{"floor":45,"key":"DistilledChaos"},{"floor":46,"key":"AttackPotion"},{"floor":54,"key":"LiquidBronze"}],"is_trial":false,"path_per_floor":["M","?","M","?","?","R","E","M","T","R","M","M","M","M","R","B",null,"M","M","?","M","$","E","M","R","T","E","M","?","R","M","R","B",null,"M","M","?","M","M","R","$","R","T","E","M","?","M","M","R","B",null,"R","$","E","B"],"character_chosen":"THE_SILENT","items_purchased":["Membership Card","Bag of Marbles","Underhanded Strike","Footwork","Orrery","Accuracy","Blade Dance"],"campfire_rested":6,"item_purchase_floors":[22,22,22,41,41,53,53],"current_hp_per_floor":[55,55,55,37,26,45,9,9,9,28,26,24,24,24,43,37,59,59,59,59,59,59,59,59,59,59,43,43,43,43,43,43,43,60,60,60,60,52,26,45,45,45,45,29,12,12,12,12,31,29,57,66,66,61,0,0],"gold":38,"neow_bonus":"ONE_RARE_RELIC","is_daily":false,"chose_seed":false,"campfire_upgraded":3,"win_rate":0.0,"timestamp":1610330787,"path_taken":["M","?","?","?","?","R","E","M","T","R","M","M","M","M","R","BOSS","M","M","?","M","$","E","M","R","T","E","M","?","R","?","R","BOSS","M","?","?","M","?","R","$","R","T","E","M","?","?","M","R","BOSS","R","$","E","BOSS"],"items_purchased_type":["Relic","Relic","Card","Card","Relic","Card","Card"],"build_version":"2020-12-22","purchased_purges":2,"victory":false,"max_hp_per_floor":[66,66,66,66,66,66,66,66,66,66,66,66,66,66,66,66,66,66,66,66,66,66,66,66,66,66,66,66,66,66,66,66,66,66,66,66,66,66,66,66,66,66,66,66,66,66,66,66,66,66,66,66,66,66,66,66],"relic_stats":{"Darkstone Periapt":0,"Tough Bandages":[840],"counters":[29,155],"Shuriken":[38],"Dead Branch":[289],"HoveringKite":[96],"War Paint":["Acrobatics","Survivor"],"obtain_stats":[{"Darkstone Periapt":9,"Potion Belt":23,"Lantern":27,"Dead Branch":0,"HoveringKite":17,"War Paint":54,"Anchor":4,"Tough Bandages":7,"WristBlade":34,"Shuriken":44,"Orrery":41,"Molten Egg 2":26,"Bag of Marbles":22,"Membership Card":22,"Ring of the Snake":0},{"Darkstone Periapt":4,"Potion Belt":13,"Lantern":15,"Dead Branch":0,"HoveringKite":9,"War Paint":28,"Anchor":2,"Tough Bandages":3,"WristBlade":18,"Shuriken":23,"Orrery":22,"Molten Egg 2":14,"Bag of Marbles":12,"Membership Card":12,"Ring of the Snake":0},{"Darkstone Periapt":17,"Potion Belt":71,"Lantern":85,"Dead Branch":0,"HoveringKite":50,"War Paint":147,"Anchor":7,"Tough Bandages":13,"WristBlade":106,"Shuriken":123,"Orrery":118,"Molten Egg 2":77,"Bag of Marbles":67,"Membership Card":67,"Ring of the Snake":0}],"Ring of the Snake":[58]},"card_choices":[{"not_picked":["Flechettes","Backflip"],"picked":"Footwork","floor":1},{"not_picked":["Outmaneuver","Dagger Throw"],"picked":"Cloak And Dagger","floor":3},{"not_picked":["Prepared","Leg Sweep"],"picked":"Acrobatics","floor":7},{"not_picked":["Quick Slash","Distraction"],"picked":"Dodge and Roll","floor":8},{"not_picked":["Caltrops","Skewer","Masterful Stab"],"picked":"SKIP","floor":11},{"not_picked":["Quick Slash","PiercingWail"],"picked":"Blade Dance","floor":12},{"not_picked":["Noxious Fumes","Distraction"],"picked":"Underhanded Strike","floor":13},{"not_picked":["Sucker Punch","Acrobatics"],"picked":"Prepared","floor":14},{"not_picked":["Grand Finale","A Thousand Cuts"],"picked":"Tools of the Trade","floor":16},{"not_picked":["Flying Knee","Bane"],"picked":"PiercingWail","floor":18},{"not_picked":["Flechettes","Expertise"],"picked":"Flying Knee","floor":19},{"not_picked":["Dash","Blade Dance"],"picked":"Dagger Throw","floor":21},{"not_picked":["Blur","Catalyst"],"picked":"Tactician","floor":23},{"not_picked":["Backflip","Blade Dance"],"picked":"Masterful Stab","floor":24},{"not_picked":["Caltrops","Distraction+1"],"picked":"After Image","floor":27},{"not_picked":["Backflip","Bouncing Flask"],"picked":"Cloak And Dagger","floor":28},{"not_picked":["Dodge and Roll","Distraction"],"picked":"Noxious Fumes","floor":31},{"not_picked":["Infinite Blades","Deadly Poison"],"picked":"Cloak And Dagger","floor":35},{"not_picked":["Blade Dance","Dodge and Roll"],"picked":"Calculated Gamble","floor":36},{"not_picked":["Outmaneuver","Deflect","Dodge and Roll"],"picked":"SKIP","floor":38},{"not_picked":["Dodge and Roll","Backflip+1"],"picked":"Adrenaline","floor":39},{"not_picked":["Dodge and Roll","Deflect"],"picked":"Slice+1","floor":41},{"not_picked":["Outmaneuver","Dagger Throw+1"],"picked":"Prepared","floor":41},{"not_picked":["Distraction","Riddle With Holes+1"],"picked":"Acrobatics","floor":41},{"not_picked":["Prepared","Dagger Throw+1","Expertise"],"picked":"SKIP","floor":44},{"not_picked":["Dagger Spray+1","Flying Knee+1"],"picked":"Prepared+1","floor":45},{"not_picked":["Heel Hook+1","Concentrate","Bane+1"],"picked":"SKIP","floor":47},{"not_picked":["Bane+1","Phantasmal Killer"],"picked":"Reflex+1","floor":48},{"not_picked":["Distraction+1","Tactician"],"picked":"Malaise","floor":54}],"player_experience":1156076,"relics_obtained":[{"floor":7,"key":"Tough Bandages"},{"floor":9,"key":"Darkstone Periapt"},{"floor":23,"key":"Potion Belt"},{"floor":26,"key":"Molten Egg 2"},{"floor":27,"key":"Lantern"},{"floor":44,"key":"Shuriken"},{"floor":54,"key":"War Paint"}],"event_choices":[{"damage_healed":0,"gold_gain":0,"cards_transformed":["Strike_G"],"player_choice":"Transformed","damage_taken":0,"max_hp_gain":0,"max_hp_loss":0,"event_name":"Transmorgrifier","floor":2,"gold_loss":0,"cards_obtained":["Prepared"]},{"damage_healed":0,"gold_gain":0,"player_choice":"Success","damage_taken":18,"relics_obtained":["Anchor"],"max_hp_gain":0,"max_hp_loss":0,"event_name":"Scrap Ooze","floor":4,"gold_loss":0},{"damage_healed":0,"gold_gain":75,"player_choice":"Gather Gold","damage_taken":11,"max_hp_gain":0,"max_hp_loss":0,"event_name":"World of Goop","floor":5,"gold_loss":0},{"damage_healed":0,"gold_gain":0,"player_choice":"Simplicity","damage_taken":0,"max_hp_gain":0,"max_hp_loss":0,"event_name":"Back to Basics","floor":20,"gold_loss":0,"cards_upgraded":["Strike_G","Strike_G","Strike_G","Strike_G","Defend_G","Defend_G","Defend_G","Defend_G","Defend_G"]},{"cards_removed":["Defend_G"],"damage_healed":0,"gold_gain":0,"player_choice":"Upgrade and Remove","damage_taken":0,"max_hp_gain":0,"max_hp_loss":0,"event_name":"Designer","floor":29,"gold_loss":110,"cards_upgraded":["Underhanded Strike"]},{"damage_healed":0,"gold_gain":0,"player_choice":"Upgraded","damage_taken":0,"max_hp_gain":0,"max_hp_loss":0,"event_name":"Upgrade Shrine","floor":37,"gold_loss":0,"cards_upgraded":["Footwork"]},{"damage_healed":0,"gold_gain":0,"player_choice":"Bought 2 Potions","damage_taken":0,"max_hp_gain":0,"max_hp_loss":0,"event_name":"The Woman in Blue","floor":46,"gold_loss":0}],"is_beta":false,"boss_relics":[{"not_picked":["Runic Pyramid","Sozu"],"picked":"HoveringKite"},{"not_picked":["Coffee Dripper","Calling Bell"],"picked":"WristBlade"}],"items_purged_floors":[22,41],"is_endless":false,"potions_floor_spawned":[1,8,11,16,19,23,27,31,38,45,48,54],"killed_by":"The Heart","ascension_level":16}}