{"host":"Jackie","time":1610343905,"event":{"mods":["BaseMod","Highlight Path","Minty Spire (QoL Compilation)","Relic Stats","Slay the Relics Exporter","StSLib","Twitch Decklist"],"gold_per_floor":[16,26,37,37,37,37,78,92,92,92,125,125,141,35,35,130,130,151,127,127,127,127],"floor_reached":21,"playtime":1402,"items_purged":[],"score":378,"play_id":"0fcabb5f-b969-4bdf-a5ce-97df5fd59f36","local_time":"20210110214505","is_ascension_mode":true,"campfire_choices":[{"data":"Bash","floor":6,"key":"SMITH"},{"data":"Hemokinesis","floor":10,"key":"SMITH"},{"data":"Combust","floor":12,"key":"SMITH"},{"data":"Pommel Strike","floor":15,"key":"SMITH"}],"circlet_count":0,"master_deck":["AscendersBane","Strike_R","Strike_R","Strike_R","Strike_R","Strike_R","Defend_R","Defend_R","Defend_R","Defend_R","Bash+1","Pommel Strike+1","Wild Strike","Hemokinesis+1","Combust+1","Feel No Pain","Brutality","Flex","Armaments+1"],"relics":["Burning Blood","StoneCalendar","Bloody Idol","Pear","Self Forming Clay","MealTicket","Runic Pyramid"],"acts_visited":["Exordium","TheCity"],"potions_floor_usage":[11],"damage_taken":[{"damage":11,"enemies":"2 Louse","floor":1,"turns":3},{"damage":7,"enemies":"Small Slimes","floor":2,"turns":6},{"damage":6,"enemies":"Cultist","floor":3,"turns":3},{"damage":8,"enemies":"Gremlin Nob","floor":7,"turns":3},{"damage":1,"enemies":"Exordium Wildlife","floor":8,"turns":4},{"damage":33,"enemies":"Lagavulin","floor":11,"turns":5},{"damage":10,"enemies":"Blue Slaver","floor":13,"turns":3},{"damage":52,"enemies":"The Guardian","floor":16,"turns":14},{"damage":37,"enemies":"Shell Parasite","floor":18,"turns":5},{"damage":24,"enemies":"2 Thieves","floor":19,"turns":4},{"damage":13,"enemies":"Cultist and Chosen","floor":21,"turns":3}],"seed_played":"-1465065322077144426","potions_obtained":[{"floor":3,"key":"Explosive Potion"},{"floor":7,"key":"Regen Potion"}],"is_trial":false,"path_per_floor":["M","M","M","?","?","R","E","M","T","R","E","R","M","?","R","B",null,"M","M","?","M"],"character_chosen":"IRONCLAD","items_purchased":[],"campfire_rested":0,"item_purchase_floors":[],"current_hp_per_floor":[63,62,62,62,62,62,70,75,75,75,58,58,54,54,54,8,61,30,12,12,0,0],"gold":127,"neow_bonus":"ONE_RARE_RELIC","is_daily":false,"chose_seed":false,"campfire_upgraded":4,"win_rate":0.0,"timestamp":1610343905,"path_taken":["M","M","M","?","?","R","E","M","T","R","E","R","M","?","R","BOSS","M","M","?","M"],"items_purchased_type":[],"build_version":"2020-12-18","purchased_purges":0,"victory":false,"max_hp_per_floor":[75,75,75,75,68,68,78,78,78,78,78,78,78,78,78,78,78,78,78,78,78,78],"relic_stats":{"counters":[11,53],"Self Forming Clay":[150],"Bloody Idol":0,"StoneCalendar":[32],"MealTicket":0,"obtain_stats":[{"Pear":7,"Golden Idol":5,"Self Forming Clay":9,"Bloody Idol":20,"StoneCalendar":0,"MealTicket":14,"Burning Blood":0,"Runic Pyramid":17},{"Pear":4,"Golden Idol":3,"Self Forming Clay":5,"Bloody Idol":10,"StoneCalendar":0,"MealTicket":7,"Burning Blood":0,"Runic Pyramid":8},{"Pear":15,"Golden Idol":12,"Self Forming Clay":19,"Bloody Idol":50,"StoneCalendar":0,"MealTicket":27,"Burning Blood":0,"Runic Pyramid":41}],"Burning Blood":60},"card_choices":[{"not_picked":["Flex","Cleave"],"picked":"Pommel Strike","floor":1},{"not_picked":["Searing Blow","Clothesline"],"picked":"Wild Strike","floor":2},{"not_picked":["Havoc","Anger"],"picked":"Hemokinesis","floor":3},{"not_picked":["Power Through","Seeing Red"],"picked":"Combust","floor":7},{"not_picked":["Flex","True Grit"],"picked":"Feel No Pain","floor":8},{"not_picked":["Whirlwind","Rage"],"picked":"Brutality","floor":11},{"not_picked":["Sword Boomerang","Warcry","Armaments"],"picked":"SKIP","floor":13},{"not_picked":["Sword Boomerang","Warcry","Armaments"],"picked":"SKIP","floor":13},{"not_picked":["Dark Embrace","Warcry+1"],"picked":"Flex","floor":18},{"not_picked":["Shrug It Off","Dual Wield"],"picked":"Armaments+1","floor":19}],"player_experience":2156947,"relics_obtained":[{"floor":7,"key":"Pear"},{"floor":9,"key":"Self Forming Clay"}],"event_choices":[{"damage_healed":0,"gold_gain":0,"player_choice":"Ignored","damage_taken":0,"max_hp_gain":0,"max_hp_loss":0,"event_name":"Liars Game","floor":4,"gold_loss":0},{"damage_healed":0,"gold_gain":0,"player_choice":"Lose Max HP","damage_taken":0,"relics_obtained":["Golden Idol"],"max_hp_gain":0,"max_hp_loss":7,"event_name":"Golden Idol","floor":5,"gold_loss":0},{"damage_healed":0,"gold_gain":0,"player_choice":"Paid Gold","damage_taken":0,"relics_obtained":["MealTicket"],"max_hp_gain":0,"max_hp_loss":0,"event_name":"WeMeetAgain","floor":14,"gold_loss":106},{"damage_healed":0,"gold_gain":0,"player_choice":"Gave Idol","damage_taken":0,"relics_obtained":["Bloody Idol"],"max_hp_gain":0,"max_hp_loss":0,"event_name":"Forgotten Altar","floor":20,"relics_lost":["Golden Idol"],"gold_loss":0}],"is_beta":true,"boss_relics":[{"not_picked":["SlaversCollar","Philosopher\u0027s Stone"],"picked":"Runic Pyramid"}],"items_purged_floors":[],"is_endless":false,"potions_floor_spawned":[3,7,8],"killed_by":"Cultist and Chosen","ascension_level":20}}