{"host":"1c52r9kaxdyo25eq","time":1610379824,"event":{"mods":["AchievementEnabler","BaseMod","Minty Spire (QoL Compilation)","Rare Cards Sparkle","SuperFastMode","everything is the same but u backflip on backflip"],"gold_per_floor":[166,91,141,156,173,173,9,9,9,9,9,9,9,34,34,111,111,128,144,161,177,177,177,189,189,215,215,215,215,225,185,185,262,262,277,295,320,320,336,365,377,397,420,420,420,420,749,767,767,767,767,767,767,418,443,443],"floor_reached":57,"playtime":2063,"items_purged":["Strike_P+1"],"score":2845,"play_id":"7530cd28-532f-4aa9-a0dd-2fab84738e36","local_time":"20210112004344","is_ascension_mode":true,"campfire_choices":[{"data":"TalkToTheHand","floor":6.0,"key":"SMITH"},{"data":"InnerPeace","floor":8.0,"key":"SMITH"},{"floor":10.0,"key":"RECALL"},{"data":"Vigilance","floor":13.0,"key":"SMITH"},{"data":"CrushJoints","floor":15.0,"key":"SMITH"},{"floor":23.0,"key":"REST"},{"floor":25.0,"key":"REST"},{"floor":29.0,"key":"REST"},{"data":"Adaptation","floor":32.0,"key":"SMITH"},{"floor":44,"key":"REST"},{"floor":46,"key":"REST"},{"floor":49,"key":"REST"},{"floor":53,"key":"REST"}],"circlet_count":0,"master_deck":["AscendersBane","Defend_P+1","Eruption+1","Vigilance+1","InnerPeace+1","TalkToTheHand+1","CrushJoints+1","LessonLearned+1","MentalFortress+1","Vault+1","Adaptation+1","Vault"],"relics":["Tiny House","Lee\u0027s Waffle","TeardropLocket","Akabeko","Runic Pyramid","Whetstone","Empty Cage","Nunchaku","Blood Vial","Old Coin","Bronze Scales"],"acts_visited":["Exordium","TheCity","TheBeyond","TheEnding"],"potions_floor_usage":[47,50,56,56],"damage_taken":[{"damage":9.0,"enemies":"2 Louse","floor":1.0,"turns":3.0},{"damage":11.0,"enemies":"Jaw Worm","floor":4.0,"turns":4.0},{"damage":0.0,"enemies":"Cultist","floor":5.0,"turns":2.0},{"damage":35.0,"enemies":"3 Sentries","floor":14.0,"turns":8.0},{"damage":6.0,"enemies":"Hexaghost","floor":16.0,"turns":7.0},{"damage":13.0,"enemies":"Shell Parasite","floor":18.0,"turns":2.0},{"damage":14.0,"enemies":"2 Thieves","floor":19.0,"turns":4.0},{"damage":35.0,"enemies":"Snecko","floor":20.0,"turns":7.0},{"damage":0.0,"enemies":"Centurion and Healer","floor":21.0,"turns":4.0},{"damage":19.0,"enemies":"Shelled Parasite and Fungi","floor":24.0,"turns":4.0},{"damage":18.0,"enemies":"Snake Plant","floor":30.0,"turns":4.0},{"damage":8.0,"enemies":"Collector","floor":33.0,"turns":4.0},{"damage":9.0,"enemies":"3 Darklings","floor":35.0,"turns":5.0},{"damage":0.0,"enemies":"Orb Walker","floor":36.0,"turns":2.0},{"damage":0.0,"enemies":"Mind Bloom Boss Battle","floor":37.0,"turns":4.0},{"damage":0,"enemies":"Jaw Worm Horde","floor":39,"turns":2},{"damage":0,"enemies":"Nemesis","floor":40,"turns":2},{"damage":0,"enemies":"Spire Growth","floor":41,"turns":2},{"damage":0,"enemies":"Sphere and 2 Shapes","floor":42,"turns":2},{"damage":10,"enemies":"Reptomancer","floor":47,"turns":3},{"damage":22,"enemies":"4 Shapes","floor":48,"turns":3},{"damage":0,"enemies":"Awakened One","floor":50,"turns":4},{"damage":46,"enemies":"Time Eater","floor":51,"turns":13},{"damage":0,"enemies":"Shield and Spear","floor":55,"turns":4},{"damage":54,"enemies":"The Heart","floor":56,"turns":8}],"seed_played":"-3646569117952707068","potions_obtained":[{"floor":0.0,"key":"Fire Potion"},{"floor":4.0,"key":"Dexterity Potion"},{"floor":14.0,"key":"CultistPotion"},{"floor":18.0,"key":"Dexterity Potion"},{"floor":33.0,"key":"Fruit Juice"},{"floor":47,"key":"AttackPotion"}],"is_trial":false,"path_per_floor":["M","?","?","M","M","R","$","R","T","R","?","?","R","E","R","B",null,"M","M","M","M","?","R","M","R","T","?","?","R","M","$","R","B",null,"M","M","?","?","M","E","M","M","T","R","?","R","E","M","R","B","B",null,"R","$","E","B",null],"character_chosen":"WATCHER","items_purchased":["Lee\u0027s Waffle","Adaptation","FearPotion","PowerPotion","Vault"],"campfire_rested":7,"item_purchase_floors":[7,31,54,54,54],"current_hp_per_floor":[57,57,57,46,46,46,80,80,80,80,73,55,55,20,20,14,64,51,37,2,2,2,26,7,31,31,31,31,55,37,37,37,29,67,58,58,58,58,58,58,58,58,58,80,80,80,75,55,80,82,38,73,85,85,85,31],"gold":443,"neow_bonus":"BOSS_RELIC","is_daily":false,"chose_seed":false,"campfire_upgraded":5,"win_rate":0.0,"timestamp":1610379824,"path_taken":["M","?","?","M","?","R","?","R","T","R","?","?","R","E","R","BOSS","M","M","M","M","?","R","M","R","T","?","?","R","?","$","R","BOSS","M","?","?","?","M","E","M","M","T","R","?","R","E","M","R","BOSS","BOSS","R","$","E","BOSS"],"items_purchased_type":["Relic","Card","Potion","Potion","Card"],"build_version":"2020-12-22","purchased_purges":1,"victory":true,"max_hp_per_floor":[73,73,73,73,73,73,80,80,80,80,80,80,80,80,80,80,80,80,80,80,80,80,80,80,80,80,80,80,80,80,80,80,80,80,80,80,80,80,80,80,80,80,80,80,80,80,85,85,85,85,85,85,85,85,85,85],"card_choices":[{"not_picked":["SashWhip","FlyingSleeves"],"picked":"InnerPeace","floor":0.0},{"not_picked":["Wallop","InnerPeace","CutThroughFate"],"picked":"SKIP","floor":1.0},{"not_picked":["Consecrate","Evaluate"],"picked":"TalkToTheHand","floor":4.0},{"not_picked":["CrushJoints","Swivel","FollowUp"],"picked":"SKIP","floor":5.0},{"not_picked":["Wish","SandsOfTime"],"picked":"CrushJoints","floor":14.0},{"not_picked":["MasterReality","DeusExMachina"],"picked":"LessonLearned","floor":16.0},{"not_picked":["ThirdEye","FlurryOfBlows"],"picked":"MentalFortress+1","floor":18.0},{"not_picked":["EmptyFist","Prostrate","Perseverance"],"picked":"SKIP","floor":19.0},{"not_picked":["EmptyBody","WheelKick","FollowUp"],"picked":"SKIP","floor":20.0},{"not_picked":["Judgement","Wallop+1","Consecrate"],"picked":"SKIP","floor":21.0},{"not_picked":["FollowUp","SashWhip","Worship"],"picked":"SKIP","floor":24.0},{"not_picked":["WheelKick","JustLucky","Evaluate"],"picked":"SKIP","floor":30.0},{"not_picked":["ClearTheMind","FlurryOfBlows+1","WaveOfTheHand"],"picked":"SKIP","floor":35.0},{"not_picked":["Protect+1","Consecrate","JustLucky+1"],"picked":"SKIP","floor":36.0},{"not_picked":["SashWhip","Halt","FlurryOfBlows"],"picked":"SKIP","floor":39},{"not_picked":["MasterReality","SignatureMove","WindmillStrike"],"picked":"SKIP","floor":40},{"not_picked":["CrushJoints","EmptyBody+1","Wireheading"],"picked":"SKIP","floor":41},{"not_picked":["Prostrate+1","WheelKick","ClearTheMind"],"picked":"SKIP","floor":42},{"not_picked":["Prostrate+1","Fasting2+1","BowlingBash+1"],"picked":"SKIP","floor":47},{"not_picked":["Worship","Evaluate","Halt"],"picked":"SKIP","floor":48},{"not_picked":["BowlingBash","SashWhip+1","BattleHymn+1"],"picked":"SKIP","floor":55}],"player_experience":576565,"relics_obtained":[{"floor":14.0,"key":"Akabeko"},{"floor":26.0,"key":"Whetstone"},{"floor":40,"key":"Nunchaku"},{"floor":43,"key":"Blood Vial"},{"floor":47,"key":"Old Coin"},{"floor":55,"key":"Bronze Scales"}],"event_choices":[{"cards_removed":["Defend_P"],"damage_healed":0.0,"max_hp_gain":0.0,"max_hp_loss":0.0,"gold_gain":0.0,"event_name":"The Cleric","player_choice":"Card Removal","floor":2.0,"gold_loss":75.0,"damage_taken":0.0},{"damage_healed":0.0,"max_hp_gain":0.0,"max_hp_loss":0.0,"gold_gain":50.0,"event_name":"Golden Shrine","player_choice":"Pray","floor":3.0,"gold_loss":0.0,"damage_taken":0.0},{"cards_removed":["Defend_P"],"damage_healed":0.0,"max_hp_gain":0.0,"max_hp_loss":0.0,"gold_gain":0.0,"event_name":"Golden Wing","player_choice":"Card Removal","floor":11.0,"gold_loss":0.0,"damage_taken":7.0},{"damage_healed":0.0,"max_hp_gain":0.0,"max_hp_loss":0.0,"gold_gain":0.0,"event_name":"Scrap Ooze","player_choice":"Success","floor":12.0,"gold_loss":0.0,"damage_taken":18.0,"relics_obtained":["TeardropLocket"]},{"cards_removed":["Strike_P"],"damage_healed":0.0,"max_hp_gain":0.0,"max_hp_loss":0.0,"gold_gain":0.0,"event_name":"Back to Basics","player_choice":"Elegance","floor":22.0,"gold_loss":0.0,"damage_taken":0.0},{"damage_healed":0.0,"max_hp_gain":0.0,"max_hp_loss":0.0,"gold_gain":0.0,"event_name":"Cursed Tome","player_choice":"Ignored","floor":27.0,"gold_loss":0.0,"damage_taken":0.0},{"damage_healed":0.0,"max_hp_gain":0.0,"max_hp_loss":0.0,"gold_gain":0.0,"cards_transformed":["Defend_P"],"event_name":"Transmorgrifier","player_choice":"Transformed","floor":28.0,"gold_loss":0.0,"damage_taken":0.0,"cards_obtained":["Vault"]},{"damage_healed":0.0,"max_hp_gain":0.0,"max_hp_loss":0.0,"gold_gain":0.0,"event_name":"MindBloom","player_choice":"Fight","floor":37.0,"gold_loss":0.0,"damage_taken":0.0},{"damage_healed":0.0,"max_hp_gain":0.0,"max_hp_loss":0.0,"gold_gain":0.0,"event_name":"Mysterious Sphere","player_choice":"Ignored","floor":38.0,"gold_loss":0.0,"damage_taken":0.0},{"damage_healed":0,"gold_gain":0,"player_choice":"Ignored","damage_taken":0,"max_hp_gain":0,"max_hp_loss":0,"event_name":"Tomb of Lord Red Mask","floor":45,"gold_loss":0}],"is_beta":false,"boss_relics":[{"not_picked":["Black Star","SlaversCollar"],"picked":"Runic Pyramid"},{"not_picked":["SacredBark","Astrolabe"],"picked":"Empty Cage"}],"items_purged_floors":[54],"is_endless":false,"potions_floor_spawned":[4,14,18,20,33,36,40,41,47,48],"ascension_level":20}}