{"host":"j4g6ia6asvpyu2b0","time":1610369297,"event":{"mods":["BaseMod","Colored Map","Minty Spire (QoL Compilation)","Permanent Neow","Quick Restart","Relic Stats","StSLib","Unceasing Turn Reminder"],"gold_per_floor":[114,189,204,219,234,234,234],"floor_reached":6,"playtime":202,"items_purged":[],"score":48,"play_id":"e5a88fa9-b4f2-44be-a6df-d9e791e02346","local_time":"20210111054817","daily_mods":["Allstar","ControlledChaos","Lethality"],"is_ascension_mode":false,"campfire_choices":[],"circlet_count":0,"master_deck":["Strike_R","Strike_R","Strike_R","Strike_R","Strike_R","Defend_R","Defend_R","Defend_R","Defend_R","Bash","Mayhem","Panacea","Apotheosis","Good Instincts","Metamorphosis","Anger","Metallicize","Cleave","Twin Strike"],"relics":["Burning Blood","Frozen Eye"],"acts_visited":["Exordium"],"potions_floor_usage":[6],"damage_taken":[{"damage":3,"enemies":"Jaw Worm","floor":1,"turns":3},{"damage":0,"enemies":"2 Louse","floor":3,"turns":2},{"damage":0,"enemies":"Small Slimes","floor":4,"turns":3},{"damage":19,"enemies":"Red Slaver","floor":5,"turns":3},{"damage":6,"enemies":"Gremlin Nob","floor":6,"turns":3}],"seed_played":"2608465768335268498","potions_obtained":[{"floor":3,"key":"GamblersBrew"},{"floor":4,"key":"DuplicationPotion"}],"is_trial":false,"path_per_floor":["M","?","M","M","M","E"],"character_chosen":"IRONCLAD","items_purchased":[],"campfire_rested":0,"item_purchase_floors":[],"current_hp_per_floor":[80,69,75,80,67,67,67],"gold":234,"neow_bonus":"","is_daily":true,"chose_seed":false,"campfire_upgraded":0,"win_rate":0.0,"timestamp":1610369297,"path_taken":["M","?","M","M","M","E"],"items_purchased_type":[],"build_version":"2020-12-22","purchased_purges":0,"victory":false,"max_hp_per_floor":[80,80,80,80,80,80,80],"relic_stats":{"counters":[5,14],"obtain_stats":[{"Frozen Eye":0,"Burning Blood":0},{"Frozen Eye":0,"Burning Blood":0},{"Frozen Eye":0,"Burning Blood":0}],"Burning Blood":26},"card_choices":[{"not_picked":["Warcry","Sword Boomerang"],"picked":"Anger","floor":1},{"not_picked":["Warcry","Headbutt"],"picked":"Metallicize","floor":3},{"not_picked":["Intimidate","Flex"],"picked":"Cleave","floor":4},{"not_picked":["Armaments","Shrug It Off"],"picked":"Twin Strike","floor":5}],"player_experience":803575,"relics_obtained":[],"event_choices":[{"damage_healed":0,"gold_gain":75,"player_choice":"Gather Gold","damage_taken":11,"max_hp_gain":0,"max_hp_loss":0,"event_name":"World of Goop","floor":2,"gold_loss":0}],"is_beta":false,"boss_relics":[],"items_purged_floors":[],"is_endless":false,"potions_floor_spawned":[3,4,6],"killed_by":"Gremlin Nob","ascension_level":0}}