{"host":"i19jjmeqmvseha12","time":1610333905,"event":{"mods":["Act Like it!","BaseMod","Colored Powertips","Dota2Spire","Gensokyo","Minty Spire (QoL Compilation)","Replay The Spire","StSLib","The Cursed"],"gold_per_floor":[12,12,12,28,43,43,68,80,80,106,80,80,95,107,107,203,203,219,219,234,110,110,110,138,138,138,154,154,101,115,128,128,128,128],"floor_reached":33,"playtime":1246,"items_purged":[],"score":302,"play_id":"b7f847b9-c36a-42a4-b52a-ca777c45f7c5","local_time":"20210110185825","is_ascension_mode":false,"campfire_choices":[{"data":"Berserk","floor":6,"key":"SMITH"},{"data":"Run Through","floor":12,"key":"SMITH"},{"data":"ReplayTheSpireMod:Muscle Training","floor":15,"key":"SMITH"},{"floor":23,"key":"REST"},{"floor":25,"key":"REST"},{"floor":28,"key":"REST"},{"floor":32,"key":"REST"}],"circlet_count":0,"master_deck":["Strike_R","Strike_R","Strike_R","Strike_R","Strike_R","Defend_R","Defend_R","Defend_R","Defend_R","Bash","Berserk+1","ReplayTheSpireMod:Strike From Hell","Run Through+1","Pommel Strike","Spot Weakness+1","Searing Blow","Clash","ReplayReversal","Sword Boomerang+1","Metallicize","ReplayTheSpireMod:Muscle Training+1","Demonic Infusion","ReplayTheSpireMod:Limb From Limb+1","ReplayTheSpireMod:Strike From Hell+1","Rage","Rage+1","Iron Wave+1","Armaments+1"],"relics":["Burning Blood","Dota2Spire:Desolator","Pear","Molten Egg 2","Omamori","Regal Pillow"],"acts_visited":["Exordium","TheCity"],"potions_floor_usage":[10,10,18,20,24,33,33,33],"damage_taken":[{"damage":4,"enemies":"Gensokyo:3_Fairies","floor":1,"turns":4},{"damage":7,"enemies":"Gensokyo:2_Kodama","floor":4,"turns":3},{"damage":7,"enemies":"Gensokyo:Gryphon","floor":5,"turns":3},{"damage":0,"enemies":"Gensokyo:Mamizou","floor":7,"turns":6},{"damage":4,"enemies":"Gensokyo:VengefulSpirit","floor":8,"turns":4},{"damage":26,"enemies":"Gensokyo:Cirno","floor":10,"turns":9},{"damage":0,"enemies":"Gensokyo:Python_and_Kodama","floor":13,"turns":3},{"damage":16,"enemies":"Gensokyo:3_Kodama","floor":14,"turns":4},{"damage":35,"enemies":"Gensokyo:Yukari","floor":16,"turns":10},{"damage":19,"enemies":"Spheric Guardian","floor":18,"turns":5},{"damage":38,"enemies":"2 Thieves","floor":20,"turns":5},{"damage":67,"enemies":"Replay:Snechameleon","floor":24,"turns":7},{"damage":21,"enemies":"Centurion and Healer","floor":27,"turns":5},{"damage":54,"enemies":"3 Cultists","floor":30,"turns":6},{"damage":15,"enemies":"Snake Plant","floor":31,"turns":4},{"damage":54,"enemies":"Pondfish","floor":33,"turns":8}],"seed_played":"-5007194637270903027","potions_obtained":[{"floor":4,"key":"Weak Potion"},{"floor":7,"key":"Strength Potion"},{"floor":10,"key":"Dexterity Potion"},{"floor":13,"key":"Dota2Spire:Clarity"},{"floor":16,"key":"Milkshake"},{"floor":18,"key":"Strength Potion"},{"floor":27,"key":"Ancient Potion"}],"is_trial":false,"path_per_floor":["M","?","?","M","M","R","E","M","T","E","$","R","M","M","R","B",null,"M","?","M","$","?","R","E","R","T","M","R","$","M","M","R","B"],"character_chosen":"IRONCLAD","items_purchased":["Sword Boomerang+1","Rage","SkillPotion","Iron Wave+1"],"campfire_rested":4,"item_purchase_floors":[11,21,21,29],"current_hp_per_floor":[80,80,80,79,78,78,80,80,90,70,70,70,76,66,66,37,90,77,77,45,45,45,72,11,38,38,23,65,65,17,8,50,0,0],"gold":128,"neow_bonus":"THREE_RARE_CARDS","is_daily":false,"chose_seed":false,"campfire_upgraded":3,"win_rate":0.0,"timestamp":1610333905,"path_taken":["M","?","?","?","?","R","E","M","T","E","?","R","M","M","R","BOSS","M","?","?","$","?","R","E","R","T","M","R","?","M","M","R","BOSS"],"items_purchased_type":["Card","Card","Potion","Card"],"build_version":"2020-12-22","purchased_purges":0,"victory":false,"max_hp_per_floor":[80,80,80,80,80,80,80,80,90,90,90,90,90,90,90,90,90,90,90,90,90,90,90,90,90,90,90,90,90,90,90,90,90,90],"card_choices":[{"not_picked":["Immolate","Impervious"],"picked":"Berserk","floor":0},{"not_picked":["Heavy Blade","True Grit"],"picked":"ReplayTheSpireMod:Strike From Hell","floor":1},{"not_picked":["Cleave","Life Link"],"picked":"Run Through","floor":2},{"not_picked":["Shrug It Off","Sword Boomerang"],"picked":"Pommel Strike","floor":2},{"not_picked":["ReplayTheSpireMod:LeadingStrike","Shockwave","Iron Wave"],"picked":"SKIP","floor":4},{"not_picked":["Fire Breathing","Pommel Strike"],"picked":"ReplayTheSpireMod:Corrosion Curse","floor":5},{"not_picked":["Combust","Replay:Undeath\u0027s Touch"],"picked":"Searing Blow","floor":7},{"not_picked":["ReplayTheSpireMod:Stacked","Iron Wave"],"picked":"Clash","floor":8},{"not_picked":["Havoc","Metallicize"],"picked":"ReplayReversal","floor":10},{"not_picked":["Sword Boomerang+1","Armaments"],"picked":"Metallicize","floor":13},{"not_picked":["Combust","Feed+1"],"picked":"ReplayTheSpireMod:Muscle Training","floor":14},{"not_picked":["Impervious","Juggernaut"],"picked":"Demonic Infusion","floor":16},{"not_picked":["Clothesline+1","Cleave+1"],"picked":"ReplayTheSpireMod:Limb From Limb+1","floor":18},{"not_picked":["Anger+1","Pommel Strike+1"],"picked":"ReplayTheSpireMod:Strike From Hell+1","floor":20},{"not_picked":["ReplayTheSpireMod:LeadingStrike+1","Carnage+1","Armaments"],"picked":"SKIP","floor":24},{"not_picked":["Havoc","Replay:Undeath\u0027s Touch+1"],"picked":"Rage+1","floor":27},{"not_picked":["Run Through+1","True Grit"],"picked":"Armaments+1","floor":30},{"not_picked":["Searing Blow+1","Reckless Charge+1","ReplayTheSpireMod:Strike From Hell+1"],"picked":"SKIP","floor":31}],"player_experience":158354,"relics_obtained":[{"floor":7,"key":"Dota2Spire:Desolator"},{"floor":9,"key":"Pear"},{"floor":10,"key":"Molten Egg 2"},{"floor":24,"key":"Omamori"},{"floor":26,"key":"Regal Pillow"}],"event_choices":[{"damage_healed":0,"gold_gain":0,"cards_transformed":["ReplayTheSpireMod:Corrosion Curse"],"player_choice":"Transformed","damage_taken":0,"max_hp_gain":0,"max_hp_loss":0,"event_name":"Transmorgrifier","floor":19,"gold_loss":0,"cards_obtained":["Rupture"]},{"cards_removed":["Rupture"],"damage_healed":0,"gold_gain":0,"player_choice":"Purged","damage_taken":0,"max_hp_gain":0,"max_hp_loss":0,"event_name":"Purifier","floor":22,"gold_loss":0}],"is_beta":false,"boss_relics":[{"not_picked":["Empty Cage","ChewingGum","Runic Pyramid"]}],"items_purged_floors":[],"is_endless":false,"potions_floor_spawned":[4,7,10,13,16,18,27],"killed_by":"Pondfish","ascension_level":0}}