{"host":"91blwi3hgehj6ch9","time":1610370739,"event":{"mods":["2.2 Compatiblity","AchievementEnabler","BaseMod","Colored Map","DeckTracker","Keyboard Shortcuts","Minty Spire (QoL Compilation)","Permanent Neow","Quick Restart","StSLib","SuperFastMode"],"gold_per_floor":[111,36,36,1,1,1,31,31,104,135,135,152,152,172,172,243,243,253,92,17,33,0,0,34,46,71,71,121,121,121,121,121,198,198,211,211,211,211,221,221,241,288,288,288,321,331,341,341,341,341,341],"floor_reached":50,"playtime":1366,"items_purged":["Strike_G"],"score":930,"play_id":"10fe24c5-34a7-4ea7-b5e3-f254de0dbef6","local_time":"20210111221219","is_ascension_mode":true,"campfire_choices":[{"data":"Choke","floor":6.0,"key":"SMITH"},{"data":"Eviscerate","floor":8.0,"key":"SMITH"},{"data":"1","floor":15.0,"key":"LIFT"},{"data":"2","floor":23.0,"key":"LIFT"},{"data":"3","floor":29,"key":"LIFT"},{"floor":32,"key":"REST"},{"data":"Corpse Explosion","floor":40,"key":"SMITH"},{"floor":44,"key":"REST"},{"floor":49,"key":"RECALL"}],"circlet_count":0,"master_deck":["AscendersBane","Survivor","Choke+1","Leg Sweep","Eviscerate+1","Backflip","Corpse Explosion","Good Instincts","Corpse Explosion+1","Decay","Corpse Explosion","Bane","PiercingWail","Distraction","Grand Finale","Bane","Blur","Distraction","Skewer+1","Apotheosis","PiercingWail","Acrobatics","Bane+1"],"relics":["Snecko Eye","Vajra","Bottled Lightning","Girya","Happy Flower","Velvet Choker","Nunchaku","Juzu Bracelet","Pandora\u0027s Box","Unceasing Top","Tough Bandages","Bag of Preparation"],"acts_visited":["Exordium","TheCity","TheBeyond"],"potions_floor_usage":[45,46],"damage_taken":[{"damage":0.0,"enemies":"2 Louse","floor":1.0,"turns":5.0},{"damage":13.0,"enemies":"Lagavulin","floor":7.0,"turns":8.0},{"damage":5.0,"enemies":"3 Sentries","floor":10.0,"turns":8.0},{"damage":0.0,"enemies":"Small Slimes","floor":12.0,"turns":3.0},{"damage":0.0,"enemies":"Jaw Worm","floor":14.0,"turns":2.0},{"damage":20.0,"enemies":"Hexaghost","floor":16.0,"turns":8.0},{"damage":16.0,"enemies":"Shell Parasite","floor":18.0,"turns":6.0},{"damage":0.0,"enemies":"Chosen","floor":21.0,"turns":3.0},{"damage":10.0,"enemies":"Slavers","floor":24.0,"turns":4.0},{"damage":0.0,"enemies":"Shelled Parasite and Fungi","floor":25.0,"turns":2.0},{"damage":34,"enemies":"Automaton","floor":33,"turns":7},{"damage":7,"enemies":"3 Shapes","floor":35,"turns":3},{"damage":6,"enemies":"Orb Walker","floor":39,"turns":3},{"damage":0,"enemies":"3 Darklings","floor":41,"turns":2},{"damage":0,"enemies":"2 Orb Walkers","floor":42,"turns":2},{"damage":50,"enemies":"Nemesis","floor":45,"turns":7},{"damage":20,"enemies":"Maw","floor":46,"turns":6},{"damage":2,"enemies":"Jaw Worm Horde","floor":47,"turns":2},{"damage":60,"enemies":"Time Eater","floor":50,"turns":4}],"seed_played":"1411712791121794738","potions_obtained":[{"floor":1.0,"key":"BlessingOfTheForge"},{"floor":10.0,"key":"LiquidMemories"},{"floor":16.0,"key":"Block Potion"},{"floor":21.0,"key":"FairyPotion"},{"floor":45,"key":"Poison Potion"},{"floor":46,"key":"Fruit Juice"},{"floor":47,"key":"GamblersBrew"}],"is_trial":false,"path_per_floor":["M","$","?","?","$","R","E","R","T","E","?","M","?","M","R","B",null,"M","$","?","M","?","R","E","M","T","?","?","R","?","?","R","B",null,"M","?","?","T","M","R","M","?","T","R","E","M","M","?","R","B"],"character_chosen":"THE_SILENT","items_purchased":["Leg Sweep","Good Instincts"],"campfire_rested":2,"item_purchase_floors":[2,19],"current_hp_per_floor":[59,59,39,55,55,55,42,42,42,37,37,37,37,37,37,17,54,38,38,38,38,38,38,28,28,28,28,22,22,22,22,41,7,51,44,44,44,44,38,38,38,38,38,57,7,16,14,58,58,0,0],"gold":341,"neow_bonus":"BOSS_RELIC","is_daily":false,"chose_seed":false,"campfire_upgraded":3,"win_rate":0.0,"timestamp":1610370739,"path_taken":["M","$","?","?","$","R","E","R","T","E","?","?","?","?","R","BOSS","M","$","?","M","?","R","E","M","T","?","?","R","?","?","R","BOSS","M","?","?","?","M","R","M","?","T","R","E","M","M","?","R","BOSS"],"items_purchased_type":["Card","Card"],"build_version":"2020-12-22","purchased_purges":1,"victory":false,"max_hp_per_floor":[66,66,66,66,66,66,66,66,66,66,66,66,66,66,66,66,66,66,66,66,66,66,66,66,66,66,66,66,66,66,66,66,66,66,66,66,66,66,66,66,66,66,66,66,66,71,71,58,58,58,58],"card_choices":[{"not_picked":["PiercingWail","Caltrops"],"picked":"Choke","floor":1.0},{"not_picked":["Prepared","Choke"],"picked":"Eviscerate","floor":7.0},{"not_picked":["Slice","Poisoned Stab"],"picked":"Backflip","floor":10.0},{"not_picked":["Storm of Steel","Outmaneuver","Prepared"],"picked":"SKIP","floor":12.0},{"not_picked":["Caltrops","Calculated Gamble","Backflip"],"picked":"SKIP","floor":14.0},{"not_picked":["Unload","Burst"],"picked":"Corpse Explosion","floor":16.0},{"not_picked":["Deadly Poison","Blade Dance+1","Sucker Punch"],"picked":"SKIP","floor":18.0},{"not_picked":["Dodge and Roll","Terror","Infinite Blades"],"picked":"SKIP","floor":21.0},{"not_picked":["Endless Agony","Dodge and Roll"],"picked":"Corpse Explosion","floor":24.0},{"not_picked":["Dagger Throw","Bane","Deadly Poison"],"picked":"SKIP","floor":25.0},{"not_picked":["Die Die Die","Grand Finale"],"picked":"Corpse Explosion","floor":33},{"not_picked":["Quick Slash","Backflip"],"picked":"Skewer+1","floor":35},{"not_picked":["Dramatic Entrance","Secret Technique"],"picked":"Apotheosis","floor":36},{"not_picked":["Finisher+1","Backflip"],"picked":"PiercingWail","floor":39},{"not_picked":["Prepared","Dagger Spray","Quick Slash+1"],"picked":"SKIP","floor":41},{"not_picked":["Bane","Flying Knee"],"picked":"Acrobatics","floor":42},{"not_picked":["Blade Dance","Backflip"],"picked":"Bane+1","floor":45},{"not_picked":["Well Laid Plans","Backflip","Storm of Steel"],"picked":"SKIP","floor":46},{"not_picked":["Slice+1","Dagger Throw","Prepared"],"picked":"SKIP","floor":47}],"player_experience":159090,"relics_obtained":[{"floor":7.0,"key":"Vajra"},{"floor":9.0,"key":"Bottled Lightning"},{"floor":10.0,"key":"Girya"},{"floor":24.0,"key":"Nunchaku"},{"floor":26.0,"key":"Juzu Bracelet"},{"floor":42,"key":"Unceasing Top"},{"floor":43,"key":"Tough Bandages"},{"floor":45,"key":"Bag of Preparation"}],"event_choices":[{"damage_healed":0.0,"max_hp_gain":0.0,"max_hp_loss":0.0,"gold_gain":0.0,"event_name":"Shining Light","player_choice":"Entered Light","floor":3.0,"gold_loss":0.0,"damage_taken":20.0,"cards_upgraded":["Strike_G","Strike_G"]},{"damage_healed":16.0,"max_hp_gain":0.0,"max_hp_loss":0.0,"gold_gain":0.0,"event_name":"The Cleric","player_choice":"Healed","floor":4.0,"gold_loss":35.0,"damage_taken":0.0},{"damage_healed":0.0,"max_hp_gain":0.0,"max_hp_loss":0.0,"gold_gain":0.0,"cards_transformed":["Strike_G"],"event_name":"Living Wall","player_choice":"Change","floor":11.0,"gold_loss":0.0,"damage_taken":0.0,"cards_obtained":["Venomology"]},{"cards_removed":["Venomology"],"damage_healed":0.0,"max_hp_gain":0.0,"max_hp_loss":0.0,"gold_gain":0.0,"event_name":"WeMeetAgain","player_choice":"Gave Card","floor":13.0,"gold_loss":0.0,"damage_taken":0.0,"relics_obtained":["Happy Flower"]},{"cards_removed":["Defend_G"],"damage_healed":0.0,"max_hp_gain":0.0,"max_hp_loss":0.0,"gold_gain":0.0,"event_name":"Beggar","player_choice":"Gave Gold","floor":20.0,"gold_loss":75.0,"damage_taken":0.0},{"damage_healed":0.0,"max_hp_gain":0.0,"max_hp_loss":0.0,"gold_gain":0.0,"event_name":"Masked Bandits","player_choice":"Paid Fearfully","floor":22.0,"gold_loss":33.0,"damage_taken":0.0},{"damage_healed":0.0,"max_hp_gain":0.0,"max_hp_loss":0.0,"gold_gain":0.0,"event_name":"The Mausoleum","player_choice":"Ignored","floor":27.0,"gold_loss":0.0,"damage_taken":0.0},{"damage_healed":0,"gold_gain":50,"player_choice":"Touch","damage_taken":6,"max_hp_gain":0,"max_hp_loss":0,"event_name":"FaceTrader","floor":28,"gold_loss":0},{"damage_healed":0,"gold_gain":0,"player_choice":"Ignored","damage_taken":0,"max_hp_gain":0,"max_hp_loss":0,"event_name":"Cursed Tome","floor":30,"gold_loss":0},{"damage_healed":0,"gold_gain":0,"player_choice":"Smashed Altar","damage_taken":0,"max_hp_gain":0,"max_hp_loss":0,"event_name":"Forgotten Altar","floor":31,"gold_loss":0,"cards_obtained":["Decay"]},{"damage_healed":0,"gold_gain":0,"player_choice":"Memory 1","damage_taken":0,"max_hp_gain":0,"max_hp_loss":0,"event_name":"SensoryStone","floor":36,"gold_loss":0},{"cards_removed":["Neutralize"],"damage_healed":0,"gold_gain":0,"player_choice":"Removed Attack","damage_taken":0,"max_hp_gain":0,"max_hp_loss":0,"event_name":"Falling","floor":37,"gold_loss":0},{"damage_healed":0,"gold_gain":0,"player_choice":"Fight","damage_taken":0,"max_hp_gain":0,"max_hp_loss":0,"event_name":"Mysterious Sphere","floor":42,"gold_loss":0},{"damage_healed":58,"gold_gain":0,"player_choice":"Heal","damage_taken":0,"max_hp_gain":0,"max_hp_loss":13,"event_name":"The Moai Head","floor":48,"gold_loss":0}],"is_beta":false,"boss_relics":[{"not_picked":["Ectoplasm","Fusion Hammer"],"picked":"Velvet Choker"},{"not_picked":["HoveringKite","Philosopher\u0027s Stone"],"picked":"Pandora\u0027s Box"}],"items_purged_floors":[19],"is_endless":false,"potions_floor_spawned":[1,10,16,18,21,25,42,45,46,47],"killed_by":"Time Eater","ascension_level":15}}