{"host":"i0xrm7p89v8es8ob","time":1610375002,"event":{"mods":["BaseMod","Downfall","Lobotomy","LobotomyExtend","Minty Spire (QoL Compilation)","Quick Restart","Replay The Spire","Robot Space Explorer","StSLib"],"gold_per_floor":[114,128,78,91,166,166,166],"floor_reached":6,"playtime":229,"items_purged":[],"score":40,"play_id":"7690df41-fb8d-44fb-b285-cce2224c2acf","local_time":"20210111222322","is_ascension_mode":true,"campfire_choices":[],"circlet_count":0,"master_deck":["Strike_B","Strike_B","Strike_B","Defend_B","Defend_B","Defend_B","Defend_B","Zap","Dualcast","FIFO Queue","Wellcheers","BasicCrystalCard","DespairKnight","ReplayTheSpireMod:Calculation Training","FairyFestival"],"relics":["Cracked Core","CogitoBucket","LetterFromLob"],"acts_visited":["Exordium"],"potions_floor_usage":[],"damage_taken":[{"damage":1,"enemies":"Cultist","floor":1,"turns":3},{"damage":11,"enemies":"Jaw Worm","floor":2,"turns":4},{"damage":14,"enemies":"Small Slimes","floor":4,"turns":3},{"damage":56,"enemies":"Gremlin Nob","floor":6,"turns":3}],"seed_played":"-4235782553677622185","potions_obtained":[{"floor":2,"key":"Ancient Potion"},{"floor":4,"key":"PotionOfCapacity"}],"is_trial":false,"path_per_floor":["M","M","?","M","?","E"],"character_chosen":"DEFECT","items_purchased":[],"campfire_rested":0,"item_purchase_floors":[],"current_hp_per_floor":[74,64,64,53,42,0,0],"gold":166,"neow_bonus":"","is_daily":false,"chose_seed":false,"campfire_upgraded":0,"win_rate":0.0,"timestamp":1610375002,"path_taken":["M","M","?","M","?","E"],"items_purchased_type":[],"build_version":"2020-12-22","purchased_purges":0,"victory":false,"max_hp_per_floor":[75,75,75,75,75,75,75],"card_choices":[{"not_picked":["Reinforced Body","Darkness"],"picked":"FIFO Queue","floor":1},{"not_picked":["ShyLook","VoidDream"],"picked":"Wellcheers","floor":1},{"not_picked":["Coolheaded","Stack"],"picked":"BasicCrystalCard","floor":2},{"not_picked":["CherryBlossoms","HappyTeddy"],"picked":"DespairKnight","floor":2},{"not_picked":["Steam Power","Recycle"],"picked":"ReplayTheSpireMod:Calculation Training","floor":4},{"not_picked":["CherryBlossoms","Porccubus"],"picked":"FairyFestival","floor":4}],"player_experience":47347,"relics_obtained":[{"floor":1,"key":"LetterFromLob"}],"event_choices":[{"cards_removed":["Strike_B"],"damage_healed":0,"gold_gain":0,"player_choice":"Card Removal","damage_taken":0,"max_hp_gain":0,"max_hp_loss":0,"event_name":"The Cleric","floor":3,"gold_loss":50},{"damage_healed":0,"gold_gain":75,"player_choice":"Gather Gold","damage_taken":11,"max_hp_gain":0,"max_hp_loss":0,"event_name":"World of Goop","floor":5,"gold_loss":0}],"is_beta":false,"boss_relics":[],"items_purged_floors":[],"is_endless":false,"potions_floor_spawned":[2,4],"killed_by":"Gremlin Nob","ascension_level":2}}