{"host":"v79nb9qnzs8cga96","time":1610395368,"event":{"mods":["BaseMod","Better Note","Block Reminder","GifTheSpireLib","Minty Spire (QoL Compilation)","Small Relic Pack","StSLib","Stuff the Spire"],"gold_per_floor":[117,117,131,131,131,164,176,176,223,239,272,45,59,78,78,182,182,202,202,202,222,222,362,362,462,486,486,506,46,162,178,178,278,278,291,134,134,152,199,299,299,311,359,467,477,477,494,511,511,511,511,511,32,144,144],"floor_reached":56,"playtime":2206,"items_purged":["Pain"],"score":1502,"play_id":"9e569e97-fd70-4715-9fe9-6418e2c80d8c","local_time":"20210111220248","is_ascension_mode":false,"campfire_choices":[{"floor":8,"key":"REST"},{"floor":15,"key":"REST"},{"floor":24,"key":"REST"},{"floor":27,"key":"RECALL"},{"floor":32,"key":"REST"},{"floor":49,"key":"REST"},{"data":"DevaForm","floor":52,"key":"SMITH"}],"circlet_count":0,"master_deck":["Strike_P","Strike_P","Defend_P","Defend_P","Defend_P","Eruption","Vigilance","SandsOfTime","Ragnarok+1","FlyingSleeves+1","FlyingSleeves","Collect","Vault","Consecrate+1","DevaForm+1","CrushJoints","Fasting2+1","Worship"],"relics":["PureWater","NeowsBlessing","WarpedTongs","relicPack:DSword","Juzu Bracelet","Art of War","StuffTheSpire:TintedRock","Black Star","StuffTheSpire:Experiment12","Orichalcum","Matryoshka","Bag of Marbles","Smiling Mask","Potion Belt","Vajra","Torii","TeardropLocket","Pocketwatch","VioletLotus","relicPack:InfinityGauntlet","StuffTheSpire:Expresso","MealTicket","Happy Flower","relicPack:OneForAll","PreservedInsect","Strawberry","Singing Bowl","relicPack:DarknessArmor","Akabeko","Damaru","StuffTheSpire:GrapeVine","InkBottle"],"acts_visited":["Exordium","TheCity","TheBeyond","TheEnding"],"potions_floor_usage":[13,18,23,23,25,28,30,30,33,55,55,55,55],"damage_taken":[{"damage":0.0,"enemies":"Jaw Worm","floor":1.0,"turns":1.0},{"damage":1.0,"enemies":"Cultist","floor":3.0,"turns":1.0},{"damage":1,"enemies":"3 Sentries","floor":6,"turns":2},{"damage":2,"enemies":"Small Slimes","floor":7,"turns":2},{"damage":2,"enemies":"Blue Slaver","floor":10,"turns":3},{"damage":11,"enemies":"Lagavulin","floor":11,"turns":6},{"damage":17,"enemies":"Lots of Slimes","floor":13,"turns":3},{"damage":0,"enemies":"Looter","floor":14,"turns":3},{"damage":14,"enemies":"Slime Boss","floor":16,"turns":5},{"damage":2,"enemies":"Spheric Guardian","floor":18,"turns":3},{"damage":2,"enemies":"Chosen","floor":21,"turns":5},{"damage":32,"enemies":"Gremlin Leader","floor":23,"turns":5},{"damage":0,"enemies":"Book of Stabbing","floor":25,"turns":3},{"damage":5,"enemies":"Centurion and Healer","floor":28,"turns":3},{"damage":12,"enemies":"Slavers","floor":30,"turns":5},{"damage":0,"enemies":"Snecko","floor":31,"turns":4},{"damage":0,"enemies":"Automaton","floor":33,"turns":4},{"damage":0,"enemies":"3 Shapes","floor":35,"turns":2},{"damage":2,"enemies":"Orb Walker","floor":38,"turns":3},{"damage":25,"enemies":"2 Orb Walkers","floor":39,"turns":4},{"damage":14,"enemies":"Nemesis","floor":40,"turns":3},{"damage":0,"enemies":"Writhing Mass","floor":42,"turns":2},{"damage":0,"enemies":"Reptomancer","floor":44,"turns":2},{"damage":0,"enemies":"Transient","floor":45,"turns":6},{"damage":6,"enemies":"4 Shapes","floor":47,"turns":3},{"damage":1,"enemies":"Sphere and 2 Shapes","floor":48,"turns":3},{"damage":13,"enemies":"Time Eater","floor":50,"turns":5},{"damage":1,"enemies":"Shield and Spear","floor":54,"turns":2},{"damage":72,"enemies":"The Heart","floor":55,"turns":7}],"seed_played":"-776556774085807773","potions_obtained":[{"floor":1.0,"key":"SkillPotion"},{"floor":6,"key":"Explosive Potion"},{"floor":11,"key":"EntropicBrew"},{"floor":16,"key":"SneckoOil"},{"floor":18,"key":"Weak Potion"},{"floor":25,"key":"Swift Potion"},{"floor":30,"key":"Ancient Potion"},{"floor":31,"key":"BlessingOfTheForge"},{"floor":39,"key":"SteroidPotion"},{"floor":42,"key":"GamblersBrew"},{"floor":44,"key":"Swift Potion"},{"floor":48,"key":"BottledMiracle"}],"is_trial":false,"path_per_floor":["M","?","M","?","?","E","M","R","T","M","E","$","M","M","R","B",null,"M","?","?","M","?","E","R","E","T","R","M","$","E","M","R","B",null,"M","$","?","M","?","E","?","M","T","E","M","?","M","M","R","B",null,"R","$","E","B",null],"character_chosen":"WATCHER","items_purchased":["StuffTheSpire:TintedRock","Vajra","Torii","relicPack:InfinityGauntlet","FairyPotion","Akabeko","Damaru","Worship"],"campfire_rested":5,"item_purchase_floors":[12,29,29,36,53,53,53,53],"current_hp_per_floor":[72,72,71,36,36,35,33,54,54,52,41,41,24,24,45,31,72,70,70,70,68,68,36,57,57,57,57,52,52,40,40,61,61,72,72,72,72,70,45,31,31,31,38,38,40,40,36,37,62,49,85,85,85,86,14],"gold":144,"neow_bonus":"THREE_ENEMY_KILL","is_daily":false,"chose_seed":false,"campfire_upgraded":1,"win_rate":0.0,"timestamp":1610395368,"path_taken":["M","?","?","?","?","E","M","R","T","M","E","$","M","M","R","BOSS","M","?","?","M","?","E","R","E","T","R","M","$","E","M","R","BOSS","M","$","?","M","?","E","?","M","T","E","M","?","M","M","R","BOSS","R","$","E","BOSS"],"items_purchased_type":["Relic","Relic","Relic","Relic","Potion","Relic","Relic","Card"],"build_version":"2020-12-22","purchased_purges":1,"victory":true,"max_hp_per_floor":[72,72,72,72,72,72,72,72,72,72,72,72,72,72,72,72,72,72,72,72,72,72,72,72,72,72,72,72,72,72,72,72,72,72,72,72,72,72,72,72,72,72,79,79,81,81,83,85,85,85,85,85,85,87,87],"card_choices":[{"not_picked":["WindmillStrike","Protect","BowlingBash"],"picked":"SKIP","floor":1.0},{"not_picked":["SashWhip","EmptyFist","BowlingBash"],"picked":"SKIP","floor":3.0},{"not_picked":["PathToVictory","CutThroughFate","LikeWater"],"picked":"SKIP","floor":6},{"not_picked":["PathToVictory","CutThroughFate","LikeWater"],"picked":"SKIP","floor":6},{"not_picked":["CutThroughFate","Prostrate","SashWhip"],"picked":"SKIP","floor":7},{"not_picked":["CutThroughFate","Brilliance","Tantrum"],"picked":"SKIP","floor":10},{"not_picked":["EmptyFist","ThirdEye","DeusExMachina"],"picked":"SKIP","floor":11},{"not_picked":["JustLucky","EmptyBody","WaveOfTheHand"],"picked":"SKIP","floor":13},{"not_picked":["Evaluate","EmptyFist","Brilliance"],"picked":"SKIP","floor":14},{"not_picked":["Scrawl","DeusExMachina"],"picked":"Ragnarok","floor":16},{"not_picked":["EmptyBody+1","ThirdEye"],"picked":"FlyingSleeves+1","floor":18},{"not_picked":["Protect+1","Halt"],"picked":"FlyingSleeves","floor":21},{"not_picked":["EmptyBody","CrushJoints"],"picked":"Vault","floor":23},{"not_picked":["Meditate","JustLucky"],"picked":"Consecrate+1","floor":25},{"not_picked":["Protect","Nirvana","CrushJoints"],"picked":"SKIP","floor":28},{"not_picked":["Evaluate","Wallop+1"],"picked":"DevaForm","floor":30},{"not_picked":["ThirdEye","CarveReality+1","JustLucky"],"picked":"SKIP","floor":31},{"not_picked":["FlyingSleeves+1","Protect","WheelKick+1"],"picked":"SKIP","floor":35},{"not_picked":["FlyingSleeves","Collect+1","EmptyMind+1"],"picked":"SKIP","floor":38},{"not_picked":["Collect+1","BowlingBash","Consecrate"],"picked":"SKIP","floor":40},{"not_picked":["CutThroughFate+1","WaveOfTheHand+1","EmptyFist"],"picked":"SKIP","floor":42},{"not_picked":["WaveOfTheHand","SpiritShield"],"picked":"Fasting2+1","floor":44},{"not_picked":["TalkToTheHand","FollowUp+1","FlurryOfBlows+1"],"picked":"Singing Bowl","floor":45},{"not_picked":["Crescendo+1","Consecrate","CutThroughFate"],"picked":"Singing Bowl","floor":47},{"not_picked":["WindmillStrike","ClearTheMind+1","SashWhip"],"picked":"Singing Bowl","floor":48},{"not_picked":["PathToVictory+1","WaveOfTheHand","Protect"],"picked":"Singing Bowl","floor":54}],"player_experience":327324,"relics_obtained":[{"floor":6,"key":"Juzu Bracelet"},{"floor":11,"key":"Art of War"},{"floor":23,"key":"StuffTheSpire:Experiment12"},{"floor":23,"key":"Orichalcum"},{"floor":25,"key":"Matryoshka"},{"floor":25,"key":"Bag of Marbles"},{"floor":26,"key":"Smiling Mask"},{"floor":26,"key":"Potion Belt"},{"floor":30,"key":"TeardropLocket"},{"floor":30,"key":"Pocketwatch"},{"floor":39,"key":"StuffTheSpire:Expresso"},{"floor":40,"key":"MealTicket"},{"floor":40,"key":"Happy Flower"},{"floor":43,"key":"PreservedInsect"},{"floor":43,"key":"Strawberry"},{"floor":44,"key":"Singing Bowl"},{"floor":44,"key":"relicPack:DarknessArmor"},{"floor":54,"key":"StuffTheSpire:GrapeVine"},{"floor":54,"key":"InkBottle"}],"event_choices":[{"damage_healed":0.0,"max_hp_gain":0.0,"max_hp_loss":0.0,"gold_gain":0.0,"event_name":"Accursed Blacksmith","player_choice":"Rummage","floor":2.0,"gold_loss":0.0,"damage_taken":0.0,"relics_obtained":["WarpedTongs"],"cards_obtained":["Pain"]},{"damage_healed":0,"gold_gain":0,"cards_transformed":["Strike_P"],"player_choice":"Transformed","damage_taken":0,"max_hp_gain":0,"max_hp_loss":0,"event_name":"Transmorgrifier","floor":5,"gold_loss":0,"cards_obtained":["SandsOfTime"]},{"damage_healed":0,"gold_gain":0,"player_choice":"Upgraded","damage_taken":0,"max_hp_gain":0,"max_hp_loss":0,"event_name":"Upgrade Shrine","floor":19,"gold_loss":0,"cards_upgraded":["Ragnarok"]},{"damage_healed":0,"gold_gain":0,"player_choice":"Ignored","damage_taken":0,"max_hp_gain":0,"max_hp_loss":0,"event_name":"betterNote:BetterNote","floor":20,"gold_loss":0,"cards_obtained":["Wish"]},{"damage_healed":0,"gold_gain":0,"player_choice":"Read","damage_taken":0,"max_hp_gain":0,"max_hp_loss":0,"event_name":"The Library","floor":22,"gold_loss":0,"cards_obtained":["Collect"]},{"damage_healed":0,"gold_gain":0,"cards_transformed":["Strike_P"],"player_choice":"Transformed","damage_taken":0,"max_hp_gain":0,"max_hp_loss":0,"event_name":"Transmorgrifier","floor":37,"gold_loss":0,"cards_obtained":["CrushJoints"]},{"damage_healed":0,"gold_gain":0,"player_choice":"Fight","damage_taken":0,"max_hp_gain":0,"max_hp_loss":0,"event_name":"Mysterious Sphere","floor":39,"gold_loss":0},{"cards_removed":["Defend_P"],"damage_healed":0,"gold_gain":0,"player_choice":"Removed Skill","damage_taken":0,"max_hp_gain":0,"max_hp_loss":0,"event_name":"Falling","floor":46,"gold_loss":0}],"is_beta":false,"boss_relics":[{"not_picked":["Philosopher\u0027s Stone","relicPack:KazumaCape"],"picked":"Black Star"},{"not_picked":["StuffTheSpire:RunicConfusion","StuffTheSpire:ModemDavis"],"picked":"VioletLotus"}],"items_purged_floors":[12],"is_endless":false,"potions_floor_spawned":[1,6,11,16,18,23,25,30,31,39,42,44,48],"ascension_level":0}}