{"host":"8h3glbk9j4k4ylc4","time":1610392243,"event":{"mods":["AchievementEnabler","Act Like it!","BaseMod","Colored Map","Colored Powertips","Downfall","Energized Spire","Gensokyo","Hallownest","Hermit","Hubris","Infinite Spire","Jorbs\u0027s Wanderer Trilogy","Lobotomy","Marisa????????","Minty Spire (QoL Compilation)","Replay The Spire","Somnambulant","StSLib","The Animator","The Bug Knight"],"gold_per_floor":[117,117,117,132,132,132,144,144,171,171,189,200,153,169,169,169,169],"floor_reached":16,"playtime":734,"items_purged":[],"score":92,"play_id":"04cbcd2e-fce9-433b-a007-4c4ae986dfa0","local_time":"20210111211043","is_ascension_mode":false,"campfire_choices":[{"floor":15,"key":"REST"}],"circlet_count":0,"master_deck":["SpecialBullet","SpecialBullet","SpecialBullet","SpecialBullet","SpecialBullet","SpecialBullet","SpecialBullet","SpecialBullet","InformationCode","WelfareCode","SecurityCode","Pinks","SnowQueen","Tough","CrimsonScar"],"relics":["CogitoBucket","Smiling Mask","ResearcherNote"],"acts_visited":["Exordium"],"potions_floor_usage":[16],"damage_taken":[{"damage":10,"enemies":"Small Slimes","floor":1,"turns":3},{"damage":11,"enemies":"Jaw Worm","floor":4,"turns":2},{"damage":6,"enemies":"Cultist","floor":7,"turns":3},{"damage":13,"enemies":"Red Slaver","floor":11,"turns":2},{"damage":18,"enemies":"2 Fungi Beasts","floor":12,"turns":4},{"damage":48,"enemies":"Large Slime","floor":14,"turns":5},{"damage":42,"enemies":"Fading Forest","floor":16,"turns":7}],"seed_played":"8867853081964758386","potions_obtained":[{"floor":7,"key":"SpeedPotion"},{"floor":11,"key":"SneckoOil"}],"is_trial":false,"path_per_floor":["M","?","?","M","?","R","M","R","T","R","M","M","$","M","R","B"],"character_chosen":"Angela","items_purchased":["Tough"],"campfire_rested":1,"item_purchase_floors":[13],"current_hp_per_floor":[68,68,68,65,65,65,67,67,67,67,66,64,64,24,46,26,26],"gold":169,"neow_bonus":"ONE_RANDOM_RARE_CARD","is_daily":false,"chose_seed":false,"campfire_upgraded":0,"win_rate":0.0,"timestamp":1610392243,"path_taken":["M","?","?","M","?","R","M","R","T","R","?","M","?","M","R","BOSS"],"items_purchased_type":["Card"],"build_version":"2020-12-22","purchased_purges":0,"victory":false,"max_hp_per_floor":[70,70,70,70,70,70,70,70,70,70,74,74,74,74,74,74,74],"card_choices":[{"not_picked":["Hypocrisy","Soda"],"picked":"SKIP","floor":1},{"not_picked":["LifeForTheDareDevil","BloodyDesire"],"picked":"SKIP","floor":4},{"not_picked":["Logging","TodaysExpression"],"picked":"SKIP","floor":7},{"not_picked":["Bloodbath","PunishingBird"],"picked":"SnowQueen","floor":11},{"not_picked":["Soda","CUTE"],"picked":"SKIP","floor":11},{"not_picked":["RedEyes"],"picked":"BlueScar","floor":12},{"not_picked":["RapturousDream"],"picked":"CrimsonScar","floor":14}],"player_experience":374091,"relics_obtained":[{"floor":9,"key":"Smiling Mask"}],"event_choices":[{"damage_healed":0,"gold_gain":0,"player_choice":"Leave","damage_taken":0,"max_hp_gain":0,"max_hp_loss":0,"event_name":"The Cleric","floor":2,"gold_loss":0},{"damage_healed":0,"gold_gain":0,"player_choice":"Ignored","damage_taken":0,"max_hp_gain":0,"max_hp_loss":0,"event_name":"Shining Light","floor":3,"gold_loss":0},{"damage_healed":0,"gold_gain":0,"player_choice":"Ignored","damage_taken":0,"max_hp_gain":0,"max_hp_loss":0,"event_name":"WeMeetAgain","floor":5,"gold_loss":0}],"is_beta":false,"boss_relics":[],"items_purged_floors":[],"is_endless":false,"potions_floor_spawned":[7,11],"killed_by":"Fading Forest","ascension_level":0}}