{"host":"9kesdg97wkrx2bva","time":1610386538,"event":{"mods":["AchievementEnabler","BaseMod","Colored Map","Downfall","GifTheSpireLib","Infinite Spire","Minty Spire (QoL Compilation)","Replay The Spire","StSLib"],"gold_per_floor":[110,110,35,51,16,16,16,16,43,43,56,66,101,17,17,94,94,124,136,148,170,193,205,205],"floor_reached":23,"playtime":6500,"items_purged":["Strike_B"],"score":340,"play_id":"05783ddd-7776-4155-8f79-3532888adf7f","local_time":"20210111123538","is_ascension_mode":true,"campfire_choices":[{"data":"Buffer","floor":6.0,"key":"SMITH"},{"data":"Gash","floor":8.0,"key":"SMITH"},{"data":"Zap","floor":10.0,"key":"SMITH"},{"data":"Gash","floor":15.0,"key":"SMITH"}],"circlet_count":0,"master_deck":["AscendersBane","Strike_B","Strike_B","Defend_B","Defend_B","Defend_B","Defend_B","Zap+1","Dualcast","Buffer+1","Core Surge+1","Gash+1","Storm","Glacier","Gash+1","ReplayGash","Seek","CurseOfTheBell","Streamline","infinitespire:Oblivion","Loop"],"relics":["Cracked Core","Pet Ghost","WingedGreaves","Calling Bell","MawBank","Meat on the Bone","infinitespire:Golems Mask"],"acts_visited":["Exordium","TheCity"],"potions_floor_usage":[],"damage_taken":[{"damage":12.0,"enemies":"Jaw Worm","floor":1.0,"turns":2.0},{"damage":0.0,"enemies":"2 Louse","floor":4.0,"turns":2.0},{"damage":0.0,"enemies":"Small Slimes","floor":11.0,"turns":3.0},{"damage":6.0,"enemies":"Looter","floor":12.0,"turns":3.0},{"damage":11.0,"enemies":"3 Sentries","floor":13.0,"turns":7.0},{"damage":26.0,"enemies":"Hexaghost","floor":16.0,"turns":11.0},{"damage":5.0,"enemies":"Shell Parasite","floor":18.0,"turns":7.0},{"damage":0.0,"enemies":"Spheric Guardian","floor":21.0,"turns":3.0},{"damage":18.0,"enemies":"Snecko","floor":22.0,"turns":5.0},{"damage":18,"enemies":"Slavers","floor":23,"turns":3}],"seed_played":"848503335202478172","potions_obtained":[{"floor":11.0,"key":"EntropicBrew"},{"floor":13.0,"key":"BlessingOfTheForge"},{"floor":16.0,"key":"ColorlessPotion"},{"floor":22.0,"key":"Adrenaline Potion"}],"is_trial":false,"path_per_floor":["M","?","$","M","?","R","$","R","T","R","M","M","E","$","R","B",null,"M","?","?","M","M","E"],"character_chosen":"DEFECT","items_purchased":["ReplayGash"],"campfire_rested":0,"item_purchase_floors":[14],"current_hp_per_floor":[52,52,52,52,69,69,69,69,69,69,69,63,52,52,52,26,60,55,35,15,27,21,3,3],"gold":205,"neow_bonus":"TRANSFORM_CARD","is_daily":false,"chose_seed":false,"campfire_upgraded":4,"win_rate":0.0,"timestamp":1610386538,"path_taken":["M","?","$","M","?","R","$","R","T","R","M","M","E","?","R","BOSS","M","?","?","M","M","E"],"items_purchased_type":["Card"],"build_version":"2020-12-22","purchased_purges":1,"victory":false,"max_hp_per_floor":[71,71,71,71,71,71,71,71,71,71,71,71,71,71,71,71,71,71,76,76,76,76,76,76],"card_choices":[{"not_picked":["Fusion","ReplayTheSpireMod:Repulse"],"picked":"Ball Lightning","floor":1.0},{"not_picked":["Stack","FIFO Queue"],"picked":"Gash","floor":4.0},{"not_picked":["FTL","BasicCrystalCard"],"picked":"Storm","floor":11.0},{"not_picked":["Glacier","Skim","ReplayRNGCard"],"picked":"SKIP","floor":12.0},{"not_picked":["Skim","ReplayRNGCard"],"picked":"Glacier","floor":12.0},{"not_picked":["Reboot","Redo"],"picked":"Gash","floor":13.0},{"not_picked":["Fission","Biased Cognition"],"picked":"Seek","floor":16.0},{"not_picked":["Panic Button","Double Energy+1"],"picked":"Streamline","floor":18.0},{"not_picked":["ReplayTheSpireMod:Black Plague","infinitespire:Execution"],"picked":"infinitespire:Oblivion","floor":20.0},{"not_picked":["Conserve Battery","Glacier"],"picked":"Loop","floor":21.0},{"not_picked":["Sweeping Beam","Hologram","Turbo+1"],"picked":"SKIP","floor":22.0}],"player_experience":916860,"relics_obtained":[{"floor":9.0,"key":"Pet Ghost"},{"floor":13.0,"key":"WingedGreaves"},{"floor":17.0,"key":"MawBank"},{"floor":17.0,"key":"Meat on the Bone"},{"floor":17.0,"key":"infinitespire:Golems Mask"}],"event_choices":[{"damage_healed":17.0,"max_hp_gain":0.0,"max_hp_loss":0.0,"gold_gain":0.0,"event_name":"The Cleric","player_choice":"Healed","floor":5.0,"gold_loss":35.0,"damage_taken":0.0},{"damage_healed":0.0,"max_hp_gain":5.0,"max_hp_loss":0.0,"gold_gain":0.0,"event_name":"Forgotten Altar","player_choice":"Shed Blood","floor":19.0,"gold_loss":0.0,"damage_taken":25.0}],"is_beta":false,"boss_relics":[{"not_picked":["Runic Pyramid","Honey Jar"],"picked":"Calling Bell"}],"items_purged_floors":[3],"is_endless":false,"potions_floor_spawned":[11,12,13,16,22],"killed_by":"Slavers","ascension_level":16}}