{"host":"dm4yvegl9um2tlqd","time":1610369374,"event":{"mods":["2.2 Compatiblity","AchievementEnabler","BaseMod","Colored Map","DeckTracker","Highlight Path","KOR Keyword Fix","Keyboard Shortcuts","Minty Spire (QoL Compilation)","Permanent Neow","Quick Restart","Random Character Button","StSLib","SuperFastMode","everything is the same but u backflip on backflip"],"gold_per_floor":[13,27,41,28,40,40,40,40],"floor_reached":7,"playtime":354,"items_purged":[],"score":52,"play_id":"22686c30-900f-436d-8105-ff75c44da68d","local_time":"20210111214934","is_ascension_mode":true,"campfire_choices":[{"data":"Entrench","floor":6,"key":"SMITH"}],"circlet_count":0,"master_deck":["Strike_R","Strike_R","Strike_R","Defend_R","Defend_R","Defend_R","Defend_R","Bash","Ghostly Armor","Entrench+1","Pummel","Dark Embrace","Seeing Red"],"relics":["Burning Blood"],"acts_visited":["Exordium"],"potions_floor_usage":[5,7],"damage_taken":[{"damage":6,"enemies":"Jaw Worm","floor":1,"turns":5},{"damage":5,"enemies":"Cultist","floor":2,"turns":5},{"damage":1,"enemies":"2 Louse","floor":3,"turns":3},{"damage":12,"enemies":"Exordium Thugs","floor":4,"turns":4},{"damage":14,"enemies":"Gremlin Gang","floor":5,"turns":7},{"damage":25,"enemies":"Lagavulin","floor":7,"turns":10}],"seed_played":"-5161228486778308432","potions_obtained":[{"floor":1,"key":"ColorlessPotion"},{"floor":2,"key":"DuplicationPotion"}],"is_trial":false,"path_per_floor":["M","M","M","M","M","R","E"],"character_chosen":"IRONCLAD","items_purchased":[],"campfire_rested":0,"item_purchase_floors":[],"current_hp_per_floor":[80,80,80,74,66,66,41,41],"gold":40,"neow_bonus":"REMOVE_TWO","is_daily":false,"chose_seed":false,"campfire_upgraded":1,"win_rate":0.0,"timestamp":1610369374,"path_taken":["M","M","M","M","M","R","E"],"items_purchased_type":[],"build_version":"2020-12-22","purchased_purges":0,"victory":false,"max_hp_per_floor":[80,80,80,80,80,80,80,80],"card_choices":[{"not_picked":["Clothesline","Thunderclap"],"picked":"Ghostly Armor","floor":1},{"not_picked":["Thunderclap","Clash"],"picked":"Entrench","floor":2},{"not_picked":["Twin Strike","Inflame"],"picked":"Pummel","floor":3},{"not_picked":["Feel No Pain","Intimidate"],"picked":"Dark Embrace","floor":4},{"not_picked":["Blood for Blood","Combust"],"picked":"Seeing Red","floor":5}],"player_experience":25853,"relics_obtained":[],"event_choices":[],"is_beta":false,"boss_relics":[],"items_purged_floors":[],"is_endless":false,"potions_floor_spawned":[1,2],"killed_by":"Lagavulin","ascension_level":3}}