{"host":"p1xsuo25udtrkbq2","time":1610338199,"event":{"mods":["BaseMod","Colored Map","Highlight Path","Minty Spire (QoL Compilation)","Rare Cards Sparkle","Relic Stats","Slay the Relics Exporter","StSLib","everything is the same but u backflip on backflip"],"gold_per_floor":[114,128,148,160,125,153,153,186,198,210,210],"floor_reached":10,"playtime":1231,"items_purged":[],"score":129,"play_id":"0bb29386-09ba-4f8a-bf28-97d9a73354d9","local_time":"20210110230959","is_ascension_mode":true,"campfire_choices":[{"floor":7,"key":"REST"}],"circlet_count":0,"master_deck":["AscendersBane","Strike_R","Strike_R","Strike_R","Strike_R","Strike_R","Defend_R","Defend_R","Defend_R","Defend_R","Bash","Inflame","Warcry","Metallicize","True Grit","Corruption","Pommel Strike"],"relics":["Black Star","Tiny Chest","Shuriken","Boot","MawBank","Darkstone Periapt"],"acts_visited":["Exordium"],"potions_floor_usage":[6],"damage_taken":[{"damage":1,"enemies":"Cultist","floor":1,"turns":4},{"damage":1,"enemies":"2 Louse","floor":2,"turns":3},{"damage":2,"enemies":"Jaw Worm","floor":3,"turns":3},{"damage":18,"enemies":"Blue Slaver","floor":4,"turns":5},{"damage":36,"enemies":"Gremlin Nob","floor":6,"turns":5},{"damage":48,"enemies":"Lagavulin","floor":8,"turns":11},{"damage":13,"enemies":"3 Sentries","floor":10,"turns":2}],"seed_played":"-1487468281697219439","potions_obtained":[{"floor":3,"key":"PowerPotion"},{"floor":4,"key":"Ancient Potion"}],"is_trial":false,"path_per_floor":["M","M","M","M","?","E","R","E","T","E"],"character_chosen":"IRONCLAD","items_purchased":[],"campfire_rested":1,"item_purchase_floors":[],"current_hp_per_floor":[71,70,68,50,70,34,58,10,10,0,0],"gold":210,"neow_bonus":"BOSS_RELIC","is_daily":false,"chose_seed":false,"campfire_upgraded":0,"win_rate":0.0,"timestamp":1610338199,"path_taken":["M","M","M","?","?","E","R","E","T","E"],"items_purchased_type":[],"build_version":"2020-12-22","purchased_purges":0,"victory":false,"max_hp_per_floor":[80,80,80,80,80,80,80,80,80,80,80],"relic_stats":{"Darkstone Periapt":0,"counters":[7,33],"Shuriken":[1],"Tiny Chest":0,"Black Star":2,"Boot":[0],"MawBank":24,"obtain_stats":[{"Darkstone Periapt":9,"Shuriken":6,"Tiny Chest":6,"Black Star":0,"Boot":8,"MawBank":8,"Burning Blood":0},{"Darkstone Periapt":6,"Shuriken":5,"Tiny Chest":5,"Black Star":0,"Boot":6,"MawBank":6,"Burning Blood":0},{"Darkstone Periapt":31,"Shuriken":20,"Tiny Chest":20,"Black Star":0,"Boot":31,"MawBank":31,"Burning Blood":0}]},"card_choices":[{"not_picked":["Wild Strike","Cleave"],"picked":"Inflame","floor":1},{"not_picked":["Clash","Twin Strike"],"picked":"Warcry","floor":2},{"not_picked":["Headbutt","Second Wind"],"picked":"Metallicize","floor":3},{"not_picked":["Clash","Blood for Blood"],"picked":"True Grit","floor":4},{"not_picked":["Rupture","Sword Boomerang"],"picked":"Corruption","floor":6},{"not_picked":["True Grit","Clothesline"],"picked":"Pommel Strike","floor":8}],"player_experience":884493,"relics_obtained":[{"floor":6,"key":"Tiny Chest"},{"floor":6,"key":"Shuriken"},{"floor":8,"key":"Boot"},{"floor":8,"key":"MawBank"},{"floor":9,"key":"Darkstone Periapt"}],"event_choices":[{"damage_healed":20,"gold_gain":0,"player_choice":"Healed","damage_taken":0,"max_hp_gain":0,"max_hp_loss":0,"event_name":"The Cleric","floor":5,"gold_loss":35}],"is_beta":false,"boss_relics":[],"items_purged_floors":[],"is_endless":false,"potions_floor_spawned":[3,4],"killed_by":"3 Sentries","ascension_level":13}}