{"host":"i7jfea87xc8lz16p","time":1610407805,"event":{"mods":["AchievementEnabler","BaseMod","Colored Powertips","Minty Spire (QoL Compilation)","Relic Stats"],"gold_per_floor":[110,127,127,127,8,46,46,90,90,90,90,115,135,158,158,158,158],"floor_reached":16,"playtime":551,"items_purged":["Strike_G"],"score":270,"play_id":"7879bad3-7d36-4454-9c69-31d5467d9547","local_time":"20210112003005","is_ascension_mode":true,"campfire_choices":[{"data":"Eviscerate","floor":7,"key":"SMITH"},{"floor":11,"key":"REST"},{"data":"Footwork","floor":15,"key":"SMITH"}],"circlet_count":0,"master_deck":["AscendersBane","Strike_G","Strike_G","Strike_G","Defend_G","Defend_G","Defend_G","Defend_G","Defend_G","Survivor","Neutralize","Eviscerate+1","Flying Knee","Leg Sweep","Footwork+1","Noxious Fumes","Dagger Throw","Catalyst"],"relics":["Ring of the Snake","NeowsBlessing","Golden Idol","Ninja Scroll","Sundial","Mummified Hand","Matryoshka"],"acts_visited":["Exordium"],"potions_floor_usage":[16,16],"damage_taken":[{"damage":0,"enemies":"Jaw Worm","floor":1,"turns":1},{"damage":0,"enemies":"Small Slimes","floor":2,"turns":1},{"damage":0,"enemies":"Lagavulin","floor":6,"turns":1},{"damage":18,"enemies":"Gremlin Nob","floor":8,"turns":4},{"damage":0,"enemies":"Cultist","floor":12,"turns":3},{"damage":0,"enemies":"2 Fungi Beasts","floor":13,"turns":2},{"damage":3,"enemies":"3 Louse","floor":14,"turns":5},{"damage":42,"enemies":"Slime Boss","floor":16,"turns":8}],"seed_played":"-8506360201126497403","potions_obtained":[{"floor":1,"key":"Energy Potion"},{"floor":2,"key":"Explosive Potion"}],"is_trial":false,"path_per_floor":["M","M","?","?","$","E","R","E","T","?","R","M","M","M","R","B"],"character_chosen":"THE_SILENT","items_purchased":["Leg Sweep"],"campfire_rested":1,"item_purchase_floors":[5],"current_hp_per_floor":[59,59,59,41,41,41,41,23,23,23,41,41,41,38,38,0,0],"gold":158,"neow_bonus":"THREE_ENEMY_KILL","is_daily":false,"chose_seed":false,"campfire_upgraded":2,"win_rate":0.0,"timestamp":1610407805,"path_taken":["M","M","?","?","$","E","R","E","T","?","R","M","M","?","R","BOSS"],"items_purchased_type":["Card"],"build_version":"2020-12-22","purchased_purges":1,"victory":false,"max_hp_per_floor":[66,66,60,60,60,60,60,60,60,60,60,60,60,60,60,60,60],"relic_stats":{"counters":[8,25],"Golden Idol":31,"Sundial":[2],"Mummified Hand":[4],"obtain_stats":[{"Matryoshka":9,"NeowsBlessing":0,"Golden Idol":3,"Ninja Scroll":4,"Sundial":6,"Mummified Hand":8,"Ring of the Snake":0},{"Matryoshka":4,"NeowsBlessing":0,"Golden Idol":2,"Ninja Scroll":2,"Sundial":3,"Mummified Hand":4,"Ring of the Snake":0},{"Matryoshka":7,"NeowsBlessing":0,"Golden Idol":2,"Ninja Scroll":2,"Sundial":3,"Mummified Hand":7,"Ring of the Snake":0}],"Ring of the Snake":[16]},"card_choices":[{"not_picked":["Blur","Backflip"],"picked":"Eviscerate","floor":1},{"not_picked":["Quick Slash","Deflect"],"picked":"Flying Knee","floor":2},{"not_picked":["Cloak And Dagger","Venomology","Sucker Punch"],"picked":"SKIP","floor":6},{"not_picked":["Crippling Poison","Dash"],"picked":"Footwork","floor":8},{"not_picked":["Deadly Poison","Cloak And Dagger"],"picked":"Noxious Fumes","floor":12},{"not_picked":["Accuracy","Blade Dance"],"picked":"Dagger Throw","floor":13},{"not_picked":["Accuracy","Deadly Poison"],"picked":"Catalyst","floor":14}],"player_experience":1747456,"relics_obtained":[{"floor":6,"key":"Sundial"},{"floor":8,"key":"Mummified Hand"},{"floor":9,"key":"Matryoshka"}],"event_choices":[{"damage_healed":0,"gold_gain":0,"player_choice":"Lose Max HP","damage_taken":0,"relics_obtained":["Golden Idol"],"max_hp_gain":0,"max_hp_loss":6,"event_name":"Golden Idol","floor":3,"gold_loss":0},{"damage_healed":0,"gold_gain":0,"player_choice":"Success","damage_taken":18,"relics_obtained":["Ninja Scroll"],"max_hp_gain":0,"max_hp_loss":0,"event_name":"Scrap Ooze","floor":4,"gold_loss":0},{"cards_removed":["Strike_G"],"damage_healed":0,"gold_gain":0,"player_choice":"Purged","damage_taken":0,"max_hp_gain":0,"max_hp_loss":0,"event_name":"Purifier","floor":10,"gold_loss":0}],"is_beta":false,"boss_relics":[],"items_purged_floors":[5],"is_endless":false,"potions_floor_spawned":[1,2,8],"killed_by":"Slime Boss","ascension_level":20}}