{"host":"7gewg82ormp6yt4e","time":1610374940,"event":{"mods":["BaseMod","Block Reminder","Colored Map","Colored Powertips","DeckTracker","Highlight Path","Minty Spire (QoL Compilation)","Relic Stats","StSLib","ojb\u0027s Info Mod"],"gold_per_floor":[11,11,11,11,29,29,54,19,98,139,154,154,178,203,203,292,292,306,306,71,91,1,40,58,98,98,98,98,129,147,163,163,163,163],"floor_reached":33,"playtime":1386,"items_purged":[],"score":664,"play_id":"e4a77bcd-cd87-41ff-8c66-56f96216b809","local_time":"20210111232220","is_ascension_mode":true,"campfire_choices":[{"data":"Sunder","floor":6.0,"key":"SMITH"},{"data":"Chaos","floor":12.0,"key":"SMITH"},{"floor":15.0,"key":"REST"},{"data":"Hyperbeam","floor":27.0,"key":"SMITH"},{"floor":32,"key":"REST"}],"circlet_count":0,"master_deck":["AscendersBane","Strike_B","Defend_B+1","Defend_B","Defend_B","Defend_B","Zap","Dualcast","Blizzard+1","White Noise","Chaos+1","Sunder+1","Ball Lightning","Coolheaded","Hyperbeam+1","Go for the Eyes","Doom and Gloom","Seek","Hologram","Chaos+1","Finesse","Fusion+1","Hologram","Multi-Cast","Hologram","Aggregate","Defragment"],"relics":["Cracked Core","Golden Idol","Letter Opener","PreservedInsect","Nuclear Battery","Chemical X","Boot","Anchor","Potion Belt"],"acts_visited":["Exordium","TheCity"],"potions_floor_usage":[29,29,33],"damage_taken":[{"damage":1.0,"enemies":"Cultist","floor":1.0,"turns":3.0},{"damage":12.0,"enemies":"Jaw Worm","floor":5.0,"turns":2.0},{"damage":0.0,"enemies":"2 Louse","floor":7.0,"turns":1.0},{"damage":24.0,"enemies":"Gremlin Nob","floor":10.0,"turns":4.0},{"damage":1.0,"enemies":"Blue Slaver","floor":11.0,"turns":3.0},{"damage":0.0,"enemies":"3 Louse","floor":13.0,"turns":2.0},{"damage":17.0,"enemies":"Exordium Thugs","floor":14.0,"turns":3.0},{"damage":8.0,"enemies":"Hexaghost","floor":16.0,"turns":8.0},{"damage":1.0,"enemies":"Spheric Guardian","floor":18.0,"turns":3.0},{"damage":6.0,"enemies":"2 Thieves","floor":21.0,"turns":3.0},{"damage":2.0,"enemies":"Slavers","floor":23.0,"turns":2.0},{"damage":15.0,"enemies":"Snake Plant","floor":24.0,"turns":3.0},{"damage":0.0,"enemies":"Gremlin Leader","floor":25.0,"turns":5.0},{"damage":4,"enemies":"Book of Stabbing","floor":29,"turns":3},{"damage":7,"enemies":"Cultist and Chosen","floor":30,"turns":3},{"damage":0,"enemies":"Chosen and Byrds","floor":31,"turns":2},{"damage":51,"enemies":"Automaton","floor":33,"turns":6}],"seed_played":"-133481497135517448","potions_obtained":[{"floor":5.0,"key":"Weak Potion"},{"floor":7.0,"key":"SpeedPotion"},{"floor":13.0,"key":"BlessingOfTheForge"},{"floor":16.0,"key":"Fire Potion"},{"floor":25.0,"key":"PowerPotion"},{"floor":29,"key":"Energy Potion"},{"floor":31,"key":"Fruit Juice"}],"is_trial":false,"path_per_floor":["M","?","?","?","M","R","M","?","T","E","M","R","M","M","R","B",null,"M","?","$","M","$","E","M","E","T","R","?","E","M","M","R","B"],"character_chosen":"DEFECT","items_purchased":["Chemical X","DuplicationPotion","Finesse"],"campfire_rested":2,"item_purchase_floors":[20,20,22],"current_hp_per_floor":[63,63,44,44,32,32,32,48,48,24,23,23,23,6,25,17,52,51,51,51,45,45,43,28,28,28,28,28,24,17,17,36,0,0],"gold":163,"neow_bonus":"TRANSFORM_TWO_CARDS","is_daily":false,"chose_seed":false,"campfire_upgraded":3,"win_rate":0.0,"timestamp":1610374940,"path_taken":["M","?","?","?","M","R","M","?","T","E","M","R","M","?","R","BOSS","M","?","?","M","?","E","M","E","T","R","?","E","M","?","R","BOSS"],"items_purchased_type":["Relic","Potion","Card"],"build_version":"2020-12-22","purchased_purges":0,"victory":false,"max_hp_per_floor":[71,64,64,64,64,64,64,64,64,64,64,64,64,64,64,64,64,64,64,64,64,64,64,64,64,64,64,64,64,64,64,64,69,69],"relic_stats":{"counters":[17,56],"Golden Idol":88,"PreservedInsect":128,"Letter Opener":[173],"Chemical X":[4],"Boot":[6],"obtain_stats":[{"Potion Belt":29,"Anchor":25,"Golden Idol":2,"PreservedInsect":10,"Letter Opener":9,"Chemical X":20,"Cracked Core":0,"Boot":23,"Nuclear Battery":17},{"Potion Belt":14,"Anchor":13,"Golden Idol":1,"PreservedInsect":4,"Letter Opener":3,"Chemical X":9,"Cracked Core":0,"Boot":11,"Nuclear Battery":8},{"Potion Belt":45,"Anchor":42,"Golden Idol":3,"PreservedInsect":10,"Letter Opener":6,"Chemical X":29,"Cracked Core":0,"Boot":34,"Nuclear Battery":26}]},"card_choices":[{"not_picked":["Compile Driver","Rebound"],"picked":"Chaos","floor":1.0},{"not_picked":["Turbo","White Noise"],"picked":"Ball Lightning","floor":5.0},{"not_picked":["Undo","Stack"],"picked":"Coolheaded","floor":7.0},{"not_picked":["Streamline","Heatsinks","Compile Driver"],"picked":"SKIP","floor":10.0},{"not_picked":["Gash","Hologram"],"picked":"Hyperbeam","floor":11.0},{"not_picked":["Auto Shields","Gash"],"picked":"Go for the Eyes","floor":13.0},{"not_picked":["Recycle","Rebound"],"picked":"Doom and Gloom","floor":14.0},{"not_picked":["Reboot","Meteor Strike"],"picked":"Seek","floor":16.0},{"not_picked":["Ball Lightning","BootSequence"],"picked":"Hologram","floor":18.0},{"not_picked":["Consume+1","Gash","Compile Driver"],"picked":"SKIP","floor":21.0},{"not_picked":["Beam Cell","Darkness","Creative AI"],"picked":"SKIP","floor":23.0},{"not_picked":["Gash","Skim"],"picked":"Fusion+1","floor":24.0},{"not_picked":["Barrage","Consume"],"picked":"Hologram","floor":25.0},{"not_picked":["Barrage","Tempest"],"picked":"Aggregate","floor":29},{"not_picked":["Lockon","Recycle"],"picked":"Defragment","floor":30},{"not_picked":["Stack+1","Barrage","Recycle"],"picked":"SKIP","floor":31}],"player_experience":2549641,"relics_obtained":[{"floor":9.0,"key":"Letter Opener"},{"floor":10.0,"key":"PreservedInsect"},{"floor":23.0,"key":"Boot"},{"floor":25.0,"key":"Anchor"},{"floor":29,"key":"Potion Belt"}],"event_choices":[{"damage_healed":0.0,"max_hp_gain":0.0,"max_hp_loss":7.0,"gold_gain":0.0,"event_name":"Golden Idol","player_choice":"Lose Max HP","floor":2.0,"gold_loss":0.0,"damage_taken":0.0,"relics_obtained":["Golden Idol"]},{"damage_healed":0.0,"max_hp_gain":0.0,"max_hp_loss":0.0,"gold_gain":0.0,"event_name":"Shining Light","player_choice":"Entered Light","floor":3.0,"gold_loss":0.0,"damage_taken":19.0,"cards_upgraded":["Defend_B","Blizzard"]},{"damage_healed":0.0,"max_hp_gain":0.0,"max_hp_loss":0.0,"gold_gain":0.0,"cards_transformed":["Strike_B"],"event_name":"Living Wall","player_choice":"Change","floor":4.0,"gold_loss":0.0,"damage_taken":0.0,"cards_obtained":["Sunder"]},{"damage_healed":16.0,"max_hp_gain":0.0,"max_hp_loss":0.0,"gold_gain":0.0,"event_name":"The Cleric","player_choice":"Healed","floor":8.0,"gold_loss":35.0,"damage_taken":0.0},{"damage_healed":0.0,"max_hp_gain":0.0,"max_hp_loss":0.0,"gold_gain":0.0,"event_name":"Duplicator","player_choice":"Copied","floor":19.0,"gold_loss":0.0,"damage_taken":0.0,"cards_obtained":["Chaos"]},{"damage_healed":0,"gold_gain":0,"player_choice":"2 cards matched","damage_taken":0,"max_hp_gain":0,"max_hp_loss":0,"event_name":"Match and Keep!","floor":28,"gold_loss":0,"cards_obtained":["Multi-Cast","Hologram"]}],"is_beta":false,"boss_relics":[{"not_picked":["SacredBark","Busted Crown"],"picked":"Nuclear Battery"}],"items_purged_floors":[],"is_endless":false,"potions_floor_spawned":[5,7,13,16,21,25,29,31],"killed_by":"Automaton","ascension_level":20}}