{"host":"g3bty4prdobmknyh","time":1610334792,"event":{"mods":["Act Like it!","Aspiration","BaseMod","Hermit","Minty Spire (QoL Compilation)","Pale of the Ancients","Replay The Spire","StSLib","The Blackbeard","The Hierophant","The Jungle"],"gold_per_floor":[114,114,114,148,198,540,540,573,598,650,650,400,400,195,195,311,311,334,334,363,178,178,218,245,245,245,245,305,80,138,167,167,293,293,334,363,439,239,264,264,264,308,358,424,424,349,349,349,349,367,391,444,444,169,169,232,232,232,232,270,270],"floor_reached":60,"playtime":3764,"items_purged":[],"score":957,"play_id":"6ad0967c-1c87-4d44-af41-2439320cc26e","local_time":"20210110221312","daily_mods":["Shiny","Flight","Terminal"],"is_ascension_mode":false,"campfire_choices":[{"floor":7.0,"key":"REST"},{"data":"Phantasmal Killer","floor":13.0,"key":"SMITH"},{"data":"Glass Knife","floor":15.0,"key":"SMITH"},{"floor":25.0,"key":"DIG"},{"floor":40,"key":"DIG"},{"floor":45,"key":"REST"},{"floor":49,"key":"DIG"},{"floor":55,"key":"DIG"},{"floor":57,"key":"DIG"}],"circlet_count":0,"master_deck":["Corpse Explosion","Die Die Die","Atom Bomb","ReplayTheSpireMod:From All Sides","Adrenaline","Envenom","Doppelganger","Wraith Form v2","After Image+1","Poison Darts","A Thousand Cuts","Venomology+1","Replay:Bag of Tricks","Malaise+1","Phantasmal Killer+1","aspiration:Lunge","Night Terror","Unload","Bullet Time","Storm of Steel+1","Glass Knife+1","Grand Finale","All Out Attack","Slice","Pot Of Greed","Pot Of Greed","Leg Sweep+1","Noxious Fumes+1","Phantasmal Killer+1","CurseOfTheBell","Writhe","ReplayTheSpireMod:Tripwire+1","Footwork+1","Replay:Bag of Tricks+1","Cloak And Dagger+1","Adrenaline+1","Skewer+1","PanicButton+1","Heel Hook+1","Infinite Blades+1","Bane+1","Dash+1","Jack Of All Trades+1","Enlightenment+1","Draining Mist+1","Flechettes+1"],"relics":["Ring of the Snake","Replay:Bandana","Old Coin","Grinning Jar","Garlic","Singing Bowl","Snake Skull","Calling Bell","Bag of Preparation","Matryoshka","Vampiric Spirits","Shovel","theJungle:Creamberry","Gambling Chip","Prayer Wheel","Gremlin Horn","Replay:Mystery Machine","TungstenRod","Pantograph","Membership Card","Boot","Blue Doll","Astrolabe","Incense Burner","Chemical X","Kunai","Akabeko","Replay:Wax Seal","Potion Belt","Gremlin Food","aspiration:Lifesprig","aspiration:FetidBarrel","paleoftheancients:Timepiece","Ice Cream","paleoftheancients:SoulOfTheSilent","Ring of Fury","Anchor","Toolbox","Ornamental Fan","War Paint","Ginger"],"acts_visited":["Exordium","theJungle:Jungle","TheBeyond","TheBeyond"],"potions_floor_usage":[42,50,51,51,52,52,60,60,60,60],"damage_taken":[{"damage":3.0,"enemies":"Small Slimes","floor":1.0,"turns":2.0},{"damage":0.0,"enemies":"3 Sentries","floor":6.0,"turns":2.0},{"damage":0.0,"enemies":"2 Louse","floor":8.0,"turns":1.0},{"damage":12.0,"enemies":"Replay:BlueRogue","floor":10.0,"turns":4.0},{"damage":13.0,"enemies":"The Guardian","floor":16.0,"turns":6.0},{"damage":0.0,"enemies":"Shell Parasite","floor":18.0,"turns":1.0},{"damage":0.0,"enemies":"theJungle:GiantWrat","floor":20.0,"turns":2.0},{"damage":13.0,"enemies":"theJungle:2_Phrogs","floor":23.0,"turns":3.0},{"damage":4.0,"enemies":"theJungle:2_Snecko_Cultists","floor":24.0,"turns":2.0},{"damage":0.0,"enemies":"theJungle:MamaSnecko","floor":28.0,"turns":3.0},{"damage":5.0,"enemies":"theJungle:2_Phrogs","floor":30.0,"turns":3.0},{"damage":3.0,"enemies":"theJungle:2_Flameangoes","floor":31.0,"turns":4.0},{"damage":22.0,"enemies":"theJungle:TotemBoss","floor":33.0,"turns":6.0},{"damage":0,"enemies":"Orb Walker","floor":35,"turns":3},{"damage":4,"enemies":"3 Darklings","floor":36,"turns":3},{"damage":11,"enemies":"2 Orb Walkers","floor":37,"turns":3},{"damage":0,"enemies":"Writhing Mass","floor":39,"turns":2},{"damage":2,"enemies":"R_Hoarder","floor":42,"turns":5},{"damage":23,"enemies":"Nemesis","floor":44,"turns":5},{"damage":4,"enemies":"Replay:Hell Engine","floor":50,"turns":6},{"damage":41,"enemies":"Replay:Hell Engine","floor":51,"turns":3},{"damage":35,"enemies":"Replay:Hell Engine","floor":52,"turns":5},{"damage":0,"enemies":"Replay:Hell Engine","floor":56,"turns":5},{"damage":64,"enemies":"paleoftheancients:N","floor":60,"turns":8}],"seed_played":"579003938715623652","potions_obtained":[{"floor":4.0,"key":"DuplicationPotion"},{"floor":4.0,"key":"Fire Potion"},{"floor":4.0,"key":"Weak Potion"},{"floor":24.0,"key":"Languid Potion"},{"floor":28.0,"key":"SteroidPotion"},{"floor":39,"key":"SkillPotion"},{"floor":42,"key":"Regen Potion"},{"floor":44,"key":"Block Potion"},{"floor":52,"key":"PowerPotion"}],"is_trial":false,"path_per_floor":["M","?","?","?","T","E","R","M","T","E","?","$","R","$","R","B",null,"M","?","M","?","?","E","M","R","T","$","E","$","E","M","R","B",null,"M","M","?","$","M","R","?","E","T","E","R","$","$","?","R","B","M","M","?","$","R","M","R","$","?","B"],"character_chosen":"THE_SILENT","items_purchased":["Singing Bowl","Snake Skull","Noxious Fumes+1","Membership Card","Boot","Chemical X","Kunai","aspiration:Lifesprig","Anchor","Toolbox","Ornamental Fan"],"campfire_rested":2,"item_purchase_floors":[12,14,14,29,29,38,38,46,54,54,54],"current_hp_per_floor":[66,66,66,40,40,40,58,58,58,46,46,46,46,46,46,33,52,53,52,53,52,51,38,50,50,50,50,49,48,43,42,47,25,45,46,46,35,35,40,40,36,42,42,23,36,36,36,36,36,39,38,29,29,29,29,39,38,37,36,0,0],"gold":270,"neow_bonus":"","is_daily":true,"chose_seed":false,"campfire_upgraded":2,"win_rate":0.0,"timestamp":1610334792,"path_taken":["M","?","?","?","?","E","R","?","T","E","?","?","R","$","R","BOSS","M","?","M","?","?","E","?","R","T","?","E","$","E","M","R","BOSS","M","M","?","$","M","R","?","E","T","E","R","$","$","?","R","BOSS","M","M","?","$","R","M","R","$","?","BOSS"],"items_purchased_type":["Relic","Relic","Card","Relic","Relic","Relic","Relic","Relic","Relic","Relic","Relic"],"build_version":"2020-12-22","purchased_purges":0,"victory":false,"max_hp_per_floor":[68,67,66,65,64,63,62,61,60,59,58,57,56,55,54,53,52,53,52,53,52,51,50,53,52,51,50,49,48,47,48,47,46,45,46,49,48,47,48,47,46,47,46,45,44,43,42,41,40,39,38,39,38,37,36,39,38,37,36,36,36],"card_choices":[{"not_picked":["Dagger Spray","ReplayTheSpireMod:Exploit Weakness","Acrobatics"],"picked":"SKIP","floor":1.0},{"not_picked":["Underhanded Strike","Prepared"],"picked":"All Out Attack","floor":4.0},{"not_picked":["Cloak And Dagger","Acrobatics"],"picked":"Slice","floor":6.0},{"not_picked":["Tactician","Toxin Wave","Blade Dance"],"picked":"SKIP","floor":8.0},{"not_picked":["Night Terror","Sucker Punch"],"picked":"Leg Sweep","floor":10.0},{"not_picked":["Malaise","Bullet Time"],"picked":"Phantasmal Killer","floor":16.0},{"not_picked":["Infinite Blades","Backflip+1","Footwork"],"picked":"Singing Bowl","floor":18.0},{"not_picked":["Distraction","Dagger Spray","Slice+1"],"picked":"Singing Bowl","floor":20.0},{"not_picked":["Dagger Spray","Slice+1"],"picked":"ReplayTheSpireMod:Tripwire+1","floor":23.0},{"not_picked":["Leg Sweep+1","Noxious Fumes+1","Outmaneuver"],"picked":"Singing Bowl","floor":24.0},{"not_picked":["ReplayTheSpireMod:Speed Training+1","Deflect","Expertise+1"],"picked":"Singing Bowl","floor":24.0},{"not_picked":["Poisoned Stab+1","Infinite Blades+1"],"picked":"Footwork+1","floor":28.0},{"not_picked":["Well Laid Plans+1","Acrobatics+1"],"picked":"Replay:Bag of Tricks+1","floor":30.0},{"not_picked":["All Out Attack+1","Choke+1"],"picked":"Cloak And Dagger+1","floor":31.0},{"not_picked":["Dagger Throw+1","Blur+1","Underhanded Strike"],"picked":"Singing Bowl","floor":31.0},{"not_picked":["Glass Knife+1","Bullet Time+1"],"picked":"Adrenaline+1","floor":33.0},{"not_picked":["Calculated Gamble+1","Escape Plan+1","Slice+1"],"picked":"Singing Bowl","floor":35},{"not_picked":["Blade Dance+1","Replay:Poison Smokescreen+1"],"picked":"Infinite Blades+1","floor":35},{"not_picked":["Flying Knee+1","ReplayTheSpireMod:Exploit Weakness+1","Underhanded Strike"],"picked":"Singing Bowl","floor":36},{"not_picked":["Underhanded Strike","Blur+1","Acrobatics"],"picked":"Singing Bowl","floor":36},{"not_picked":["Dagger Spray+1","Dodge and Roll+1"],"picked":"Bane+1","floor":37},{"not_picked":["Dagger Throw","Slice"],"picked":"Dash+1","floor":39},{"not_picked":["Escape Plan+1","Sucker Punch","PiercingWail"],"picked":"Singing Bowl","floor":39},{"not_picked":["Replay:Sssssssssstrike+1","Replay:Bootleg Shield Generator+1"],"picked":"Jack Of All Trades+1","floor":41},{"not_picked":["Metamorphosis+1","Chrysalis+1"],"picked":"Enlightenment+1","floor":41},{"not_picked":["Heel Hook+1","Slice+1","Quick Slash"],"picked":"Singing Bowl","floor":42},{"not_picked":["Quick Slash+1","Flying Knee+1"],"picked":"Draining Mist+1","floor":44},{"not_picked":["Deadly Poison","Blade Dance+1"],"picked":"Flechettes+1","floor":52},{"not_picked":["ReplayTheSpireMod:The Works+1","Masterful Stab+1","PiercingWail"],"picked":"Singing Bowl","floor":52},{"not_picked":["ReplayTheSpireMod:The Works+1","Quick Slash","ReplayTheSpireMod:Speed Training+1"],"picked":"Singing Bowl","floor":56},{"not_picked":["Slice","Eviscerate+1","Underhanded Strike"],"picked":"Singing Bowl","floor":56}],"player_experience":943133,"relics_obtained":[{"floor":5.0,"key":"Replay:Bandana"},{"floor":6.0,"key":"Old Coin"},{"floor":9.0,"key":"Grinning Jar"},{"floor":10.0,"key":"Garlic"},{"floor":17.0,"key":"Bag of Preparation"},{"floor":17.0,"key":"Matryoshka"},{"floor":17.0,"key":"Vampiric Spirits"},{"floor":23.0,"key":"Prayer Wheel"},{"floor":25.0,"key":"Gremlin Horn"},{"floor":26.0,"key":"Replay:Mystery Machine"},{"floor":26.0,"key":"TungstenRod"},{"floor":28.0,"key":"Pantograph"},{"floor":30.0,"key":"Blue Doll"},{"floor":37,"key":"Incense Burner"},{"floor":40,"key":"Akabeko"},{"floor":43,"key":"Replay:Wax Seal"},{"floor":43,"key":"Potion Belt"},{"floor":44,"key":"Gremlin Food"},{"floor":49,"key":"aspiration:FetidBarrel"},{"floor":52,"key":"paleoftheancients:SoulOfTheSilent"},{"floor":53,"key":"Ring of Fury"},{"floor":55,"key":"War Paint"},{"floor":57,"key":"Ginger"}],"event_choices":[{"damage_healed":0.0,"max_hp_gain":0.0,"max_hp_loss":0.0,"gold_gain":0.0,"event_name":"Liars Game","player_choice":"Ignored","floor":3.0,"gold_loss":0.0,"damage_taken":0.0},{"damage_healed":0.0,"max_hp_gain":0.0,"max_hp_loss":0.0,"gold_gain":0.0,"event_name":"Living Wall","player_choice":"Grow","floor":11.0,"gold_loss":0.0,"damage_taken":0.0,"cards_upgraded":["After Image"]},{"cards_removed":["Pot Of Greed"],"damage_healed":0.0,"max_hp_gain":0.0,"max_hp_loss":0.0,"gold_gain":0.0,"event_name":"WeMeetAgain","player_choice":"Gave Card","floor":22.0,"gold_loss":0.0,"damage_taken":0.0,"relics_obtained":["Gambling Chip"]},{"damage_healed":0,"gold_gain":0,"player_choice":"Fight","damage_taken":0,"max_hp_gain":0,"max_hp_loss":0,"event_name":"Mysterious Sphere","floor":37,"gold_loss":0},{"damage_healed":0,"gold_gain":0,"player_choice":"Memory 2","damage_taken":5,"max_hp_gain":0,"max_hp_loss":0,"event_name":"SensoryStone","floor":41,"gold_loss":0},{"cards_removed":["Tools of the Trade"],"damage_healed":0,"gold_gain":0,"player_choice":"Removed Power","damage_taken":0,"max_hp_gain":0,"max_hp_loss":0,"event_name":"Falling","floor":48,"gold_loss":0}],"is_beta":false,"boss_relics":[{"not_picked":["aspiration:SecretTechniqueScroll","Painkiller Herb"],"picked":"Calling Bell"},{"not_picked":["Runic Pyramid","Kintsugi"],"picked":"Astrolabe"}],"items_purged_floors":[],"is_endless":false,"potions_floor_spawned":[16,18,24,28,31,33,39,42,44,52],"killed_by":"paleoftheancients:N","ascension_level":0}}