{"host":"2o3sockympbxxanu","time":1610376205,"event":{"mods":["AchievementEnabler","BaseMod","Colored Map","Colored Powertips","Conspire","Highlight Path","Infinite Spire","Minty Spire (QoL Compilation)","Replay The Spire","Shop Mod","StSLib","SuperFastMode"],"gold_per_floor":[368,385,560,574,589,618,618,650,730,730,146,211,211,229,229,327,327,342,257,266,103,202,202,228,99,99,99,99,111,111,133,133,240,267,277,552,573,599,599,599,623,623,623],"floor_reached":42,"playtime":2164,"items_purged":["Doubt","Defend_G"],"score":451,"play_id":"4f9efacd-c835-49c5-983f-6d26c0b74677","local_time":"20210111224325","is_ascension_mode":true,"campfire_choices":[{"floor":7.0,"key":"REST"},{"floor":10.0,"key":"REST"},{"floor":15.0,"key":"REST"},{"data":"Accuracy","floor":23.0,"key":"SMITH"},{"data":"Accuracy","floor":27.0,"key":"SMITH"},{"data":"Blade Dance","floor":30.0,"key":"SMITH"},{"data":"Infinite Blades","floor":32.0,"key":"SMITH"},{"floor":40.0,"key":"REST"}],"circlet_count":0,"master_deck":["Strike_G","Strike_G","Defend_G","Defend_G","Defend_G","Survivor","Neutralize","Deadly Poison","Blade Dance","Poisoned Stab","Flying Knee","Concentrate","Noxious Fumes","Blade Dance+1","Dagger Throw","Footwork","Venomology+1","Catalyst+1","Accuracy+1","PiercingWail","Bane+1","Accuracy+1","Infinite Blades+1","Burst","Dodge and Roll+1","Flechettes+1","Dagger Throw+1","Prepared","Terror","Cloak And Dagger+1"],"relics":["Ring of the Snake","Snake Skull","TungstenRod","Ginger","Omamori","Akabeko","CeramicFish","Medical Kit","Bronze Scales","Pen Nib","Astrolabe"],"acts_visited":["Exordium","TheCity","TheBeyond"],"potions_floor_usage":[42,42,42],"damage_taken":[{"damage":0.0,"enemies":"Cultist","floor":1.0,"turns":4.0},{"damage":5.0,"enemies":"2 Louse","floor":2.0,"turns":3.0},{"damage":0.0,"enemies":"Small Slimes","floor":4.0,"turns":3.0},{"damage":8.0,"enemies":"3 Louse","floor":5.0,"turns":4.0},{"damage":16.0,"enemies":"Lagavulin","floor":6.0,"turns":6.0},{"damage":31.0,"enemies":"3 Sentries","floor":8.0,"turns":10.0},{"damage":21.0,"enemies":"Lagavulin Event","floor":12.0,"turns":5.0},{"damage":1.0,"enemies":"Looter","floor":14.0,"turns":2.0},{"damage":24.0,"enemies":"The Guardian","floor":16.0,"turns":8.0},{"damage":11.0,"enemies":"3 Byrds","floor":18.0,"turns":5.0},{"damage":10.0,"enemies":"Shell Parasite","floor":24.0,"turns":3.0},{"damage":0.0,"enemies":"Chosen and Byrds","floor":29.0,"turns":3.0},{"damage":16.0,"enemies":"Sentry and Sphere","floor":31.0,"turns":4.0},{"damage":41.0,"enemies":"Champ","floor":33.0,"turns":7.0},{"damage":16.0,"enemies":"3 Darklings","floor":35.0,"turns":4.0},{"damage":27.0,"enemies":"3 Shapes","floor":37.0,"turns":3.0},{"damage":19.0,"enemies":"Maw","floor":38.0,"turns":4.0},{"damage":12.0,"enemies":"4 Shapes","floor":41.0,"turns":7.0},{"damage":24,"enemies":"Reptomancer","floor":42,"turns":3}],"seed_played":"-4663727923069270239","potions_obtained":[{"floor":4.0,"key":"Energy Potion"},{"floor":6.0,"key":"SkillPotion"},{"floor":14.0,"key":"Fire Potion"},{"floor":24.0,"key":"Poison Potion"},{"floor":29.0,"key":"Regen Potion"},{"floor":37.0,"key":"Explosive Potion"},{"floor":41.0,"key":"SkillPotion"}],"is_trial":false,"path_per_floor":["M","M","?","M","M","E","R","E","T","R","$","?","?","M","R","B",null,"M","?","?","$","?","R","M","$","T","R","T","M","R","M","R","B",null,"M","?","M","M","?","R","M","E"],"character_chosen":"THE_SILENT","items_purchased":["Ginger","Omamori","Noxious Fumes","Medical Kit","PiercingWail","Accuracy"],"campfire_rested":4,"item_purchase_floors":[11,11,11,21,21,25],"current_hp_per_floor":[49,44,44,44,36,20,41,10,10,31,31,10,10,9,30,6,70,59,59,59,59,59,59,54,54,54,54,54,54,54,47,47,6,70,54,54,27,8,8,29,17,0,0],"gold":623,"neow_bonus":"TWO_FIFTY_GOLD","is_daily":false,"chose_seed":false,"campfire_upgraded":4,"win_rate":0.0,"timestamp":1610376205,"path_taken":["M","?","?","M","M","E","R","E","T","R","$","?","?","M","R","BOSS","M","?","?","$","?","R","M","$","T","R","?","M","R","M","R","BOSS","M","?","?","M","?","R","M","E"],"items_purchased_type":["Relic","Relic","Card","Relic","Card","Card"],"build_version":"2020-12-22","purchased_purges":2,"victory":false,"max_hp_per_floor":[70,70,70,70,70,70,70,70,70,70,70,70,70,70,70,70,70,70,70,70,70,70,70,70,70,70,70,70,70,70,70,70,70,70,70,70,70,70,70,70,70,70,70],"card_choices":[{"not_picked":["Heel Hook","Poisoned Stab"],"picked":"Deadly Poison","floor":1.0},{"not_picked":["Bane","Quick Slash"],"picked":"Blade Dance","floor":2.0},{"not_picked":["Flying Knee","Flechettes"],"picked":"Poisoned Stab","floor":4.0},{"not_picked":["Distraction","Backflip"],"picked":"Flying Knee","floor":5.0},{"not_picked":["Riddle With Holes","Doppelganger","Flechettes"],"picked":"SKIP","floor":6.0},{"not_picked":["Reflex","Predator"],"picked":"Concentrate","floor":8.0},{"not_picked":["Backstab","Poisoned Stab"],"picked":"Blade Dance","floor":12.0},{"not_picked":["Bane","Slice"],"picked":"Footwork","floor":14.0},{"not_picked":["Corpse Explosion","Malaise"],"picked":"Venomology","floor":16.0},{"not_picked":["PiercingWail","Backflip+1"],"picked":"Catalyst+1","floor":18.0},{"not_picked":["Backflip+1","Choke"],"picked":"Bane+1","floor":24.0},{"not_picked":["Skewer","Reflex","All Out Attack"],"picked":"SKIP","floor":29.0},{"not_picked":["Dodge and Roll","Deflect"],"picked":"Infinite Blades","floor":31.0},{"not_picked":["After Image","Envenom"],"picked":"Burst","floor":33.0},{"not_picked":["Predator+1","Quick Slash","Dagger Throw+1"],"picked":"SKIP","floor":35.0},{"not_picked":["Acrobatics","Backflip"],"picked":"Prepared","floor":37.0},{"not_picked":["Poisoned Stab","Endless Agony"],"picked":"Terror","floor":38.0},{"not_picked":["Deflect","Prepared"],"picked":"Cloak And Dagger+1","floor":41.0}],"player_experience":283013,"relics_obtained":[{"floor":6.0,"key":"Snake Skull"},{"floor":8.0,"key":"TungstenRod"},{"floor":26.0,"key":"Bronze Scales"},{"floor":28.0,"key":"Pen Nib"}],"event_choices":[{"damage_healed":0.0,"max_hp_gain":0.0,"max_hp_loss":0.0,"gold_gain":175.0,"event_name":"Liars Game","player_choice":"AGREE","floor":3.0,"gold_loss":0.0,"damage_taken":0.0,"cards_obtained":["Doubt"]},{"damage_healed":0.0,"max_hp_gain":0.0,"max_hp_loss":0.0,"gold_gain":0.0,"event_name":"Dead Adventurer","player_choice":"Searched \u00272\u0027 times","floor":12.0,"gold_loss":0.0,"damage_taken":0.0,"relics_obtained":["Akabeko"]},{"damage_healed":0.0,"max_hp_gain":0.0,"max_hp_loss":0.0,"gold_gain":0.0,"cards_transformed":["Strike_G"],"event_name":"Living Wall","player_choice":"Change","floor":13.0,"gold_loss":0.0,"damage_taken":0.0,"cards_obtained":["Dagger Throw"]},{"damage_healed":0.0,"max_hp_gain":0.0,"max_hp_loss":0.0,"gold_gain":0.0,"event_name":"Addict","player_choice":"Obtained Relic","floor":19.0,"gold_loss":85.0,"damage_taken":0.0,"relics_obtained":["CeramicFish"]},{"damage_healed":0.0,"max_hp_gain":0.0,"max_hp_loss":0.0,"gold_gain":0.0,"event_name":"The Library","player_choice":"Read","floor":20.0,"gold_loss":0.0,"damage_taken":0.0,"cards_obtained":["Accuracy"]},{"damage_healed":0.0,"max_hp_gain":0.0,"max_hp_loss":0.0,"gold_gain":99.0,"event_name":"Nest","player_choice":"Stole From Cult","floor":22.0,"gold_loss":0.0,"damage_taken":0.0},{"damage_healed":0.0,"max_hp_gain":0.0,"max_hp_loss":0.0,"gold_gain":275.0,"event_name":"Golden Shrine","player_choice":"Desecrate","floor":36.0,"gold_loss":0.0,"damage_taken":0.0,"cards_obtained":["Regret"]},{"damage_healed":0.0,"max_hp_gain":0.0,"max_hp_loss":0.0,"gold_gain":0.0,"event_name":"Upgrade Shrine","player_choice":"Upgraded","floor":39.0,"gold_loss":0.0,"damage_taken":0.0,"cards_upgraded":["Venomology"]}],"is_beta":false,"boss_relics":[{"not_picked":["Coffee Dripper","Busted Crown","Velvet Choker"]},{"not_picked":["Ring of the Serpent","HoveringKite"],"picked":"Astrolabe"}],"items_purged_floors":[11,25],"is_endless":false,"potions_floor_spawned":[4,6,14,24,29,37,41],"killed_by":"Reptomancer","ascension_level":1}}