{"host":"i0avyit1s6jb1siw","time":1610367724,"event":{"mods":["BaseMod","DeckTracker","Dota2Spire","Highlight Path","Minty Spire (QoL Compilation)","Quick Restart","StSLib","SuperFastMode"],"gold_per_floor":[114,214,227,152,202,234,244,276,276,276,308,323,323,398,398,472,472,492,417,442,442,458,489,489,489,489,489,524,524,535,42,42,116,116,128,128,128,142,142,168,181,181,181,181,195,195,195],"floor_reached":46,"playtime":787,"items_purged":["Defend_P","Strike_P"],"score":1129,"play_id":"24bb6c9e-9f7e-4d88-9276-4bd96104c535","local_time":"20210111132204","is_ascension_mode":true,"campfire_choices":[{"data":"Eruption","floor":10.0,"key":"SMITH"},{"floor":13.0,"key":"REST"},{"data":"TalkToTheHand","floor":15.0,"key":"SMITH"},{"data":"CrushJoints","floor":24.0,"key":"SMITH"},{"floor":27.0,"key":"REST"},{"data":"TalkToTheHand","floor":32.0,"key":"SMITH"},{"floor":44.0,"key":"RECALL"}],"circlet_count":0,"master_deck":["AscendersBane","Defend_P","Eruption+1","Vigilance","WheelKick","TalkToTheHand+1","Tantrum","FollowUp","Halt","DeusExMachina","BowlingBash","CrushJoints+1","JustLucky","Study","MentalFortress","Indignation","InnerPeace","TalkToTheHand+1","Adaptation"],"relics":["HolyWater","NeowsBlessing","The Courier","HornCleat","Ornamental Fan","Blood Vial","Omamori","Shuriken","Dota2Spire:LinkenSphere","Medical Kit","Sundial","Philosopher\u0027s Stone","Akabeko","Dota2Spire:Desolator"],"acts_visited":["Exordium","TheCity","TheBeyond"],"potions_floor_usage":[],"damage_taken":[{"damage":0.0,"enemies":"Small Slimes","floor":1.0,"turns":1.0},{"damage":0.0,"enemies":"Cultist","floor":3.0,"turns":1.0},{"damage":0.0,"enemies":"Gremlin Nob","floor":6.0,"turns":1.0},{"damage":4.0,"enemies":"Jaw Worm","floor":7.0,"turns":5.0},{"damage":27.0,"enemies":"3 Sentries","floor":8.0,"turns":5.0},{"damage":19.0,"enemies":"Lagavulin","floor":11.0,"turns":4.0},{"damage":0.0,"enemies":"Exordium Thugs","floor":12.0,"turns":3.0},{"damage":22.0,"enemies":"Hexaghost","floor":16.0,"turns":6.0},{"damage":0.0,"enemies":"Spheric Guardian","floor":18.0,"turns":3.0},{"damage":0.0,"enemies":"Chosen","floor":22.0,"turns":3.0},{"damage":25.0,"enemies":"Slavers","floor":23.0,"turns":4.0},{"damage":0.0,"enemies":"Gremlin Leader","floor":28.0,"turns":4.0},{"damage":0.0,"enemies":"Snake Plant","floor":30.0,"turns":3.0},{"damage":12.0,"enemies":"Collector","floor":33.0,"turns":6.0},{"damage":4.0,"enemies":"Orb Walker","floor":35.0,"turns":2.0},{"damage":24.0,"enemies":"3 Shapes","floor":38.0,"turns":5.0},{"damage":27.0,"enemies":"Nemesis","floor":40.0,"turns":7.0},{"damage":0.0,"enemies":"Spire Growth","floor":41.0,"turns":3.0},{"damage":0,"enemies":"3 Darklings","floor":45,"turns":3},{"damage":105,"enemies":"Reptomancer","floor":46,"turns":2}],"seed_played":"-2876175289142529060","potions_obtained":[{"floor":1.0,"key":"LiquidBronze"},{"floor":3.0,"key":"SkillPotion"},{"floor":12.0,"key":"Fire Potion"},{"floor":16.0,"key":"Strength Potion"},{"floor":23.0,"key":"Strength Potion"},{"floor":30.0,"key":"ColorlessPotion"},{"floor":38.0,"key":"DistilledChaos"},{"floor":41.0,"key":"LiquidBronze"}],"is_trial":false,"path_per_floor":["M","?","M","$","?","E","M","E","T","R","E","M","R","?","R","B",null,"M","?","T","?","M","E","R","?","T","R","E","?","M","$","R","B",null,"M","$","?","M","?","E","M","?","T","R","M","E"],"character_chosen":"WATCHER","items_purchased":["Medical Kit","Sundial","TalkToTheHand"],"campfire_rested":2,"item_purchase_floors":[31,31,31],"current_hp_per_floor":[61,61,61,61,61,61,57,30,30,30,11,13,33,22,22,2,52,54,54,54,54,56,33,33,33,33,53,55,55,57,57,57,47,63,61,61,61,39,39,14,16,56,56,56,56,0,0],"gold":195,"neow_bonus":"THREE_ENEMY_KILL","is_daily":false,"chose_seed":false,"campfire_upgraded":4,"win_rate":0.0,"timestamp":1610367724,"path_taken":["M","?","?","$","?","E","M","E","T","R","E","?","R","?","R","BOSS","M","?","?","?","?","E","R","?","T","R","E","?","?","$","R","BOSS","M","$","?","?","?","E","M","?","T","R","M","E"],"items_purchased_type":["Relic","Relic","Card"],"build_version":"2020-12-22","purchased_purges":2,"victory":false,"max_hp_per_floor":[68,68,68,68,68,68,68,68,68,68,68,68,68,68,68,68,68,68,68,68,68,68,68,68,68,68,68,68,68,68,68,68,68,68,68,68,68,68,68,68,68,56,56,56,56,56,56],"card_choices":[{"not_picked":["Pray","SashWhip"],"picked":"WheelKick","floor":1.0},{"not_picked":["FlyingSleeves","WreathOfFlame"],"picked":"TalkToTheHand","floor":3.0},{"not_picked":["Prostrate","Evaluate"],"picked":"Tantrum","floor":6.0},{"not_picked":["FlyingSleeves","Vengeance"],"picked":"FollowUp","floor":7.0},{"not_picked":["Crescendo","PathToVictory","Halt"],"picked":"SKIP","floor":8.0},{"not_picked":["Crescendo","PathToVictory"],"picked":"Halt","floor":8.0},{"not_picked":["Consecrate","FollowUp","ThirdEye"],"picked":"SKIP","floor":11.0},{"not_picked":["Consecrate","ClearTheMind"],"picked":"DeusExMachina","floor":12.0},{"not_picked":["FollowUp","Halt"],"picked":"BowlingBash","floor":18.0},{"not_picked":["Consecrate","Evaluate","ThirdEye"],"picked":"SKIP","floor":22.0},{"not_picked":["Halt","Nirvana"],"picked":"CrushJoints","floor":23.0},{"not_picked":["BowlingBash","DeceiveReality"],"picked":"MentalFortress","floor":28.0},{"not_picked":["CutThroughFate","Consecrate"],"picked":"InnerPeace","floor":30.0},{"not_picked":["Establishment","DeusExMachina"],"picked":"Omniscience","floor":33.0},{"not_picked":["BowlingBash","Nirvana+1","BattleHymn"],"picked":"SKIP","floor":35.0},{"not_picked":["Consecrate","FlurryOfBlows","FollowUp"],"picked":"SKIP","floor":38.0},{"not_picked":["Judgement","BattleHymn"],"picked":"Adaptation","floor":40.0},{"not_picked":["Protect","Fasting2+1","Halt"],"picked":"SKIP","floor":41.0},{"not_picked":["CarveReality","Halt","SashWhip+1"],"picked":"SKIP","floor":45}],"player_experience":2198392,"relics_obtained":[{"floor":6.0,"key":"The Courier"},{"floor":8.0,"key":"HornCleat"},{"floor":9.0,"key":"Ornamental Fan"},{"floor":11.0,"key":"Blood Vial"},{"floor":20.0,"key":"Omamori"},{"floor":23.0,"key":"Shuriken"},{"floor":28.0,"key":"Dota2Spire:LinkenSphere"},{"floor":40.0,"key":"Akabeko"},{"floor":43.0,"key":"Dota2Spire:Desolator"}],"event_choices":[{"damage_healed":0.0,"max_hp_gain":0.0,"max_hp_loss":0.0,"gold_gain":100.0,"event_name":"Wheel of Change","player_choice":"Gold","floor":2.0,"gold_loss":0.0,"damage_taken":0.0},{"damage_healed":0.0,"max_hp_gain":0.0,"max_hp_loss":0.0,"gold_gain":50.0,"event_name":"Golden Shrine","player_choice":"Pray","floor":5.0,"gold_loss":0.0,"damage_taken":0.0},{"damage_healed":0.0,"max_hp_gain":0.0,"max_hp_loss":0.0,"gold_gain":75.0,"event_name":"World of Goop","player_choice":"Gather Gold","floor":14.0,"gold_loss":0.0,"damage_taken":11.0},{"cards_removed":["Strike_P"],"damage_healed":0.0,"max_hp_gain":0.0,"max_hp_loss":0.0,"gold_gain":0.0,"event_name":"Beggar","player_choice":"Gave Gold","floor":19.0,"gold_loss":75.0,"damage_taken":0.0},{"damage_healed":0.0,"max_hp_gain":0.0,"max_hp_loss":0.0,"gold_gain":0.0,"event_name":"Vampires","player_choice":"Ignored","floor":21.0,"gold_loss":0.0,"damage_taken":0.0},{"damage_healed":0.0,"max_hp_gain":0.0,"max_hp_loss":0.0,"gold_gain":0.0,"cards_transformed":["Strike_P","Defend_P"],"event_name":"Drug Dealer","player_choice":"Became Test Subject","floor":25.0,"gold_loss":0.0,"damage_taken":0.0,"cards_obtained":["JustLucky","Study"]},{"damage_healed":0.0,"max_hp_gain":0.0,"max_hp_loss":0.0,"gold_gain":0.0,"cards_transformed":["Strike_P"],"event_name":"Transmorgrifier","player_choice":"Transformed","floor":29.0,"gold_loss":0.0,"damage_taken":0.0,"cards_obtained":["Indignation"]},{"cards_removed":["Defend_P"],"damage_healed":0.0,"max_hp_gain":0.0,"max_hp_loss":0.0,"gold_gain":0.0,"event_name":"Purifier","player_choice":"Purged","floor":37.0,"gold_loss":0.0,"damage_taken":0.0},{"cards_removed":["Omniscience"],"damage_healed":0.0,"max_hp_gain":0.0,"max_hp_loss":0.0,"gold_gain":0.0,"event_name":"Falling","player_choice":"Removed Skill","floor":39.0,"gold_loss":0.0,"damage_taken":0.0},{"damage_healed":56.0,"max_hp_gain":0.0,"max_hp_loss":12.0,"gold_gain":0.0,"event_name":"The Moai Head","player_choice":"Heal","floor":42.0,"gold_loss":0.0,"damage_taken":0.0}],"is_beta":false,"boss_relics":[{"not_picked":["Sozu","Cursed Key"],"picked":"HolyWater"},{"not_picked":["Busted Crown","Tiny House"],"picked":"Philosopher\u0027s Stone"}],"items_purged_floors":[4,31],"is_endless":false,"potions_floor_spawned":[1,3,12,16,23,28,30,38,41],"killed_by":"Reptomancer","ascension_level":20}}