{"host":"oehe2dxjvdgux73m","time":1610336735,"event":{"mods":["AchievementEnabler","BaseMod","Colored Map","Colored Powertips","DeckTracker","Keyboard Shortcuts","Minty Spire (QoL Compilation)","Permanent Neow","Quick Restart","StSLib","SuperFastMode"],"gold_per_floor":[109,41,52,67,79,105,124,159,159,159,147,147,147],"floor_reached":12,"playtime":544,"items_purged":[],"score":122,"play_id":"9323b7ad-615a-484a-893e-9819efe0de8b","local_time":"20210111124535","is_ascension_mode":true,"campfire_choices":[{"floor":10,"key":"REST"}],"circlet_count":0,"master_deck":["Strike_R","Strike_R","Strike_R","Strike_R","Strike_R","Defend_R","Defend_R","Defend_R","Defend_R","Bash","Secret Technique","Feed","Shrug It Off","Warcry","Body Slam"],"relics":["Burning Blood","Paper Frog","Bottled Lightning","Bird Faced Urn"],"acts_visited":["Exordium"],"potions_floor_usage":[8,8,8],"damage_taken":[{"damage":5.0,"enemies":"Cultist","floor":1.0,"turns":4.0},{"damage":7.0,"enemies":"2 Louse","floor":3.0,"turns":2.0},{"damage":10.0,"enemies":"Small Slimes","floor":4.0,"turns":4.0},{"damage":1.0,"enemies":"2 Fungi Beasts","floor":5.0,"turns":4.0},{"damage":37.0,"enemies":"Gremlin Nob","floor":6.0,"turns":5.0},{"damage":11.0,"enemies":"Blue Slaver","floor":7.0,"turns":3.0},{"damage":26,"enemies":"3 Sentries","floor":8,"turns":10},{"damage":2,"enemies":"Exordium Thugs","floor":11,"turns":4},{"damage":58,"enemies":"Lagavulin","floor":12,"turns":8}],"seed_played":"-162692707725267024","potions_obtained":[{"floor":1.0,"key":"DuplicationPotion"},{"floor":4.0,"key":"Strength Potion"},{"floor":6.0,"key":"GamblersBrew"}],"is_trial":false,"path_per_floor":["M","$","M","M","M","E","M","E","T","R","M","E"],"character_chosen":"IRONCLAD","items_purchased":["Feed"],"campfire_rested":1,"item_purchase_floors":[2],"current_hp_per_floor":[57,57,59,58,66,35,33,16,16,44,51,0,0],"gold":147,"neow_bonus":"RANDOM_COLORLESS_2","is_daily":false,"chose_seed":false,"campfire_upgraded":0,"win_rate":0.0,"timestamp":1610336735,"path_taken":["M","$","?","M","M","E","M","E","T","R","?","E"],"items_purchased_type":["Card"],"build_version":"2020-12-22","purchased_purges":0,"victory":false,"max_hp_per_floor":[80,80,83,86,89,89,92,95,95,95,98,98,98],"card_choices":[{"not_picked":["Metamorphosis","Sadistic Nature"],"picked":"Secret Technique","floor":0.0},{"not_picked":["Heavy Blade","Flex","Twin Strike"],"picked":"SKIP","floor":1.0},{"not_picked":["Heavy Blade","Anger"],"picked":"Shrug It Off","floor":3.0},{"not_picked":["Fiend Fire","Perfected Strike","Metallicize"],"picked":"SKIP","floor":4.0},{"not_picked":["Power Through","Iron Wave"],"picked":"Warcry","floor":5.0},{"not_picked":["Thunderclap","Sever Soul"],"picked":"Body Slam","floor":6.0},{"not_picked":["Uppercut","Heavy Blade","Flame Barrier"],"picked":"SKIP","floor":7.0},{"not_picked":["Hemokinesis","Anger","Uppercut"],"picked":"SKIP","floor":8},{"not_picked":["Flex","Shrug It Off","Anger"],"picked":"SKIP","floor":11}],"player_experience":88605,"relics_obtained":[{"floor":6.0,"key":"Paper Frog"},{"floor":8,"key":"Bottled Lightning"},{"floor":9,"key":"Bird Faced Urn"}],"event_choices":[],"is_beta":false,"boss_relics":[],"items_purged_floors":[],"is_endless":false,"potions_floor_spawned":[1,4,6],"killed_by":"Lagavulin","ascension_level":1}}