{"host":"m77rrhbqzv44va4v","time":1610397726,"event":{"mods":["AchievementEnabler","BaseMod","Colored Map","DeckTracker","Keyboard Shortcuts","Minty Spire (QoL Compilation)","StSLib","SuperFastMode","everything is the same but u backflip on backflip"],"gold_per_floor":[111,131,149,149,167,167,210,235,235,276,276,276,311,327,327,327,327],"floor_reached":16,"playtime":287,"items_purged":[],"score":244,"play_id":"768feefa-01bf-41f7-93f3-dd7ff2e14494","local_time":"20210112054206","is_ascension_mode":true,"campfire_choices":[{"data":"Pommel Strike","floor":6,"key":"SMITH"},{"floor":12,"key":"REST"},{"data":"Body Slam","floor":15,"key":"SMITH"}],"circlet_count":0,"master_deck":["AscendersBane","Strike_R","Strike_R","Strike_R","Strike_R","Defend_R","Defend_R","Defend_R","Defend_R","Bash+1","Power Through","Fire Breathing","Pommel Strike+1","Feed","Rampage","Pommel Strike","Body Slam+1"],"relics":["Burning Blood","CeramicFish","Art of War","Nunchaku","Meat on the Bone"],"acts_visited":["Exordium"],"potions_floor_usage":[7,13],"damage_taken":[{"damage":7,"enemies":"Small Slimes","floor":1,"turns":3},{"damage":8,"enemies":"2 Louse","floor":2,"turns":4},{"damage":7,"enemies":"Jaw Worm","floor":3,"turns":3},{"damage":13,"enemies":"Large Slime","floor":5,"turns":5},{"damage":20,"enemies":"3 Sentries","floor":7,"turns":5},{"damage":5,"enemies":"Looter","floor":8,"turns":4},{"damage":32,"enemies":"Gremlin Nob","floor":10,"turns":4},{"damage":34,"enemies":"Lagavulin","floor":13,"turns":6},{"damage":11,"enemies":"2 Fungi Beasts","floor":14,"turns":3},{"damage":59,"enemies":"The Guardian","floor":16,"turns":6}],"seed_played":"9117395814869882068","potions_obtained":[{"floor":1,"key":"FairyPotion"},{"floor":5,"key":"Explosive Potion"},{"floor":7,"key":"SpeedPotion"},{"floor":8,"key":"BloodPotion"}],"is_trial":false,"path_per_floor":["M","M","M","?","M","R","E","M","T","E","?","R","E","M","R","B"],"character_chosen":"IRONCLAD","items_purchased":[],"campfire_rested":1,"item_purchase_floors":[],"current_hp_per_floor":[67,65,64,64,57,57,43,44,44,18,18,40,27,34,34,0,0],"gold":327,"neow_bonus":"UPGRADE_CARD","is_daily":false,"chose_seed":false,"campfire_upgraded":2,"win_rate":0.0,"timestamp":1610397726,"path_taken":["M","M","M","?","M","R","E","M","T","E","?","R","E","M","R","BOSS"],"items_purchased_type":[],"build_version":"2020-12-22","purchased_purges":0,"victory":false,"max_hp_per_floor":[75,75,75,75,75,75,75,75,75,75,75,75,75,75,75,75,75],"card_choices":[{"not_picked":["Rupture","Clash"],"picked":"Power Through","floor":1},{"not_picked":["Entrench","Headbutt"],"picked":"Fire Breathing","floor":2},{"not_picked":["Armaments","Thunderclap","Anger"],"picked":"SKIP","floor":3},{"not_picked":["Spot Weakness","Wild Strike"],"picked":"Pommel Strike","floor":5},{"not_picked":["Flex","Double Tap"],"picked":"Feed","floor":7},{"not_picked":["Combust","Fire Breathing"],"picked":"Rampage","floor":8},{"not_picked":["Rupture","Twin Strike"],"picked":"Pommel Strike","floor":10},{"not_picked":["Blood for Blood","Rampage"],"picked":"Body Slam","floor":13},{"not_picked":["Dropkick","True Grit","Thunderclap"],"picked":"SKIP","floor":14}],"player_experience":928767,"relics_obtained":[{"floor":7,"key":"CeramicFish"},{"floor":9,"key":"Art of War"},{"floor":10,"key":"Nunchaku"},{"floor":13,"key":"Meat on the Bone"}],"event_choices":[{"cards_removed":["Strike_R"],"damage_healed":0,"gold_gain":0,"player_choice":"Forget","damage_taken":0,"max_hp_gain":0,"max_hp_loss":0,"event_name":"Living Wall","floor":4,"gold_loss":0},{"damage_healed":0,"gold_gain":0,"player_choice":"Ignored","damage_taken":0,"max_hp_gain":0,"max_hp_loss":0,"event_name":"Liars Game","floor":11,"gold_loss":0}],"is_beta":false,"boss_relics":[],"items_purged_floors":[],"is_endless":false,"potions_floor_spawned":[1,5,7,8],"killed_by":"The Guardian","ascension_level":20}}