{"host":"df48i9djcn92c5sx","time":1610363936,"event":{"mods":["BaseMod","Downfall","Marisa£®ÏF”Í°°ƒß¿Ì…≥£©","Minty Spire (QoL Compilation)","READ ME - Guardian Mod","READ ME - Snecko Mod","Reimu£®≤©¿ˆ¡È√Œ£©","Remilia£®¿Ÿ√◊¿Ú—«£©","Replay The Spire","Shop Mod","StSLib","The Jungle","The Servant 0.9.4"],"gold_per_floor":[99,99,99,199,199,199,251,251,251,267,367,377,109,123,140,244,244,244,260,283,308,152,152,152,70,70,70,70,70],"floor_reached":27,"playtime":1270,"items_purged":["hexamod:Defend"],"score":199,"play_id":"401d60ce-f893-4e0d-98d3-c2934b8df5d4","local_time":"20210111191856","is_ascension_mode":false,"campfire_choices":[{"data":"hexamod:Sear","floor":1,"key":"SMITH"},{"data":"hexamod:PhantomCloak","floor":6,"key":"SMITH"},{"data":"hexamod:Again","floor":8,"key":"SMITH"},{"data":"hexamod:CrushingStance","floor":18,"key":"SMITH"},{"data":"hexamod:TimeWarp","floor":26,"key":"SMITH"}],"circlet_count":0,"master_deck":["hexamod:Strike","hexamod:Strike","hexamod:Strike","hexamod:Strike","hexamod:Defend","hexamod:Defend","hexamod:Defend","hexamod:Sear+1","hexamod:Float","hexamod:Again+1","hexamod:PhantomCloak+1","hexamod:ParanormalForm","hexamod:Hexaguard","hexamod:SoulSteal","hexamod:PhantomFireball","hexamod:ThirdSeal","hexamod:Incineration","hexamod:GhostflameBarrier+1","hexamod:CrushingStance+1","hexamod:SearingWound+1","hexamod:SecondSeal","hexamod:ShieldOfDarkness+1","hexamod:RadiantFlame","hexamod:ChargedBarrage+1","hexamod:SpectersWail","hexamod:TimeWarp+1","hexamod:HeatShield+1"],"relics":["hexamod:SpiritBrand","downfall:HeartsMalice","Centennial Puzzle","Toxic Egg 2","Coffee Dripper"],"acts_visited":["Exordium","TheCity"],"potions_floor_usage":[16,16,20,20,20],"damage_taken":[{"damage":0,"enemies":"Jaw Worm","floor":2,"turns":1},{"damage":0,"enemies":"Small Slimes","floor":5,"turns":1},{"damage":0,"enemies":"2 Louse","floor":9,"turns":1},{"damage":29,"enemies":"Lots of Slimes","floor":10,"turns":6},{"damage":5,"enemies":"Red Slaver","floor":12,"turns":5},{"damage":0,"enemies":"downfall:FleeingMerchant","floor":13,"turns":4},{"damage":0,"enemies":"Exordium Wildlife","floor":14,"turns":3},{"damage":2,"enemies":"Blue Slaver","floor":15,"turns":3},{"damage":31,"enemies":"downfall:Watcher","floor":16,"turns":10},{"damage":4,"enemies":"Spheric Guardian","floor":19,"turns":5},{"damage":16,"enemies":"3 Cultists","floor":20,"turns":7},{"damage":30,"enemies":"Snecko","floor":21,"turns":5},{"damage":0,"enemies":"downfall:FleeingMerchant","floor":22,"turns":4},{"damage":0,"enemies":"downfall:FleeingMerchant","floor":25,"turns":4},{"damage":46,"enemies":"Chosen and Byrds","floor":27,"turns":6}],"seed_played":"-952345485302888025","potions_obtained":[{"floor":10,"key":"SkillPotion"},{"floor":12,"key":"Fire Potion"},{"floor":14,"key":"ColorlessPotion"},{"floor":16,"key":"Regen Potion"},{"floor":19,"key":"Fire Potion"},{"floor":20,"key":"Energy Potion"}],"is_trial":false,"path_per_floor":["R","M","?","?","M","R","T","R","M","M","?","M","$","M","M","B",null,"R","M","M","M","$","?","T","$","R","M"],"character_chosen":"THE_SPIRIT","items_purchased":["Toxic Egg 2","hexamod:TimeWarp"],"campfire_rested":0,"item_purchase_floors":[13,22],"current_hp_per_floor":[70,70,75,75,75,75,75,75,75,46,46,41,41,41,39,8,75,75,71,69,39,39,39,39,39,39,0,0,0],"gold":70,"neow_bonus":"THREE_ENEMY_KILL","is_daily":false,"chose_seed":false,"campfire_upgraded":5,"win_rate":0.0,"timestamp":1610363936,"path_taken":["R","M","?","?","M","R","T","R","M","M","?","M","$","M","M","BOSS","R","M","?","M","?","?","T","?","R","M"],"items_purchased_type":["Relic","Card"],"build_version":"2020-12-22","purchased_purges":1,"victory":false,"max_hp_per_floor":[70,70,75,75,75,75,75,75,75,75,75,75,75,75,75,75,75,75,75,75,75,75,75,75,75,75,75,75,75],"card_choices":[{"not_picked":["hexamod:SwordOfDarkness","hexamod:FastForward"],"picked":"hexamod:Again","floor":2},{"not_picked":["hexamod:BacktrackSmack","hexamod:Haunt"],"picked":"hexamod:PhantomCloak","floor":5},{"not_picked":["hexamod:AdvancingGuard","hexamod:RainOfEmbers"],"picked":"hexamod:ParanormalForm","floor":9},{"not_picked":["hexamod:NightmareStrike","hexamod:SwordOfDarkness"],"picked":"hexamod:Hexaguard","floor":10},{"not_picked":["hexamod:ShieldOfDarkness","hexamod:SpectersWail"],"picked":"hexamod:SoulSteal","floor":12},{"not_picked":["hexamod:NightmareStrike","hexamod:FastForward"],"picked":"hexamod:PhantomFireball","floor":13},{"not_picked":["hexamod:FastForward+1","hexamod:BacktrackSmack"],"picked":"hexamod:ThirdSeal","floor":14},{"not_picked":["hexamod:BurningTouch+1","hexamod:Firestarter"],"picked":"hexamod:Incineration","floor":15},{"not_picked":["hexamod:GhostLash","hexamod:PowerFromBeyond+1"],"picked":"hexamod:GhostflameBarrier+1","floor":15},{"not_picked":["hexamod:TurnItUp+1","hexamod:GiftsFromTheDead"],"picked":"hexamod:CrushingStance","floor":16},{"not_picked":["hexamod:WildfireWeapon","hexamod:GiftsFromTheDead"],"picked":"hexamod:SearingWound+1","floor":16},{"not_picked":["hexamod:SpectersWail","hexamod:GhostShield+1"],"picked":"hexamod:SecondSeal","floor":19},{"not_picked":["hexamod:SoulSteal+1","hexamod:NightmareStrike"],"picked":"hexamod:ShieldOfDarkness+1","floor":19},{"not_picked":["hexamod:StepThrough","hexamod:GhostOfSpirePast"],"picked":"hexamod:RadiantFlame","floor":20},{"not_picked":["hexamod:GhostflameBarrier+1","hexamod:NecessarySacrifice+1","hexamod:BurningTouch+1"],"picked":"SKIP","floor":20},{"not_picked":["hexamod:HauntingEcho","hexamod:InspiringFlames+1","hexamod:NightmareGuise+1"],"picked":"SKIP","floor":21},{"not_picked":["hexamod:SpectersWail","hexamod:GhostLash"],"picked":"hexamod:ChargedBarrage+1","floor":22},{"not_picked":["hexamod:BacktrackSmack","hexamod:GhostLash"],"picked":"hexamod:SpectersWail","floor":22},{"not_picked":["hexamod:EtherealExpedition+1","hexamod:RainOfEmbers"],"picked":"hexamod:HeatShield+1","floor":25},{"not_picked":["hexamod:RainOfEmbers","hexamod:SecondSeal","hexamod:SpectersWail"],"picked":"SKIP","floor":25}],"player_experience":1424976,"relics_obtained":[{"floor":7,"key":"Centennial Puzzle"}],"event_choices":[{"damage_healed":0,"gold_gain":0,"player_choice":"Donut","damage_taken":0,"max_hp_gain":5,"max_hp_loss":0,"event_name":"Big Fish","floor":3,"gold_loss":0},{"damage_healed":0,"gold_gain":0,"player_choice":"Ignored","damage_taken":0,"max_hp_gain":0,"max_hp_loss":0,"event_name":"Vampires","floor":23,"gold_loss":0}],"is_beta":false,"boss_relics":[{"not_picked":["SacredBark","Replay:Drink Me"],"picked":"Coffee Dripper"}],"items_purged_floors":[25],"is_endless":false,"potions_floor_spawned":[10,12,14,16,19,20],"killed_by":"Chosen and Byrds","ascension_level":0}}