{"host":"8lgo2trwv2o0qyml","time":1610402322,"event":{"mods":["BaseMod","Colored Map","Colored Powertips","DeckTracker","Highlight Path","Hubris","Infinite Spire","Minty Spire (QoL Compilation)","Quick Restart","Random Character Button","Relic Sorter","Replay The Spire","StSLib","SuperFastMode","Synergy Search"],"gold_per_floor":[115,129,129,36,36,36,36,46,46,46,62,62,79,98,98,194,194,194,194,194,194,194,194,194,194,194,194,194,194,48,48,48,48,48,48,48,48,48,48,48,0,0,0,0,0,0,0,0,0,0,0,0],"floor_reached":51,"playtime":2429,"items_purged":[],"score":794,"play_id":"c02f1880-0ddb-48cd-9b41-f59faf1de206","local_time":"20210111165842","daily_mods":["Specialized","Vintage","Heirloom"],"is_ascension_mode":false,"campfire_choices":[{"data":"Enlightenment","floor":6,"key":"SMITH"},{"data":"Rainbow","floor":12,"key":"SMITH"},{"floor":15,"key":"REST"},{"data":"ReplayTheSpireMod:Omega Cannon","floor":23,"key":"SMITH"},{"data":"Rainbow","floor":29,"key":"SMITH"},{"floor":32,"key":"REST"},{"floor":40,"key":"REST"},{"data":"White Noise","floor":40,"key":"SMITH"},{"floor":42,"key":"REST"},{"data":"Capacitor","floor":42,"key":"SMITH"}],"circlet_count":0,"master_deck":["Zap+1","Dualcast+1","Rainbow+1","Rainbow+1","Rainbow+1","Rainbow+1","Rainbow+1","Enlightenment+1","infinitespire:Gouge+1","ReplayTheSpireMod:Omega Cannon+1","Force Field+1","Leap+1","ReplayGash+1","Beam Cell+1","Consume+1","ReplaySolidLightProjector+1","ReplayTheSpireMod:Repulse+1","Skim+1","Capacitor+1","White Noise+1","Meteor Strike+1","ReplayTheSpireMod:Calculation Training+1","Skim","Thunder Strike"],"relics":["Cracked Core","hubris:Teleporter","Thread and Needle","HornCleat","infinitespire:Joker Card","hubris:SphereOfDissonance","Gremlin Horn","Pantograph","Gremlin Food","Replay:Grab Bag","ChewingGum","Ectoplasm","Runic Pyramid","Pandora\u0027s Box","infinitespire:Bottled Soul","Oddly Smooth Stone","DataDisk","Replay:Kaleidoscope","Pear","ReplayTheSpireMod:Lightbulb","Replay:Rubber Ducky","Unceasing Top","War Paint","Frozen Egg 2","Tiny House","Nunchaku","infinitespire:SolderingIron","Blue Doll","infinitespire:Magic Flask","hubris:BottledRain","infinitespire:PuzzleCube","infinitespire:Midas Blood","infinitespire:Beetle Shell","Mark of the Bloom","Symbiotic Virus","Philosopher\u0027s Stone"],"acts_visited":["Exordium","TheCity","TheBeyond","Exordium"],"potions_floor_usage":[37,46,50,50,50,50,50,50],"damage_taken":[{"damage":0,"enemies":"2 Louse","floor":1,"turns":2},{"damage":0,"enemies":"Cultist","floor":2,"turns":4},{"damage":0,"enemies":"Small Slimes","floor":8,"turns":2},{"damage":8,"enemies":"3 Louse","floor":11,"turns":2},{"damage":1,"enemies":"Exordium Thugs","floor":13,"turns":3},{"damage":5,"enemies":"Large Slime","floor":14,"turns":3},{"damage":32,"enemies":"Fading Forest","floor":16,"turns":11},{"damage":0,"enemies":"Shell Parasite","floor":18,"turns":3},{"damage":0,"enemies":"3 Byrds","floor":20,"turns":2},{"damage":5,"enemies":"Snake Plant","floor":21,"turns":2},{"damage":5,"enemies":"Shelled Parasite and Fungi","floor":22,"turns":3},{"damage":0,"enemies":"Cultist and Chosen","floor":24,"turns":2},{"damage":8,"enemies":"Snake Plant","floor":25,"turns":2},{"damage":0,"enemies":"Nightmare","floor":27,"turns":4},{"damage":0,"enemies":"Shelled Parasite and Fungi","floor":28,"turns":2},{"damage":8,"enemies":"Chosen and Byrds","floor":31,"turns":3},{"damage":0,"enemies":"Champ","floor":33,"turns":7},{"damage":27,"enemies":"3 Shapes","floor":35,"turns":1},{"damage":0,"enemies":"Orb Walker","floor":36,"turns":3},{"damage":2,"enemies":"Spire Growth","floor":37,"turns":3},{"damage":11,"enemies":"Sphere and 2 Shapes","floor":38,"turns":3},{"damage":5,"enemies":"4 Shapes","floor":39,"turns":4},{"damage":0,"enemies":"Maw","floor":45,"turns":4},{"damage":0,"enemies":"Transient","floor":46,"turns":5},{"damage":0,"enemies":"Spire Growth","floor":48,"turns":3},{"damage":3,"enemies":"Time Eater","floor":50,"turns":5}],"seed_played":"-4249092990616947635","potions_obtained":[{"floor":3,"key":"Swift Potion"},{"floor":3,"key":"EssenceOfDarkness"},{"floor":3,"key":"Milkshake"},{"floor":8,"key":"EntropicBrew"},{"floor":11,"key":"PowerPotion"},{"floor":18,"key":"Languid Potion"},{"floor":21,"key":"LiquidMemories"},{"floor":37,"key":"LiquidMemories"},{"floor":46,"key":"FearPotion"}],"is_trial":true,"path_per_floor":["M","M","?","$","?","R","$","M","T","?","M","R","M","M","R","B",null,"M","?","M","M","M","R","M","M","T","NM","M","R","$","M","R","B",null,"M","M","M","M","M","R","$","R","T","?","M","M","?","M","R_BF","B",null],"character_chosen":"DEFECT","items_purchased":["Enlightenment","Capacitor","White Noise","ReplayTheSpireMod:Calculation Training+1"],"campfire_rested":4,"item_purchase_floors":[4,30,30,41],"current_hp_per_floor":[75,75,75,75,75,75,75,75,75,57,49,49,48,43,65,43,75,75,75,75,70,65,65,75,67,67,67,67,67,67,59,84,85,90,63,63,61,50,45,72,72,90,90,90,90,90,90,90,90,87,87,87],"gold":0,"neow_bonus":"","is_daily":false,"chose_seed":false,"campfire_upgraded":6,"win_rate":0.0,"timestamp":1610402322,"path_taken":["M","M","?","?","?","R","$","M","T","?","M","R","M","M","R","BOSS","M","?","M","M","M","R","M","M","T","NM","M","R","?","M","R","BOSS","M","M","M","M","M","R","$","R","T","?","M","M","?","M","R_BF","BOSS"],"items_purchased_type":["Card","Card","Card","Card"],"build_version":"2020-12-22","purchased_purges":0,"victory":false,"max_hp_per_floor":[75,75,75,75,75,75,75,75,75,75,75,75,75,75,75,75,75,75,75,75,75,75,75,85,85,85,85,85,85,85,85,85,85,90,90,90,90,90,90,90,90,90,90,90,90,90,90,90,90,90,90,90],"card_choices":[{"not_picked":["infinitespire:Execution","infinitespire:Fortify"],"picked":"infinitespire:Gouge","floor":10},{"not_picked":["Seek","Fission"],"picked":"ReplayTheSpireMod:Omega Cannon","floor":16},{"not_picked":["Steam Power","Consume+1"],"picked":"Skim+1","floor":27},{"not_picked":["ReplayTheSpireMod:Omega Cannon","Buffer+1"],"picked":"Meteor Strike","floor":33},{"not_picked":["Leap","Undo"],"picked":"Barrage","floor":34},{"not_picked":["hubris:Prefetch","Hyperbeam"],"picked":"Thunder Strike","floor":50}],"player_experience":69228,"relics_obtained":[{"floor":1,"key":"HornCleat"},{"floor":2,"key":"infinitespire:Joker Card"},{"floor":8,"key":"hubris:SphereOfDissonance"},{"floor":9,"key":"hubris:Teleporter"},{"floor":11,"key":"Gremlin Horn"},{"floor":13,"key":"Pantograph"},{"floor":14,"key":"Gremlin Food"},{"floor":18,"key":"infinitespire:Bottled Soul"},{"floor":20,"key":"Oddly Smooth Stone"},{"floor":21,"key":"DataDisk"},{"floor":22,"key":"Replay:Kaleidoscope"},{"floor":24,"key":"Pear"},{"floor":25,"key":"ReplayTheSpireMod:Lightbulb"},{"floor":26,"key":"Replay:Rubber Ducky"},{"floor":27,"key":"Unceasing Top"},{"floor":28,"key":"War Paint"},{"floor":31,"key":"Frozen Egg 2"},{"floor":35,"key":"Nunchaku"},{"floor":36,"key":"infinitespire:SolderingIron"},{"floor":37,"key":"Blue Doll"},{"floor":38,"key":"infinitespire:Magic Flask"},{"floor":39,"key":"hubris:BottledRain"},{"floor":43,"key":"infinitespire:PuzzleCube"},{"floor":45,"key":"infinitespire:Midas Blood"},{"floor":46,"key":"infinitespire:Beetle Shell"},{"floor":48,"key":"Symbiotic Virus"}],"event_choices":[{"damage_healed":0,"gold_gain":0,"player_choice":"Got Potions","damage_taken":0,"max_hp_gain":0,"max_hp_loss":0,"event_name":"Lab","floor":3,"gold_loss":0},{"damage_healed":0,"gold_gain":0,"player_choice":"Leave","damage_taken":0,"max_hp_gain":0,"max_hp_loss":0,"event_name":"The Cleric","floor":5,"gold_loss":0},{"damage_healed":0,"gold_gain":0,"player_choice":"Upgraded","damage_taken":0,"max_hp_gain":0,"max_hp_loss":0,"event_name":"Upgrade Shrine","floor":19,"gold_loss":0,"cards_upgraded":["Rainbow"]},{"cards_removed":["Barrage"],"damage_healed":0,"gold_gain":0,"player_choice":"Removed Attack","damage_taken":0,"max_hp_gain":0,"max_hp_loss":0,"event_name":"Falling","floor":44,"gold_loss":0},{"damage_healed":0,"gold_gain":0,"player_choice":"Upgrade","damage_taken":0,"relics_obtained":["Mark of the Bloom"],"max_hp_gain":0,"max_hp_loss":0,"event_name":"MindBloom","floor":47,"gold_loss":0,"cards_upgraded":["Rainbow","Rainbow","Force Field","Leap","ReplayGash","Beam Cell","ReplaySolidLightProjector","ReplayTheSpireMod:Repulse","Meteor Strike"]}],"is_beta":false,"boss_relics":[{"not_picked":["Replay:Drink Me","hubris:Stopwatch"],"picked":"Replay:Grab Bag"},{"not_picked":["Painkiller Herb","Busted Crown"],"picked":"ChewingGum"},{"not_picked":["Fusion Hammer","hubris:VirtuousBlindfold"],"picked":"Ectoplasm"},{"not_picked":["hubris:HollowSoul","FrozenCore"],"picked":"Runic Pyramid"},{"not_picked":["Calling Bell","ReplayTheSpireMod:SealedPack"],"picked":"Pandora\u0027s Box"},{"not_picked":["Honey Jar","Replay:Ancient Bell"],"picked":"Tiny House"},{"not_picked":["Coffee Dripper","Runic Dome"],"picked":"Philosopher\u0027s Stone"}],"items_purged_floors":[],"is_endless":true,"potions_floor_spawned":[8,11,14,18,21,24,28,33,35,37,39,46],"ascension_level":0}}