{"host":"3qkmyeoym75lj4wn","time":1610402183,"event":{"mods":["2.2 Compatiblity","BaseMod","Block Reminder","Colored Powertips","Highlight Path","Minty Spire (QoL Compilation)","Permanent Neow","Potion Indicator Mod","Rare Cards Sparkle","Relic Stats","StSLib","Unceasing Turn Reminder"],"gold_per_floor":[118,118,118,118,138,138,168,168,191,224,235,254,254,273,273,345,345,360,360,370,28,42,70,70,85,85,85,98,126,19,33,33,108,108,126,126,151,151,161,161,193,193,220,235,235,250,250,20,20,20,20,20,20,20,61,61,61],"floor_reached":56,"playtime":2492,"items_purged":["Strike_B","Strike_B"],"score":1800,"play_id":"329117ff-5479-4272-ad95-86aa9242e7de","local_time":"20210111215623","is_ascension_mode":true,"campfire_choices":[{"data":"Zap","floor":6.0,"key":"SMITH"},{"floor":8.0,"key":"REST"},{"floor":15.0,"key":"REST"},{"floor":24.0,"key":"REST"},{"data":"Biased Cognition","floor":27.0,"key":"SMITH"},{"floor":32.0,"key":"REST"},{"floor":40.0,"key":"REST"},{"data":"Seek","floor":42.0,"key":"SMITH"},{"floor":45.0,"key":"RECALL"},{"data":"Coolheaded","floor":49.0,"key":"SMITH"},{"floor":53.0,"key":"REST"}],"circlet_count":0,"master_deck":["AscendersBane","Strike_B","Defend_B","Defend_B+1","Defend_B+1","Defend_B","Zap+1","Dualcast","Cold Snap","Ball Lightning","Capacitor","Ball Lightning","Biased Cognition+1","Go for the Eyes","Cold Snap","Core Surge","Go for the Eyes+1","Zap+1","Ball Lightning","Flash of Steel","Coolheaded+1","Chill","Consume+1","Electrodynamics+1","Seek+1","Rainbow","White Noise+1"],"relics":["FrozenCore","Akabeko","Centennial Puzzle","War Paint","Membership Card","Oddly Smooth Stone","Vajra","Frozen Egg 2","Pen Nib","Inserter","Gambling Chip","CeramicFish","Calipers","PreservedInsect","Du-Vu Doll"],"acts_visited":["Exordium","TheCity","TheBeyond","TheEnding"],"potions_floor_usage":[],"damage_taken":[{"damage":5.0,"enemies":"Small Slimes","floor":1.0,"turns":3.0},{"damage":7.0,"enemies":"Jaw Worm","floor":5.0,"turns":2.0},{"damage":40.0,"enemies":"Gremlin Nob","floor":7.0,"turns":4.0},{"damage":17.0,"enemies":"3 Sentries","floor":10.0,"turns":7.0},{"damage":0.0,"enemies":"Cultist","floor":11.0,"turns":2.0},{"damage":6.0,"enemies":"3 Louse","floor":12.0,"turns":2.0},{"damage":3.0,"enemies":"Lots of Slimes","floor":14.0,"turns":3.0},{"damage":3.0,"enemies":"Slime Boss","floor":16.0,"turns":9.0},{"damage":0.0,"enemies":"Spheric Guardian","floor":18.0,"turns":3.0},{"damage":14.0,"enemies":"Shell Parasite","floor":20.0,"turns":3.0},{"damage":6.0,"enemies":"Centurion and Healer","floor":22.0,"turns":6.0},{"damage":15.0,"enemies":"Book of Stabbing","floor":23.0,"turns":5.0},{"damage":15.0,"enemies":"Sentry and Sphere","floor":25.0,"turns":6.0},{"damage":8.0,"enemies":"Cultist and Chosen","floor":28.0,"turns":4.0},{"damage":13.0,"enemies":"Slavers","floor":29.0,"turns":5.0},{"damage":0.0,"enemies":"Centurion and Healer","floor":31.0,"turns":4.0},{"damage":12.0,"enemies":"Champ","floor":33.0,"turns":13.0},{"damage":20.0,"enemies":"3 Shapes","floor":35.0,"turns":2.0},{"damage":0.0,"enemies":"Mind Bloom Boss Battle","floor":37.0,"turns":6.0},{"damage":4.0,"enemies":"3 Darklings","floor":39.0,"turns":3.0},{"damage":1.0,"enemies":"Giant Head","floor":41.0,"turns":8.0},{"damage":10.0,"enemies":"4 Shapes","floor":44.0,"turns":4.0},{"damage":0.0,"enemies":"Maw","floor":46.0,"turns":6.0},{"damage":40.0,"enemies":"Time Eater","floor":50.0,"turns":16.0},{"damage":10.0,"enemies":"Donu and Deca","floor":51.0,"turns":7.0},{"damage":61,"enemies":"Shield and Spear","floor":55,"turns":6},{"damage":45,"enemies":"The Heart","floor":56,"turns":2}],"seed_played":"8285030273705915924","potions_obtained":[{"floor":5.0,"key":"Energy Potion"},{"floor":14.0,"key":"DuplicationPotion"},{"floor":16.0,"key":"LiquidMemories"},{"floor":18.0,"key":"FocusPotion"},{"floor":25.0,"key":"Block Potion"},{"floor":31.0,"key":"PowerPotion"},{"floor":35.0,"key":"Block Potion"},{"floor":39.0,"key":"AttackPotion"}],"is_trial":false,"path_per_floor":["M","$","?","?","M","R","E","R","T","E","M","M","?","M","R","B",null,"M","?","M","$","M","E","R","M","T","R","M","E","$","M","R","B",null,"M","?","?","?","M","R","E","R","T","M","R","M","T","$","R","B","B",null,"R","$","E","B"],"character_chosen":"DEFECT","items_purchased":["Membership Card","Oddly Smooth Stone","Flash of Steel","Electrodynamics+1","Swift Potion","PreservedInsect","FocusPotion","Rainbow","FearPotion"],"campfire_rested":6,"item_purchase_floors":[21,21,21,30,30,48,48,48,48],"current_hp_per_floor":[59,59,59,59,52,52,12,33,33,16,16,10,10,7,28,25,60,60,60,46,46,40,25,46,31,31,31,23,10,10,10,31,19,58,38,52,52,52,48,69,68,68,68,58,58,58,58,58,58,18,8,55,71,71,10,0,0],"gold":61,"neow_bonus":"THREE_CARDS","is_daily":false,"chose_seed":false,"campfire_upgraded":4,"win_rate":0.0,"timestamp":1610402183,"path_taken":["M","$","?","?","M","R","E","R","T","E","M","M","?","?","R","BOSS","M","?","M","$","M","E","R","M","T","R","?","E","?","M","R","BOSS","M","?","?","?","?","R","E","R","T","M","R","?","?","?","R","BOSS","BOSS","R","$","E","BOSS"],"items_purchased_type":["Relic","Relic","Card","Card","Potion","Relic","Potion","Card","Potion"],"build_version":"2020-12-22","purchased_purges":2,"victory":false,"max_hp_per_floor":[71,71,71,71,71,71,71,71,71,71,71,71,71,71,71,71,71,71,71,71,71,71,71,71,71,71,71,71,71,71,71,71,71,71,71,71,71,71,71,71,71,71,71,71,71,71,71,71,71,71,71,71,71,71,71,71,71],"relic_stats":{"Centennial Puzzle":[54],"Inserter":[30],"counters":[27,141],"Gambling Chip":[20],"CeramicFish":18,"Pen Nib":[13],"PreservedInsect":77,"War Paint":["Defend_B","Defend_B"],"obtain_stats":[{"Inserter":34,"Calipers":47,"CeramicFish":41,"Oddly Smooth Stone":21,"Vajra":23,"Pen Nib":29,"PreservedInsect":48,"War Paint":10,"Frozen Egg 2":26,"Akabeko":7,"FrozenCore":17,"Du-Vu Doll":55,"Centennial Puzzle":9,"Gambling Chip":37,"Membership Card":21,"Cracked Core":0},{"Inserter":17,"Calipers":23,"CeramicFish":21,"Oddly Smooth Stone":10,"Vajra":12,"Pen Nib":15,"PreservedInsect":23,"War Paint":4,"Frozen Egg 2":13,"Akabeko":3,"FrozenCore":8,"Du-Vu Doll":26,"Centennial Puzzle":3,"Gambling Chip":19,"Membership Card":10,"Cracked Core":0},{"Inserter":81,"Calipers":110,"CeramicFish":100,"Oddly Smooth Stone":38,"Vajra":49,"Pen Nib":64,"PreservedInsect":110,"War Paint":16,"Frozen Egg 2":55,"Akabeko":9,"FrozenCore":32,"Du-Vu Doll":139,"Centennial Puzzle":9,"Gambling Chip":89,"Membership Card":38,"Cracked Core":0}],"FrozenCore":[28]},"card_choices":[{"not_picked":["FTL","Compile Driver"],"picked":"Cold Snap","floor":0.0},{"not_picked":["Barrage","Aggregate"],"picked":"Ball Lightning","floor":1.0},{"not_picked":["Leap","Blizzard"],"picked":"Capacitor","floor":5.0},{"not_picked":["Recycle","FTL","Barrage"],"picked":"SKIP","floor":7.0},{"not_picked":["Force Field","Turbo"],"picked":"Ball Lightning","floor":10.0},{"not_picked":["Sweeping Beam","Cold Snap"],"picked":"Biased Cognition","floor":11.0},{"not_picked":["Barrage","Stack","Turbo"],"picked":"SKIP","floor":12.0},{"not_picked":["Capacitor","Scrape"],"picked":"Cold Snap","floor":14.0},{"not_picked":["Fission","Hyperbeam"],"picked":"Core Surge","floor":16.0},{"not_picked":["Streamline","Redo"],"picked":"Go for the Eyes+1","floor":18.0},{"not_picked":["Rebound","Hologram+1"],"picked":"Ball Lightning","floor":20.0},{"not_picked":["Scrape","Doom and Gloom","Rebound+1"],"picked":"SKIP","floor":22.0},{"not_picked":["Melter","Hologram+1"],"picked":"Coolheaded","floor":23.0},{"not_picked":["Redo","Leap","Hologram"],"picked":"SKIP","floor":25.0},{"not_picked":["Steam+1","Compile Driver"],"picked":"Chill","floor":28.0},{"not_picked":["White Noise","Sweeping Beam"],"picked":"Consume+1","floor":29.0},{"not_picked":["Go for the Eyes","FTL","Hyperbeam"],"picked":"SKIP","floor":31.0},{"not_picked":["All For One","Creative AI+1"],"picked":"Seek","floor":33.0},{"not_picked":["Leap","Force Field","Coolheaded"],"picked":"SKIP","floor":35.0},{"not_picked":["Leap","Redo+1","Sweeping Beam"],"picked":"SKIP","floor":39.0},{"not_picked":["Reprogram","Amplify","Rebound"],"picked":"SKIP","floor":41.0},{"not_picked":["Coolheaded","Self Repair+1","Beam Cell"],"picked":"SKIP","floor":44.0},{"not_picked":["Turbo","Streamline+1","Leap"],"picked":"SKIP","floor":46.0},{"not_picked":["Fission","Aggregate"],"picked":"White Noise+1","floor":55}],"player_experience":1670722,"relics_obtained":[{"floor":7.0,"key":"Akabeko"},{"floor":9.0,"key":"Centennial Puzzle"},{"floor":10.0,"key":"War Paint"},{"floor":23.0,"key":"Vajra"},{"floor":26.0,"key":"Frozen Egg 2"},{"floor":29.0,"key":"Pen Nib"},{"floor":37.0,"key":"Gambling Chip"},{"floor":41.0,"key":"CeramicFish"},{"floor":47.0,"key":"Calipers"},{"floor":55,"key":"Du-Vu Doll"}],"event_choices":[{"damage_healed":0.0,"max_hp_gain":0.0,"max_hp_loss":0.0,"gold_gain":0.0,"event_name":"Shining Light","player_choice":"Ignored","floor":3.0,"gold_loss":0.0,"damage_taken":0.0},{"damage_healed":0.0,"max_hp_gain":0.0,"max_hp_loss":0.0,"gold_gain":0.0,"event_name":"The Cleric","player_choice":"Leave","floor":4.0,"gold_loss":0.0,"damage_taken":0.0},{"damage_healed":0.0,"max_hp_gain":0.0,"max_hp_loss":0.0,"gold_gain":0.0,"cards_transformed":["Strike_B"],"event_name":"Transmorgrifier","player_choice":"Transformed","floor":13.0,"gold_loss":0.0,"damage_taken":0.0,"cards_obtained":["Go for the Eyes"]},{"damage_healed":0.0,"max_hp_gain":0.0,"max_hp_loss":0.0,"gold_gain":0.0,"event_name":"Duplicator","player_choice":"Copied","floor":19.0,"gold_loss":0.0,"damage_taken":0.0,"cards_obtained":["Zap"]},{"damage_healed":14.0,"max_hp_gain":0.0,"max_hp_loss":0.0,"gold_gain":0.0,"event_name":"Winding Halls","player_choice":"Writhe","floor":36.0,"gold_loss":0.0,"damage_taken":0.0,"cards_obtained":["Writhe"]},{"damage_healed":0.0,"max_hp_gain":0.0,"max_hp_loss":0.0,"gold_gain":0.0,"event_name":"MindBloom","player_choice":"Fight","floor":37.0,"gold_loss":0.0,"damage_taken":0.0},{"cards_removed":["Writhe"],"damage_healed":0.0,"max_hp_gain":0.0,"max_hp_loss":0.0,"gold_gain":0.0,"event_name":"Purifier","player_choice":"Purged","floor":38.0,"gold_loss":0.0,"damage_taken":0.0}],"is_beta":false,"boss_relics":[{"not_picked":["Black Star","Pandora\u0027s Box"],"picked":"FrozenCore"},{"not_picked":["Philosopher\u0027s Stone","Tiny House"],"picked":"Inserter"}],"items_purged_floors":[21,48],"is_endless":false,"potions_floor_spawned":[5,14,16,18,22,25,31,35,39],"killed_by":"The Heart","ascension_level":20}}