{"host":"vrsxkkch9ccrec7k","time":1610378461,"event":{"mods":["Act Like it!","BaseMod","Bestiary","Better Third Choice","Better Vampires","Downfall","Minty Spire (QoL Compilation)","Permanent Neow","Relic Stats","Spicy Shops","StSLib"],"gold_per_floor":[99,119,119,31,43,74,74,109,109,109,123,123,33,60,78,180,180,180,191,211,226,244,244,244,244,264,277,292,51,85,85,105,202,202,202,219,219,101,113,147,223,223,251,251,251],"floor_reached":44,"playtime":4902,"items_purged":["Guardian:Strike_Guardian"],"score":613,"play_id":"233fe3b8-4d8e-4c53-b6cb-147e799a109a","local_time":"20210111102101","is_ascension_mode":true,"campfire_choices":[{"data":"expansioncontent:YouAreMine","floor":1,"key":"SMITH"},{"data":"Guardian:CurlUp","floor":9,"key":"SMITH"},{"data":"Guardian:TwinSlam","floor":12,"key":"SMITH"},{"data":"Guardian:ExploitGems","floor":18,"key":"SMITH"},{"data":"Guardian:DecasProtection","floor":23,"key":"SMITH"},{"data":"Guardian:BronzeArmor","floor":35,"key":"SMITH"},{"data":"Guardian:EvasiveProtocol","floor":42,"key":"SMITH"}],"circlet_count":0,"master_deck":["Guardian:Defend_Guardian","Guardian:Defend_Guardian","Guardian:Defend_Guardian","Guardian:Defend_Guardian","Guardian:CurlUp+1","Guardian:TwinSlam+1","expansioncontent:YouAreMine+1","Guardian:PiercingHide+1","Guardian:ExploitGems+1","Guardian:FuturePlans","Guardian:DecasProtection+1","Guardian:Harden+1","Guardian:StasisStrike+1","Guardian:Harden+1","Guardian:EvasiveProtocol+1","Guardian:Gem_Red","Guardian:SphericShield","Guardian:BronzeArmor+1","Guardian:TimeSifter","Guardian:EvasiveProtocol+1","Guardian:ArmoredProtocol+1"],"relics":["Guardian:ModeShifterPlus","Bag of Marbles","InkBottle","Guardian:SackOfGems","Regal Pillow","Bottled Lightning","Astrolabe","Lantern","Ancient Tea Set","Juzu Bracelet","Calipers","Singing Bowl","Darkstone Periapt"],"acts_visited":["Exordium","TheCity","TheBeyond"],"potions_floor_usage":[20,26,33,40,43,43],"damage_taken":[{"damage":0,"enemies":"2 Louse","floor":2,"turns":4},{"damage":0,"enemies":"downfall:FleeingMerchant","floor":4,"turns":4},{"damage":0,"enemies":"Cultist","floor":5,"turns":4},{"damage":24,"enemies":"3 Sentries","floor":6,"turns":10},{"damage":11,"enemies":"Lagavulin","floor":8,"turns":6},{"damage":0,"enemies":"Small Slimes","floor":11,"turns":2},{"damage":0,"enemies":"downfall:FleeingMerchant","floor":13,"turns":4},{"damage":15,"enemies":"3 Sentries","floor":14,"turns":6},{"damage":0,"enemies":"Gremlin Gang","floor":15,"turns":1},{"damage":5,"enemies":"downfall:Watcher","floor":16,"turns":7},{"damage":5,"enemies":"Shell Parasite","floor":19,"turns":5},{"damage":0,"enemies":"Spheric Guardian","floor":20,"turns":4},{"damage":0,"enemies":"Centurion and Healer","floor":21,"turns":9},{"damage":1,"enemies":"Snecko","floor":22,"turns":6},{"damage":18,"enemies":"Snake Plant","floor":26,"turns":4},{"damage":0,"enemies":"Shelled Parasite and Fungi","floor":27,"turns":7},{"damage":0,"enemies":"Centurion and Healer","floor":28,"turns":7},{"damage":0,"enemies":"downfall:FleeingMerchant","floor":29,"turns":4},{"damage":0,"enemies":"Book of Stabbing","floor":30,"turns":7},{"damage":0,"enemies":"Snecko","floor":32,"turns":7},{"damage":37,"enemies":"downfall:Ironclad","floor":33,"turns":11},{"damage":0,"enemies":"Orb Walker","floor":36,"turns":5},{"damage":0,"enemies":"downfall:FleeingMerchant","floor":38,"turns":4},{"damage":0,"enemies":"3 Shapes","floor":39,"turns":9},{"damage":15,"enemies":"Giant Head","floor":40,"turns":9},{"damage":11,"enemies":"Reptomancer","floor":43,"turns":10},{"damage":64,"enemies":"2 Orb Walkers","floor":44,"turns":7}],"seed_played":"2924443238540936404","potions_obtained":[{"floor":2,"key":"Ancient Potion"},{"floor":6,"key":"DuplicationPotion"},{"floor":15,"key":"EssenceOfSteel"},{"floor":16,"key":"Block Potion"},{"floor":19,"key":"Regen Potion"},{"floor":20,"key":"LiquidMemories"},{"floor":30,"key":"Weak Potion"},{"floor":40,"key":"BlessingOfTheForge"}],"is_trial":false,"path_per_floor":["R","M","?","$","M","E","T","E","R","?","M","R","$","E","M","B",null,"R","M","M","M","M","R","T","?","M","M","M","$","E","?","M","B",null,"R","M","?","$","M","E","T","R","E","?"],"character_chosen":"GUARDIAN","items_purchased":["Bag of Marbles","Lantern","Ancient Tea Set","Guardian:EvasiveProtocol"],"campfire_rested":0,"item_purchase_floors":[4,29,29,38],"current_hp_per_floor":[80,80,80,80,80,56,56,45,45,45,45,45,45,30,30,25,80,80,75,75,75,74,74,74,74,70,70,70,70,70,70,70,33,80,80,80,80,80,80,65,65,65,54,0,0],"gold":251,"neow_bonus":"RANDOM_COLORLESS","is_daily":false,"chose_seed":false,"campfire_upgraded":7,"win_rate":0.0,"timestamp":1610378461,"path_taken":["R","M","?","?","M","E","T","E","R","?","M","R","$","E","M","BOSS","R","M","M","M","?","R","T","?","M","M","M","$","E","?","M","BOSS","R","M","?","$","M","E","T","R","E","?"],"items_purchased_type":["Relic","Relic","Relic","Card"],"build_version":"2020-12-22","purchased_purges":1,"victory":false,"max_hp_per_floor":[80,80,80,80,80,80,80,80,80,80,80,80,80,80,80,80,80,80,80,80,80,80,80,80,80,80,80,80,80,80,80,80,80,80,80,80,80,80,80,80,80,80,80,80,80],"relic_stats":{"Darkstone Periapt":0,"Regal Pillow":0,"Singing Bowl":0,"counters":[27,163],"Astrolabe":["Guardian:Harden","Guardian:StasisStrike","Guardian:Harden"],"Juzu Bracelet":1,"obtain_stats":[{"Darkstone Periapt":43,"Regal Pillow":8,"Lantern":29,"Calipers":40,"Guardian:ModeShifterPlus":34,"Singing Bowl":41,"Astrolabe":17,"Guardian:ModeShifter":0,"Guardian:SackOfGems":7,"Juzu Bracelet":30,"Ancient Tea Set":29,"Bag of Marbles":4,"Bottled Lightning":14,"InkBottle":6},{"Darkstone Periapt":26,"Regal Pillow":5,"Lantern":18,"Calipers":25,"Guardian:ModeShifterPlus":21,"Singing Bowl":25,"Astrolabe":10,"Guardian:ModeShifter":0,"Guardian:SackOfGems":4,"Juzu Bracelet":19,"Ancient Tea Set":18,"Bag of Marbles":2,"Bottled Lightning":8,"InkBottle":4},{"Darkstone Periapt":156,"Regal Pillow":28,"Lantern":94,"Calipers":146,"Guardian:ModeShifterPlus":119,"Singing Bowl":146,"Astrolabe":48,"Guardian:ModeShifter":0,"Guardian:SackOfGems":22,"Juzu Bracelet":101,"Ancient Tea Set":94,"Bag of Marbles":8,"Bottled Lightning":40,"InkBottle":22}],"InkBottle":[54]},"card_choices":[{"not_picked":["Madness","Purity"],"picked":"expansioncontent:YouAreMine","floor":0},{"not_picked":["Guardian:Recover","Guardian:CrystalBeam"],"picked":"Guardian:Gem_Red","floor":2},{"not_picked":["Guardian:MultiBeam","Guardian:CrystalBeam"],"picked":"Guardian:WalkerClaw","floor":4},{"not_picked":["Guardian:Gem_White","Guardian:Incinerate"],"picked":"Guardian:PiercingHide","floor":5},{"not_picked":["Guardian:Gem_Blue","Guardian:Harden"],"picked":"Guardian:ExploitGems","floor":6},{"not_picked":["Guardian:Reroute","Guardian:ChargeCore"],"picked":"Guardian:RollAttack","floor":8},{"not_picked":["Guardian:WalkerClaw","Guardian:RollAttack","Guardian:PolyBeam"],"picked":"SKIP","floor":11},{"not_picked":["Guardian:PrismaticBeam","Guardian:TemporalShield"],"picked":"Guardian:Gem_Lightblue","floor":13},{"not_picked":["Guardian:Recover","Guardian:Reroute"],"picked":"Guardian:FuturePlans","floor":14},{"not_picked":["Guardian:Gem_Cyan","Guardian:Planning"],"picked":"Guardian:DecasProtection","floor":15},{"not_picked":["Guardian:GatlingBeam","Guardian:FierceBash"],"picked":"Guardian:Gem_Synthetic","floor":16},{"not_picked":["Guardian:RefractedBeam","Guardian:PiercingHide","Guardian:MultiBeam+1"],"picked":"SKIP","floor":19},{"not_picked":["Guardian:PrimingBeam+1","Guardian:VentSteam","Guardian:CrystalBeam"],"picked":"SKIP","floor":20},{"not_picked":["Guardian:BaubleBeam","Guardian:PolyBeam"],"picked":"Guardian:EvasiveProtocol+1","floor":21},{"not_picked":["Guardian:VentSteam","Guardian:Suspension","Guardian:ChargeCore"],"picked":"SKIP","floor":22},{"not_picked":["Guardian:PrimingBeam","Guardian:FloatingOrbs"],"picked":"Guardian:Gem_Red","floor":26},{"not_picked":["Guardian:Suspension","Guardian:PrimingBeam","Guardian:CrystalBeam"],"picked":"SKIP","floor":27},{"not_picked":["Guardian:WalkerClaw","Guardian:TimeCapacitor"],"picked":"Guardian:SphericShield","floor":28},{"not_picked":["Guardian:Gem_Green","Guardian:RollAttack+1"],"picked":"Guardian:Gem_Synthetic","floor":29},{"not_picked":["Guardian:SpikerProtocol","Guardian:Recover"],"picked":"Guardian:BronzeArmor","floor":30},{"not_picked":["Guardian:Gem_Fragmented","Guardian:Gem_Red","Guardian:Recover"],"picked":"SKIP","floor":32},{"not_picked":["Guardian:StasisStrike","Guardian:FastForward"],"picked":"Guardian:TimeSifter","floor":33},{"not_picked":["Guardian:Preprogram+1","Guardian:Planning","Guardian:TimeBomb+1"],"picked":"SKIP","floor":36},{"not_picked":["Guardian:CrystalBeam+1","Guardian:PrimingBeam","Guardian:TemporalStrike+1"],"picked":"SKIP","floor":38},{"not_picked":["Guardian:Gem_Yellow","Guardian:Planning+1","Guardian:Harden"],"picked":"SKIP","floor":39},{"not_picked":["Guardian:Incinerate","Guardian:ChargeCore","Guardian:GemFire"],"picked":"SKIP","floor":40},{"not_picked":["Guardian:Harden","Guardian:PiercingHide+1"],"picked":"Guardian:ArmoredProtocol+1","floor":43}],"player_experience":1464264,"relics_obtained":[{"floor":6,"key":"InkBottle"},{"floor":7,"key":"Guardian:SackOfGems"},{"floor":8,"key":"Regal Pillow"},{"floor":14,"key":"Bottled Lightning"},{"floor":30,"key":"Juzu Bracelet"},{"floor":40,"key":"Calipers"},{"floor":41,"key":"Singing Bowl"},{"floor":43,"key":"Darkstone Periapt"}],"event_choices":[{"cards_removed":["Guardian:Strike_Guardian"],"damage_healed":0,"gold_gain":0,"player_choice":"Offered Basic","damage_taken":0,"max_hp_gain":0,"max_hp_loss":0,"event_name":"Bonfire Elementals","floor":3,"gold_loss":0},{"damage_healed":0,"gold_gain":0,"player_choice":"Upgraded","damage_taken":0,"max_hp_gain":0,"max_hp_loss":0,"event_name":"Upgrade Shrine","floor":10,"gold_loss":0,"cards_upgraded":["Guardian:PiercingHide"]},{"damage_healed":0,"gold_gain":0,"player_choice":"Fight","damage_taken":0,"max_hp_gain":0,"max_hp_loss":0,"event_name":"Mysterious Sphere","floor":44,"gold_loss":0}],"is_beta":false,"boss_relics":[{"not_picked":["Fusion Hammer","Sozu"],"picked":"Astrolabe"},{"not_picked":["Busted Crown","Empty Cage"],"picked":"Guardian:ModeShifterPlus"}],"items_purged_floors":[13],"is_endless":false,"potions_floor_spawned":[2,6,15,16,19,20,30,40],"killed_by":"2 Orb Walkers","ascension_level":3}}