{"host":"qwv9nni2x0umspiu","time":1610329485,"event":{"mods":["BaseMod","Downfall","Minty Spire (QoL Compilation)","Replay The Spire","StSLib","The Hierophant","Wandering Minibosses"],"gold_per_floor":[111,126,126,51,51,84,84,94,120,117,124,124,124,140,140,130,130],"floor_reached":16,"playtime":494,"items_purged":["hierophant:Strike_Hierophant"],"score":254,"play_id":"60552832-46ba-4fc0-933c-81a411cff1d4","local_time":"20210110174445","is_ascension_mode":true,"campfire_choices":[{"data":"hierophant:ChurchCoffers","floor":7,"key":"SMITH"},{"data":"hierophant:Punish","floor":13,"key":"SMITH"},{"data":"hierophant:Zeal","floor":15,"key":"SMITH"}],"circlet_count":0,"master_deck":["AscendersBane","hierophant:Strike_Hierophant+1","hierophant:Strike_Hierophant","hierophant:Strike_Hierophant","hierophant:Punish+1","hierophant:Defend_Hierophant","hierophant:Defend_Hierophant","hierophant:Defend_Hierophant+1","hierophant:ChurchCoffers+1","hierophant:Doomsaying+1","hierophant:Zeal+1","Injury"],"relics":["hierophant:PropheticMaskRelic","NeowsBlessing","Akabeko","Golden Idol"],"acts_visited":["Exordium"],"potions_floor_usage":[16,16],"damage_taken":[{"damage":0,"enemies":"Small Slimes","floor":1,"turns":1},{"damage":0,"enemies":"Jaw Worm","floor":2,"turns":1},{"damage":0,"enemies":"Gremlin Nob","floor":6,"turns":1},{"damage":0,"enemies":"Cultist","floor":8,"turns":3},{"damage":4,"enemies":"Exordium Thugs","floor":10,"turns":6},{"damage":1,"enemies":"Looter","floor":11,"turns":3},{"damage":1,"enemies":"2 Fungi Beasts","floor":14,"turns":2},{"damage":24,"enemies":"Slime Boss","floor":16,"turns":6}],"seed_played":"-1738136768942653149","potions_obtained":[{"floor":2,"key":"AttackPotion"},{"floor":10,"key":"DuplicationPotion"}],"is_trial":false,"path_per_floor":["M","M","?","$","?","E","R","M","T","M","M","?","R","M","R","B"],"character_chosen":"HIEROPHANT","items_purchased":[],"campfire_rested":0,"item_purchase_floors":[],"current_hp_per_floor":[68,68,68,68,45,45,45,45,45,41,40,40,40,39,39,15,15],"gold":130,"neow_bonus":"THREE_ENEMY_KILL","is_daily":false,"chose_seed":false,"campfire_upgraded":3,"win_rate":0.0,"timestamp":1610329485,"path_taken":["M","M","?","$","?","E","R","M","T","M","M","?","R","M","R","BOSS"],"items_purchased_type":[],"build_version":"2020-12-22","purchased_purges":1,"victory":false,"max_hp_per_floor":[75,75,75,75,75,75,75,75,75,75,75,75,75,75,75,75,75],"card_choices":[{"not_picked":["hierophant:HolyVerse","hierophant:Refuge","hierophant:EyeForCoin"],"picked":"SKIP","floor":1},{"not_picked":["hierophant:RustyCrate","hierophant:FieryStrike","hierophant:Glossolalia"],"picked":"SKIP","floor":2},{"not_picked":["hierophant:Patience","hierophant:Doubloon","hierophant:Prophecy"],"picked":"SKIP","floor":6},{"not_picked":["hierophant:Encroach","hierophant:Purify","hierophant:HolyVerse"],"picked":"SKIP","floor":8},{"not_picked":["hierophant:Prophecy","hierophant:Remorse","hierophant:Martyrdom"],"picked":"SKIP","floor":10},{"not_picked":["hierophant:Encroach","hierophant:Invocation"],"picked":"hierophant:Zeal","floor":11},{"not_picked":["hierophant:Sermon","hierophant:OrnateBuckler","hierophant:HolyVerse"],"picked":"SKIP","floor":14}],"player_experience":1340353,"relics_obtained":[{"floor":6,"key":"Akabeko"}],"event_choices":[{"damage_healed":0,"gold_gain":0,"player_choice":"Entered Light","damage_taken":23,"max_hp_gain":0,"max_hp_loss":0,"event_name":"Shining Light","floor":5,"gold_loss":0,"cards_upgraded":["hierophant:Defend_Hierophant","hierophant:Strike_Hierophant"]},{"damage_healed":0,"gold_gain":0,"player_choice":"Take Wound","damage_taken":0,"relics_obtained":["Golden Idol"],"max_hp_gain":0,"max_hp_loss":0,"event_name":"Golden Idol","floor":12,"gold_loss":0,"cards_obtained":["Injury"]}],"is_beta":false,"boss_relics":[],"items_purged_floors":[4],"is_endless":false,"potions_floor_spawned":[2,10,11,14],"killed_by":"Slime Boss","ascension_level":20}}