{"host":"ln76an1o32p2wxtf","time":1610379540,"event":{"mods":["AchievementEnabler","Act Like it!","BaseMod","BetterRewards","Colored Powertips","Energized Spire","GifTheSpireLib","Infinite Spire","Minty Spire (QoL Compilation)","Shop Mod","StSLib"],"gold_per_floor":[119,134,134,146,161,193,203,235,235,235,123,139,169,188,188,289,289,270,289,289,300,317,347,347,377,377,389,389,389,314,229,229,325,325,344,344,360,360,379,413,413,313,313,327,327,352,365,378,378,378,378,378,87,113,113],"floor_reached":56,"playtime":4896,"items_purged":["Strike_R","Strike_R","Defend_R","Inflame"],"score":1320,"play_id":"f2b072e8-bfcf-4637-b57e-2b69d80e0d1e","local_time":"20210111233900","is_ascension_mode":true,"campfire_choices":[{"floor":10.0,"key":"REST"},{"floor":15.0,"key":"REST"},{"floor":24.0,"key":"DIG"},{"floor":28.0,"key":"REST"},{"floor":32.0,"key":"RECALL"},{"floor":41.0,"key":"DIG"},{"floor":45.0,"key":"DIG"},{"floor":49.0,"key":"DIG"},{"data":"Corruption","floor":52.0,"key":"SMITH"}],"circlet_count":0,"master_deck":["Strike_R+1","Defend_R+1","Defend_R","Defend_R","Bash","Disarm","Infernal Blade","Metallicize","Corruption+1","Feed","Spot Weakness","Dark Embrace","Cleave","Offering","Shrug It Off","Disarm","infinitespire:UltimateForm","Demon Form","Armaments","Feel No Pain","Double Tap","Warcry+1","Intimidate+1","Panache","Body Slam+1"],"relics":["Burning Blood","Mummified Hand","Lantern","infinitespire:CursedDice","energizedSpire:MagnifyingGlass","Shovel","Magic Flower","Ginger","Dead Branch","Bag of Preparation","energizedSpire:DeadBattery","Happy Flower","Toy Ornithopter","Pear","Art of War","Vajra","Gremlin Horn","infinitespire:Golems Mask"],"acts_visited":["Exordium","TheCity","TheBeyond","TheEnding"],"potions_floor_usage":[55,55],"damage_taken":[{"damage":0.0,"enemies":"Small Slimes","floor":1.0,"turns":3.0},{"damage":1.0,"enemies":"Jaw Worm","floor":2.0,"turns":3.0},{"damage":16.0,"enemies":"infinitespire:Voidling","floor":4.0,"turns":5.0},{"damage":11.0,"enemies":"3 Louse","floor":5.0,"turns":5.0},{"damage":45.0,"enemies":"Lagavulin","floor":6.0,"turns":9.0},{"damage":2.0,"enemies":"Large Slime","floor":7.0,"turns":7.0},{"damage":14.0,"enemies":"3 Sentries","floor":8.0,"turns":5.0},{"damage":7.0,"enemies":"2 Fungi Beasts","floor":12.0,"turns":3.0},{"damage":37.0,"enemies":"Gremlin Nob","floor":13.0,"turns":5.0},{"damage":12.0,"enemies":"Exordium Thugs","floor":14.0,"turns":3.0},{"damage":13.0,"enemies":"Slime Boss","floor":16.0,"turns":9.0},{"damage":20.0,"enemies":"2 Thieves","floor":18.0,"turns":4.0},{"damage":9.0,"enemies":"Chosen","floor":19.0,"turns":5.0},{"damage":21.0,"enemies":"Centurion and Healer","floor":21.0,"turns":7.0},{"damage":31.0,"enemies":"Shelled Parasite and Fungi","floor":22.0,"turns":5.0},{"damage":40.0,"enemies":"Gremlin Leader","floor":23.0,"turns":5.0},{"damage":52.0,"enemies":"Slavers","floor":25.0,"turns":6.0},{"damage":6.0,"enemies":"Snake Plant","floor":27.0,"turns":3.0},{"damage":24.0,"enemies":"Collector","floor":33.0,"turns":5.0},{"damage":6.0,"enemies":"Orb Walker","floor":35.0,"turns":4.0},{"damage":14.0,"enemies":"3 Shapes","floor":37.0,"turns":4.0},{"damage":20.0,"enemies":"Maw","floor":39.0,"turns":6.0},{"damage":40.0,"enemies":"Nemesis","floor":40.0,"turns":7.0},{"damage":6.0,"enemies":"Transient","floor":44.0,"turns":5.0},{"damage":18.0,"enemies":"Giant Head","floor":46.0,"turns":7.0},{"damage":12.0,"enemies":"Writhing Mass","floor":47.0,"turns":5.0},{"damage":19.0,"enemies":"3 Darklings","floor":48.0,"turns":4.0},{"damage":63.0,"enemies":"infinitespire:MassOfShapes","floor":50.0,"turns":5.0},{"damage":122.0,"enemies":"Shield and Spear","floor":54.0,"turns":8.0},{"damage":46,"enemies":"The Heart","floor":55,"turns":7}],"seed_played":"-1622012295882032270","potions_obtained":[{"floor":1.0,"key":"Strength Potion"},{"floor":6.0,"key":"FairyPotion"},{"floor":7.0,"key":"Ancient Potion"},{"floor":13.0,"key":"Energy Potion"},{"floor":14.0,"key":"Swift Potion"},{"floor":25.0,"key":"EssenceOfSteel"},{"floor":37.0,"key":"Weak Potion"},{"floor":40.0,"key":"Fire Potion"},{"floor":44.0,"key":"EssenceOfSteel"}],"is_trial":false,"path_per_floor":["M","M","?","M","M","E","M","E","T","R","$","M","E","M","R","B",null,"M","M","?","M","M","E","R","E","T","M","R","AVR","?","?","R","B",null,"M","?","M","?","M","E","R","$","T","M","R","E","M","M","R","B",null,"R","$","E","B",null],"character_chosen":"IRONCLAD","items_purchased":["Metallicize","Panache"],"campfire_rested":3,"item_purchase_floors":[11,53],"current_hp_per_floor":[88,88,70,69,64,25,29,21,21,47,47,46,15,9,35,28,88,74,71,71,59,37,57,57,19,19,27,57,57,57,57,57,47,103,103,103,103,103,97,66,66,66,76,87,87,78,75,65,65,17,123,123,123,18,76],"gold":113,"neow_bonus":"TEN_PERCENT_HP_BONUS","is_daily":false,"chose_seed":false,"campfire_upgraded":1,"win_rate":0.0,"timestamp":1610379540,"path_taken":["M","M","?","M","M","E","M","E","T","R","$","M","E","M","R","BOSS","M","M","?","M","M","E","R","E","T","?","R","AVR","?","?","R","BOSS","M","?","?","?","M","E","R","$","T","M","R","E","M","?","R","BOSS","R","$","E","BOSS"],"items_purchased_type":["Card","Card"],"build_version":"2020-12-22","purchased_purges":4,"victory":true,"max_hp_per_floor":[88,88,88,88,88,88,88,88,88,88,88,88,88,88,88,88,88,88,88,88,91,94,94,94,97,97,100,100,100,100,100,100,103,103,103,103,106,106,109,109,109,109,119,119,119,119,119,119,119,123,123,123,123,123,123],"card_choices":[{"not_picked":["Carnage","Pummel"],"picked":"Disarm","floor":1.0},{"not_picked":["Flex","Thunderclap","Clothesline"],"picked":"SKIP","floor":2.0},{"not_picked":["Clothesline","Twin Strike","Perfected Strike"],"picked":"SKIP","floor":4.0},{"not_picked":["Sword Boomerang","Combust","Fire Breathing"],"picked":"SKIP","floor":5.0},{"not_picked":["Hemokinesis","Havoc"],"picked":"Infernal Blade","floor":6.0},{"not_picked":["Immolate","Power Through","Body Slam"],"picked":"SKIP","floor":7.0},{"not_picked":["Spot Weakness","Intimidate"],"picked":"Inflame","floor":8.0},{"not_picked":["Iron Wave","Headbutt","Flame Barrier"],"picked":"SKIP","floor":12.0},{"not_picked":["Berserk","Sword Boomerang"],"picked":"Corruption","floor":13.0},{"not_picked":["Sword Boomerang","Flex","Wild Strike"],"picked":"SKIP","floor":14.0},{"not_picked":["Bludgeon","Reaper"],"picked":"Feed","floor":16.0},{"not_picked":["Warcry","Twin Strike"],"picked":"Spot Weakness","floor":18.0},{"not_picked":["Carnage","Havoc"],"picked":"Dark Embrace","floor":19.0},{"not_picked":["Hemokinesis+1","Heavy Blade"],"picked":"Cleave","floor":21.0},{"not_picked":["Flame Barrier","Twin Strike"],"picked":"Offering","floor":22.0},{"not_picked":["Heavy Blade","Hemokinesis+1"],"picked":"Shrug It Off","floor":23.0},{"not_picked":["Rage","Sword Boomerang"],"picked":"Disarm","floor":25.0},{"not_picked":["Wild Strike","Rupture","Headbutt+1"],"picked":"SKIP","floor":27.0},{"not_picked":["Juggernaut","Corruption"],"picked":"Demon Form","floor":33.0},{"not_picked":["Heavy Blade","Disarm+1"],"picked":"Armaments","floor":35.0},{"not_picked":["Twin Strike","Pommel Strike+1","Dropkick+1"],"picked":"SKIP","floor":37.0},{"not_picked":["infinitespire:OneForAll+1","Searing Blow"],"picked":"Feel No Pain","floor":39.0},{"not_picked":["Heavy Blade","Disarm+1"],"picked":"Double Tap","floor":40.0},{"not_picked":["True Grit+1","Anger"],"picked":"Warcry+1","floor":44.0},{"not_picked":["Perfected Strike+1","Immolate"],"picked":"Intimidate+1","floor":46.0},{"not_picked":["Heavy Blade+1","Anger","True Grit+1"],"picked":"SKIP","floor":47.0},{"not_picked":["Armaments","Iron Wave+1","Heavy Blade+1"],"picked":"SKIP","floor":48.0},{"not_picked":["Burning Pact","Iron Wave"],"picked":"Body Slam+1","floor":54.0}],"player_experience":723226,"relics_obtained":[{"floor":6.0,"key":"Mummified Hand"},{"floor":8.0,"key":"Lantern"},{"floor":13.0,"key":"infinitespire:CursedDice"},{"floor":23.0,"key":"Shovel"},{"floor":24.0,"key":"Magic Flower"},{"floor":25.0,"key":"Ginger"},{"floor":26.0,"key":"Dead Branch"},{"floor":40.0,"key":"Happy Flower"},{"floor":41.0,"key":"Toy Ornithopter"},{"floor":43.0,"key":"Pear"},{"floor":45.0,"key":"Art of War"},{"floor":46.0,"key":"Vajra"},{"floor":49.0,"key":"Gremlin Horn"},{"floor":54.0,"key":"infinitespire:Golems Mask"}],"event_choices":[{"damage_healed":0.0,"max_hp_gain":0.0,"max_hp_loss":0.0,"gold_gain":0.0,"event_name":"Shining Light","player_choice":"Entered Light","floor":3.0,"gold_loss":0.0,"damage_taken":18.0,"cards_upgraded":["Defend_R","Strike_R"]},{"damage_healed":0.0,"max_hp_gain":0.0,"max_hp_loss":0.0,"gold_gain":0.0,"event_name":"Match and Keep!","player_choice":"0 cards matched","floor":20.0,"gold_loss":0.0,"damage_taken":0.0,"cards_obtained":[]},{"cards_removed":["Strike_R"],"damage_healed":0.0,"max_hp_gain":0.0,"max_hp_loss":0.0,"gold_gain":0.0,"event_name":"Beggar","player_choice":"Gave Gold","floor":30.0,"gold_loss":75.0,"damage_taken":0.0},{"damage_healed":0.0,"max_hp_gain":0.0,"max_hp_loss":0.0,"gold_gain":0.0,"event_name":"Addict","player_choice":"Obtained Relic","floor":31.0,"gold_loss":85.0,"damage_taken":0.0,"relics_obtained":["Bag of Preparation"]},{"cards_removed":["Strike_R"],"damage_healed":0.0,"max_hp_gain":0.0,"max_hp_loss":0.0,"gold_gain":0.0,"event_name":"Purifier","player_choice":"Purged","floor":36.0,"gold_loss":0.0,"damage_taken":0.0},{"damage_healed":0.0,"max_hp_gain":0.0,"max_hp_loss":0.0,"gold_gain":0.0,"event_name":"The Woman in Blue","player_choice":"Bought 0 Potions","floor":38.0,"gold_loss":0.0,"damage_taken":0.0}],"is_beta":false,"boss_relics":[{"not_picked":["energizedSpire:TabascoSauce","Coffee Dripper"],"picked":"energizedSpire:MagnifyingGlass"},{"not_picked":["infinitespire:Cupcake","Black Blood"],"picked":"energizedSpire:DeadBattery"}],"items_purged_floors":[11,29,42,53],"is_endless":false,"potions_floor_spawned":[1,6,7,13,14,19,22,25,37,40,44,48],"ascension_level":1}}