{"host":"kvh5342rl0c7vxi5","time":1610338548,"event":{"mods":["BaseMod","Downfall","GungeonMod","Hermit","Infinite Spire","Jorbs\u0027s Wanderer Trilogy","Minty Spire (QoL Compilation)","Quick Restart","Replay The Spire","StSLib","SuperFastMode","The Poker Player"],"gold_per_floor":[116,135,149,149,36,36,36,61,61,61,91,91,105,119,119,119,119],"floor_reached":16,"playtime":604,"items_purged":[],"score":132,"play_id":"65f6b13d-1afd-4f06-95b4-c080a1a07153","local_time":"20210110231548","is_ascension_mode":true,"campfire_choices":[{"data":"hermit:Snapshot","floor":6,"key":"SMITH"},{"floor":10,"key":"REST"},{"data":"hermit:Deadeye","floor":12,"key":"SMITH"},{"data":"hermit:Covet","floor":15,"key":"SMITH"}],"circlet_count":0,"master_deck":["hermit:Strike_Hermit","hermit:Strike_Hermit","hermit:Strike_Hermit","hermit:Strike_Hermit","hermit:Defend_Hermit","hermit:Defend_Hermit","hermit:Defend_Hermit+1","hermit:Defend_Hermit+1","hermit:Snapshot+1","hermit:Covet+1","hermit:TrackingShot","hermit:ItchyTrigger+1","hermit:Gestalt","hermit:Deadeye+1","hermit:LowProfile","hermit:SprayPray","hermit:HoleUp"],"relics":["hermit:Momento","Ancient Tea Set","Meat on the Bone","infinitespire:Beetle Shell","War Paint"],"acts_visited":["Exordium"],"potions_floor_usage":[8],"damage_taken":[{"damage":3,"enemies":"Small Slimes","floor":1,"turns":4},{"damage":5,"enemies":"2 Louse","floor":2,"turns":2},{"damage":8,"enemies":"Jaw Worm","floor":3,"turns":4},{"damage":36,"enemies":"Replay:BlueRogue","floor":8,"turns":8},{"damage":2,"enemies":"Gremlin Nob","floor":11,"turns":4},{"damage":2,"enemies":"Large Slime","floor":13,"turns":4},{"damage":5,"enemies":"Red Slaver","floor":14,"turns":2},{"damage":8,"enemies":"Fading Forest","floor":16,"turns":8}],"seed_played":"7538759538135967959","potions_obtained":[{"floor":2,"key":"ColorlessPotion"},{"floor":3,"key":"EssenceOfSteel"},{"floor":13,"key":"Adrenaline Potion"}],"is_trial":false,"path_per_floor":["M","M","M","?","$","R","?","E","T","R","E","R","M","M","R","B"],"character_chosen":"HERMIT","items_purchased":["GamblersBrew","hermit:Deadeye"],"campfire_rested":1,"item_purchase_floors":[5,5],"current_hp_per_floor":[72,67,59,59,59,59,59,31,31,53,51,51,49,44,44,44,44],"gold":119,"neow_bonus":"RANDOM_COMMON_RELIC","is_daily":false,"chose_seed":false,"campfire_upgraded":3,"win_rate":0.0,"timestamp":1610338548,"path_taken":["M","M","M","?","$","R","?","E","T","R","E","R","M","M","R","BOSS"],"items_purchased_type":["Potion","Card"],"build_version":"2020-12-22","purchased_purges":0,"victory":false,"max_hp_per_floor":[75,75,75,75,75,75,75,75,75,75,75,75,75,75,75,75,75],"card_choices":[{"not_picked":["hermit:TakeAim","hermit:Manifest"],"picked":"hermit:TrackingShot","floor":1},{"not_picked":["hermit:HighCaliber","hermit:FullyLoaded"],"picked":"hermit:ItchyTrigger","floor":2},{"not_picked":["hermit:Dissolve","hermit:Vantage"],"picked":"hermit:Gestalt","floor":3},{"not_picked":["hermit:Roulette","hermit:SprayPray"],"picked":"hermit:LowProfile","floor":8},{"not_picked":["hermit:Snipe","hermit:LowProfile","hermit:Glare"],"picked":"SKIP","floor":11},{"not_picked":["hermit:ShadowCloak","hermit:HighCaliber"],"picked":"hermit:SprayPray","floor":13},{"not_picked":["hermit:PistolWhip","hermit:DeadMansHand"],"picked":"hermit:HoleUp","floor":14}],"player_experience":532266,"relics_obtained":[{"floor":8,"key":"Meat on the Bone"},{"floor":9,"key":"infinitespire:Beetle Shell"},{"floor":11,"key":"War Paint"}],"event_choices":[],"is_beta":false,"boss_relics":[],"items_purged_floors":[],"is_endless":false,"potions_floor_spawned":[2,3,13],"killed_by":"Fading Forest","ascension_level":4}}