{"host":"5jyeqch4fosnsiz2","time":1610398171,"event":{"mods":["BaseMod","Bestiary","Colored Map","Colored Powertips","Filter the Spire","Minty Spire (QoL Compilation)","Relic Stats","StSLib","Waifu the Spire","ojb\u0027s Better Paths Mod","ojb\u0027s Info Mod"],"gold_per_floor":[34,71,129,223,223,223,320,320,320,378,417,19,19,71,83,217,229,256,268,294,321,351,363,454,466,466],"floor_reached":25,"playtime":1106,"items_purged":[],"score":238,"play_id":"564c2d31-2949-43f6-872e-2786c52aa9a1","local_time":"20210111154931","is_ascension_mode":false,"campfire_choices":[{"data":"HandOfGreed","floor":6,"key":"SMITH"},{"data":"Metallicize","floor":8,"key":"SMITH"},{"data":"Offering","floor":13,"key":"SMITH"},{"data":"Combust","floor":15,"key":"SMITH"},{"data":"Feed","floor":23,"key":"SMITH"}],"circlet_count":0,"master_deck":["Strike_R","Strike_R+1","Strike_R","Strike_R","Strike_R+1","Defend_R","Defend_R","Defend_R","Defend_R","Bash","Combust+1","Twin Strike","Metallicize+1","True Grit","Offering+1","Feed+1","Defend_R","Flame Barrier","Armaments"],"relics":["Burning Blood","Odd Mushroom","Singing Bowl","Du-Vu Doll","Lee\u0027s Waffle","Paper Frog","MawBank","Runic Dome"],"acts_visited":["Exordium","TheCity"],"potions_floor_usage":[4,10,10,22,25,25],"damage_taken":[{"damage":5,"enemies":"Jaw Worm","floor":1,"turns":6},{"damage":8,"enemies":"Cultist","floor":2,"turns":4},{"damage":11,"enemies":"Small Slimes","floor":3,"turns":4},{"damage":10,"enemies":"Gremlin Gang","floor":4,"turns":7},{"damage":25,"enemies":"The Mushroom Lair","floor":7,"turns":8},{"damage":23,"enemies":"3 Sentries","floor":10,"turns":7},{"damage":10,"enemies":"Blue Slaver","floor":11,"turns":6},{"damage":17,"enemies":"Lagavulin","floor":14,"turns":5},{"damage":49,"enemies":"The Guardian","floor":16,"turns":14},{"damage":18,"enemies":"Shell Parasite","floor":18,"turns":5},{"damage":25,"enemies":"Spheric Guardian","floor":20,"turns":6},{"damage":9,"enemies":"Snecko","floor":21,"turns":5},{"damage":46,"enemies":"Centurion and Healer","floor":22,"turns":10},{"damage":30,"enemies":"Slavers","floor":25,"turns":3}],"seed_played":"-4065550149680222306","potions_obtained":[{"floor":1,"key":"Strength Potion"},{"floor":3,"key":"HeartOfIron"},{"floor":4,"key":"Strength Potion"},{"floor":16,"key":"BlessingOfTheForge"},{"floor":20,"key":"DistilledChaos"},{"floor":22,"key":"ColorlessPotion"}],"is_trial":false,"path_per_floor":["M","M","M","M","?","R","?","R","T","E","M","$","R","E","R","B",null,"M","?","M","M","M","R","T","E"],"character_chosen":"IRONCLAD","items_purchased":["Lee\u0027s Waffle","Paper Frog"],"campfire_rested":0,"item_purchase_floors":[12,12],"current_hp_per_floor":[80,78,73,69,53,53,34,34,34,17,15,89,89,80,80,37,91,81,81,62,62,27,27,27,0,0],"gold":466,"neow_bonus":"RANDOM_COLORLESS_2","is_daily":false,"chose_seed":false,"campfire_upgraded":5,"win_rate":0.0,"timestamp":1610398171,"path_taken":["M","M","M","M","?","R","?","R","T","E","M","?","R","E","R","BOSS","M","?","M","M","?","R","?","E"],"items_purchased_type":["Relic","Relic"],"build_version":"2020-12-22","purchased_purges":0,"victory":false,"max_hp_per_floor":[80,80,80,80,80,80,80,80,80,80,82,89,89,91,91,91,91,93,93,93,96,101,101,101,101,101],"relic_stats":{"Lee\u0027s Waffle":74,"Singing Bowl":8,"counters":[14,90],"MawBank":132,"obtain_stats":[{"Du-Vu Doll":10,"Runic Dome":17,"Lee\u0027s Waffle":12,"Singing Bowl":9,"Odd Mushroom":7,"MawBank":14,"Burning Blood":0,"Paper Frog":12},{"Du-Vu Doll":6,"Runic Dome":9,"Lee\u0027s Waffle":7,"Singing Bowl":5,"Odd Mushroom":5,"MawBank":8,"Burning Blood":0,"Paper Frog":7},{"Du-Vu Doll":36,"Runic Dome":61,"Lee\u0027s Waffle":42,"Singing Bowl":29,"Odd Mushroom":29,"MawBank":47,"Burning Blood":0,"Paper Frog":42}],"Burning Blood":77},"card_choices":[{"not_picked":["Magnetism","Mayhem"],"picked":"HandOfGreed","floor":0},{"not_picked":["Iron Wave","Havoc"],"picked":"Combust","floor":1},{"not_picked":["Thunderclap","Burning Pact"],"picked":"Twin Strike","floor":2},{"not_picked":["Wild Strike","Twin Strike"],"picked":"Metallicize","floor":3},{"not_picked":["Headbutt","Anger","Disarm"],"picked":"SKIP","floor":4},{"not_picked":["Pummel","Havoc"],"picked":"True Grit","floor":7},{"not_picked":["Body Slam","Shockwave"],"picked":"Offering","floor":10},{"not_picked":["Armaments","True Grit","Perfected Strike"],"picked":"Singing Bowl","floor":11},{"not_picked":["Headbutt","Blood for Blood","Rupture"],"picked":"Singing Bowl","floor":14},{"not_picked":["Impervious","Demon Form"],"picked":"Feed","floor":16},{"not_picked":["Flex","Bloodletting+1","Flame Barrier"],"picked":"Singing Bowl","floor":18},{"not_picked":["Clothesline","Clash"],"picked":"Flame Barrier","floor":20},{"not_picked":["Cleave+1","Rampage"],"picked":"Armaments","floor":21},{"not_picked":["Cleave","Clash","Flex+1"],"picked":"Singing Bowl","floor":22}],"player_experience":301866,"relics_obtained":[{"floor":7,"key":"Odd Mushroom"},{"floor":9,"key":"Singing Bowl"},{"floor":10,"key":"Du-Vu Doll"},{"floor":14,"key":"MawBank"}],"event_choices":[{"damage_healed":0,"gold_gain":0,"player_choice":"Entered Light","damage_taken":16,"max_hp_gain":0,"max_hp_loss":0,"event_name":"Shining Light","floor":5,"gold_loss":0,"cards_upgraded":["Strike_R","Strike_R"]},{"damage_healed":0,"gold_gain":0,"player_choice":"Fought Mushrooms","damage_taken":0,"max_hp_gain":0,"max_hp_loss":0,"event_name":"Mushrooms","floor":7,"gold_loss":0},{"cards_removed":["HandOfGreed"],"damage_healed":0,"gold_gain":0,"player_choice":"Took Card","damage_taken":0,"max_hp_gain":0,"max_hp_loss":0,"event_name":"NoteForYourself","floor":19,"gold_loss":0,"cards_obtained":["Defend_R"]}],"is_beta":false,"boss_relics":[{"not_picked":["Pandora\u0027s Box","SlaversCollar"],"picked":"Runic Dome"}],"items_purged_floors":[],"is_endless":false,"potions_floor_spawned":[1,3,4,16,20,22],"killed_by":"Slavers","ascension_level":0}}