{"host":"cijhj3091wf4aho3","time":1610326088,"event":{"mods":["BaseMod","Colored Map","Colored Powertips","Downfall","Friendly Minions","GifTheSpireLib","Highlight Path","Minty Spire (QoL Compilation)","Permanent Neow","Random Character Button","Relic Sorter","Relic Stats","StSLib","everything is the same but u backflip on backflip","slay the spire mod where everything is the same but ironclad has a cowboy hat"],"gold_per_floor":[99,117,117,130,40,40,63,83,114,125,125,225,251,268,281,376,376,376,392,411,62,72,72,99,118,118,131,56,82,96,130,142,245,245,245,256,271,182,182,107,157,7,37,37,50,50,50,81,91,91],"floor_reached":51,"playtime":2517,"items_purged":["Guardian:Strike_Guardian","Guardian:Strike_Guardian","Guardian:Gem_Lightblue","Guardian:GemFinder"],"score":1489,"play_id":"39717b1b-ad08-4594-94f9-f098fb18bba7","local_time":"20210110164808","is_ascension_mode":true,"campfire_choices":[{"data":"expansioncontent:DarkVoid","floor":1,"key":"SMITH"},{"data":"Guardian:FloatingOrbs","floor":6,"key":"SMITH"},{"data":"Guardian:EvasiveProtocol","floor":11,"key":"SMITH"},{"data":"Guardian:ExploitGems","floor":18,"key":"SMITH"},{"data":"Guardian:CompilePackage","floor":28,"key":"SMITH"},{"floor":35,"key":"RECALL"},{"data":"Guardian:CurlUp","floor":40,"key":"SMITH"},{"data":"Guardian:ChargeUp","floor":47,"key":"SMITH"}],"circlet_count":0,"master_deck":["AscendersBane","Guardian:CurlUp+1","Guardian:TwinSlam+1","expansioncontent:DarkVoid+1","Guardian:EvasiveProtocol+1","Guardian:FloatingOrbs+1","Guardian:BronzeArmor","Guardian:GuardianWhirl+1","Guardian:ChargeUp+1","Guardian:ExploitGems+1","Guardian:PolyBeam+1","Guardian:CompilePackage+1","Guardian:EvasiveProtocol","Guardian:Incinerate","Guardian:WalkerClaw+1"],"relics":["Guardian:ModeShifter","downfall:ShatteredFragment","Akabeko","Guardian:PickAxe","Potion Belt","Singing Bowl","SlaversCollar","ClockworkSouvenir","downfall:HeartBlessingBlue","Juzu Bracelet","Shuriken","Pandora\u0027s Box","Happy Flower","Medical Kit","downfall:HeartBlessingRed","Guardian:DefensiveModeMoreBlock","Whetstone","Bottled Tornado"],"acts_visited":["Exordium","TheCity","TheBeyond"],"potions_floor_usage":[10,12,13,16,29,30,37,38],"damage_taken":[{"damage":0,"enemies":"Jaw Worm","floor":2,"turns":4},{"damage":7,"enemies":"Small Slimes","floor":4,"turns":2},{"damage":0,"enemies":"downfall:FleeingMerchant","floor":5,"turns":4},{"damage":0,"enemies":"Cultist","floor":8,"turns":2},{"damage":20,"enemies":"Lagavulin","floor":9,"turns":7},{"damage":0,"enemies":"Gremlin Gang","floor":10,"turns":3},{"damage":0,"enemies":"downfall:LadyInBlue","floor":12,"turns":5},{"damage":0,"enemies":"Gremlin Nob","floor":13,"turns":3},{"damage":0,"enemies":"3 Louse","floor":14,"turns":2},{"damage":0,"enemies":"Large Slime","floor":15,"turns":3},{"damage":5,"enemies":"downfall:Silent","floor":16,"turns":8},{"damage":6,"enemies":"Shell Parasite","floor":19,"turns":6},{"damage":15,"enemies":"Chosen and Byrds","floor":20,"turns":5},{"damage":5,"enemies":"downfall:FleeingMerchant","floor":21,"turns":4},{"damage":9,"enemies":"Snake Plant","floor":22,"turns":3},{"damage":0,"enemies":"3 Cultists","floor":25,"turns":2},{"damage":0,"enemies":"Cultist and Chosen","floor":27,"turns":4},{"damage":2,"enemies":"Slavers","floor":29,"turns":4},{"damage":0,"enemies":"Shelled Parasite and Fungi","floor":30,"turns":4},{"damage":0,"enemies":"Gremlin Leader","floor":31,"turns":4},{"damage":0,"enemies":"Centurion and Healer","floor":32,"turns":2},{"damage":0,"enemies":"downfall:Defect","floor":33,"turns":6},{"damage":0,"enemies":"3 Shapes","floor":36,"turns":1},{"damage":0,"enemies":"3 Darklings","floor":37,"turns":4},{"damage":0,"enemies":"downfall:FleeingMerchant","floor":38,"turns":4},{"damage":0,"enemies":"Giant Head","floor":43,"turns":5},{"damage":0,"enemies":"Spire Growth","floor":45,"turns":4},{"damage":15,"enemies":"Nemesis","floor":48,"turns":3},{"damage":0,"enemies":"Transient","floor":49,"turns":5},{"damage":0,"enemies":"downfall:Ironclad","floor":50,"turns":4}],"seed_played":"-550500579588315525","potions_obtained":[{"floor":4,"key":"PowerPotion"},{"floor":9,"key":"Fire Potion"},{"floor":10,"key":"Guardian:BlockOnCardUsePotion"},{"floor":12,"key":"FairyPotion"},{"floor":12,"key":"LiquidBronze"},{"floor":12,"key":"Ancient Potion"},{"floor":13,"key":"Weak Potion"},{"floor":16,"key":"BlessingOfTheForge"},{"floor":20,"key":"Block Potion"},{"floor":30,"key":"hexamod:EctoCoolerPotion"},{"floor":37,"key":"SteroidPotion"},{"floor":43,"key":"BlessingOfTheForge"}],"is_trial":false,"path_per_floor":["R","M","?","M","$","R","T","M","E","M","R","?","E","M","M","B",null,"R","M","M","$","M","?","T","M","?","M","R","E","M","E","M","B",null,"R","M","M","$","?","R","T","$","E","?","M","?","R","E","M","B",null],"character_chosen":"GUARDIAN","items_purchased":["ClockworkSouvenir","Guardian:PolyBeam","Happy Flower","Medical Kit"],"campfire_rested":0,"item_purchase_floors":[21,21,38,38],"current_hp_per_floor":[72,72,48,41,41,41,41,41,21,21,21,21,21,21,23,18,66,66,60,47,42,35,35,35,37,37,39,49,49,51,53,55,57,97,97,99,103,103,103,103,103,103,105,105,107,99,99,86,88,88],"gold":91,"neow_bonus":"RANDOM_COLORLESS","is_daily":false,"chose_seed":false,"campfire_upgraded":7,"win_rate":0.0,"timestamp":1610326088,"path_taken":["R","M","?","M","$","R","T","M","E","M","R","?","E","?","M","BOSS","R","M","M","$","M","?","T","?","?","M","R","E","M","E","M","BOSS","R","M","M","$","?","R","T","?","E","?","M","?","R","E","M","BOSS"],"items_purchased_type":["Relic","Card","Relic","Relic"],"build_version":"2020-12-22","purchased_purges":4,"victory":true,"max_hp_per_floor":[80,80,80,80,80,80,80,80,80,80,80,80,80,80,82,82,82,82,82,84,84,86,86,86,88,88,90,100,102,104,106,108,110,110,110,112,116,116,116,116,116,116,118,118,120,120,120,122,124,124],"relic_stats":{"Singing Bowl":34,"Happy Flower":[7],"counters":[30,117],"Shuriken":[33],"Pandora\u0027s Box":["Guardian:EvasiveProtocol","Guardian:Gem_Cyan","Guardian:Gem_Lightblue","Guardian:GemFinder","Guardian:Incinerate","Guardian:TemporalShield"],"Juzu Bracelet":1,"Whetstone":["Guardian:TwinSlam","Guardian:GuardianWhirl"],"Medical Kit":[0],"obtain_stats":[{"Potion Belt":12,"Guardian:DefensiveModeMoreBlock":41,"downfall:ShatteredFragment":3,"Singing Bowl":13,"Happy Flower":38,"downfall:HeartBlessingRed":40,"Guardian:ModeShifter":0,"Juzu Bracelet":29,"Whetstone":43,"Bottled Tornado":48,"Medical Kit":38,"Akabeko":7,"ClockworkSouvenir":21,"Guardian:PickAxe":9,"SlaversCollar":17,"downfall:HeartBlessingBlue":28,"Shuriken":31,"Pandora\u0027s Box":34},{"Potion Belt":7,"Guardian:DefensiveModeMoreBlock":25,"downfall:ShatteredFragment":1,"Singing Bowl":8,"Happy Flower":25,"downfall:HeartBlessingRed":25,"Guardian:ModeShifter":0,"Juzu Bracelet":18,"Whetstone":26,"Bottled Tornado":28,"Medical Kit":25,"Akabeko":3,"ClockworkSouvenir":14,"Guardian:PickAxe":5,"SlaversCollar":11,"downfall:HeartBlessingBlue":17,"Shuriken":20,"Pandora\u0027s Box":22},{"Potion Belt":27,"Guardian:DefensiveModeMoreBlock":96,"downfall:ShatteredFragment":4,"Singing Bowl":30,"Happy Flower":96,"downfall:HeartBlessingRed":96,"Guardian:ModeShifter":0,"Juzu Bracelet":71,"Whetstone":101,"Bottled Tornado":108,"Medical Kit":96,"Akabeko":10,"ClockworkSouvenir":58,"Guardian:PickAxe":19,"SlaversCollar":43,"downfall:HeartBlessingBlue":67,"Shuriken":79,"Pandora\u0027s Box":87}]},"card_choices":[{"not_picked":["expansioncontent:TimeRipple","expansioncontent:DecasProtection"],"picked":"expansioncontent:DarkVoid","floor":0},{"not_picked":["Guardian:Recover","Guardian:SpikerProtocol"],"picked":"Guardian:Gem_Blue","floor":2},{"not_picked":["Guardian:ShieldSpikes","Guardian:MultiBeam"],"picked":"Guardian:EvasiveProtocol","floor":4},{"not_picked":["Guardian:EvasiveProtocol","Guardian:RollAttack"],"picked":"Guardian:FloatingOrbs","floor":5},{"not_picked":["Guardian:Gem_Crimson","Guardian:Suspension"],"picked":"Guardian:BronzeArmor","floor":8},{"not_picked":["Guardian:Orbwalk","Guardian:Gem_Green"],"picked":"Guardian:Gem_Cyan","floor":9},{"not_picked":["Guardian:Gem_Red","Guardian:TemporalShield","Guardian:WalkerClaw"],"picked":"SKIP","floor":10},{"not_picked":["Guardian:RollAttack","Guardian:Emergency"],"picked":"Guardian:GuardianWhirl","floor":12},{"not_picked":["Guardian:VentSteam","Guardian:Gem_Lightblue"],"picked":"Guardian:ChargeUp","floor":13},{"not_picked":["Guardian:Reroute","Guardian:Clone"],"picked":"Guardian:ExploitGems","floor":14},{"not_picked":["Guardian:RollAttack","Guardian:BronzeArmor","Guardian:Suspension"],"picked":"Singing Bowl","floor":15},{"not_picked":["Guardian:GemFinder","Guardian:FastForward"],"picked":"Guardian:Gem_Synthetic","floor":16},{"not_picked":["Guardian:Recover","Guardian:TemporalStrike"],"picked":"Guardian:Gem_White","floor":19},{"not_picked":["Guardian:WalkerClaw","Guardian:PolyBeam","Guardian:ShieldCharger"],"picked":"Singing Bowl","floor":20},{"not_picked":["Guardian:Reroute+1","Guardian:CrystalBeam"],"picked":"Guardian:Gem_White","floor":21},{"not_picked":["Guardian:Gem_Lightblue","Guardian:Gem_Yellow","Guardian:Planning"],"picked":"Singing Bowl","floor":22},{"not_picked":["Guardian:PiercingHide+1","Guardian:Gem_Crimson","Guardian:Gem_Green"],"picked":"Singing Bowl","floor":25},{"not_picked":["Guardian:PrismaticBeam+1","Guardian:Gem_Green","Guardian:BronzeArmor"],"picked":"Singing Bowl","floor":27},{"not_picked":["Guardian:RefractedBeam","Guardian:Gem_White","Guardian:Clone"],"picked":"Singing Bowl","floor":29},{"not_picked":["Guardian:FloatingOrbs","Guardian:RefractedBeam","Guardian:CrystalBeam"],"picked":"Singing Bowl","floor":30},{"not_picked":["Guardian:ChargeCore+1","Guardian:RollAttack","Guardian:Reroute"],"picked":"Singing Bowl","floor":31},{"not_picked":["Guardian:RefractedBeam","Guardian:GemFire","Guardian:VentSteam+1"],"picked":"Singing Bowl","floor":32},{"not_picked":["Guardian:CompilePackage","Guardian:SphericShield","Guardian:StasisEngine"],"picked":"Singing Bowl","floor":33},{"not_picked":["Guardian:PrismaticBeam","Guardian:Reroute+1","Guardian:RollAttack+1"],"picked":"Singing Bowl","floor":36},{"not_picked":["Guardian:Gem_Green","Guardian:Gem_Lightblue","Guardian:Gem_Red"],"picked":"Singing Bowl","floor":37},{"not_picked":["Guardian:Gem_Cyan","Guardian:DonusPower","Guardian:Gem_Red"],"picked":"Singing Bowl","floor":37},{"not_picked":["Guardian:Gem_Fragmented","Guardian:SentryBeam+1"],"picked":"Guardian:WalkerClaw+1","floor":38},{"not_picked":["Guardian:RefractedBeam","Guardian:Suspension+1","Guardian:Planning+1"],"picked":"Singing Bowl","floor":43},{"not_picked":["Guardian:PrimingBeam","Guardian:AncientConstruct","Guardian:ChargeCore+1"],"picked":"Singing Bowl","floor":45},{"not_picked":["Guardian:CrystalBeam","Guardian:Gem_Crimson","Guardian:Reroute"],"picked":"Singing Bowl","floor":48},{"not_picked":["Guardian:PiercingHide","Guardian:Gem_Yellow","Guardian:Emergency+1"],"picked":"Singing Bowl","floor":49}],"player_experience":494313,"relics_obtained":[{"floor":7,"key":"Akabeko"},{"floor":9,"key":"Guardian:PickAxe"},{"floor":12,"key":"Potion Belt"},{"floor":13,"key":"Singing Bowl"},{"floor":29,"key":"Juzu Bracelet"},{"floor":31,"key":"Shuriken"},{"floor":41,"key":"Guardian:DefensiveModeMoreBlock"},{"floor":43,"key":"Whetstone"},{"floor":48,"key":"Bottled Tornado"}],"event_choices":[{"damage_healed":0,"gold_gain":0,"player_choice":"Ignored","damage_taken":0,"max_hp_gain":0,"max_hp_loss":0,"event_name":"Ghosts","floor":26,"gold_loss":0}],"is_beta":false,"boss_relics":[{"not_picked":["Cursed Key","Sozu"],"picked":"SlaversCollar"},{"not_picked":["Calling Bell","Fusion Hammer"],"picked":"Pandora\u0027s Box"}],"items_purged_floors":[5,21,38,42],"is_endless":false,"potions_floor_spawned":[4,9,10,13,16,20,25,27,30,37,43],"ascension_level":10}}