{"host":"7w9k7wbji6yxkaex","time":1610393013,"event":{"mods":["Act Like it!","BaseMod","DeckTracker","Elementarium","Gremlin Mod","Hubris","Jorbs\u0027s Wanderer Trilogy","Lobotomy","Minty Spire (QoL Compilation)","Potionbrewer","Quick Restart","READ ME - Guardian Mod","SacredBarkPlus","Slay the Relics Exporter","StSLib","The Dragon Tamer","The Druid","The Hierophant","The Marked","The Showman","The Warrior","TheHero"],"gold_per_floor":[114,114,124,137,26,58,58,69,69,104,114,114,114,79,79,181,181,181,181],"floor_reached":18,"playtime":1122,"items_purged":[],"score":170,"play_id":"d4028973-5f64-4014-9afe-386eab0acec3","local_time":"20210111132333","is_ascension_mode":false,"campfire_choices":[{"data":"theMarked:BanishingStrike","floor":7,"key":"SMITH"},{"floor":12,"key":"REST"},{"data":"theMarked:PowerFlow","floor":15,"key":"SMITH"}],"circlet_count":0,"master_deck":["theMarked:Strike","theMarked:Strike","theMarked:Strike","theMarked:Strike","theMarked:Defend","theMarked:Defend","theMarked:Defend","theMarked:Defend","theMarked:SoldierOfQuellstein","theMarked:Snap","theMarked:BanishingStrike+1","theMarked:WardOff","theMarked:SwordAndMagic","theMarked:HeightenedSenses","Trip","theMarked:BanishingStrike","theMarked:BindingBlade","theMarked:PowerFlow+1","theMarked:Frustration","hubris:NaturalOne","theMarked:BindingBlade"],"relics":["theMarked:ArtifactOfAir","Kunai","The Courier","Vajra","hubris:Icosahedron","hubris:Backtick","Burning Blood"],"acts_visited":["Exordium","TheCity"],"potions_floor_usage":[6,10],"damage_taken":[{"damage":0,"enemies":"Small Slimes","floor":1,"turns":2},{"damage":0,"enemies":"Cultist","floor":3,"turns":2},{"damage":2,"enemies":"2 Louse","floor":4,"turns":3},{"damage":22,"enemies":"3 Sentries","floor":6,"turns":7},{"damage":9,"enemies":"2 Fungi Beasts","floor":8,"turns":2},{"damage":8,"enemies":"Gremlin Nob","floor":10,"turns":3},{"damage":7,"enemies":"Blue Slaver","floor":11,"turns":2},{"damage":50,"enemies":"The Guardian","floor":16,"turns":7},{"damage":0,"enemies":"2 Thieves","floor":18,"turns":1}],"seed_played":"-8520059773274948789","potions_obtained":[{"floor":3,"key":"theMarked:SummonPotion"},{"floor":4,"key":"BlessingOfTheForge"},{"floor":10,"key":"CultistPotion"}],"is_trial":false,"path_per_floor":["M","?","M","M","$","E","R","M","T","E","M","R","?","?","R","B",null,"M"],"character_chosen":"THE_DEFAULT","items_purchased":["theMarked:HeightenedSenses","Trip"],"campfire_rested":1,"item_purchase_floors":[5,5],"current_hp_per_floor":[70,70,70,68,68,46,46,37,37,29,22,43,43,60,60,10,70,70,70],"gold":181,"neow_bonus":"ONE_RANDOM_RARE_CARD","is_daily":false,"chose_seed":false,"campfire_upgraded":2,"win_rate":0.0,"timestamp":1610393013,"path_taken":["M","?","M","M","$","E","R","?","T","E","M","R","?","?","R","BOSS","M"],"items_purchased_type":["Card","Card"],"build_version":"2020-12-22","purchased_purges":0,"victory":false,"max_hp_per_floor":[70,70,70,70,70,70,70,70,70,70,70,70,70,70,70,70,70,70,70],"card_choices":[{"not_picked":["theMarked:Aftermath","theMarked:Parkour"],"picked":"theMarked:BanishingStrike","floor":1},{"not_picked":["theMarked:EnhanceMovement","theMarked:CreepingChasm"],"picked":"theMarked:WardOff","floor":3},{"not_picked":["theMarked:Improvise","theMarked:Polarize"],"picked":"theMarked:SwordAndMagic","floor":4},{"not_picked":["theMarked:WardOff","theMarked:Static"],"picked":"theMarked:BanishingStrike","floor":6},{"not_picked":["theMarked:BanishingStrike","theMarked:WastefulAttack"],"picked":"theMarked:BindingBlade","floor":8},{"not_picked":["theMarked:BanishingStrike","theMarked:EmpowerWeapon"],"picked":"theMarked:PowerFlow","floor":10},{"not_picked":["theMarked:ElectricStrings","theMarked:StartUp"],"picked":"theMarked:Frustration","floor":11},{"not_picked":["theMarked:Challenge","theMarked:SoldierForm"],"picked":"theMarked:BindingBlade","floor":16}],"player_experience":235301,"relics_obtained":[{"floor":6,"key":"Kunai"},{"floor":9,"key":"The Courier"},{"floor":10,"key":"Vajra"}],"event_choices":[{"cards_removed":["theMarked:Strike"],"damage_healed":0,"gold_gain":0,"player_choice":"Card Removal","damage_taken":0,"max_hp_gain":0,"max_hp_loss":0,"event_name":"Wheel of Change","floor":2,"gold_loss":0},{"damage_healed":17,"gold_gain":0,"player_choice":"Healed","damage_taken":0,"max_hp_gain":0,"max_hp_loss":0,"event_name":"The Cleric","floor":14,"gold_loss":35}],"is_beta":false,"boss_relics":[{"not_picked":["Runic Dome","hubris:TerracottaHorce"],"picked":"hubris:Backtick"}],"items_purged_floors":[],"is_endless":false,"potions_floor_spawned":[3,4,10],"killed_by":"2 Thieves","ascension_level":0}}