{"host":"i0avyit1s6jb1siw","time":1610375606,"event":{"mods":["BaseMod","DeckTracker","Dota2Spire","Highlight Path","Minty Spire (QoL Compilation)","Quick Restart","StSLib","SuperFastMode"],"gold_per_floor":[109,4,4,17,17,17,47,47,70,99,110,110,130,164,164,241,241,254,254,8,56,96,96,96,152,152,202,202,202,229,279,279,388,388,408,408,457,90,0,29,29,75,75,147,211,211,211,255,255,285,285,285],"floor_reached":51,"playtime":1383,"items_purged":["Strike_G"],"score":1568,"play_id":"ce01d27a-7930-456f-8225-4cc43c9e67d4","local_time":"20210111153326","is_ascension_mode":true,"campfire_choices":[{"data":"Blade Dance","floor":6.0,"key":"SMITH"},{"data":"Accuracy","floor":8.0,"key":"SMITH"},{"data":"Footwork","floor":15.0,"key":"SMITH"},{"data":"Terror","floor":24.0,"key":"SMITH"},{"floor":28.0,"key":"REST"},{"floor":32.0,"key":"REST"},{"floor":41.0,"key":"RECALL"},{"data":"Concentrate","floor":46.0,"key":"SMITH"},{"floor":49.0,"key":"REST"}],"circlet_count":0,"master_deck":["AscendersBane","Strike_G","Strike_G","Strike_G","Strike_G","Defend_G","Defend_G+1","Defend_G","Defend_G+1","Defend_G+1","Survivor","Neutralize","Blade Dance+1","Accuracy+1","Flying Knee","Terror+1","Footwork+1","A Thousand Cuts","Cloak And Dagger+1","PiercingWail+1","Venomology","Finesse","Master of Strategy","Finesse","Cloak And Dagger","Adrenaline","Deflect+1","Concentrate+1"],"relics":["Ring of the Snake","NeowsBlessing","Dota2Spire:PowerTreads","Nunchaku","Boot","Black Star","Dota2Spire:HandOfMidas","MealTicket","War Paint","Dota2Spire:UrnOfShadows","Akabeko","Dota2Spire:EchoSabre","WristBlade","Dota2Spire:AghanimScepter","Red Mask","Regal Pillow","Mummified Hand","Dota2Spire:Dagon","CeramicFish","Bottled Lightning","Tingsha"],"acts_visited":["Exordium","TheCity","TheBeyond"],"potions_floor_usage":[],"damage_taken":[{"damage":0.0,"enemies":"Cultist","floor":1.0,"turns":1.0},{"damage":0.0,"enemies":"Small Slimes","floor":4.0,"turns":1.0},{"damage":0.0,"enemies":"Gremlin Nob","floor":7.0,"turns":1.0},{"damage":12.0,"enemies":"3 Sentries","floor":10.0,"turns":6.0},{"damage":0.0,"enemies":"Jaw Worm","floor":11.0,"turns":3.0},{"damage":0.0,"enemies":"Red Slaver","floor":13.0,"turns":2.0},{"damage":6.0,"enemies":"Lagavulin","floor":14.0,"turns":6.0},{"damage":15.0,"enemies":"The Guardian","floor":16.0,"turns":9.0},{"damage":16.0,"enemies":"Shell Parasite","floor":18.0,"turns":4.0},{"damage":1.0,"enemies":"3 Byrds","floor":21.0,"turns":5.0},{"damage":7.0,"enemies":"Centurion and Healer","floor":22.0,"turns":6.0},{"damage":21.0,"enemies":"Slavers","floor":25.0,"turns":6.0},{"damage":12.0,"enemies":"Snake Plant","floor":27.0,"turns":4.0},{"damage":7.0,"enemies":"Gremlin Leader","floor":30.0,"turns":4.0},{"damage":48.0,"enemies":"Champ","floor":33.0,"turns":13.0},{"damage":2.0,"enemies":"Orb Walker","floor":35.0,"turns":2.0},{"damage":0.0,"enemies":"3 Darklings","floor":37.0,"turns":5.0},{"damage":0.0,"enemies":"Nemesis","floor":40.0,"turns":3.0},{"damage":0.0,"enemies":"Maw","floor":42.0,"turns":4.0},{"damage":0.0,"enemies":"Giant Head","floor":44.0,"turns":5.0},{"damage":0.0,"enemies":"Mind Bloom Boss Battle","floor":45.0,"turns":8.0},{"damage":15.0,"enemies":"Writhing Mass","floor":48.0,"turns":5.0},{"damage":58.0,"enemies":"Donu and Deca","floor":50.0,"turns":9.0},{"damage":29,"enemies":"Awakened One","floor":51,"turns":2}],"seed_played":"5098120149415836106","potions_obtained":[{"floor":10.0,"key":"Fire Potion"},{"floor":11.0,"key":"AttackPotion"},{"floor":19.0,"key":"Fruit Juice"},{"floor":19.0,"key":"GhostInAJar"},{"floor":22.0,"key":"LiquidMemories"},{"floor":27.0,"key":"Dexterity Potion"},{"floor":30.0,"key":"PowerPotion"},{"floor":44.0,"key":"Block Potion"}],"is_trial":false,"path_per_floor":["M","$","$","M","$","R","E","R","T","E","M","?","M","E","R","B",null,"M","?","$","M","M","?","R","E","T","M","R","?","E","?","R","B",null,"M","?","M","$","?","E","R","M","T","E","?","R","?","M","R","B","B"],"character_chosen":"THE_SILENT","items_purchased":["Blade Dance","Accuracy","Dota2Spire:HandOfMidas","Dota2Spire:AghanimScepter","Adrenaline"],"campfire_rested":3,"item_purchase_floors":[2,2,20,38,38],"current_hp_per_floor":[59,59,59,59,59,59,59,59,59,47,47,27,27,21,21,6,51,35,40,40,39,32,32,32,11,11,5,26,40,33,33,54,9,56,54,44,44,59,59,59,59,59,59,59,59,59,59,44,71,13,0,0],"gold":285,"neow_bonus":"THREE_ENEMY_KILL","is_daily":false,"chose_seed":false,"campfire_upgraded":5,"win_rate":0.0,"timestamp":1610375606,"path_taken":["M","?","$","M","?","R","E","R","T","E","M","?","?","E","R","BOSS","M","?","$","M","?","?","R","E","T","M","R","?","E","?","R","BOSS","M","?","M","$","?","E","R","M","T","E","?","R","?","M","R","BOSS","BOSS"],"items_purchased_type":["Card","Card","Relic","Relic","Card"],"build_version":"2020-12-22","purchased_purges":1,"victory":false,"max_hp_per_floor":[66,66,66,66,66,66,66,66,66,66,66,66,66,66,66,66,66,66,71,71,71,71,71,71,71,71,71,71,71,71,71,71,71,71,71,71,71,71,71,71,71,71,71,71,71,71,71,71,71,71,71,71],"card_choices":[{"not_picked":["Deadly Poison","Acrobatics"],"picked":"Predator","floor":1.0},{"not_picked":["Outmaneuver","Bane","Sucker Punch"],"picked":"SKIP","floor":4.0},{"not_picked":["Riddle With Holes","Concentrate"],"picked":"Flying Knee","floor":7.0},{"not_picked":["Heel Hook","Quick Slash","Flying Knee"],"picked":"SKIP","floor":10.0},{"not_picked":["Caltrops","Underhanded Strike"],"picked":"Terror","floor":11.0},{"not_picked":["Blur","Backflip","Dagger Throw"],"picked":"SKIP","floor":13.0},{"not_picked":["Night Terror","Dagger Throw"],"picked":"Footwork","floor":14.0},{"not_picked":["Night Terror","Envenom"],"picked":"A Thousand Cuts","floor":16.0},{"not_picked":["Dash","Predator"],"picked":"Cloak And Dagger","floor":18.0},{"not_picked":["Distraction","Deadly Poison","Flechettes"],"picked":"SKIP","floor":21.0},{"not_picked":["Terror","Quick Slash"],"picked":"PiercingWail+1","floor":22.0},{"not_picked":["Backstab","PiercingWail"],"picked":"Venomology","floor":25.0},{"not_picked":["Sucker Punch+1","Concentrate","Expertise"],"picked":"SKIP","floor":27.0},{"not_picked":["Quick Slash","Dagger Throw","Deflect"],"picked":"SKIP","floor":30.0},{"not_picked":["Bane","Dagger Throw+1","Riddle With Holes"],"picked":"SKIP","floor":35.0},{"not_picked":["Impatience","Madness"],"picked":"Finesse","floor":36.0},{"not_picked":["Impatience","Trip"],"picked":"Master of Strategy","floor":36.0},{"not_picked":["Mind Blast","Impatience"],"picked":"Finesse","floor":36.0},{"not_picked":["Backflip","Crippling Poison"],"picked":"Cloak And Dagger","floor":37.0},{"not_picked":["Tactician","Cloak And Dagger","Dagger Spray+1"],"picked":"SKIP","floor":40.0},{"not_picked":["Dash","Cloak And Dagger","Outmaneuver"],"picked":"SKIP","floor":42.0},{"not_picked":["Bane","Skewer"],"picked":"Deflect+1","floor":44.0},{"not_picked":["Predator+1","Dagger Spray"],"picked":"Concentrate","floor":45.0},{"not_picked":["Backstab","Escape Plan","Cloak And Dagger"],"picked":"SKIP","floor":48.0}],"player_experience":2199391,"relics_obtained":[{"floor":7.0,"key":"Dota2Spire:PowerTreads"},{"floor":10.0,"key":"Nunchaku"},{"floor":14.0,"key":"Boot"},{"floor":25.0,"key":"MealTicket"},{"floor":25.0,"key":"War Paint"},{"floor":26.0,"key":"Dota2Spire:UrnOfShadows"},{"floor":30.0,"key":"Akabeko"},{"floor":30.0,"key":"Dota2Spire:EchoSabre"},{"floor":40.0,"key":"Regal Pillow"},{"floor":40.0,"key":"Mummified Hand"},{"floor":43.0,"key":"Dota2Spire:Dagon"},{"floor":44.0,"key":"CeramicFish"},{"floor":44.0,"key":"Bottled Lightning"},{"floor":45.0,"key":"Tingsha"}],"event_choices":[{"damage_healed":0.0,"max_hp_gain":0.0,"max_hp_loss":0.0,"gold_gain":0.0,"event_name":"Shining Light","player_choice":"Entered Light","floor":12.0,"gold_loss":0.0,"damage_taken":20.0,"cards_upgraded":["Defend_G","Defend_G"]},{"damage_healed":0.0,"max_hp_gain":0.0,"max_hp_loss":0.0,"gold_gain":0.0,"event_name":"Lab","player_choice":"Got Potions","floor":19.0,"gold_loss":0.0,"damage_taken":0.0},{"damage_healed":0.0,"max_hp_gain":0.0,"max_hp_loss":0.0,"gold_gain":0.0,"event_name":"Ghosts","player_choice":"Ignored","floor":23.0,"gold_loss":0.0,"damage_taken":0.0},{"damage_healed":14.0,"max_hp_gain":0.0,"max_hp_loss":0.0,"gold_gain":0.0,"event_name":"The Library","player_choice":"Heal","floor":29.0,"gold_loss":0.0,"damage_taken":0.0},{"damage_healed":0.0,"max_hp_gain":0.0,"max_hp_loss":0.0,"gold_gain":50.0,"event_name":"Golden Shrine","player_choice":"Pray","floor":31.0,"gold_loss":0.0,"damage_taken":0.0},{"damage_healed":0.0,"max_hp_gain":0.0,"max_hp_loss":0.0,"gold_gain":0.0,"event_name":"SensoryStone","player_choice":"Memory 3","floor":36.0,"gold_loss":0.0,"damage_taken":10.0},{"damage_healed":0.0,"max_hp_gain":0.0,"max_hp_loss":0.0,"gold_gain":0.0,"event_name":"Tomb of Lord Red Mask","player_choice":"Paid","floor":39.0,"gold_loss":90.0,"damage_taken":0.0,"relics_obtained":["Red Mask"]},{"damage_healed":0.0,"max_hp_gain":0.0,"max_hp_loss":0.0,"gold_gain":0.0,"event_name":"MindBloom","player_choice":"Fight","floor":45.0,"gold_loss":0.0,"damage_taken":0.0},{"cards_removed":["Predator"],"damage_healed":0.0,"max_hp_gain":0.0,"max_hp_loss":0.0,"gold_gain":0.0,"event_name":"Falling","player_choice":"Removed Attack","floor":47.0,"gold_loss":0.0,"damage_taken":0.0}],"is_beta":false,"boss_relics":[{"not_picked":["Cursed Key","Philosopher\u0027s Stone"],"picked":"Black Star"},{"not_picked":["Busted Crown","Empty Cage"],"picked":"WristBlade"}],"items_purged_floors":[20],"is_endless":false,"potions_floor_spawned":[10,11,13,22,27,30,37,44],"killed_by":"Awakened One","ascension_level":20}}