{"host":"u7lm8z2rvb4dg2oo","time":1610344830,"event":{"mods":["AchievementEnabler","BaseMod","Colored Map","Colored Powertips","Curses Come First","Googly Eyes","Highlight Path","Minty Spire (QoL Compilation)","Quick Restart","StSLib"],"gold_per_floor":[215,229,229,242,242,242,274,25,25,41,41,53,68,80,80,184,184,197,197,227,227,238,270,270,298,378,410,410,110,110,129,129,234,234,249,265,275,290,290,290,290,290],"floor_reached":41,"playtime":1905,"items_purged":[],"score":550,"play_id":"55d5daf9-9bce-482b-8770-9f3bff164ece","local_time":"20210111010030","is_ascension_mode":true,"campfire_choices":[{"data":"Noxious Fumes","floor":6.0,"key":"SMITH"},{"data":"Bouncing Flask","floor":11.0,"key":"SMITH"},{"floor":15.0,"key":"REST"},{"data":"Corpse Explosion","floor":24.0,"key":"SMITH"},{"floor":28.0,"key":"REST"},{"floor":32.0,"key":"REST"},{"floor":40,"key":"REST"}],"circlet_count":0,"master_deck":["Strike_G","Strike_G","Strike_G","Strike_G","Defend_G","Defend_G","Defend_G","Defend_G","Defend_G","Survivor","Neutralize","Noxious Fumes+1","Crippling Poison","Bouncing Flask+1","Poisoned Stab","Corpse Explosion+1","PiercingWail","Bane+1","Endless Agony","All Out Attack","Dagger Spray+1","After Image","Backflip","Poisoned Stab"],"relics":["Ring of the Snake","Orichalcum","HornCleat","InkBottle","Philosopher\u0027s Stone","MutagenicStrength","Red Mask","Gremlin Horn","Ninja Scroll","Blue Candle","StrikeDummy","Torii","Velvet Choker"],"acts_visited":["Exordium","TheCity","TheBeyond"],"potions_floor_usage":[33,41],"damage_taken":[{"damage":0.0,"enemies":"Cultist","floor":1.0,"turns":4.0},{"damage":4.0,"enemies":"2 Louse","floor":2.0,"turns":4.0},{"damage":2.0,"enemies":"Jaw Worm","floor":4.0,"turns":5.0},{"damage":18.0,"enemies":"Lagavulin","floor":7.0,"turns":9.0},{"damage":0.0,"enemies":"Looter","floor":10.0,"turns":4.0},{"damage":5.0,"enemies":"3 Louse","floor":12.0,"turns":3.0},{"damage":0.0,"enemies":"Exordium Wildlife","floor":13.0,"turns":3.0},{"damage":0.0,"enemies":"Large Slime","floor":14.0,"turns":4.0},{"damage":37.0,"enemies":"Slime Boss","floor":16.0,"turns":10.0},{"damage":3.0,"enemies":"3 Byrds","floor":18.0,"turns":3.0},{"damage":3.0,"enemies":"Masked Bandits","floor":20.0,"turns":3.0},{"damage":0.0,"enemies":"Chosen","floor":22.0,"turns":4.0},{"damage":2.0,"enemies":"Slavers","floor":23.0,"turns":3.0},{"damage":27.0,"enemies":"Gremlin Leader","floor":25.0,"turns":5.0},{"damage":12.0,"enemies":"Slavers","floor":27.0,"turns":6.0},{"damage":6.0,"enemies":"Snecko","floor":31.0,"turns":4.0},{"damage":45,"enemies":"Champ","floor":33,"turns":9},{"damage":0,"enemies":"3 Shapes","floor":35,"turns":2},{"damage":17,"enemies":"3 Darklings","floor":36,"turns":3},{"damage":23,"enemies":"Transient","floor":37,"turns":5},{"damage":6,"enemies":"Jaw Worm Horde","floor":38,"turns":3},{"damage":57,"enemies":"Nemesis","floor":41,"turns":6}],"seed_played":"968662837783695707","potions_obtained":[{"floor":2.0,"key":"BlessingOfTheForge"},{"floor":7.0,"key":"DuplicationPotion"},{"floor":12.0,"key":"Explosive Potion"},{"floor":20.0,"key":"Ancient Potion"},{"floor":22.0,"key":"Energy Potion"},{"floor":31.0,"key":"CultistPotion"},{"floor":33,"key":"CunningPotion"},{"floor":37,"key":"Ancient Potion"}],"is_trial":false,"path_per_floor":["M","M","?","M","?","R","E","$","T","M","R","M","M","M","R","B",null,"M","?","?","$","M","E","R","E","T","E","R","$","?","M","R","B",null,"M","M","M","M","?","R","E"],"character_chosen":"THE_SILENT","items_purchased":["HornCleat","Torii"],"campfire_rested":4,"item_purchase_floors":[8,29],"current_hp_per_floor":[70,66,59,57,57,57,39,39,39,39,39,34,34,34,55,18,70,67,67,64,64,64,62,62,35,35,23,44,44,31,25,47,2,75,75,58,35,29,29,51,0,0],"gold":290,"neow_bonus":"HUNDRED_GOLD","is_daily":false,"chose_seed":false,"campfire_upgraded":3,"win_rate":0.0,"timestamp":1610344830,"path_taken":["M","M","?","M","?","R","E","?","T","M","R","M","M","M","R","BOSS","M","?","?","?","M","E","R","E","T","E","R","$","?","M","R","BOSS","M","M","M","M","?","R","E"],"items_purchased_type":["Relic","Relic"],"build_version":"2020-12-22","purchased_purges":0,"victory":false,"max_hp_per_floor":[70,70,70,70,70,70,70,70,70,70,70,70,70,70,70,70,70,70,70,70,70,70,70,70,70,70,70,70,70,75,75,75,75,75,75,75,75,75,75,75,75,75],"card_choices":[{"not_picked":["Slice","Blade Dance"],"picked":"Noxious Fumes","floor":1.0},{"not_picked":["Concentrate","Deflect","Infinite Blades"],"picked":"SKIP","floor":2.0},{"not_picked":["Choke","Skewer","Cloak And Dagger"],"picked":"SKIP","floor":4.0},{"not_picked":["Reflex","Terror"],"picked":"Crippling Poison","floor":7.0},{"not_picked":["Unload","Well Laid Plans"],"picked":"Bouncing Flask","floor":10.0},{"not_picked":["Dagger Spray","Blade Dance","Flying Knee"],"picked":"SKIP","floor":12.0},{"not_picked":["Quick Slash","Flying Knee","Deflect"],"picked":"SKIP","floor":13.0},{"not_picked":["Underhanded Strike","PiercingWail"],"picked":"Poisoned Stab","floor":14.0},{"not_picked":["A Thousand Cuts","Unload"],"picked":"Corpse Explosion","floor":16.0},{"not_picked":["Accuracy","Calculated Gamble"],"picked":"PiercingWail","floor":18.0},{"not_picked":["PiercingWail","Blade Dance"],"picked":"Bane+1","floor":22.0},{"not_picked":["Cloak And Dagger","Acrobatics"],"picked":"Endless Agony","floor":23.0},{"not_picked":["Tactician","Sucker Punch","Cloak And Dagger+1"],"picked":"SKIP","floor":25.0},{"not_picked":["Skewer","Quick Slash"],"picked":"All Out Attack","floor":27.0},{"not_picked":["Outmaneuver","Slice"],"picked":"Dagger Spray+1","floor":31.0},{"not_picked":["Phantasmal Killer","Night Terror"],"picked":"After Image","floor":33},{"not_picked":["Prepared+1","Dagger Spray"],"picked":"Backflip","floor":35},{"not_picked":["Heel Hook+1","Flying Knee"],"picked":"Poisoned Stab","floor":36},{"not_picked":["Poisoned Stab+1","Bane","Underhanded Strike"],"picked":"SKIP","floor":37},{"not_picked":["Flechettes+1","Dagger Throw"],"picked":"Cloak And Dagger","floor":38}],"player_experience":937296,"relics_obtained":[{"floor":7.0,"key":"Orichalcum"},{"floor":9.0,"key":"InkBottle"},{"floor":20.0,"key":"Red Mask"},{"floor":23.0,"key":"Gremlin Horn"},{"floor":25.0,"key":"Ninja Scroll"},{"floor":26.0,"key":"Blue Candle"},{"floor":27.0,"key":"StrikeDummy"}],"event_choices":[{"cards_removed":["Strike_G"],"damage_healed":0.0,"max_hp_gain":0.0,"max_hp_loss":0.0,"gold_gain":0.0,"event_name":"Golden Wing","player_choice":"Card Removal","floor":3.0,"gold_loss":0.0,"damage_taken":7.0},{"damage_healed":0.0,"max_hp_gain":0.0,"max_hp_loss":0.0,"gold_gain":0.0,"event_name":"Shining Light","player_choice":"Ignored","floor":5.0,"gold_loss":0.0,"damage_taken":0.0},{"damage_healed":0.0,"max_hp_gain":0.0,"max_hp_loss":0.0,"gold_gain":0.0,"event_name":"Drug Dealer","player_choice":"Inject Mutagens","floor":19.0,"gold_loss":0.0,"damage_taken":0.0,"relics_obtained":["MutagenicStrength"]},{"damage_healed":0.0,"max_hp_gain":0.0,"max_hp_loss":0.0,"gold_gain":0.0,"event_name":"Masked Bandits","player_choice":"Fought Bandits","floor":20.0,"gold_loss":0.0,"damage_taken":0.0},{"damage_healed":0.0,"max_hp_gain":5.0,"max_hp_loss":0.0,"gold_gain":0.0,"event_name":"Forgotten Altar","player_choice":"Shed Blood","floor":30.0,"gold_loss":0.0,"damage_taken":18.0},{"cards_removed":["Cloak And Dagger"],"damage_healed":0,"gold_gain":0,"player_choice":"Removed Skill","damage_taken":0,"max_hp_gain":0,"max_hp_loss":0,"event_name":"Falling","floor":39,"gold_loss":0}],"is_beta":false,"boss_relics":[{"not_picked":["Fusion Hammer","WristBlade"],"picked":"Philosopher\u0027s Stone"},{"not_picked":["Sozu","Tiny House"],"picked":"Velvet Choker"}],"items_purged_floors":[],"is_endless":false,"potions_floor_spawned":[2,7,12,20,22,31,33,37,38],"killed_by":"Nemesis","ascension_level":3}}