{"host":"981nlwu0905dw1bz","time":1610371767,"event":{"mods":["AchievementEnabler","BaseMod","DeckTracker","Minty Spire (QoL Compilation)","Rare Cards Sparkle","SuperFastMode"],"gold_per_floor":[209,229,229,229,252,252,286,300,352,352,362,380,380,390,390,485,485,504,504,516,615,530,530,557,57,57,57,75,75,90,90,90,188,188,208,111,111,111,125,125,144,155,234,234,234,246,257,269,269,269],"floor_reached":51,"playtime":1004,"items_purged":["Strike_R"],"score":912,"play_id":"8156c035-56c0-42af-ba6d-66e6890052a2","local_time":"20210111222927","is_ascension_mode":true,"campfire_choices":[{"data":"Inflame","floor":6.0,"key":"SMITH"},{"data":"Bash","floor":10.0,"key":"SMITH"},{"data":"Whirlwind","floor":13.0,"key":"SMITH"},{"floor":15.0,"key":"REST"},{"data":"Limit Break","floor":23.0,"key":"SMITH"},{"floor":27.0,"key":"REST"},{"data":"Cleave","floor":29.0,"key":"SMITH"},{"data":"Armaments","floor":32,"key":"SMITH"},{"data":"Blind","floor":40,"key":"SMITH"},{"floor":49,"key":"REST"}],"circlet_count":0,"master_deck":["Strike_R","Strike_R","Strike_R","Defend_R","Defend_R","Defend_R","Defend_R","Bash+1","Inflame+1","Flame Barrier","Intimidate","Whirlwind+1","Armaments+1","Limit Break+1","Inflame+1","Cleave+1","Impervious","Blind+1","Inflame+1"],"relics":["Burning Blood","Frozen Egg 2","Red Skull","Mummified Hand","Smiling Mask","Busted Crown","Gremlin Horn","Oddly Smooth Stone","ClockworkSouvenir","Self Forming Clay","Pantograph","Runic Cube","Shuriken","Question Card","Bottled Flame"],"acts_visited":["TheCity","TheBeyond"],"potions_floor_usage":[33,35,47,50],"damage_taken":[{"damage":0.0,"enemies":"Small Slimes","floor":1.0,"turns":3.0},{"damage":12.0,"enemies":"Jaw Worm","floor":2.0,"turns":2.0},{"damage":43.0,"enemies":"Lagavulin","floor":7.0,"turns":6.0},{"damage":0.0,"enemies":"Cultist","floor":8.0,"turns":2.0},{"damage":0.0,"enemies":"Gremlin Gang","floor":11.0,"turns":3.0},{"damage":7.0,"enemies":"2 Fungi Beasts","floor":12.0,"turns":2.0},{"damage":5.0,"enemies":"Lots of Slimes","floor":14.0,"turns":2.0},{"damage":66.0,"enemies":"Hexaghost","floor":16.0,"turns":10.0},{"damage":7.0,"enemies":"2 Thieves","floor":18.0,"turns":2.0},{"damage":0.0,"enemies":"3 Byrds","floor":20.0,"turns":2.0},{"damage":43.0,"enemies":"Book of Stabbing","floor":24.0,"turns":4.0},{"damage":0.0,"enemies":"3 Cultists","floor":28.0,"turns":3.0},{"damage":8.0,"enemies":"Snecko","floor":30.0,"turns":5.0},{"damage":72,"enemies":"Collector","floor":33,"turns":8},{"damage":0,"enemies":"3 Darklings","floor":35,"turns":3},{"damage":3,"enemies":"Orb Walker","floor":39,"turns":4},{"damage":0,"enemies":"Sphere and 2 Shapes","floor":41,"turns":3},{"damage":13,"enemies":"Spire Growth","floor":42,"turns":5},{"damage":33,"enemies":"Writhing Mass","floor":46,"turns":5},{"damage":17,"enemies":"3 Darklings","floor":47,"turns":2},{"damage":7,"enemies":"Spire Growth","floor":48,"turns":4},{"damage":77,"enemies":"Time Eater","floor":50,"turns":9}],"seed_played":"977177831181849196","potions_obtained":[{"floor":1.0,"key":"Swift Potion"},{"floor":2.0,"key":"ColorlessPotion"},{"floor":8.0,"key":"DuplicationPotion"},{"floor":11.0,"key":"LiquidMemories"},{"floor":14.0,"key":"Swift Potion"},{"floor":16.0,"key":"FairyPotion"},{"floor":18.0,"key":"SkillPotion"},{"floor":28.0,"key":"Strength Potion"},{"floor":33,"key":"FearPotion"},{"floor":35,"key":"Fruit Juice"},{"floor":39,"key":"ElixirPotion"},{"floor":42,"key":"FearPotion"},{"floor":48,"key":"SpeedPotion"}],"is_trial":false,"path_per_floor":["M","M","?","?","T","R","E","M","T","R","M","M","R","M","R","B",null,"M","?","M","?","?","R","E","$","T","R","M","R","M","?","R","B",null,"M","$","?","?","M","R","M","M","T","T","?","M","M","M","R","B",null],"character_chosen":"IRONCLAD","items_purchased":["ClockworkSouvenir","Self Forming Clay","Cleave","Blind"],"campfire_rested":3,"item_purchase_floors":[25,25,25,36],"current_hp_per_floor":[78,72,72,72,72,72,35,41,41,41,47,46,46,47,71,11,63,62,62,68,68,68,68,31,31,31,55,61,61,59,80,80,14,64,75,75,75,75,78,78,84,77,77,77,77,50,39,38,62,10],"gold":269,"neow_bonus":"HUNDRED_GOLD","is_daily":false,"chose_seed":false,"campfire_upgraded":7,"win_rate":0.0,"timestamp":1610371767,"path_taken":["M","M","?","?","?","R","E","M","T","R","?","?","R","M","R","BOSS","M","?","?","?","?","R","E","$","T","R","M","R","M","?","R","BOSS","M","$","?","?","M","R","M","?","T","?","?","M","M","?","R","BOSS"],"items_purchased_type":["Relic","Relic","Card","Card"],"build_version":"2020-12-22","purchased_purges":1,"victory":true,"max_hp_per_floor":[80,80,80,80,80,80,80,80,80,80,80,80,80,80,80,80,80,80,80,80,80,80,80,80,80,80,80,80,80,80,80,80,80,80,85,85,85,85,85,85,85,85,85,85,81,81,81,81,81,81],"card_choices":[{"not_picked":["Infernal Blade","Spot Weakness"],"picked":"Inflame","floor":1.0},{"not_picked":["Warcry","Pommel Strike","Perfected Strike"],"picked":"SKIP","floor":2.0},{"not_picked":["Searing Blow","Shrug It Off"],"picked":"Flame Barrier","floor":7.0},{"not_picked":["Wild Strike","Power Through"],"picked":"Intimidate","floor":8.0},{"not_picked":["Combust+1","Sentinel"],"picked":"Whirlwind","floor":11.0},{"not_picked":["Body Slam","Uppercut","Burning Pact"],"picked":"SKIP","floor":12.0},{"not_picked":["Rupture+1","Shrug It Off"],"picked":"Armaments","floor":14.0},{"not_picked":["Bludgeon","Juggernaut+1"],"picked":"Limit Break","floor":16.0},{"not_picked":["Armaments"],"picked":"SKIP","floor":18.0},{"not_picked":["Iron Wave"],"picked":"SKIP","floor":20.0},{"not_picked":["Headbutt"],"picked":"SKIP","floor":24.0},{"not_picked":["Clothesline+1"],"picked":"SKIP","floor":28.0},{"not_picked":["Burning Pact+1"],"picked":"SKIP","floor":30.0},{"not_picked":[],"picked":"Impervious","floor":33},{"not_picked":["Warcry"],"picked":"SKIP","floor":35},{"not_picked":["Wild Strike+1"],"picked":"SKIP","floor":39},{"not_picked":[],"picked":"Inflame+1","floor":41},{"not_picked":["Fire Breathing+1"],"picked":"SKIP","floor":42},{"not_picked":["Combust+1","Body Slam"],"picked":"SKIP","floor":46},{"not_picked":["Wild Strike+1","Blood for Blood"],"picked":"SKIP","floor":47},{"not_picked":["Dropkick","Headbutt+1"],"picked":"SKIP","floor":48}],"player_experience":538722,"relics_obtained":[{"floor":5.0,"key":"Red Skull"},{"floor":7.0,"key":"Mummified Hand"},{"floor":9.0,"key":"Smiling Mask"},{"floor":24.0,"key":"Oddly Smooth Stone"},{"floor":26.0,"key":"Pantograph"},{"floor":43,"key":"Question Card"},{"floor":44,"key":"Bottled Flame"}],"event_choices":[{"damage_healed":0.0,"max_hp_gain":0.0,"max_hp_loss":0.0,"gold_gain":0.0,"event_name":"Big Fish","player_choice":"Box","floor":3.0,"gold_loss":0.0,"damage_taken":0.0,"relics_obtained":["Frozen Egg 2"],"cards_obtained":["Regret"]},{"cards_removed":["Regret"],"damage_healed":0.0,"max_hp_gain":0.0,"max_hp_loss":0.0,"gold_gain":0.0,"event_name":"Living Wall","player_choice":"Forget","floor":4.0,"gold_loss":0.0,"damage_taken":0.0},{"damage_healed":0.0,"max_hp_gain":0.0,"max_hp_loss":0.0,"gold_gain":0.0,"event_name":"Duplicator","player_choice":"Copied","floor":19.0,"gold_loss":0.0,"damage_taken":0.0,"cards_obtained":["Inflame"]},{"damage_healed":0.0,"max_hp_gain":0.0,"max_hp_loss":0.0,"gold_gain":99.0,"event_name":"Nest","player_choice":"Stole From Cult","floor":21.0,"gold_loss":0.0,"damage_taken":0.0},{"damage_healed":0.0,"max_hp_gain":0.0,"max_hp_loss":0.0,"gold_gain":0.0,"event_name":"Addict","player_choice":"Obtained Relic","floor":22.0,"gold_loss":85.0,"damage_taken":0.0,"relics_obtained":["Gremlin Horn"]},{"damage_healed":26,"gold_gain":0,"player_choice":"Heal","damage_taken":0,"max_hp_gain":0,"max_hp_loss":0,"event_name":"The Library","floor":31,"gold_loss":0},{"cards_removed":["Strike_R"],"damage_healed":0,"gold_gain":0,"player_choice":"Removed Attack","damage_taken":0,"max_hp_gain":0,"max_hp_loss":0,"event_name":"Falling","floor":37,"gold_loss":0},{"damage_healed":0,"gold_gain":0,"player_choice":"Gave Potion","damage_taken":0,"relics_obtained":["Shuriken"],"max_hp_gain":0,"max_hp_loss":0,"event_name":"WeMeetAgain","floor":38,"gold_loss":0},{"damage_healed":0,"gold_gain":0,"player_choice":"Max HP","damage_taken":0,"max_hp_gain":0,"max_hp_loss":4,"event_name":"Winding Halls","floor":45,"gold_loss":0}],"is_beta":false,"boss_relics":[{"not_picked":["Fusion Hammer","Runic Pyramid"],"picked":"Busted Crown"},{"not_picked":["Mark of Pain","Coffee Dripper"],"picked":"Runic Cube"}],"items_purged_floors":[25],"is_endless":false,"potions_floor_spawned":[1,2,8,11,14,16,18,28,33,35,39,42,48],"ascension_level":6}}