{"host":"p7xnybcl7rtshmbr","time":1610388111,"event":{"mods":["AchievementEnabler","AlwaysNeverKeys","Arknights The Spire","Aspiration","BaseMod","Better Third Choice","Hermit","Hubris","Minty Spire (QoL Compilation)","Replay The Spire","Shade Mod","StSLib","The Hierophant","The Marked"],"gold_per_floor":[110,125,125,158,158,190,200,200,227,243,254,254,280,280,280,376,376,286,286,226,246,246,246,271,285,285,285,210,210,243,255,255,358,358,374,387,387,387,260,260,279,311,311,311,324,324,324,0,0,0],"floor_reached":51,"playtime":2996,"items_purged":["Burn","Writhe"],"score":776,"play_id":"1eb244a0-56fa-4050-9e89-f6de28c6ded7","local_time":"20210111210151","is_ascension_mode":false,"campfire_choices":[{"data":"1","floor":8,"key":"LIFT"},{"data":"2","floor":12,"key":"LIFT"},{"floor":23,"key":"REST"},{"floor":27,"key":"REST"},{"data":"ats:Roar Of Ursus","floor":29,"key":"SMITH"},{"data":"3","floor":32,"key":"LIFT"},{"data":"ats:Emotion Absorption","floor":40,"key":"SMITH"},{"data":"ats:Closed Bolt Burst Fire","floor":44,"key":"SMITH"},{"data":"Enlightenment","floor":49,"key":"SMITH"}],"circlet_count":0,"master_deck":["ats:Strike C","ats:Strike G","ats:Strike S","ats:Strike V","ats:Armor Crushing Shot","ats:Defend","ats:Defend","ats:Defend","ats:Defend","ats:Emotion Absorption+1","ats:Burning Ground","ats:Closed Bolt Burst Fire+1","ats:Cat Scratch","ats:Demon Strength+1","ats:Collapsing Strike","ats:Calcification","hubris:Despair","ats:Overload+1","ats:Roar Of Ursus+1","ats:Apocalypse+1","ats:Consecutive Shot Auto","ats:Demon Strength+1","Poisoned Strike","Enlightenment+1"],"relics":["ats:Sanity","NeowsBlessing","hubris:GlazedTorus","Girya","ats:Originium","Oddly Smooth Stone","ReplayTheSpireMod:Lightbulb","Garlic","Replay:Ancient Bell","aspiration:Lifesprig","Eternal Feather","Ice Cream","aspiration:RitualStick","aspiration:Stabinomicon","Omamori","Singing Bowl","Vajra","Sozu","ReplayTheSpireMod:CursedCoin","Mango","StrikeDummy","Red Mask"],"acts_visited":["Exordium","TheCity","TheBeyond"],"potions_floor_usage":[13,30,31,31,50],"damage_taken":[{"damage":0,"enemies":"Small Slimes","floor":1,"turns":1},{"damage":0,"enemies":"2 Louse","floor":2,"turns":2},{"damage":0,"enemies":"Lagavulin","floor":6,"turns":1},{"damage":0,"enemies":"Cultist","floor":7,"turns":2},{"damage":4,"enemies":"2 Fungi Beasts","floor":10,"turns":3},{"damage":0,"enemies":"Large Slime","floor":11,"turns":4},{"damage":15,"enemies":"3 Sentries","floor":13,"turns":4},{"damage":32,"enemies":"Hexaghost","floor":16,"turns":7},{"damage":23,"enemies":"Shell Parasite","floor":18,"turns":5},{"damage":16,"enemies":"2 Thieves","floor":21,"turns":3},{"damage":10,"enemies":"Centurion and Healer","floor":25,"turns":4},{"damage":28,"enemies":"Book of Stabbing","floor":30,"turns":5},{"damage":0,"enemies":"Snake Plant","floor":31,"turns":3},{"damage":33,"enemies":"Champ","floor":33,"turns":6},{"damage":14,"enemies":"3 Shapes","floor":35,"turns":3},{"damage":17,"enemies":"3 Darklings","floor":36,"turns":4},{"damage":15,"enemies":"Jaw Worm Horde","floor":41,"turns":3},{"damage":0,"enemies":"Nemesis","floor":42,"turns":3},{"damage":18,"enemies":"Writhing Mass","floor":45,"turns":3},{"damage":65,"enemies":"Donu and Deca","floor":50,"turns":6}],"seed_played":"-3205294930771217404","potions_obtained":[{"floor":2,"key":"LiquidMemories"},{"floor":7,"key":"Dexterity Potion"},{"floor":13,"key":"Strength Potion"},{"floor":18,"key":"Cursed Concoction"},{"floor":30,"key":"Block Potion"},{"floor":33,"key":"Weak Potion"}],"is_trial":false,"path_per_floor":["M","M","?","?","?","E","M","R","T","M","M","R","E","?","R","B",null,"M","?","?","M","?","R","T","M","T","R","$","R","E","M","R","B",null,"M","M","?","?","$","R","M","E","T","R","M","?","?","?","R","B",null],"character_chosen":"DOCTOR_CLASS","items_purchased":["ReplayTheSpireMod:CursedCoin","Poisoned Strike"],"campfire_rested":2,"item_purchase_floors":[39,39],"current_hp_per_floor":[72,72,72,54,54,54,54,54,54,50,50,50,35,35,56,24,72,49,35,35,19,3,36,36,26,26,59,59,71,44,50,62,37,74,60,51,70,70,70,76,64,86,86,94,79,89,89,89,96,37],"gold":0,"neow_bonus":"THREE_ENEMY_KILL","is_daily":false,"chose_seed":false,"campfire_upgraded":4,"win_rate":0.0,"timestamp":1610388111,"path_taken":["M","M","?","?","?","E","M","R","T","M","?","R","E","?","R","BOSS","M","?","?","M","?","R","?","M","T","R","$","R","E","?","R","BOSS","M","M","?","?","$","R","?","E","T","R","M","?","?","?","R","BOSS"],"items_purchased_type":["Relic","Card"],"build_version":"2020-12-22","purchased_purges":2,"victory":true,"max_hp_per_floor":[72,72,72,72,72,72,72,72,72,72,72,72,72,72,72,72,72,72,72,72,72,72,72,72,72,72,72,72,72,72,72,72,74,74,74,76,76,76,76,76,78,94,94,94,96,96,96,96,96,96],"card_choices":[{"not_picked":["ats:Hammer On","ats:Shell Defense"],"picked":"ats:Burning Ground","floor":1},{"not_picked":["ats:Shell Defense","ats:Shadow Raid"],"picked":"ats:Closed Bolt Burst Fire","floor":2},{"not_picked":["ats:Flexible Camouflage","ats:Support Order"],"picked":"ats:Cat Scratch","floor":4},{"not_picked":["ats:Shadow Raid","ats:Chain Hook","ats:Spore Proliferation"],"picked":"SKIP","floor":6},{"not_picked":["ats:Shadow Raid","ats:Chain Hook","ats:Spore Proliferation"],"picked":"SKIP","floor":6},{"not_picked":["ats:Apocalypse","ats:Powerful Strike"],"picked":"ats:Demon Strength","floor":7},{"not_picked":["ats:Very Hot Blade","ats:Childhood Dance"],"picked":"ats:Collapsing Strike","floor":10},{"not_picked":["ats:Childhood Dance","ats:Consecutive Shot Auto","ats:Powerful Strike"],"picked":"SKIP","floor":11},{"not_picked":["ats:Beaten Up","ats:Assault Order","ats:Hammer On"],"picked":"SKIP","floor":13},{"not_picked":["ats:Dogmatic Field","ats:Echo Reverb"],"picked":"ats:Calcification","floor":16},{"not_picked":["hubris:Gluttony","ReplayTheSpireMod:Restless Dread"],"picked":"hubris:Despair","floor":17},{"not_picked":["hubris:Despair","Looming Evil"],"picked":"ReplayTheSpireMod:IOU","floor":17},{"not_picked":["ReplayTheSpireMod:Faulty Equipment","CurseOfTheBell"],"picked":"Writhe","floor":17},{"not_picked":["ats:Hook Shot","ats:Blood Oath","ats:Cat Scratch"],"picked":"SKIP","floor":18},{"not_picked":["ats:Encircling Forest","ats:Ignite+1"],"picked":"ats:Overload","floor":21},{"not_picked":["ats:Automatic Cover+1","ats:Powerful Strike"],"picked":"ats:Roar Of Ursus","floor":25},{"not_picked":["ats:Explosion Area Strengthen","ats:Blood Oath"],"picked":"ats:Apocalypse+1","floor":30},{"not_picked":["ats:Roar Of Ursus","ats:Flexible Camouflage"],"picked":"ats:Consecutive Shot Auto","floor":31},{"not_picked":["ats:Nebulous Foxfire","ats:Volcano","ats:Roar Of Ursus"],"picked":"Singing Bowl","floor":33},{"not_picked":["ats:Leaping Hammer","ats:Part Time Job+1"],"picked":"ats:Demon Strength+1","floor":35},{"not_picked":["ats:Apocalypse","ats:Revitalization","ats:Blood Oath"],"picked":"Singing Bowl","floor":36},{"not_picked":["ats:Shell Defense","ats:Powerful Strike+1","ats:Poison Spread+1"],"picked":"Singing Bowl","floor":41},{"not_picked":["ats:LN2 Cannon","ats:Leaping Hammer","ats:Rat Pack"],"picked":"Singing Bowl","floor":42},{"not_picked":["ats:Shadow Raid","ats:Childhood Dance","ats:Assault Order+1"],"picked":"Singing Bowl","floor":45},{"not_picked":["Apotheosis","ReplayTheSpireMod:Private Reserves"],"picked":"Enlightenment","floor":47}],"player_experience":308085,"relics_obtained":[{"floor":4,"key":"Girya"},{"floor":6,"key":"ats:Originium"},{"floor":6,"key":"Oddly Smooth Stone"},{"floor":9,"key":"ReplayTheSpireMod:Lightbulb"},{"floor":13,"key":"ats:Originium"},{"floor":13,"key":"Garlic"},{"floor":22,"key":"aspiration:Stabinomicon"},{"floor":24,"key":"Omamori"},{"floor":26,"key":"Singing Bowl"},{"floor":30,"key":"ats:Originium"},{"floor":30,"key":"Vajra"},{"floor":42,"key":"Mango"},{"floor":43,"key":"StrikeDummy"}],"event_choices":[{"damage_healed":0,"gold_gain":0,"player_choice":"Box","damage_taken":0,"relics_obtained":["hubris:GlazedTorus"],"max_hp_gain":0,"max_hp_loss":0,"event_name":"Big Fish","floor":3,"gold_loss":0,"cards_obtained":["Regret"]},{"cards_removed":["Regret"],"damage_healed":0,"gold_gain":0,"player_choice":"Purged","damage_taken":0,"max_hp_gain":0,"max_hp_loss":0,"event_name":"Purifier","floor":5,"gold_loss":0},{"damage_healed":35,"gold_gain":0,"player_choice":"Embrace Burn","damage_taken":0,"max_hp_gain":0,"max_hp_loss":72,"event_name":"betterThird:BetterShining","floor":14,"gold_loss":0},{"damage_healed":0,"gold_gain":0,"player_choice":"Obtained Book","damage_taken":16,"max_hp_gain":0,"max_hp_loss":0,"event_name":"Cursed Tome","floor":22,"gold_loss":0},{"damage_healed":19,"gold_gain":0,"player_choice":"Writhe","damage_taken":0,"max_hp_gain":0,"max_hp_loss":0,"event_name":"Winding Halls","floor":37,"gold_loss":0,"cards_obtained":["Writhe"]},{"damage_healed":0,"gold_gain":0,"player_choice":"Memory 1","damage_taken":0,"max_hp_gain":0,"max_hp_loss":0,"event_name":"SensoryStone","floor":47,"gold_loss":0},{"damage_healed":0,"gold_gain":0,"player_choice":"Paid","damage_taken":0,"relics_obtained":["Red Mask"],"max_hp_gain":0,"max_hp_loss":0,"event_name":"Tomb of Lord Red Mask","floor":48,"gold_loss":324}],"is_beta":false,"boss_relics":[{"not_picked":["hubris:BlackHole","Abe\u0027s Treasure"],"picked":"Replay:Ancient Bell"},{"not_picked":["Toy Ornithopter","MawBank"],"picked":"aspiration:Lifesprig"},{"not_picked":["aspiration:FrozenJewel","Meat on the Bone"],"picked":"Eternal Feather"},{"not_picked":["Unceasing Top","hubris:Potato"],"picked":"Ice Cream"},{"not_picked":["Replay:Bronze Core","Coffee Dripper"],"picked":"Sozu"}],"items_purged_floors":[28,39],"is_endless":false,"potions_floor_spawned":[2,7,13,18,30,33,35,45],"ascension_level":0}}