{"host":"c6u7e77myxvw4d0m","time":1610399301,"event":{"mods":["AchievementEnabler","BaseMod","Bestiary","Colored Map","Colored Powertips","Minty Spire (QoL Compilation)","Rare Cards Sparkle","Relic Stats","everything is the same but u backflip on backflip"],"gold_per_floor":[109,125,125,3,20,52,52,66,117,132,148,148,179,189,189,289,289,306,324,99,112,112,112,143,143,143,170,23,55,55,55,55,159,159,179,5,5,15,34,34,34],"floor_reached":40,"playtime":3844,"items_purged":["Strike_G","Strike_G"],"score":757,"play_id":"98ee9fbb-cf97-4720-9134-58b8647d0ffc","local_time":"20210111230821","is_ascension_mode":true,"campfire_choices":[{"data":"Neutralize","floor":7.0,"key":"SMITH"},{"data":"Footwork","floor":12.0,"key":"SMITH"},{"data":"Dash","floor":15.0,"key":"SMITH"},{"data":"A Thousand Cuts","floor":23.0,"key":"SMITH"},{"data":"Caltrops","floor":25.0,"key":"SMITH"},{"data":"Terror","floor":30,"key":"SMITH"},{"data":"Noxious Fumes","floor":32,"key":"SMITH"}],"circlet_count":0,"master_deck":["AscendersBane","Strike_G","Strike_G","Strike_G","Defend_G","Defend_G","Defend_G","Defend_G","Defend_G","Survivor","Neutralize+1","Heel Hook","Infinite Blades","Deadly Poison","Caltrops+1","Dash+1","Footwork+1","Bane","Backstab","PiercingWail","Die Die Die","Dodge and Roll","A Thousand Cuts+1","Terror+1","Blade Dance","Ghostly","Ghostly","Ghostly","Ghostly","Ghostly","Leg Sweep+1","Venomology","Cloak And Dagger","Noxious Fumes+1","Catalyst+1","Noxious Fumes","Night Terror","Backflip+1","Cloak And Dagger","Poisoned Stab","Acrobatics"],"relics":["Ring of the Snake","Meat on the Bone","Bag of Marbles","Lantern","Cursed Key","Snake Skull","Anchor","Mercury Hourglass","SacredBark"],"acts_visited":["Exordium","TheCity","TheBeyond"],"potions_floor_usage":[29,33,33,39],"damage_taken":[{"damage":1.0,"enemies":"2 Louse","floor":1.0,"turns":4.0},{"damage":3.0,"enemies":"Cultist","floor":2.0,"turns":4.0},{"damage":8.0,"enemies":"Jaw Worm","floor":5.0,"turns":5.0},{"damage":9.0,"enemies":"Gremlin Nob","floor":6.0,"turns":4.0},{"damage":18.0,"enemies":"Exordium Wildlife","floor":8.0,"turns":4.0},{"damage":2.0,"enemies":"Blue Slaver","floor":10.0,"turns":4.0},{"damage":10.0,"enemies":"Gremlin Gang","floor":11.0,"turns":4.0},{"damage":14.0,"enemies":"Lagavulin","floor":13.0,"turns":7.0},{"damage":1.0,"enemies":"Large Slime","floor":14.0,"turns":7.0},{"damage":32.0,"enemies":"Slime Boss","floor":16.0,"turns":11.0},{"damage":19.0,"enemies":"Shell Parasite","floor":18.0,"turns":5.0},{"damage":8.0,"enemies":"Chosen","floor":19.0,"turns":4.0},{"damage":17.0,"enemies":"Snecko","floor":21.0,"turns":6.0},{"damage":5.0,"enemies":"Gremlin Leader","floor":24.0,"turns":6.0},{"damage":7,"enemies":"Book of Stabbing","floor":27,"turns":6},{"damage":6,"enemies":"Slavers","floor":29,"turns":6},{"damage":2,"enemies":"Automaton","floor":33,"turns":8},{"damage":0,"enemies":"Orb Walker","floor":35,"turns":4},{"damage":0,"enemies":"3 Shapes","floor":38,"turns":5},{"damage":0,"enemies":"Transient","floor":39,"turns":5},{"damage":33,"enemies":"Reptomancer","floor":40,"turns":3}],"seed_played":"731562793424637932","potions_obtained":[{"floor":1.0,"key":"Regen Potion"},{"floor":2.0,"key":"SpeedPotion"},{"floor":11.0,"key":"Explosive Potion"},{"floor":13.0,"key":"Block Potion"},{"floor":14.0,"key":"EssenceOfSteel"},{"floor":21.0,"key":"Ancient Potion"},{"floor":29,"key":"SkillPotion"},{"floor":33,"key":"GhostInAJar"},{"floor":38,"key":"Dexterity Potion"},{"floor":39,"key":"LiquidBronze"}],"is_trial":false,"path_per_floor":["M","M","?","$","M","E","R","M","T","M","M","R","E","M","R","B",null,"M","M","$","M","?","R","E","R","T","E","$","E","R","?","R","B",null,"M","$","?","M","M","E"],"character_chosen":"THE_SILENT","items_purchased":["Fire Potion","Caltrops","SkillPotion","EntropicBrew","Cloak And Dagger","Noxious Fumes","PowerPotion","Cloak And Dagger","Poisoned Stab"],"campfire_rested":0,"item_purchase_floors":[4,4,20,20,28,28,28,36,36],"current_hp_per_floor":[62,59,52,52,59,50,50,44,44,42,44,44,42,41,41,21,58,39,43,43,38,35,35,30,30,30,23,23,29,29,29,29,27,33,33,33,33,33,33,0,0],"gold":34,"neow_bonus":"THREE_CARDS","is_daily":false,"chose_seed":false,"campfire_upgraded":7,"win_rate":0.0,"timestamp":1610399301,"path_taken":["M","M","?","$","?","E","R","M","T","M","M","R","E","M","R","BOSS","M","M","$","M","?","R","E","R","T","E","$","E","R","?","R","BOSS","M","$","?","M","M","E"],"items_purchased_type":["Potion","Card","Potion","Potion","Card","Card","Potion","Card","Card"],"build_version":"2020-12-22","purchased_purges":2,"victory":false,"max_hp_per_floor":[70,70,70,70,70,70,70,70,70,70,70,70,70,70,70,70,70,70,70,70,70,35,35,35,35,35,35,35,35,35,35,35,35,35,35,35,35,35,35,35,35],"relic_stats":{"counters":[21,112],"Snake Skull":[34],"Cursed Key":0,"obtain_stats":[{"Lantern":13,"Anchor":27,"SacredBark":34,"Snake Skull":24,"Bag of Marbles":9,"Cursed Key":17,"Ring of the Snake":0,"Meat on the Bone":6,"Mercury Hourglass":29},{"Lantern":8,"Anchor":15,"SacredBark":17,"Snake Skull":14,"Bag of Marbles":5,"Cursed Key":10,"Ring of the Snake":0,"Meat on the Bone":4,"Mercury Hourglass":16},{"Lantern":36,"Anchor":81,"SacredBark":95,"Snake Skull":75,"Bag of Marbles":21,"Cursed Key":54,"Ring of the Snake":0,"Meat on the Bone":17,"Mercury Hourglass":87}],"Ring of the Snake":[42],"Meat on the Bone":84,"Mercury Hourglass":[119]},"card_choices":[{"not_picked":["Distraction","Prepared"],"picked":"Heel Hook","floor":0.0},{"not_picked":["Heel Hook","Blur"],"picked":"Infinite Blades","floor":1.0},{"not_picked":["PiercingWail","Concentrate"],"picked":"Deadly Poison","floor":2.0},{"not_picked":["Setup","Bane"],"picked":"Dash","floor":5.0},{"not_picked":["Dash","Caltrops"],"picked":"Footwork","floor":6.0},{"not_picked":["Blur","Prepared"],"picked":"Bane","floor":8.0},{"not_picked":["Heel Hook","Distraction"],"picked":"Backstab","floor":10.0},{"not_picked":["Sucker Punch","Backflip"],"picked":"PiercingWail","floor":11.0},{"not_picked":["Dagger Throw","Underhanded Strike"],"picked":"Die Die Die","floor":13.0},{"not_picked":["Outmaneuver","Glass Knife"],"picked":"Dodge and Roll","floor":14.0},{"not_picked":["Burst","Bullet Time"],"picked":"A Thousand Cuts","floor":16.0},{"not_picked":["Flying Knee","Underhanded Strike"],"picked":"Terror","floor":18.0},{"not_picked":["Poisoned Stab","Dagger Throw+1"],"picked":"Blade Dance","floor":19.0},{"not_picked":["Endless Agony","Slice","Underhanded Strike"],"picked":"SKIP","floor":21.0},{"not_picked":["Deadly Poison","PiercingWail"],"picked":"Leg Sweep+1","floor":24.0},{"not_picked":["Blade Dance","Deflect"],"picked":"Venomology","floor":27},{"not_picked":["Outmaneuver+1","Flying Knee"],"picked":"Catalyst+1","floor":29},{"not_picked":["Venomology","Glass Knife"],"picked":"Night Terror","floor":33},{"not_picked":["Flying Knee","Blade Dance+1"],"picked":"Backflip+1","floor":35},{"not_picked":["Dodge and Roll+1","Dagger Throw+1"],"picked":"Acrobatics","floor":38},{"not_picked":["All Out Attack","Bouncing Flask","Riddle With Holes"],"picked":"SKIP","floor":39}],"player_experience":332149,"relics_obtained":[{"floor":6.0,"key":"Meat on the Bone"},{"floor":9.0,"key":"Bag of Marbles"},{"floor":13.0,"key":"Lantern"},{"floor":24.0,"key":"Snake Skull"},{"floor":27,"key":"Anchor"},{"floor":29,"key":"Mercury Hourglass"}],"event_choices":[{"damage_healed":0.0,"max_hp_gain":0.0,"max_hp_loss":0.0,"gold_gain":0.0,"event_name":"Wheel of Change","player_choice":"Damaged","floor":3.0,"gold_loss":0.0,"damage_taken":7.0},{"damage_healed":0.0,"max_hp_gain":0.0,"max_hp_loss":35.0,"gold_gain":0.0,"event_name":"Ghosts","player_choice":"Became a Ghost","floor":22.0,"gold_loss":0.0,"damage_taken":0.0,"cards_obtained":["Ghostly","Ghostly","Ghostly","Ghostly","Ghostly"]},{"damage_healed":0,"gold_gain":0,"player_choice":"Read","damage_taken":0,"max_hp_gain":0,"max_hp_loss":0,"event_name":"The Library","floor":31,"gold_loss":0,"cards_obtained":["Noxious Fumes"]},{"damage_healed":0,"gold_gain":0,"player_choice":"Got Potions","damage_taken":0,"max_hp_gain":0,"max_hp_loss":0,"event_name":"Lab","floor":37,"gold_loss":0}],"is_beta":false,"boss_relics":[{"not_picked":["Runic Dome","Runic Pyramid"],"picked":"Cursed Key"},{"not_picked":["Calling Bell","Velvet Choker"],"picked":"SacredBark"}],"items_purged_floors":[20,36],"is_endless":false,"potions_floor_spawned":[1,2,11,13,14,21,24,29,33,38,39],"killed_by":"Reptomancer","ascension_level":11}}