{"host":"igi9xpgoc000gxf5","time":1610396369,"event":{"mods":["BaseMod","Colored Powertips","Downfall","Googly Eyes","Minty Spire (QoL Compilation)","StSLib"],"gold_per_floor":[99,119,149,160,160,335,362,36,53,71,11,11,25,44,62,62,62],"floor_reached":16,"playtime":987,"items_purged":[],"score":94,"play_id":"e0efac26-9a6a-4218-8219-83be891825df","local_time":"20210111211929","is_ascension_mode":false,"campfire_choices":[{"data":"sneckomod:Unknown","floor":1,"key":"SMITH"},{"floor":12,"key":"REST"}],"circlet_count":0,"master_deck":["sneckomod:Strike","sneckomod:Strike","sneckomod:Strike","sneckomod:Defend","sneckomod:Defend","sneckomod:Defend","sneckomod:TailWhip","sneckomod:SnekBite","sneckomod:Unknown+1","sneckomod:Unknown+1","sneckomod:SoulDraw","sneckomod:UnknownClassGUARDIAN+2","Doubt","sneckomod:UnknownEthereal","sneckomod:UnknownClassSLIMEBOUND","sneckomod:UnknownWeak","sneckomod:UnknownClassSLIMEBOUND","sneckomod:QuickBite","sneckomod:Unknown1Cost","sneckomod:UnknownUncommonPower","sneckomod:Nope"],"relics":["sneckomod:SneckoSoul","StrikeDummy","downfall:BrokenWingStatue","Shovel"],"acts_visited":["Exordium"],"potions_floor_usage":[16,16],"damage_taken":[{"damage":6,"enemies":"Jaw Worm","floor":2,"turns":6},{"damage":0,"enemies":"Small Slimes","floor":4,"turns":2},{"damage":0,"enemies":"downfall:FleeingMerchant","floor":8,"turns":4},{"damage":17,"enemies":"2 Louse","floor":9,"turns":3},{"damage":7,"enemies":"Blue Slaver","floor":10,"turns":5},{"damage":5,"enemies":"downfall:FleeingMerchant","floor":11,"turns":4},{"damage":1,"enemies":"3 Louse","floor":13,"turns":3},{"damage":27,"enemies":"Exordium Wildlife","floor":14,"turns":4},{"damage":20,"enemies":"Red Slaver","floor":15,"turns":6},{"damage":43,"enemies":"downfall:Silent","floor":16,"turns":8}],"seed_played":"6058218646852164527","potions_obtained":[{"floor":4,"key":"ColorlessPotion"},{"floor":9,"key":"Swift Potion"}],"is_trial":false,"path_per_floor":["R","M","?","M","?","?","T","$","M","M","$","R","M","M","M","B"],"character_chosen":"THE_SNECKO","items_purchased":["Shovel","sneckomod:QuickBite"],"campfire_rested":1,"item_purchase_floors":[8,11],"current_hp_per_floor":[90,84,84,85,85,85,85,86,70,64,60,88,88,62,42,0,0],"gold":62,"neow_bonus":"UPGRADE_CARD","is_daily":false,"chose_seed":false,"campfire_upgraded":1,"win_rate":0.0,"timestamp":1610396369,"path_taken":["R","M","?","M","?","?","T","$","M","M","?","R","M","M","M","BOSS"],"items_purchased_type":["Relic","Card"],"build_version":"2020-12-22","purchased_purges":0,"victory":false,"max_hp_per_floor":[90,90,90,91,91,91,91,92,93,94,95,95,96,97,97,97,97],"card_choices":[{"not_picked":["sneckomod:DiceBlock","sneckomod:UnknownClassHEXA_GHOST_PURPLE"],"picked":"sneckomod:SoulDraw","floor":2},{"not_picked":["sneckomod:UnknownClassSLIMEBOUND","sneckomod:ImprovisedGuard"],"picked":"sneckomod:UnknownClassGUARDIAN","floor":4},{"not_picked":["sneckomod:UnknownClassPURPLE","sneckomod:QuickBite"],"picked":"sneckomod:UnknownEthereal","floor":8},{"not_picked":["sneckomod:UnknownEthereal","sneckomod:MasterEye"],"picked":"sneckomod:UnknownClassSLIMEBOUND","floor":9},{"not_picked":["sneckomod:SoulRoll","sneckomod:Rotation"],"picked":"sneckomod:UnknownWeak","floor":10},{"not_picked":["sneckomod:WideSting","sneckomod:DangerNoodle"],"picked":"sneckomod:UnknownClassSLIMEBOUND","floor":11},{"not_picked":["sneckomod:RainOfDice","sneckomod:WideSting"],"picked":"sneckomod:Unknown1Cost","floor":13},{"not_picked":["sneckomod:SnakeSap","sneckomod:QuickMove"],"picked":"sneckomod:UnknownUncommonPower","floor":14},{"not_picked":["sneckomod:SoulRoll","sneckomod:QuickBite"],"picked":"sneckomod:Nope","floor":15}],"player_experience":924333,"relics_obtained":[],"event_choices":[],"is_beta":false,"boss_relics":[],"items_purged_floors":[],"is_endless":false,"potions_floor_spawned":[4,9,14],"killed_by":"downfall:Silent","ascension_level":0}}