{"host":"9atdgos84qs65xvt","time":1610393126,"event":{"mods":["2.2 Compatiblity","AchievementEnabler","Astrologer","BaseMod","Colored Map","Hermit","Hubris","Infinite Spire","Koishi","Marisa????????","Minty Spire (QoL Compilation)","Quick Restart","READ ME - Guardian Mod","SOS???????","StSLib","SuperFastMode","The Animator","The Construct","The Cursed","The Dragon Tamer","The Hierophant","The Necromancer","The Poker Player","The Wild Card","vexMod"],"gold_per_floor":[119,119,23,35,54,88,88,108,108,135,135,150,150,169,169,266,266,282,300,314,413,413,413,446,459,485,435,446,466,483,499,499,499,499,499],"floor_reached":33,"playtime":1456,"items_purged":[],"score":308,"play_id":"302eb859-63c7-42f9-b869-022cc1593ac6","local_time":"20210111202526","is_ascension_mode":false,"metric_token":1625,"campfire_choices":[{"floor":7,"key":"REST"},{"data":"DTMod:Prediction","floor":11,"key":"SMITH"},{"data":"DTMod:BuildUp","floor":15,"key":"SMITH"},{"data":"infinitespire:Starlight","floor":23,"key":"SMITH"},{"floor":32,"key":"REST"}],"dtmod_dragon_data":[0,56,0,-1,8,0],"circlet_count":0,"master_deck":["DTMod:Strike","DTMod:Strike","DTMod:Strike","DTMod:Strike","DTMod:DoubleHit","DTMod:TargetDefense","DTMod:TargetDefense","DTMod:TargetDefense","DTMod:TargetDefense","DTMod:SwitchingTactic","DTMod:Threaten","Mind Blast","DTMod:Feint","DTMod:FlameSlash","DTMod:Astonish","DTMod:BreakAttack","DTMod:Prediction+1","DTMod:BuildUp+1","hubris:NaturalOne","DTMod:PurifyingFlame","DTMod:Harmonize","DTMod:BizarreTactic+1","DTMod:Hide","DTMod:MasterPlan","infinitespire:Starlight+1","infinitespire:SevenWalls","DTMod:HeatWave","DTMod:InvisibleFlame","DTMod:CrossStep","DTMod:DarkBreath","DTMod:HeatWave","DTMod:Threaten"],"relics":["DTMod:PactStone","NeowsBlessing","infinitespire:BottledMercury","hubris:TinFlute","Bag of Preparation","hubris:Icosahedron","hubris:ScarierMask","construct:WeddingRing","infinitespire:Golems Mask","Strawberry","Boot"],"acts_visited":["Exordium","TheCity"],"potions_floor_usage":[16,19,24,31,33],"damage_taken":[{"damage":0,"enemies":"2 Louse","floor":1,"turns":2},{"damage":0,"enemies":"Small Slimes","floor":4,"turns":1},{"damage":0,"enemies":"Jaw Worm","floor":5,"turns":1},{"damage":20,"enemies":"3 Sentries","floor":6,"turns":8},{"damage":0,"enemies":"Gremlin Gang","floor":8,"turns":3},{"damage":0,"enemies":"Gremlin Nob","floor":10,"turns":4},{"damage":0,"enemies":"Blue Slaver","floor":12,"turns":3},{"damage":0,"enemies":"Red Slaver","floor":14,"turns":2},{"damage":35,"enemies":"Hexaghost","floor":16,"turns":11},{"damage":14,"enemies":"Chosen","floor":18,"turns":6},{"damage":0,"enemies":"Shell Parasite","floor":19,"turns":5},{"damage":0,"enemies":"Snake Plant","floor":20,"turns":5},{"damage":30,"enemies":"Gremlin Leader","floor":24,"turns":13},{"damage":4,"enemies":"Centurion and Healer","floor":25,"turns":3},{"damage":0,"enemies":"Chosen and Byrds","floor":28,"turns":5},{"damage":7,"enemies":"Shelled Parasite and Fungi","floor":29,"turns":6},{"damage":0,"enemies":"3 Cultists","floor":30,"turns":4},{"damage":0,"enemies":"Snake Plant","floor":31,"turns":4},{"damage":74,"enemies":"hubris:MusketHawk","floor":33,"turns":11}],"seed_played":"7138975103297863373","potions_obtained":[{"floor":4,"key":"SmokeBomb"},{"floor":5,"key":"Weak Potion"},{"floor":10,"key":"Weak Potion"},{"floor":12,"key":"BlessingOfTheForge"},{"floor":18,"key":"Block Potion"},{"floor":29,"key":"SpeedPotion"},{"floor":31,"key":"Block Potion"}],"is_trial":false,"path_per_floor":["M","?","$","M","M","E","R","M","T","E","R","M","?","M","R","B",null,"M","M","M","?","AVR","R","E","M","T","?","M","M","M","M","R","B"],"character_chosen":"THE_DT","items_purchased":["Mind Blast"],"campfire_rested":2,"item_purchase_floors":[3],"current_hp_per_floor":[45,45,45,45,45,25,38,38,38,38,38,38,38,38,38,3,45,31,31,31,31,31,31,23,34,34,34,49,42,42,42,52,0,0,0],"gold":499,"neow_bonus":"THREE_ENEMY_KILL","is_daily":false,"chose_seed":false,"campfire_upgraded":3,"win_rate":0.0,"timestamp":1610393126,"path_taken":["M","?","$","M","M","E","R","M","T","E","R","M","?","M","R","BOSS","M","M","M","?","AVR","R","E","M","T","?","M","M","M","M","R","BOSS"],"items_purchased_type":["Card"],"build_version":"2020-12-22","purchased_purges":0,"victory":false,"max_hp_per_floor":[45,45,45,45,45,45,45,45,45,45,45,45,45,45,45,45,45,45,45,45,45,45,45,52,52,52,52,52,52,52,52,52,52,52,52],"card_choices":[{"not_picked":["DTMod:Cover","DTMod:Hide"],"picked":"DTMod:Threaten","floor":1},{"not_picked":["DTMod:Weaken","DTMod:BizarreTactic"],"picked":"DTMod:Feint","floor":4},{"not_picked":["DTMod:RunningTactic","DTMod:BurningEnergy"],"picked":"DTMod:FlameSlash","floor":5},{"not_picked":["DTMod:MagicField","DTMod:CleansingStrike"],"picked":"DTMod:Astonish","floor":6},{"not_picked":["DTMod:BlazingStrike","DTMod:Weaken"],"picked":"DTMod:BreakAttack","floor":8},{"not_picked":["DTMod:BurningEnergy","DTMod:Overwhelm"],"picked":"DTMod:Prediction","floor":10},{"not_picked":["DTMod:Punisher","DTMod:BurningForce"],"picked":"DTMod:BuildUp","floor":12},{"not_picked":["DTMod:CleansingStrike","DTMod:BurningForce"],"picked":"DTMod:PurifyingFlame","floor":14},{"not_picked":["DTMod:ResonanceForm","DTMod:Outburst"],"picked":"DTMod:Harmonize","floor":16},{"not_picked":["DTMod:Adaptation","DTMod:Hide"],"picked":"DTMod:BizarreTactic+1","floor":18},{"not_picked":["DTMod:Shift","DTMod:BreakAttack+1"],"picked":"DTMod:Hide","floor":19},{"not_picked":["DTMod:Feint","DTMod:Adaptation"],"picked":"DTMod:MasterPlan","floor":20},{"not_picked":["DTMod:WarmUp+1","DTMod:Threaten"],"picked":"DTMod:HeatWave","floor":24},{"not_picked":["DTMod:WarmUp","DTMod:Threaten"],"picked":"DTMod:InvisibleFlame","floor":25},{"not_picked":["DTMod:HeatWave","DTMod:PurifyingFlame"],"picked":"DTMod:CrossStep","floor":28},{"not_picked":["DTMod:FlameSlash","DTMod:ComboAttack+1"],"picked":"DTMod:DarkBreath","floor":29},{"not_picked":["DTMod:RecklessFlurry","DTMod:LowKick"],"picked":"DTMod:HeatWave","floor":30},{"not_picked":["DTMod:Weaken","DTMod:TauntingStrike+1"],"picked":"DTMod:Threaten","floor":31}],"player_experience":345720,"relics_obtained":[{"floor":6,"key":"infinitespire:BottledMercury"},{"floor":9,"key":"hubris:TinFlute"},{"floor":10,"key":"Bag of Preparation"},{"floor":24,"key":"Strawberry"},{"floor":26,"key":"Boot"}],"event_choices":[{"damage_healed":0,"gold_gain":0,"player_choice":"Ignored","damage_taken":0,"max_hp_gain":0,"max_hp_loss":0,"event_name":"Liars Game","floor":2,"gold_loss":0},{"damage_healed":0,"gold_gain":99,"player_choice":"Stole From Cult","damage_taken":0,"max_hp_gain":0,"max_hp_loss":0,"event_name":"Nest","floor":21,"gold_loss":0},{"damage_healed":0,"gold_gain":0,"player_choice":"Bet on Owner","damage_taken":0,"max_hp_gain":0,"max_hp_loss":0,"event_name":"The Joust","floor":27,"gold_loss":50}],"is_beta":false,"boss_relics":[{"not_picked":["hubris:BlackHole","Empty Cage"],"picked":"hubris:ScarierMask"}],"items_purged_floors":[],"is_endless":false,"potions_floor_spawned":[4,5,10,12,18,29,31],"killed_by":"hubris:MusketHawk","ascension_level":0}}