{"host":"u7lm8z2rvb4dg2oo","time":1610378244,"event":{"mods":["AchievementEnabler","BaseMod","Colored Map","Colored Powertips","Curses Come First","Googly Eyes","Highlight Path","Minty Spire (QoL Compilation)","Quick Restart","StSLib"],"gold_per_floor":[114,127,138,158,170,170,181,209,234,244,271,50,80,92,92,195,195,210,220,220,233,233,263,281,34,61,91,104,104,122,122,122,218,218,228,247,247,35,35,35,61,61,109,109,109],"floor_reached":44,"playtime":3636,"items_purged":["Pain"],"score":631,"play_id":"4f46350b-75f2-4726-a93d-8dc6a35f1901","local_time":"20210111101724","is_ascension_mode":true,"campfire_choices":[{"data":"Bouncing Flask","floor":6.0,"key":"SMITH"},{"floor":15.0,"key":"REST"},{"floor":29.0,"key":"REST"},{"floor":32,"key":"REST"},{"data":"Adrenaline","floor":40,"key":"SMITH"},{"floor":42,"key":"REST"}],"circlet_count":0,"master_deck":["Strike_G","Strike_G","Strike_G","Strike_G+1","Strike_G+1","Defend_G","Defend_G","Defend_G+1","Defend_G+1","Defend_G","Survivor","Neutralize","Poisoned Stab","Bouncing Flask+1","Backstab","Deadly Poison","Bane","Quick Slash","Setup","Crippling Poison","Blur","Adrenaline+1","Dodge and Roll+1","Die Die Die","Slice","Footwork","Envenom","CurseOfTheBell","Crippling Poison+1","Deadly Poison+1","Finesse","Glass Knife","Madness","Madness","Bouncing Flask+1"],"relics":["Whetstone","War Paint","Oddly Smooth Stone","PreservedInsect","Orichalcum","WarpedTongs","Regal Pillow","Question Card","Nunchaku","Pantograph","Nloth\u0027s Gift","Calling Bell","Dream Catcher","Mercury Hourglass","Ice Cream","Blood Vial","Potion Belt"],"acts_visited":["Exordium","TheCity","TheBeyond"],"potions_floor_usage":[41,44],"damage_taken":[{"damage":1.0,"enemies":"Jaw Worm","floor":1.0,"turns":5.0},{"damage":0.0,"enemies":"Cultist","floor":2.0,"turns":5.0},{"damage":0.0,"enemies":"2 Louse","floor":3.0,"turns":4.0},{"damage":3.0,"enemies":"Gremlin Gang","floor":4.0,"turns":5.0},{"damage":2.0,"enemies":"3 Louse","floor":5.0,"turns":5.0},{"damage":1.0,"enemies":"Looter","floor":7.0,"turns":3.0},{"damage":19.0,"enemies":"3 Sentries","floor":8.0,"turns":8.0},{"damage":1.0,"enemies":"Blue Slaver","floor":10.0,"turns":3.0},{"damage":13.0,"enemies":"Gremlin Nob","floor":11.0,"turns":3.0},{"damage":9.0,"enemies":"3 Sentries","floor":13.0,"turns":5.0},{"damage":0.0,"enemies":"Gremlin Gang","floor":14.0,"turns":3.0},{"damage":10.0,"enemies":"The Guardian","floor":16.0,"turns":9.0},{"damage":0.0,"enemies":"Chosen","floor":18.0,"turns":4.0},{"damage":0.0,"enemies":"3 Byrds","floor":19.0,"turns":5.0},{"damage":7.0,"enemies":"Sentry and Sphere","floor":21.0,"turns":5.0},{"damage":4.0,"enemies":"Book of Stabbing","floor":23.0,"turns":4.0},{"damage":17.0,"enemies":"Shelled Parasite and Fungi","floor":24.0,"turns":4.0},{"damage":30.0,"enemies":"Slavers","floor":27.0,"turns":5.0},{"damage":1.0,"enemies":"3 Cultists","floor":28.0,"turns":4.0},{"damage":22,"enemies":"Sentry and Sphere","floor":30,"turns":6},{"damage":100,"enemies":"Collector","floor":33,"turns":13},{"damage":0,"enemies":"3 Shapes","floor":35,"turns":3},{"damage":9,"enemies":"Orb Walker","floor":36,"turns":4},{"damage":40,"enemies":"Reptomancer","floor":41,"turns":5},{"damage":63,"enemies":"Giant Head","floor":44,"turns":8}],"seed_played":"122467942992263890","potions_obtained":[{"floor":2.0,"key":"EssenceOfSteel"},{"floor":3.0,"key":"Poison Potion"},{"floor":5.0,"key":"DuplicationPotion"},{"floor":10.0,"key":"FairyPotion"},{"floor":11.0,"key":"DuplicationPotion"},{"floor":14.0,"key":"Ancient Potion"},{"floor":16.0,"key":"Swift Potion"},{"floor":18.0,"key":"GhostInAJar"},{"floor":21.0,"key":"Energy Potion"},{"floor":23.0,"key":"FearPotion"},{"floor":27.0,"key":"Fire Potion"},{"floor":35,"key":"Poison Potion"},{"floor":41,"key":"Weak Potion"}],"is_trial":false,"path_per_floor":["M","M","M","M","M","R","M","E","T","M","E","$","E","M","R","B",null,"M","M","$","M","?","E","M","$","T","E","M","R","M","?","R","B",null,"M","M","?","$","?","R","E","R","T","E"],"character_chosen":"THE_SILENT","items_purchased":["Crippling Poison","PreservedInsect","Question Card","Glass Knife"],"campfire_rested":4,"item_purchase_floors":[12,12,25,38],"current_hp_per_floor":[76,76,76,73,71,71,70,51,51,50,37,37,28,28,51,41,77,77,77,77,70,70,66,49,49,49,19,18,56,34,34,72,23,77,77,68,68,68,58,58,18,56,56,0,0],"gold":109,"neow_bonus":"TEN_PERCENT_HP_BONUS","is_daily":false,"chose_seed":false,"campfire_upgraded":2,"win_rate":0.0,"timestamp":1610378244,"path_taken":["M","M","M","M","M","R","M","E","T","M","E","$","E","M","R","BOSS","M","M","$","M","?","E","?","$","T","E","M","R","M","?","R","BOSS","M","?","?","$","?","R","E","R","T","E"],"items_purchased_type":["Card","Relic","Relic","Card"],"build_version":"2020-12-22","purchased_purges":1,"victory":false,"max_hp_per_floor":[77,77,77,77,77,77,77,77,77,77,77,77,77,77,77,77,77,77,77,77,77,77,77,77,77,77,77,77,77,77,77,77,77,77,77,77,77,77,77,77,77,77,77,77,77],"card_choices":[{"not_picked":["Prepared","Dodge and Roll","Dagger Throw"],"picked":"SKIP","floor":1.0},{"not_picked":["Flying Knee","Grand Finale"],"picked":"Poisoned Stab","floor":2.0},{"not_picked":["Dagger Throw","Acrobatics"],"picked":"Bouncing Flask","floor":3.0},{"not_picked":["Flying Knee","Blade Dance","Flechettes"],"picked":"SKIP","floor":4.0},{"not_picked":["Deflect","Backflip"],"picked":"Backstab","floor":5.0},{"not_picked":["PiercingWail","Dagger Spray"],"picked":"Deadly Poison","floor":7.0},{"not_picked":["Infinite Blades","After Image"],"picked":"Bane","floor":8.0},{"not_picked":["Reflex","Cloak And Dagger"],"picked":"Quick Slash","floor":10.0},{"not_picked":["Dagger Throw","Choke"],"picked":"Setup","floor":11.0},{"not_picked":["Eviscerate","Dagger Spray"],"picked":"Blur","floor":13.0},{"not_picked":["Backflip","All Out Attack","Dagger Spray"],"picked":"SKIP","floor":14.0},{"not_picked":["A Thousand Cuts","Tools of the Trade"],"picked":"Adrenaline","floor":16.0},{"not_picked":["Blur","Acrobatics"],"picked":"Dodge and Roll+1","floor":18.0},{"not_picked":["Dagger Spray+1","Distraction","Predator"],"picked":"SKIP","floor":19.0},{"not_picked":["Eviscerate","Escape Plan","All Out Attack"],"picked":"SKIP","floor":21.0},{"not_picked":["Dodge and Roll+1","After Image"],"picked":"Die Die Die","floor":23.0},{"not_picked":["Prepared","Leg Sweep+1"],"picked":"Slice","floor":24.0},{"not_picked":["Deadly Poison","Caltrops","Calculated Gamble"],"picked":"Footwork","floor":27.0},{"not_picked":["Calculated Gamble","Acrobatics+1","Outmaneuver+1","Predator"],"picked":"SKIP","floor":28.0},{"not_picked":["Blade Dance","Bane","Acrobatics+1","Flying Knee+1"],"picked":"SKIP","floor":30},{"not_picked":["After Image","Tools of the Trade","Corpse Explosion"],"picked":"Envenom","floor":33},{"not_picked":["Prepared+1","Acrobatics","Cloak And Dagger+1"],"picked":"Crippling Poison+1","floor":35},{"not_picked":["Poisoned Stab+1","Slice+1","Riddle With Holes"],"picked":"Deadly Poison+1","floor":36},{"not_picked":["HandOfGreed","Blind","Forethought"],"picked":"Finesse","floor":37},{"not_picked":["Underhanded Strike","Reflex+1","Die Die Die","Flechettes+1"],"picked":"SKIP","floor":41},{"not_picked":["Dodge and Roll+1","Riddle With Holes+1","Deadly Poison"],"picked":"Bouncing Flask+1","floor":42}],"player_experience":941914,"relics_obtained":[{"floor":8.0,"key":"Whetstone"},{"floor":9.0,"key":"War Paint"},{"floor":11.0,"key":"Oddly Smooth Stone"},{"floor":13.0,"key":"Orichalcum"},{"floor":23.0,"key":"Regal Pillow"},{"floor":26.0,"key":"Nunchaku"},{"floor":27.0,"key":"Pantograph"},{"floor":34,"key":"Dream Catcher"},{"floor":34,"key":"Mercury Hourglass"},{"floor":34,"key":"Ice Cream"},{"floor":41,"key":"Blood Vial"},{"floor":43,"key":"Potion Belt"}],"event_choices":[{"damage_healed":0.0,"max_hp_gain":0.0,"max_hp_loss":0.0,"gold_gain":0.0,"event_name":"Accursed Blacksmith","player_choice":"Rummage","floor":22.0,"gold_loss":0.0,"damage_taken":0.0,"relics_obtained":["WarpedTongs"],"cards_obtained":["Pain"]},{"damage_healed":0,"gold_gain":0,"player_choice":"Traded Relic","damage_taken":0,"relics_obtained":["Nloth\u0027s Gift"],"max_hp_gain":0,"max_hp_loss":0,"event_name":"N\u0027loth","floor":31,"relics_lost":["Ring of the Serpent"],"gold_loss":0},{"damage_healed":0,"gold_gain":0,"player_choice":"Memory 1","damage_taken":0,"max_hp_gain":0,"max_hp_loss":0,"event_name":"SensoryStone","floor":37,"gold_loss":0},{"damage_healed":0,"gold_gain":0,"player_choice":"Embrace Madness","damage_taken":10,"max_hp_gain":0,"max_hp_loss":0,"event_name":"Winding Halls","floor":39,"gold_loss":0,"cards_obtained":["Madness","Madness"]}],"is_beta":false,"boss_relics":[{"not_picked":["Fusion Hammer","WristBlade"],"picked":"Ring of the Serpent"},{"not_picked":["SacredBark","Philosopher\u0027s Stone"],"picked":"Calling Bell"}],"items_purged_floors":[38],"is_endless":false,"potions_floor_spawned":[2,3,5,10,11,14,16,18,21,23,27,35,41],"killed_by":"Giant Head","ascension_level":3}}