{"host":"5s7sm4h73jkd9266","time":1610338216,"event":{"mods":["AchievementEnabler","Bartender","BaseMod","Better Match","Better Vampires","BetterRewards","Colored Map","Colored Powertips","Conspire","Downfall","Energized Spire","GifTheSpireLib","Hermit","Hubris","Magitek Elite","Marisa????????","Melee Mod","Minty Spire (QoL Compilation)","Potion Indicator Mod","Rare Cards Sparkle","Relic Stats","Replay The Spire","Robot Space Explorer","Shop Mod","StSLib","Stuff the Spire","The Bladedancer","The Blue Laboratory","The Cursed","The Disciple","The Dragon Tamer","The Forsaken","The Necromancer","The Wild Card","The Witch","Virulent Crown","everything is the same but u backflip on backflip","slay the spire mod where everything is the same but ironclad has a cowboy hat","vexMod"],"gold_per_floor":[118,130,46,46,46,46,46,46,78,78,101,101,133,133,133,143,143,219,219,235,205,205,205],"floor_reached":22,"playtime":1472,"items_purged":[],"score":576,"play_id":"b35b64a0-b2c6-40cc-9012-3b8d98604791","local_time":"20210110231016","is_ascension_mode":true,"campfire_choices":[{"floor":8.0,"key":"REST"},{"floor":10.0,"key":"REST"},{"floor":12.0,"key":"REST"},{"data":"Armaments","floor":15.0,"key":"SMITH"},{"data":"Armaments","floor":17.0,"key":"SMITH"}],"circlet_count":0,"master_deck":["AscendersBane","Strike_R","Strike_R","Strike_R","Strike_R","Strike_R","Defend_R","Defend_R","Defend_R","Bash","expansioncontent:YouAreMine","conspire:Charge","ReplayReversal","ReplayTheSpireMod:Stacked","Flex","StuffTheSpire:Resist","conspire:Banana","Thunderclap","Armaments+1","Iron Wave","Flex","Cleave","StuffTheSpire:Innocence","Whirlwind","Armaments+1","Rupture","Limit Break","Twin Strike"],"relics":["Burning Blood","Sling","PreservedInsect","StuffTheSpire:Saxophone","hubris:Reverence","Pet Ghost","hubris:PeanutButter","SlaversCollar"],"acts_visited":["Exordium","TheCity"],"potions_floor_usage":[22],"damage_taken":[{"damage":14.0,"enemies":"Cultist","floor":1.0,"turns":6.0},{"damage":9.0,"enemies":"2 Louse","floor":2.0,"turns":4.0},{"damage":11.0,"enemies":"Replay:BlueRogue","floor":9.0,"turns":5.0},{"damage":1.0,"enemies":"Gremlin Nob","floor":13.0,"turns":3.0},{"damage":0.0,"enemies":"conspire:RoseBush","floor":16.0,"turns":4.0},{"damage":38.0,"enemies":"The Guardian","floor":18.0,"turns":14.0},{"damage":14.0,"enemies":"Shell Parasite","floor":20.0,"turns":7.0},{"damage":75,"enemies":"conspire:FuzzyDice","floor":22,"turns":8}],"seed_played":"-1489148947864522319","potions_obtained":[{"floor":9.0,"key":"blueLaboratory:SavagePotion"},{"floor":13.0,"key":"Languid Potion"},{"floor":18.0,"key":"ElixirPotion"},{"floor":21.0,"key":"Weak Potion"},{"floor":21.0,"key":"Swift Potion"}],"is_trial":false,"path_per_floor":["M","M","$","?","PTL","PTL","?","R","E","R","T","R","E","?","R","M","R","B",null,"M","?","M"],"character_chosen":"IRONCLAD","items_purchased":["expansioncontent:YouAreMine","conspire:Charge","ReplayReversal","ReplayTheSpireMod:Stacked","Sling","Gremlin Food","Flex","StuffTheSpire:Resist","PreservedInsect","StuffTheSpire:Saxophone","conspire:Banana","Thunderclap","Flex","Cleave"],"campfire_rested":3,"item_purchase_floors":[0,0,0,0,0,0,0,0,0,0,0,0,3,3],"current_hp_per_floor":[14,12,12,12,12,12,12,35,31,54,54,77,79,79,79,81,81,51,75,69,69,0,0],"gold":205,"neow_bonus":"","is_daily":false,"chose_seed":false,"campfire_upgraded":2,"win_rate":0.0,"timestamp":1610338216,"path_taken":["M","M","?","?","PTL","PTL","?","R","E","R","T","R","E","?","R","?","R","BOSS","M","?","?"],"items_purchased_type":["Card","Card","Card","Card","Relic","Relic","Card","Card","Relic","Relic","Card","Card","Card","Card"],"build_version":"2020-12-22","purchased_purges":0,"victory":false,"max_hp_per_floor":[76,77,77,77,77,77,77,77,78,78,78,78,79,79,79,81,81,83,83,85,85,87,87],"relic_stats":{"counters":[80,435],"PreservedInsect":46,"obtain_stats":[{"vexMod:MemoryStick":10,"StuffTheSpire:Barrel":19,"Sling":0,"StuffTheSpire:SapphireSignet":43,"vexMod:InvisibilityCloak":0,"Strawberry":0,"Replay:Bronze Core":17,"Prayer Wheel":11,"MealTicket":9,"Toxic Egg 2":43,"hubris:DuctTape":31,"vexMod:ScavengeHelm":28,"ReplayTheSpireMod:Ring of Addiction":7,"Astrolabe":17,"Oddly Smooth Stone":25,"hubris:FruitBowl":19,"vexMod:PaidLearning":19,"Question Card":28,"SlaversCollar":19,"Bottled Flame":19,"Brimstone":0,"Bird Faced Urn":29,"Simple Rune":0,"hubris:PeanutButter":13,"conspire:BottledYoYo":20,"hubris:ToyBattleship":26,"CatCart":41,"hubris:Reverence":9,"Lantern":9,"Regal Pillow":21,"hubris:Metronome":9,"SacredBark":7,"King of Hearts":4,"StuffTheSpire:GrapeVine":54,"Cursed Key":17,"Power_Wrist":26,"Smiling Mask":44,"Burning Blood":0,"Pet Ghost":11,"hubris:Icosahedron":30,"theForsaken:Kindling":0,"Mummified Hand":45,"hubris:ChampionShield":14,"Potion Belt":7,"StuffTheSpire:TintedRock":7,"Gremlin Food":0,"StuffTheSpire:Saxophone":14,"The Courier":9,"PreservedInsect":29,"energizedSpire:SpiderWeb":34,"hubris:Towel":22,"Replay:Arrowhead":12,"Strange Spoon":12,"CaptainsWheel":39,"Busted Crown":17,"StuffTheSpire:Mouthbags":0,"Orrery":21,"ChewingGum":34,"Bag of Marbles":10,"Membership Card":0,"conspire:DeflatedDodgeball":10,"ReplayTheSpireMod:Lightbulb":7,"ReplayTheSpireMod:ShopPack":46},{"vexMod:MemoryStick":6,"StuffTheSpire:Barrel":8,"Sling":72,"StuffTheSpire:SapphireSignet":45,"vexMod:InvisibilityCloak":48,"Strawberry":0,"Replay:Bronze Core":35,"Prayer Wheel":6,"MealTicket":51,"Toxic Egg 2":67,"hubris:DuctTape":61,"vexMod:ScavengeHelm":24,"ReplayTheSpireMod:Ring of Addiction":13,"Astrolabe":18,"Oddly Smooth Stone":59,"hubris:FruitBowl":36,"vexMod:PaidLearning":56,"Question Card":40,"SlaversCollar":78,"Bottled Flame":19,"Brimstone":10,"Bird Faced Urn":60,"Simple Rune":48,"hubris:PeanutButter":76,"conspire:BottledYoYo":8,"hubris:ToyBattleship":39,"CatCart":66,"hubris:Reverence":75,"Lantern":14,"Regal Pillow":20,"hubris:Metronome":31,"SacredBark":13,"King of Hearts":49,"StuffTheSpire:GrapeVine":71,"Cursed Key":7,"Power_Wrist":22,"Smiling Mask":68,"Burning Blood":0,"Pet Ghost":75,"hubris:Icosahedron":24,"theForsaken:Kindling":27,"Mummified Hand":68,"hubris:ChampionShield":54,"Potion Belt":13,"StuffTheSpire:TintedRock":50,"Gremlin Food":72,"StuffTheSpire:Saxophone":6,"The Courier":5,"PreservedInsect":40,"energizedSpire:SpiderWeb":26,"hubris:Towel":57,"Replay:Arrowhead":15,"Strange Spoon":32,"CaptainsWheel":45,"Busted Crown":55,"StuffTheSpire:Mouthbags":10,"Orrery":8,"ChewingGum":42,"Bag of Marbles":15,"Membership Card":0,"conspire:DeflatedDodgeball":52,"ReplayTheSpireMod:Lightbulb":31,"ReplayTheSpireMod:ShopPack":46},{"vexMod:MemoryStick":24,"StuffTheSpire:Barrel":46,"Sling":384,"StuffTheSpire:SapphireSignet":212,"vexMod:InvisibilityCloak":231,"Strawberry":0,"Replay:Bronze Core":164,"Prayer Wheel":24,"MealTicket":249,"Toxic Egg 2":337,"hubris:DuctTape":301,"vexMod:ScavengeHelm":110,"ReplayTheSpireMod:Ring of Addiction":62,"Astrolabe":84,"Oddly Smooth Stone":287,"hubris:FruitBowl":168,"vexMod:PaidLearning":274,"Question Card":189,"SlaversCollar":420,"Bottled Flame":88,"Brimstone":54,"Bird Faced Urn":292,"Simple Rune":231,"hubris:PeanutButter":402,"conspire:BottledYoYo":46,"hubris:ToyBattleship":183,"CatCart":334,"hubris:Reverence":399,"Lantern":65,"Regal Pillow":94,"hubris:Metronome":142,"SacredBark":62,"King of Hearts":236,"StuffTheSpire:GrapeVine":372,"Cursed Key":37,"Power_Wrist":103,"Smiling Mask":347,"Burning Blood":0,"Pet Ghost":399,"hubris:Icosahedron":110,"theForsaken:Kindling":124,"Mummified Hand":347,"hubris:ChampionShield":262,"Potion Belt":62,"StuffTheSpire:TintedRock":246,"Gremlin Food":384,"StuffTheSpire:Saxophone":24,"The Courier":19,"PreservedInsect":189,"energizedSpire:SpiderWeb":124,"hubris:Towel":278,"Replay:Arrowhead":72,"Strange Spoon":145,"CaptainsWheel":212,"Busted Crown":271,"StuffTheSpire:Mouthbags":54,"Orrery":46,"ChewingGum":199,"Bag of Marbles":72,"Membership Card":0,"conspire:DeflatedDodgeball":253,"ReplayTheSpireMod:Lightbulb":142,"ReplayTheSpireMod:ShopPack":215}],"Burning Blood":424},"card_choices":[{"not_picked":["Run Through","Iron Wave"],"picked":"Armaments","floor":1.0},{"not_picked":["StuffTheSpire:Slingshot","Exhume"],"picked":"Iron Wave","floor":2.0},{"not_picked":["StuffTheSpire:Harmony","StuffTheSpire:Rapture"],"picked":"StuffTheSpire:Innocence","floor":7.0},{"not_picked":["Clash","StuffTheSpire:RockThrow"],"picked":"Whirlwind","floor":9.0},{"not_picked":["Rupture","Sword Boomerang"],"picked":"Armaments","floor":13.0},{"not_picked":["Twin Strike","Carnage"],"picked":"Rupture","floor":16.0},{"not_picked":["Eclipse","conspire:HitWhereItHurts"],"picked":"Limit Break","floor":18.0},{"not_picked":["True Grit","Body Slam"],"picked":"Twin Strike","floor":20.0}],"player_experience":5468839,"relics_obtained":[{"floor":9.0,"key":"hubris:Reverence"},{"floor":11.0,"key":"Pet Ghost"},{"floor":13.0,"key":"hubris:PeanutButter"}],"event_choices":[{"damage_healed":0.0,"max_hp_gain":0.0,"max_hp_loss":0.0,"gold_gain":0.0,"event_name":"Scrap Ooze","player_choice":"Fled","floor":4.0,"gold_loss":0.0,"damage_taken":0.0},{"cards_removed":["Defend_R"],"damage_healed":0.0,"max_hp_gain":0.0,"max_hp_loss":0.0,"gold_gain":0.0,"event_name":"Bonfire Elementals","player_choice":"Offered Basic","floor":14.0,"gold_loss":0.0,"damage_taken":0.0},{"damage_healed":0.0,"max_hp_gain":0.0,"max_hp_loss":0.0,"gold_gain":0.0,"event_name":"The Woman in Blue","player_choice":"Bought 2 Potions","floor":21.0,"gold_loss":0.0,"damage_taken":0.0}],"is_beta":false,"boss_relics":[{"not_picked":["vexMod:DeviousBotling","energizedSpire:TabascoSauce"],"picked":"SlaversCollar"}],"items_purged_floors":[],"is_endless":false,"potions_floor_spawned":[9,13,18],"killed_by":"conspire:FuzzyDice","ascension_level":20}}