{"host":"ahe97mou057ugdu8","time":1610329708,"event":{"mods":["BaseMod","Better Vampires","BetterRewards","Colored Map","Colored Powertips","Conspire","Custom Start","Halation","Highlight Path","Infinite Spire","Marisa????????","Minty Spire (QoL Compilation)","Prisma Mod","READ ME - Guardian Mod","READ ME - Snecko Mod","Remilia??????","Shop Mod","StSLib","The Animator","The Bladedancer","The Construct","The Cursed","The Disciple","The Exalted","The Factory","The Jungle","The Necromancer","The Runesmith","The Senshi","The Servant 0.9.4","The Spell Scribe","The Witch"],"gold_per_floor":[113,113,124,134,134,134,164,164,164,38,38,38,58,133,133,234,234,245,245,269,269,279,311,311,311,311],"floor_reached":25,"playtime":1957,"items_purged":["Strike_MRS","Defend_MRS"],"score":217,"play_id":"37f89ace-f6d9-42ba-a145-619fc21bbd36","local_time":"20210110204828","daily_mods":["Vintage"],"is_ascension_mode":false,"campfire_choices":[{"data":"MasterSpark","floor":6,"key":"SMITH"},{"data":"Defend_MRS","floor":11,"key":"SMITH"},{"floor":15,"key":"REST"},{"data":"JA","floor":24,"key":"SMITH"},{"data":"UpSweep","floor":24,"key":"SMITH"}],"circlet_count":0,"master_deck":["Strike_MRS","Strike_MRS+1","Strike_MRS","Defend_MRS+1","Defend_MRS+1","MasterSpark+1","UpSweep+1","PowerUp+1","PowerUp+1","JA+1","FairyDestructionRay+1"],"relics":["MiniHakkero","ScarletDevilRocket","Toxic Egg 2","Happy Flower","infinitespire:PuzzleCube","halation:PinkSoulGem","conspire:DeflatedDodgeball","halation:AfternoonTea","Coffee Dripper","halation:PromiseList","Art of War","Akabeko","halation:PenCase"],"acts_visited":["Exordium","TheCity"],"potions_floor_usage":[4],"damage_taken":[{"damage":6,"enemies":"Cultist","floor":1,"turns":4},{"damage":8,"enemies":"conspire:RoseBush","floor":3,"turns":2},{"damage":2,"enemies":"Small Slimes","floor":4,"turns":3},{"damage":6,"enemies":"Gremlin Nob","floor":7,"turns":3},{"damage":0,"enemies":"Exordium Wildlife","floor":13,"turns":3},{"damage":17,"enemies":"Hexaghost","floor":16,"turns":7},{"damage":4,"enemies":"3 Byrds","floor":18,"turns":4},{"damage":4,"enemies":"2 Thieves","floor":22,"turns":3},{"damage":43,"enemies":"Nightmare","floor":23,"turns":5},{"damage":10,"enemies":"Cultist and Chosen","floor":25,"turns":1}],"seed_played":"7793207238208672349","potions_obtained":[{"floor":1,"key":"Explosive Potion"},{"floor":3,"key":"ShroomBrew"},{"floor":7,"key":"Energy Potion"}],"is_trial":true,"path_per_floor":["M","T","M","M","?","R","E","?","T","$","R","?","M","?","R","B",null,"M","?","T","AVR","M","NM","R","M"],"character_chosen":"MARISA","items_purchased":["PowerUp+1"],"campfire_rested":1,"item_purchase_floors":[10],"current_hp_per_floor":[69,69,61,59,59,59,53,53,53,53,53,38,38,27,49,47,75,71,57,57,57,53,10,10,0,0],"gold":311,"neow_bonus":"","is_daily":false,"chose_seed":false,"campfire_upgraded":4,"win_rate":0.0,"timestamp":1610329708,"path_taken":["M","?","M","?","?","R","E","?","T","?","R","?","M","?","R","BOSS","M","?","?","AVR","M","NM","R","M"],"items_purchased_type":["Card"],"build_version":"2020-12-22","purchased_purges":2,"victory":false,"max_hp_per_floor":[75,75,75,75,75,75,75,75,75,75,75,75,75,75,75,75,75,75,80,80,80,80,80,80,80,80],"card_choices":[{"not_picked":["IllusionStar+1","CasketOfStar"],"picked":"PowerUp+1","floor":7},{"not_picked":["TreasureHunter","CasketOfStar"],"picked":"JA","floor":16},{"not_picked":["WitchOfGreed+1","MysteriousBeam"],"picked":"FairyDestructionRay+1","floor":23}],"player_experience":26334,"relics_obtained":[{"floor":1,"key":"ScarletDevilRocket"},{"floor":2,"key":"Toxic Egg 2"},{"floor":4,"key":"Happy Flower"},{"floor":7,"key":"infinitespire:PuzzleCube"},{"floor":9,"key":"conspire:DeflatedDodgeball"},{"floor":13,"key":"halation:AfternoonTea"},{"floor":18,"key":"halation:PromiseList"},{"floor":20,"key":"Art of War"},{"floor":22,"key":"Akabeko"},{"floor":23,"key":"halation:PenCase"}],"event_choices":[{"cards_removed":["Defend_MRS"],"damage_healed":0,"gold_gain":0,"player_choice":"Forget","damage_taken":0,"max_hp_gain":0,"max_hp_loss":0,"event_name":"Living Wall","floor":5,"gold_loss":0},{"damage_healed":0,"gold_gain":0,"player_choice":"Entered Light","damage_taken":15,"max_hp_gain":0,"max_hp_loss":0,"event_name":"Shining Light","floor":12,"gold_loss":0,"cards_upgraded":["Strike_MRS","Defend_MRS"]},{"damage_healed":0,"gold_gain":75,"player_choice":"Gather Gold","damage_taken":11,"max_hp_gain":0,"max_hp_loss":0,"event_name":"World of Goop","floor":14,"gold_loss":0},{"damage_healed":0,"gold_gain":0,"player_choice":"Shed Blood","damage_taken":19,"max_hp_gain":5,"max_hp_loss":0,"event_name":"Forgotten Altar","floor":19,"gold_loss":0}],"is_beta":false,"boss_relics":[{"not_picked":["Black Star","Bromod:ArcaneBarrier"],"picked":"Coffee Dripper"}],"items_purged_floors":[10,21],"is_endless":false,"potions_floor_spawned":[1,3,7],"killed_by":"Cultist and Chosen","ascension_level":0}}