{"host":"h4lp0eeso8a0ssq0","time":1610352632,"event":{"mods":["2.2 Compatiblity","AchievementEnabler","BaseMod","CapriCore","Colored Map","Minty Spire (QoL Compilation)","StSLib","SuperFastMode"],"gold_per_floor":[118,193,193,204,49,76,76,94,94,122,122,122,138,154,154,154,154],"floor_reached":16,"playtime":401,"items_purged":[],"score":169,"play_id":"e597ef8f-76ff-40c1-b958-35ebcec265c5","local_time":"20210111171032","is_ascension_mode":true,"campfire_choices":[{"data":"Leg Sweep","floor":7,"key":"SMITH"},{"data":"Grand Finale","floor":12,"key":"SMITH"},{"data":"Acrobatics","floor":15,"key":"SMITH"}],"circlet_count":0,"master_deck":["Strike_G","Strike_G","Strike_G","Strike_G","Strike_G","Defend_G","Defend_G","Defend_G","Defend_G+1","Defend_G","Survivor","Neutralize+1","Leg Sweep+1","Poisoned Stab","Grand Finale+1","PiercingWail","Poisoned Stab","Acrobatics+1"],"relics":["Ring of the Snake","NeowsBlessing","Lee\u0027s Waffle","Calipers","Turnip","Odd Mushroom","Mercury Hourglass"],"acts_visited":["Exordium"],"potions_floor_usage":[10,16,16],"damage_taken":[{"damage":0,"enemies":"Jaw Worm","floor":1,"turns":1},{"damage":0,"enemies":"2 Louse","floor":4,"turns":1},{"damage":0,"enemies":"Lagavulin","floor":6,"turns":1},{"damage":1,"enemies":"Small Slimes","floor":8,"turns":5},{"damage":33,"enemies":"The Mushroom Lair","floor":10,"turns":8},{"damage":0,"enemies":"Looter","floor":13,"turns":3},{"damage":6,"enemies":"Lots of Slimes","floor":14,"turns":3},{"damage":42,"enemies":"The Guardian","floor":16,"turns":8}],"seed_played":"-1766538845835983042","potions_obtained":[{"floor":1,"key":"SkillPotion"},{"floor":4,"key":"LiquidMemories"},{"floor":8,"key":"BlessingOfTheForge"},{"floor":14,"key":"SpeedPotion"}],"is_trial":false,"path_per_floor":["M","?","?","M","$","E","R","M","T","?","T","R","M","M","R","B"],"character_chosen":"THE_SILENT","items_purchased":["Lee\u0027s Waffle"],"campfire_rested":0,"item_purchase_floors":[5],"current_hp_per_floor":[63,52,38,38,77,77,77,76,76,43,43,43,43,37,37,0,0],"gold":154,"neow_bonus":"THREE_ENEMY_KILL","is_daily":false,"chose_seed":false,"campfire_upgraded":3,"win_rate":0.0,"timestamp":1610352632,"path_taken":["M","?","?","M","$","E","R","M","T","?","?","R","M","?","R","BOSS"],"items_purchased_type":["Relic"],"build_version":"2020-12-22","purchased_purges":0,"victory":false,"max_hp_per_floor":[70,70,70,70,77,77,77,77,77,77,77,77,77,77,77,77,77],"card_choices":[{"not_picked":["Setup","Quick Slash"],"picked":"Leg Sweep","floor":1},{"not_picked":["Dagger Throw","Outmaneuver"],"picked":"Poisoned Stab","floor":4},{"not_picked":["Blur","Outmaneuver"],"picked":"Grand Finale","floor":6},{"not_picked":["Dagger Spray","Accuracy"],"picked":"PiercingWail","floor":8},{"not_picked":["Leg Sweep","Sucker Punch"],"picked":"Poisoned Stab","floor":10},{"not_picked":["Skewer","Escape Plan"],"picked":"Acrobatics","floor":13},{"not_picked":["Accuracy","Poisoned Stab","Bane"],"picked":"SKIP","floor":14}],"player_experience":128302,"relics_obtained":[{"floor":6,"key":"Calipers"},{"floor":9,"key":"Turnip"},{"floor":10,"key":"Odd Mushroom"},{"floor":11,"key":"Mercury Hourglass"}],"event_choices":[{"damage_healed":0,"gold_gain":75,"player_choice":"Gather Gold","damage_taken":11,"max_hp_gain":0,"max_hp_loss":0,"event_name":"World of Goop","floor":2,"gold_loss":0},{"damage_healed":0,"gold_gain":0,"player_choice":"Entered Light","damage_taken":14,"max_hp_gain":0,"max_hp_loss":0,"event_name":"Shining Light","floor":3,"gold_loss":0,"cards_upgraded":["Defend_G","Neutralize"]},{"damage_healed":0,"gold_gain":0,"player_choice":"Fought Mushrooms","damage_taken":0,"max_hp_gain":0,"max_hp_loss":0,"event_name":"Mushrooms","floor":10,"gold_loss":0}],"is_beta":false,"boss_relics":[],"items_purged_floors":[],"is_endless":false,"potions_floor_spawned":[1,4,8,14],"killed_by":"The Guardian","ascension_level":7}}