{"host":"ha6p5pdchuduffeg","time":1610355218,"event":{"mods":["Act Like it!","BaseMod","Gensokyo","KinomotoSakuraMod(ƒæ÷Æ±æ”£)","Koishi","Marisa£®ÏF”Í°°ƒß¿Ì…≥£©","Minty Spire (QoL Compilation)","Reimu£®≤©¿ˆ¡È√Œ£©","Remilia£®¿Ÿ√◊¿Ú—«£©","Replay The Spire","StSLib","The Servant 0.9.4","Youmu£®ªÍ∆«—˝√Œ£©"],"gold_per_floor":[113,113,85,85,105,172,192,241,267,267,280,307,357,374,374,469,469,488,488,499,259,259,259,287,135,135,135,165,165,190,190,190,288,288,298,313,313,210,210,210],"floor_reached":39,"playtime":1397,"items_purged":[],"score":575,"play_id":"c6095732-dd4a-4fc4-9f32-b986d97015ff","local_time":"20210111165338","is_ascension_mode":true,"campfire_choices":[{"data":"Defy","floor":10.0,"key":"SMITH"},{"floor":15.0,"key":"DIG"},{"floor":23.0,"key":"REST"},{"floor":29,"key":"REST"},{"floor":32,"key":"REST"}],"circlet_count":0,"master_deck":["Strike_S","Strike_S","Strike_S","Strike_S","Defend_S","Defend_S","Defend_S","Defend_S","KidneyShot","Exchange","Spin","Contraction","Defy+1","DoubleEdge","Rearm","LightFlow+1","Collapse+1","DualDimension+1","InstantArmor","TheWorld","ShatteredReality+1"],"relics":["Uniform","NeowsBlessing","Simple Rune","PreservedInsect","Mastiff:ReiMu","Letter Opener","Omamori","Juzu Bracelet","SlaversCollar","Replay:Bottled Eggs","Blue Doll","Pen Nib","Mummified Hand","Snack Pack","ReplayTheSpireMod:Ninjato","Shovel","Fusion Hammer"],"acts_visited":["Exordium","TheCity","TheBeyond"],"potions_floor_usage":[30,33],"damage_taken":[{"damage":0.0,"enemies":"Small Slimes","floor":1.0,"turns":1.0},{"damage":0.0,"enemies":"2 Louse","floor":5.0,"turns":1.0},{"damage":0.0,"enemies":"Jaw Worm","floor":7.0,"turns":1.0},{"damage":0.0,"enemies":"Exordium Wildlife","floor":11.0,"turns":1.0},{"damage":12.0,"enemies":"3 Sentries","floor":12.0,"turns":6.0},{"damage":0.0,"enemies":"Looter","floor":14.0,"turns":2.0},{"damage":42.0,"enemies":"Hexaghost","floor":16.0,"turns":15.0},{"damage":2.0,"enemies":"Chosen","floor":18.0,"turns":5.0},{"damage":20.0,"enemies":"Shell Parasite","floor":20.0,"turns":5.0},{"damage":11.0,"enemies":"Gremlin Leader","floor":24.0,"turns":4.0},{"damage":33,"enemies":"Book of Stabbing","floor":28,"turns":5},{"damage":0,"enemies":"Gremlin Leader","floor":30,"turns":3},{"damage":59,"enemies":"Automaton","floor":33,"turns":12},{"damage":19,"enemies":"3 Darklings","floor":35,"turns":5},{"damage":19,"enemies":"Orb Walker","floor":36,"turns":4},{"damage":64,"enemies":"Transient","floor":39,"turns":5}],"seed_played":"-7953704514463020132","potions_obtained":[{"floor":1.0,"key":"Explosive Potion"},{"floor":8.0,"key":"Regen Potion"},{"floor":11.0,"key":"Dexterity Potion"},{"floor":12.0,"key":"AttackPotion"},{"floor":20.0,"key":"Weak Potion"},{"floor":24.0,"key":"Swift Potion"},{"floor":36,"key":"Strength Potion"}],"is_trial":false,"path_per_floor":["M","?","?","$","M","?","M","?","T","R","M","E","T","M","R","B",null,"M","?","M","$","?","R","E","$","T","T","E","R","E","?","R","B",null,"M","M","?","$","M"],"character_chosen":"THE_SERVANT","items_purchased":["Replay:Bottled Eggs","Pen Nib","Flashbang"],"campfire_rested":3,"item_purchase_floors":[21,25,38],"current_hp_per_floor":[65,53,53,53,53,53,53,53,53,53,53,41,41,41,41,14,65,63,63,43,43,32,53,42,42,42,42,13,34,38,53,78,25,85,68,49,49,49,0,0],"gold":210,"neow_bonus":"THREE_ENEMY_KILL","is_daily":false,"chose_seed":false,"campfire_upgraded":1,"win_rate":0.0,"timestamp":1610355218,"path_taken":["M","?","?","$","M","?","M","?","T","R","M","E","?","?","R","BOSS","M","?","M","$","?","R","E","?","T","?","E","R","E","?","R","BOSS","M","M","?","$","M"],"items_purchased_type":["Relic","Relic","Potion"],"build_version":"2020-12-22","purchased_purges":0,"victory":false,"max_hp_per_floor":[65,65,65,65,65,65,65,65,65,65,65,65,65,65,65,65,65,65,65,65,65,70,70,70,70,70,70,70,70,70,85,85,85,85,85,85,85,85,85,85],"card_choices":[{"not_picked":["Hightail","Starlight"],"picked":"Spin","floor":1.0},{"not_picked":["TimeWarp","Reset"],"picked":"Contraction","floor":5.0},{"not_picked":["Luminosity","Replace","ShiftingGears"],"picked":"SKIP","floor":7.0},{"not_picked":["Ricochet","BestPractice"],"picked":"Defy","floor":8.0},{"not_picked":["FanOfKnives","ShatteredReality"],"picked":"DoubleEdge","floor":8.0},{"not_picked":["Alleviate","Reset","Foresight"],"picked":"SKIP","floor":11.0},{"not_picked":["DoubleEdge","Shuttle","Starlight"],"picked":"SKIP","floor":12.0},{"not_picked":["Rearm","Replace","Potential"],"picked":"SKIP","floor":14.0},{"not_picked":["Replace","Potential"],"picked":"Rearm","floor":14.0},{"not_picked":["KillingDoll","Dilation"],"picked":"LightFlow","floor":16.0},{"not_picked":["ShatteredReality","TimeWarp"],"picked":"Collapse+1","floor":18.0},{"not_picked":["Spin","Alleviate","Revamp+1"],"picked":"SKIP","floor":20.0},{"not_picked":["Ricochet","Comet"],"picked":"DualDimension+1","floor":24.0},{"not_picked":["Revamp+1","Shuttle"],"picked":"InstantArmor","floor":28},{"not_picked":["Potential+1","Solidify","Advance+1"],"picked":"SKIP","floor":30},{"not_picked":["Duplication","Sunlight"],"picked":"TheWorld","floor":33},{"not_picked":["Alleviate","Rearm"],"picked":"ShatteredReality+1","floor":35},{"not_picked":["ShatteredReality+1","BottledTime+1","Manipulate"],"picked":"SKIP","floor":36}],"player_experience":60681,"relics_obtained":[{"floor":8.0,"key":"PreservedInsect"},{"floor":9.0,"key":"Mastiff:ReiMu"},{"floor":12.0,"key":"Letter Opener"},{"floor":13.0,"key":"Omamori"},{"floor":15.0,"key":"Juzu Bracelet"},{"floor":24.0,"key":"Blue Doll"},{"floor":26.0,"key":"Mummified Hand"},{"floor":27.0,"key":"Snack Pack"},{"floor":28,"key":"ReplayTheSpireMod:Ninjato"},{"floor":30,"key":"Shovel"}],"event_choices":[{"damage_healed":0.0,"max_hp_gain":0.0,"max_hp_loss":0.0,"gold_gain":0.0,"event_name":"Scrap Ooze","player_choice":"Success","floor":2.0,"gold_loss":0.0,"damage_taken":12.0,"relics_obtained":["Simple Rune"]},{"damage_healed":0.0,"max_hp_gain":0.0,"max_hp_loss":0.0,"gold_gain":0.0,"event_name":"World of Goop","player_choice":"Left Gold","floor":3.0,"gold_loss":28.0,"damage_taken":0.0},{"damage_healed":0.0,"max_hp_gain":0.0,"max_hp_loss":0.0,"gold_gain":67.0,"event_name":"Golden Wing","player_choice":"Gained Gold","floor":6.0,"gold_loss":0.0,"damage_taken":0.0},{"damage_healed":0.0,"max_hp_gain":0.0,"max_hp_loss":0.0,"gold_gain":0.0,"event_name":"Back to Basics","player_choice":"Simplicity","floor":19.0,"gold_loss":0.0,"damage_taken":0.0,"cards_upgraded":["Strike_S","Strike_S","Strike_S","Strike_S","Defend_S","Defend_S","Defend_S","Defend_S"]},{"damage_healed":0.0,"max_hp_gain":5.0,"max_hp_loss":0.0,"gold_gain":0.0,"event_name":"Forgotten Altar","player_choice":"Shed Blood","floor":22.0,"gold_loss":0.0,"damage_taken":16.0},{"damage_healed":0,"gold_gain":0,"player_choice":"Ignored","damage_taken":0,"max_hp_gain":0,"max_hp_loss":0,"event_name":"Mysterious Sphere","floor":37,"gold_loss":0}],"is_beta":false,"boss_relics":[{"not_picked":["Ring of Chaos","Coffee Dripper"],"picked":"SlaversCollar"},{"not_picked":["ReplayTheSpireMod:DimensionalGlitch","Snecko Eye"],"picked":"Fusion Hammer"}],"items_purged_floors":[],"is_endless":false,"potions_floor_spawned":[1,11,12,14,20,24,36],"killed_by":"Transient","ascension_level":4}}