{"host":"o2alikb31grvssa9","time":1610405403,"event":{"mods":["BaseMod","BetterRewards","DeckTracker","Downfall","Minty Spire (QoL Compilation)","Quick Restart","StSLib"],"gold_per_floor":[99,99,99,99,99,99,174,208,220,10,10,122,134,165,192,303,315,327,359,41,51,66,81,104,124,124,124,224,237,237,237,257,353,353,353,365,385,12,25,43,98,116,116,116,116,116,106,116,130,130],"floor_reached":51,"playtime":2772,"items_purged":["hexamod:Strike","hexamod:Strike","hexamod:SoulSteal","hexamod:Strike"],"score":724,"play_id":"35c7a62e-433e-45ef-84d5-15b5b7f82b85","local_time":"20210111235003","is_ascension_mode":false,"campfire_choices":[{"data":"hexamod:Sear","floor":1,"key":"SMITH"},{"data":"hexamod:GhostflameBarrier","floor":13,"key":"SMITH"},{"data":"hexamod:ThermalTransfer","floor":18,"key":"SMITH"},{"data":"hexamod:VolcanoVisage","floor":27,"key":"SMITH"},{"data":"hexamod:VolcanoVisage","floor":35,"key":"SMITH"},{"data":"hexamod:ShieldOfDarkness","floor":44,"key":"SMITH"},{"data":"hexamod:Incineration","floor":46,"key":"SMITH"}],"circlet_count":0,"master_deck":["hexamod:Defend","hexamod:Defend","hexamod:Defend","hexamod:Defend","hexamod:Sear+1","hexamod:Float","hexamod:HauntingEcho","hexamod:GhostflameBarrier+1","hexamod:SwordOfDarkness","hexamod:HexaLevel","hexamod:EmpoweredFlame","hexamod:Firestarter","hexamod:ThermalTransfer+1","hexamod:VolcanoVisage+1","hexamod:ShieldOfDarkness+1","hexamod:Incineration+1","hexamod:PhantomFireball","hexamod:ThermalTransfer+1","hexamod:HeatCrush+1","hexamod:FirstSeal","hexamod:VolcanoVisage+1","hexamod:SoulSteal+1","hexamod:ExtraCrispy"],"relics":["hexamod:SpiritBrand","downfall:HeartsMalice","Sundial","Mercury Hourglass","MawBank","Potion Belt","Coffee Dripper","ClockworkSouvenir","Smiling Mask","MutagenicStrength","Pocketwatch","Shuriken","Sozu","Kunai","Omamori","Pantograph","FossilizedHelix"],"acts_visited":["Exordium","TheCity","TheBeyond"],"potions_floor_usage":[16,28,39,47,50,50],"damage_taken":[{"damage":0,"enemies":"Jaw Worm","floor":2,"turns":1},{"damage":0,"enemies":"Cultist","floor":3,"turns":1},{"damage":0,"enemies":"2 Louse","floor":5,"turns":1},{"damage":11,"enemies":"3 Sentries","floor":8,"turns":8},{"damage":7,"enemies":"Red Slaver","floor":9,"turns":3},{"damage":0,"enemies":"downfall:FleeingMerchant","floor":10,"turns":4},{"damage":4,"enemies":"downfall:LadyInBlue","floor":12,"turns":6},{"damage":0,"enemies":"Large Slime","floor":14,"turns":4},{"damage":7,"enemies":"2 Fungi Beasts","floor":15,"turns":3},{"damage":28,"enemies":"downfall:Silent","floor":16,"turns":9},{"damage":19,"enemies":"3 Byrds","floor":19,"turns":4},{"damage":4,"enemies":"downfall:FleeingMerchant","floor":20,"turns":4},{"damage":22,"enemies":"Shelled Parasite and Fungi","floor":21,"turns":6},{"damage":0,"enemies":"Cultist and Chosen","floor":22,"turns":5},{"damage":14,"enemies":"Centurion and Healer","floor":23,"turns":5},{"damage":0,"enemies":"Snecko","floor":25,"turns":3},{"damage":6,"enemies":"Colosseum Nobs","floor":28,"turns":4},{"damage":7,"enemies":"Shelled Parasite and Fungi","floor":29,"turns":4},{"damage":1,"enemies":"Centurion and Healer","floor":32,"turns":5},{"damage":1,"enemies":"downfall:Defect","floor":33,"turns":6},{"damage":19,"enemies":"3 Darklings","floor":36,"turns":4},{"damage":2,"enemies":"3 Shapes","floor":37,"turns":2},{"damage":15,"enemies":"downfall:FleeingMerchant","floor":38,"turns":4},{"damage":33,"enemies":"3 Darklings","floor":39,"turns":4},{"damage":1,"enemies":"Maw","floor":40,"turns":6},{"damage":2,"enemies":"Writhing Mass","floor":42,"turns":5},{"damage":5,"enemies":"downfall:FleeingMerchant","floor":47,"turns":4},{"damage":20,"enemies":"3 Darklings","floor":48,"turns":4},{"damage":0,"enemies":"4 Shapes","floor":49,"turns":4},{"damage":0,"enemies":"downfall:Ironclad","floor":50,"turns":7}],"seed_played":"-6272888494079778866","potions_obtained":[{"floor":8,"key":"Fire Potion"},{"floor":9,"key":"FairyPotion"},{"floor":12,"key":"BlessingOfTheForge"},{"floor":12,"key":"Swift Potion"},{"floor":12,"key":"EssenceOfSteel"},{"floor":12,"key":"hexamod:InfernoChargePotion"},{"floor":19,"key":"Strength Potion"},{"floor":29,"key":"Explosive Potion"},{"floor":33,"key":"Fire Potion"}],"is_trial":false,"path_per_floor":["R","M","M","?","M","?","T","E","M","$","?","?","R","M","M","B",null,"R","M","$","M","M","M","T","M","?","R","?","M","?","?","M","B",null,"R","M","M","$","M","M","T","M","?","R","?","R","$","M","M","B",null],"character_chosen":"THE_SPIRIT","items_purchased":["hexamod:EmpoweredFlame","hexamod:Firestarter","hexamod:PhantomFireball","ClockworkSouvenir","Kunai","hexamod:ExtraCrispy","FossilizedHelix"],"campfire_rested":0,"item_purchase_floors":[10,10,20,20,38,38,47],"current_hp_per_floor":[70,70,70,70,70,70,70,59,52,52,49,45,45,45,38,10,70,70,51,47,25,25,11,11,11,11,11,5,21,44,37,43,49,70,70,51,56,48,22,28,28,33,33,33,33,33,35,22,29,54],"gold":130,"neow_bonus":"THREE_ENEMY_KILL","is_daily":false,"chose_seed":false,"campfire_upgraded":7,"win_rate":0.0,"timestamp":1610405403,"path_taken":["R","M","M","?","?","?","T","E","?","$","?","?","R","M","M","BOSS","R","M","$","?","M","M","T","M","?","R","?","M","?","?","M","BOSS","R","M","M","$","M","M","T","M","?","R","?","R","$","M","M","BOSS"],"items_purchased_type":["Card","Card","Card","Relic","Relic","Card","Relic"],"build_version":"2020-12-22","purchased_purges":4,"victory":true,"max_hp_per_floor":[70,70,70,70,70,70,70,70,70,70,70,70,70,70,70,70,70,70,70,70,70,70,70,70,70,70,70,70,70,70,70,70,70,70,70,70,70,70,70,70,70,70,70,70,70,70,70,70,70,70],"card_choices":[{"not_picked":["hexamod:FastForward","hexamod:GhostShield"],"picked":"hexamod:HauntingEcho","floor":2},{"not_picked":["hexamod:FirstSeal","hexamod:ShieldOfDarkness"],"picked":"hexamod:SoulSteal","floor":3},{"not_picked":["hexamod:ShieldOfDarkness","hexamod:CatchUp"],"picked":"hexamod:GhostflameBarrier","floor":5},{"not_picked":["hexamod:ShieldOfDarkness","hexamod:Again"],"picked":"hexamod:SwordOfDarkness","floor":8},{"not_picked":["hexamod:HeatMetal","hexamod:AdvancingGuard","hexamod:DynamicBlow"],"picked":"SKIP","floor":9},{"not_picked":["hexamod:ShieldOfDarkness","hexamod:FourthSeal"],"picked":"hexamod:HexaLevel","floor":10},{"not_picked":["hexamod:RecurringNightmare","hexamod:Hexaguard","hexamod:SwordOfDarkness"],"picked":"SKIP","floor":14},{"not_picked":["hexamod:Firestarter","hexamod:Again"],"picked":"hexamod:ThermalTransfer","floor":15},{"not_picked":["hexamod:SixthSeal","hexamod:HexaLevel"],"picked":"hexamod:VolcanoVisage","floor":16},{"not_picked":["hexamod:EtherealExpedition","hexamod:Hexaguard"],"picked":"hexamod:ShieldOfDarkness","floor":19},{"not_picked":["hexamod:AdvancingGuard","hexamod:SwordOfDarkness+1"],"picked":"hexamod:Incineration","floor":20},{"not_picked":["hexamod:ShieldOfDarkness","hexamod:GhostShield","hexamod:GhostflameBarrier"],"picked":"SKIP","floor":21},{"not_picked":["hexamod:PowerFromBeyond","hexamod:HauntingEcho+1","hexamod:Again+1"],"picked":"SKIP","floor":22},{"not_picked":["hexamod:AdvancingGuard","hexamod:GhostLash+1","hexamod:GhostOfSpirePast+1"],"picked":"SKIP","floor":23},{"not_picked":["hexamod:SoulSteal","hexamod:NecessarySacrifice","hexamod:InspiringFlames+1"],"picked":"SKIP","floor":25},{"not_picked":["hexamod:InspiringFlames","hexamod:PhantomFireball+1"],"picked":"hexamod:ThermalTransfer+1","floor":28},{"not_picked":["hexamod:BacktrackSmack","hexamod:NightmareStrike"],"picked":"hexamod:HeatCrush+1","floor":29},{"not_picked":["hexamod:BurningTouch","hexamod:EmpoweredFlame","hexamod:CatchUp"],"picked":"SKIP","floor":32},{"not_picked":["hexamod:TimeOfNeed","hexamod:TimeWarp"],"picked":"hexamod:VolcanoVisage","floor":33},{"not_picked":["hexamod:EmpoweredFlame+1","hexamod:NightmareStrike","hexamod:SpectersWail"],"picked":"SKIP","floor":36},{"not_picked":["hexamod:ThermalTransfer","hexamod:SpectersWail+1","hexamod:Hexaguard"],"picked":"SKIP","floor":37},{"not_picked":["hexamod:Again","hexamod:GhostShield+1"],"picked":"hexamod:SoulSteal+1","floor":38},{"not_picked":["hexamod:AdvancingGuard+1","hexamod:ShieldOfDarkness","hexamod:SecondSeal"],"picked":"SKIP","floor":39},{"not_picked":["hexamod:StepThrough+1","hexamod:HeatCrush+1","hexamod:NightmareGuise"],"picked":"SKIP","floor":40},{"not_picked":["hexamod:RadiantFlame+1","hexamod:TurnItUp","hexamod:AdvancingGuard+1"],"picked":"SKIP","floor":42},{"not_picked":["hexamod:FastForward+1","hexamod:SpectersWail+1","hexamod:SixthSeal"],"picked":"SKIP","floor":47},{"not_picked":["hexamod:Firestarter","hexamod:FirstSeal","hexamod:GhostLash"],"picked":"SKIP","floor":48},{"not_picked":["hexamod:SpectersWail","hexamod:BurningTouch+1","hexamod:Incineration"],"picked":"SKIP","floor":49}],"player_experience":288080,"relics_obtained":[{"floor":7,"key":"Sundial"},{"floor":8,"key":"Mercury Hourglass"},{"floor":12,"key":"Potion Belt"},{"floor":24,"key":"Smiling Mask"},{"floor":28,"key":"Pocketwatch"},{"floor":28,"key":"Shuriken"},{"floor":41,"key":"Omamori"},{"floor":43,"key":"Pantograph"}],"event_choices":[{"cards_removed":["hexamod:Strike"],"damage_healed":0,"gold_gain":0,"player_choice":"Purged","damage_taken":0,"max_hp_gain":0,"max_hp_loss":0,"event_name":"Purifier","floor":4,"gold_loss":0},{"damage_healed":0,"gold_gain":0,"player_choice":"Ignored","damage_taken":0,"max_hp_gain":0,"max_hp_loss":0,"event_name":"Transmorgrifier","floor":6,"gold_loss":0},{"damage_healed":0,"gold_gain":0,"player_choice":"Success","damage_taken":3,"relics_obtained":["MawBank"],"max_hp_gain":0,"max_hp_loss":0,"event_name":"Scrap Ooze","floor":11,"gold_loss":0},{"damage_healed":0,"gold_gain":0,"player_choice":"Inject Mutagens","damage_taken":0,"relics_obtained":["MutagenicStrength"],"max_hp_gain":0,"max_hp_loss":0,"event_name":"Drug Dealer","floor":26,"gold_loss":0},{"damage_healed":23,"gold_gain":0,"player_choice":"Heal","damage_taken":0,"max_hp_gain":0,"max_hp_loss":0,"event_name":"The Library","floor":30,"gold_loss":0}],"is_beta":false,"boss_relics":[{"not_picked":["downfall:Hecktoplasm","Fusion Hammer"],"picked":"Coffee Dripper"},{"not_picked":["Runic Pyramid","Velvet Choker"],"picked":"Sozu"}],"items_purged_floors":[10,20,38,47],"is_endless":false,"potions_floor_spawned":[8,9,12,19,21,25,29,33,36,40,48,49],"ascension_level":0}}