{"host":"1a3cjta80tad0aqj","time":1610335854,"event":{"mods":["2.2 Compatiblity","AchievementEnabler","BaseMod","Colored Map","DeckTracker","KOR Keyword Fix","Keyboard Shortcuts","Minty Spire (QoL Compilation)","Permanent Neow","Quick Restart","Random Character Button","StSLib","SuperFastMode","everything is the same but u backflip on backflip"],"gold_per_floor":[112,129,141,159,36,66,66,66,66,77,77,93,141,161,161,262,262,274,288,314,0,0,0,11,11],"floor_reached":24,"playtime":1108,"items_purged":["Defend_G"],"score":200,"play_id":"4157521b-4c17-4fba-bbf9-b9328e0c2bb9","local_time":"20210111123054","is_ascension_mode":false,"campfire_choices":[{"data":"Burst","floor":7.0,"key":"SMITH"},{"data":"Phantasmal Killer","floor":11.0,"key":"SMITH"},{"floor":15.0,"key":"REST"},{"data":"Blade Dance","floor":23.0,"key":"SMITH"}],"circlet_count":0,"master_deck":["Strike_G","Strike_G","Strike_G","Strike_G","Strike_G","Defend_G","Defend_G","Defend_G","Defend_G","Survivor","Neutralize","Burst+1","Slice","Dagger Throw","Leg Sweep","Backstab","Cloak And Dagger","Phantasmal Killer+1","Cloak And Dagger","Blade Dance+1","Bullet Time","Dagger Spray","Dodge and Roll"],"relics":["Ring of the Snake","Regal Pillow","Tiny Chest","Centennial Puzzle","Sozu","Blood Vial","Lantern"],"acts_visited":["Exordium","TheCity"],"potions_floor_usage":[],"damage_taken":[{"damage":0.0,"enemies":"2 Louse","floor":1.0,"turns":3.0},{"damage":5.0,"enemies":"Jaw Worm","floor":2.0,"turns":5.0},{"damage":1.0,"enemies":"Cultist","floor":3.0,"turns":4.0},{"damage":0.0,"enemies":"Exordium Wildlife","floor":4.0,"turns":3.0},{"damage":11.0,"enemies":"Lagavulin","floor":6.0,"turns":8.0},{"damage":0.0,"enemies":"Looter","floor":10.0,"turns":3.0},{"damage":0.0,"enemies":"Large Slime","floor":12.0,"turns":4.0},{"damage":0.0,"enemies":"2 Fungi Beasts","floor":14.0,"turns":3.0},{"damage":24.0,"enemies":"Hexaghost","floor":16.0,"turns":7.0},{"damage":4.0,"enemies":"Shell Parasite","floor":18.0,"turns":6.0},{"damage":11.0,"enemies":"2 Thieves","floor":19.0,"turns":4.0},{"damage":7,"enemies":"3 Cultists","floor":24,"turns":5}],"seed_played":"4351168705604818796","potions_obtained":[{"floor":2.0,"key":"SteroidPotion"},{"floor":6.0,"key":"Fire Potion"},{"floor":10.0,"key":"FearPotion"}],"is_trial":false,"path_per_floor":["M","M","M","M","$","E","R","?","T","M","R","M","T","M","R","B",null,"M","M","T","?","T","R","M"],"character_chosen":"THE_SILENT","items_purchased":["SteroidPotion"],"campfire_rested":1,"item_purchase_floors":[5],"current_hp_per_floor":[63,58,57,57,57,46,46,46,46,46,46,46,46,46,63,39,63,59,48,48,48,48,48,43,43],"gold":11,"neow_bonus":"THREE_RARE_CARDS","is_daily":false,"chose_seed":true,"campfire_upgraded":3,"win_rate":0.0,"timestamp":1610335854,"path_taken":["M","M","M","M","$","E","R","?","T","M","R","M","?","M","R","BOSS","M","M","?","?","?","R","M"],"items_purchased_type":["Potion"],"build_version":"2020-12-22","purchased_purges":1,"victory":false,"max_hp_per_floor":[63,63,63,63,63,63,63,63,63,63,63,63,63,63,63,63,63,63,63,63,63,63,63,63,63],"card_choices":[{"not_picked":["Venomology","Night Terror"],"picked":"Burst","floor":0.0},{"not_picked":["Distraction","Dagger Spray"],"picked":"Slice","floor":1.0},{"not_picked":["Eviscerate","Acrobatics"],"picked":"Dagger Throw","floor":2.0},{"not_picked":["Outmaneuver","Acrobatics"],"picked":"Leg Sweep","floor":3.0},{"not_picked":["Bane","All Out Attack"],"picked":"Backstab","floor":4.0},{"not_picked":["Dodge and Roll","Bane"],"picked":"Cloak And Dagger","floor":6.0},{"not_picked":["Cloak And Dagger","Dagger Spray"],"picked":"Phantasmal Killer","floor":10.0},{"not_picked":["Acrobatics","Deadly Poison"],"picked":"Cloak And Dagger","floor":12.0},{"not_picked":["Deflect","Accuracy"],"picked":"Blade Dance","floor":14.0},{"not_picked":["Malaise","Unload"],"picked":"Bullet Time","floor":16.0},{"not_picked":["Acrobatics+1","Bane"],"picked":"Dagger Spray","floor":18.0},{"not_picked":["Catalyst","Outmaneuver"],"picked":"Dodge and Roll","floor":19.0}],"player_experience":286930,"relics_obtained":[{"floor":6.0,"key":"Regal Pillow"},{"floor":9.0,"key":"Tiny Chest"},{"floor":13.0,"key":"Centennial Puzzle"},{"floor":20.0,"key":"Blood Vial"},{"floor":22.0,"key":"Lantern"}],"event_choices":[{"damage_healed":0.0,"max_hp_gain":0.0,"max_hp_loss":0.0,"gold_gain":0.0,"event_name":"Dead Adventurer","player_choice":"Searched \u00270\u0027 times","floor":8.0,"gold_loss":0.0,"damage_taken":0.0},{"damage_healed":0.0,"max_hp_gain":0.0,"max_hp_loss":0.0,"gold_gain":0.0,"event_name":"Masked Bandits","player_choice":"Paid Fearfully","floor":21.0,"gold_loss":314.0,"damage_taken":0.0}],"is_beta":false,"boss_relics":[{"not_picked":["Runic Dome","Snecko Eye"],"picked":"Sozu"}],"items_purged_floors":[5],"is_endless":false,"potions_floor_spawned":[2,6,10,18],"killed_by":"3 Cultists","ascension_level":0}}