{"host":"ELF","time":1610344974,"event":{"mods":["BaseMod","Minty Spire (QoL Compilation)"],"gold_per_floor":[111,36,36,36,36,36,66,66,66,66,77,38,38,64,64,138,138,138,138],"floor_reached":18,"playtime":447,"items_purged":["Strike_R"],"score":359,"play_id":"a9e63515-d48b-4329-b6f6-9a2c4067d26c","local_time":"20210111000254","is_ascension_mode":true,"campfire_choices":[{"data":"Perfected Strike","floor":6,"key":"SMITH"},{"data":"Feed","floor":8,"key":"SMITH"},{"data":"Bash","floor":10,"key":"SMITH"},{"data":"Fire Breathing","floor":15,"key":"SMITH"}],"circlet_count":0,"master_deck":["AscendersBane","Strike_R","Strike_R","Strike_R","Defend_R","Defend_R","Defend_R","Defend_R","Bash+1","Perfected Strike+1","Feed+1","Fire Breathing+1","Disarm+1","Feed+1","Rage+1","Pommel Strike+1","Juggernaut"],"relics":["Burning Blood","NeowsBlessing","Toxic Egg 2","Molten Egg 2","Gremlin Horn","SlaversCollar"],"acts_visited":["Exordium","TheCity"],"potions_floor_usage":[14,16,18],"damage_taken":[{"damage":0,"enemies":"Small Slimes","floor":1,"turns":1},{"damage":0,"enemies":"Gremlin Nob","floor":7,"turns":1},{"damage":0,"enemies":"2 Louse","floor":11,"turns":1},{"damage":45,"enemies":"Lagavulin","floor":14,"turns":6},{"damage":29,"enemies":"Hexaghost","floor":16,"turns":12},{"damage":66,"enemies":"3 Byrds","floor":18,"turns":5}],"seed_played":"7993983494614089278","potions_obtained":[{"floor":1,"key":"ElixirPotion"},{"floor":11,"key":"Energy Potion"},{"floor":16,"key":"Block Potion"}],"is_trial":false,"path_per_floor":["M","$","?","?","?","R","E","R","T","R","M","$","?","E","R","B",null,"M"],"character_chosen":"IRONCLAD","items_purchased":["Disarm+1"],"campfire_rested":0,"item_purchase_floors":[12],"current_hp_per_floor":[74,74,74,67,67,67,73,73,73,73,75,75,75,40,40,17,64,0,0],"gold":138,"neow_bonus":"THREE_ENEMY_KILL","is_daily":false,"chose_seed":false,"campfire_upgraded":4,"win_rate":0.0,"timestamp":1610344974,"path_taken":["M","$","?","?","?","R","E","R","T","R","?","?","?","E","R","BOSS","M"],"items_purchased_type":["Card"],"build_version":"2020-12-18","purchased_purges":1,"victory":false,"max_hp_per_floor":[75,75,75,75,75,75,75,75,75,75,75,75,75,79,79,79,79,79,79],"card_choices":[{"not_picked":["Battle Trance","Pommel Strike"],"picked":"Perfected Strike","floor":1},{"not_picked":["Iron Wave","Pommel Strike"],"picked":"Feed","floor":7},{"not_picked":["Body Slam+1","Armaments+1"],"picked":"Fire Breathing","floor":11},{"not_picked":["Uppercut+1","Headbutt+1"],"picked":"Pommel Strike+1","floor":14},{"not_picked":["Berserk","Limit Break+1"],"picked":"Juggernaut","floor":16}],"player_experience":3168906,"relics_obtained":[{"floor":7,"key":"Toxic Egg 2"},{"floor":9,"key":"Molten Egg 2"},{"floor":14,"key":"Gremlin Horn"}],"event_choices":[{"damage_healed":0,"gold_gain":0,"player_choice":"Leave","damage_taken":0,"max_hp_gain":0,"max_hp_loss":0,"event_name":"The Cleric","floor":3,"gold_loss":0},{"cards_removed":["Strike_R"],"damage_healed":0,"gold_gain":0,"player_choice":"Card Removal","damage_taken":7,"max_hp_gain":0,"max_hp_loss":0,"event_name":"Golden Wing","floor":4,"gold_loss":0},{"damage_healed":0,"gold_gain":0,"player_choice":"Ignored","damage_taken":0,"max_hp_gain":0,"max_hp_loss":0,"event_name":"Liars Game","floor":5,"gold_loss":0},{"damage_healed":0,"gold_gain":0,"player_choice":"2 cards matched","damage_taken":0,"max_hp_gain":0,"max_hp_loss":0,"event_name":"Match and Keep!","floor":13,"gold_loss":0,"cards_obtained":["Feed","Rage"]}],"is_beta":true,"boss_relics":[{"not_picked":["SacredBark","Ectoplasm"],"picked":"SlaversCollar"}],"items_purged_floors":[2],"is_endless":false,"potions_floor_spawned":[1,11,16],"killed_by":"3 Byrds","ascension_level":18}}