{"host":"pno9h1fupbyz205f","time":1610402619,"event":{"mods":["Aspiration","BaseMod","Better Altar","Better Match","Better Note","Better Sensory Stone","Better Skull","Better Third Choice","Colored Map","Colored Powertips","Hubris","Infinite Spire","Jedi Mod","Mad Scientist","Marisa????????","Minty Spire (QoL Compilation)","Permanent Neow","Potionbrewer","Replay The Spire","Shop Mod","Spicy Shops","StSLib","Td1madao Mod","The Blackbeard","The Gatherer","The Hierophant","The Poker Player","The Runesmith","The Servant 0.9.4","thorton","vexMod"],"gold_per_floor":[117,134,152,152,1,29,39,39,116,116,173,187,198,218,218,321,321,329,329,343,343,8,36,50,50,50,50,50,9,28,45,45,146,246,246],"floor_reached":34,"playtime":1502,"items_purged":["Predator","Strike_B","Dualcast"],"score":399,"play_id":"fdc00caa-65ff-4781-a683-7cb6afd62f88","local_time":"20210111140339","is_ascension_mode":false,"campfire_choices":[{"data":"ReplayTheSpireMod:Fabricate Wheel","floor":10,"key":"SMITH"},{"floor":15,"key":"REST"},{"data":"Machine Learning","floor":25,"key":"SMITH"},{"data":"Echo Form","floor":32,"key":"SMITH"}],"circlet_count":0,"master_deck":["Defend_B","Defend_B","Defend_B","Zap+1","Ball Lightning","jedi:BurstLightning","jedi:bruteforce","Unload","Quick Slash","Machine Learning+1","Injury","jedi:studyfrost+1","Redo+1","Conserve Battery+1","Conserve Battery+1","Loop","jedi:readyaimfire+1","Double Energy+1","Self Repair","Bandage Up+1","Lockon","Double Energy+1","Conserve Battery+1","Lockon+1","White Noise+1","Echo Form+1","Capacitor","Capacitor","Electrodynamics"],"relics":["Cracked Core","Replay:Bottled Steam","Toxic Egg 2","The Courier","Prayer Wheel","vexMod:DeviousBotling","Solar Panel","MerchantsRug","Juzu Bracelet","Bird Faced Urn","aspiration:EnhancedActuators","Snack Pack","Replay:Grab Bag","jedi:paperlyon","Replay:Wanted Poster","Nuclear Battery"],"acts_visited":["Exordium","TheCity","TheBeyond"],"potions_floor_usage":[7,11,11,14,18,30],"damage_taken":[{"damage":1,"enemies":"Jaw Worm","floor":1,"turns":2},{"damage":1,"enemies":"2 Louse","floor":2,"turns":2},{"damage":0,"enemies":"Small Slimes","floor":3,"turns":2},{"damage":0,"enemies":"3 Sentries","floor":6,"turns":2},{"damage":2,"enemies":"Blue Slaver","floor":7,"turns":2},{"damage":28,"enemies":"Gremlin Nob","floor":11,"turns":4},{"damage":4,"enemies":"Red Slaver","floor":12,"turns":3},{"damage":3,"enemies":"Looter","floor":13,"turns":3},{"damage":1,"enemies":"Gremlin Gang","floor":14,"turns":2},{"damage":30,"enemies":"Hexaghost","floor":16,"turns":9},{"damage":11,"enemies":"2 Thieves","floor":18,"turns":4},{"damage":4,"enemies":"Spheric Guardian","floor":20,"turns":5},{"damage":22,"enemies":"Nightmare","floor":23,"turns":8},{"damage":0,"enemies":"Centurion and Healer","floor":24,"turns":6},{"damage":27,"enemies":"Snecko","floor":30,"turns":5},{"damage":13,"enemies":"Snake Plant","floor":31,"turns":3},{"damage":60,"enemies":"hubris:MusketHawk","floor":33,"turns":9}],"seed_played":"7072374840344353343","potions_obtained":[{"floor":3,"key":"potionbrewer:ToxicPotion"},{"floor":6,"key":"potionbrewer:DiscountPotion"},{"floor":7,"key":"potionbrewer:EndurancePotion"},{"floor":11,"key":"Swift Potion"},{"floor":16,"key":"Fire Potion"},{"floor":24,"key":"Death Potion"},{"floor":30,"key":"jedi:holywater"},{"floor":33,"key":"Weak Potion"}],"is_trial":false,"path_per_floor":["M","M","M","?","$","E","M","?","T","R","?","M","M","M","R","B",null,"M","?","M","AVR","$","NM","M","R","T","?","?","$","M","M","R","B",null],"character_chosen":"DEFECT","items_purchased":["Machine Learning","MerchantsRug","Juzu Bracelet","Bird Faced Urn","Conserve Battery+1","Capacitor"],"campfire_rested":1,"item_purchase_floors":[5,22,22,22,22,29],"current_hp_per_floor":[74,73,73,73,73,73,71,71,71,71,43,39,36,35,57,27,75,64,64,73,73,73,70,75,75,75,75,60,60,68,75,75,54,75,75],"gold":246,"neow_bonus":"UPGRADE_CARD","is_daily":false,"chose_seed":false,"campfire_upgraded":3,"win_rate":0.0,"timestamp":1610402619,"path_taken":["M","M","M","?","$","E","M","?","T","R","?","M","M","M","R","BOSS","M","?","?","AVR","?","NM","M","R","T","?","?","$","M","M","R","BOSS"],"items_purchased_type":["Card","Relic","Relic","Relic","Card","Card"],"build_version":"2020-12-22","purchased_purges":3,"victory":false,"max_hp_per_floor":[75,75,75,75,75,75,75,75,75,75,75,75,75,75,75,75,75,75,75,75,75,75,75,75,75,75,75,75,75,75,75,75,75,75,75],"card_choices":[{"not_picked":["Compile Driver","jedi:BurstFrost"],"picked":"Ball Lightning","floor":1},{"not_picked":["ReplayGash","Redo"],"picked":"jedi:BurstLightning","floor":2},{"not_picked":["Sweeping Beam","Time Bomb"],"picked":"jedi:bruteforce","floor":3},{"not_picked":["jedi:darknesscall","Chaos"],"picked":"ReplayTheSpireMod:Fabricate Wheel","floor":6},{"not_picked":["Compile Driver","Reinforced Body","Stack"],"picked":"SKIP","floor":7},{"not_picked":["Compile Driver","Coolheaded+1"],"picked":"Redo+1","floor":11},{"not_picked":["Storm","jedi:BurstLightning"],"picked":"Conserve Battery+1","floor":12},{"not_picked":["Blizzard","Tempest+1"],"picked":"Conserve Battery+1","floor":12},{"not_picked":["Rebound","Aggregate+1","jedi:BurstLightning"],"picked":"SKIP","floor":13},{"not_picked":["Stack+1","Rip and Tear","Creative AI"],"picked":"SKIP","floor":13},{"not_picked":["Lockon","Coolheaded+1"],"picked":"Loop","floor":14},{"not_picked":["Genetic Algorithm+1","Barrage","jedi:BurstFrost+1"],"picked":"SKIP","floor":14},{"not_picked":["jedi:BurstDark","Machine Learning"],"picked":"jedi:readyaimfire+1","floor":16},{"not_picked":["Leap+1","ReplayGash"],"picked":"Double Energy+1","floor":18},{"not_picked":["Beam Cell","Barrage"],"picked":"Self Repair","floor":18},{"not_picked":["ReplaySolidLightProjector+1","Gash"],"picked":"Lockon","floor":20},{"not_picked":["Streamline","Coolheaded+1"],"picked":"Double Energy+1","floor":20},{"not_picked":["hubris:Prefetch+1","Streamline"],"picked":"Lockon+1","floor":23},{"not_picked":["Streamline","jedi:BurstFrost+1"],"picked":"White Noise+1","floor":24},{"not_picked":["Beam Cell","Sweeping Beam","Coolheaded+1"],"picked":"SKIP","floor":24},{"not_picked":["jedi:BurstFrost+1","Gash+1","Rebound"],"picked":"SKIP","floor":30},{"not_picked":["jedi:BurstFrost+1","Cold Snap+1","Barrage"],"picked":"SKIP","floor":30},{"not_picked":["jedi:blockon+1","Reinforced Body+1","All For One"],"picked":"SKIP","floor":31},{"not_picked":["Reprogram+1","Static Discharge","Melter"],"picked":"SKIP","floor":31},{"not_picked":["Amplify+1","ReplayTheSpireMod:Fabricate Wheel+1"],"picked":"Electrodynamics","floor":33}],"player_experience":157830,"relics_obtained":[{"floor":6,"key":"Replay:Bottled Steam"},{"floor":9,"key":"Replay:Bottled Snecko"},{"floor":23,"key":"aspiration:EnhancedActuators"},{"floor":26,"key":"Snack Pack"}],"event_choices":[{"damage_healed":0,"gold_gain":0,"player_choice":"Searched \u00272\u0027 times","damage_taken":0,"relics_obtained":["The Courier"],"max_hp_gain":0,"max_hp_loss":0,"event_name":"Dead Adventurer","floor":11,"gold_loss":0},{"cards_removed":["Self Repair"],"damage_healed":0,"gold_gain":0,"player_choice":"Take \u0026 Give","damage_taken":0,"max_hp_gain":0,"max_hp_loss":0,"event_name":"betterNote:BetterNote","floor":19,"gold_loss":0,"cards_obtained":["Bandage Up"]},{"cards_removed":["Defend_B"],"damage_healed":0,"gold_gain":0,"player_choice":"Card Removal","damage_taken":0,"max_hp_gain":0,"max_hp_loss":0,"event_name":"Wheel of Change","floor":27,"gold_loss":0},{"damage_healed":0,"gold_gain":2,"player_choice":"2","damage_taken":0,"max_hp_gain":0,"max_hp_loss":15,"event_name":"betterStone:BetterStone","floor":28,"gold_loss":0}],"is_beta":false,"boss_relics":[{"not_picked":["vexMod:RockOfEvil","aspiration:SecretTechniqueScroll"],"picked":"vexMod:DeviousBotling"},{"not_picked":["Runesmith:UraniumAnvil","vexMod:EndlessSickness"],"picked":"Replay:Grab Bag"},{"not_picked":["hubris:TerracottaHorce","hubris:GrandSneckoEye"],"picked":"jedi:paperlyon"},{"not_picked":["hubris:RunicObelisk","Busted Crown"],"picked":"Replay:Wanted Poster"},{"not_picked":["Empty Cage","vexMod:ImprovementManual"],"picked":"Nuclear Battery"}],"items_purged_floors":[5,21,22],"is_endless":true,"potions_floor_spawned":[3,6,7,11,16,24,30,33],"ascension_level":0}}