{"host":"y76x98twjnyyxs83","time":1610389094,"event":{"mods":["BaseMod","Colored Powertips","Minty Spire (QoL Compilation)","Permanent Neow","Quick Restart","Rare Cards Sparkle","Relic Stats","StSLib"],"gold_per_floor":[109,122,140,140,157,185,185,200,200,200,200,200,200,216,216,216,216],"floor_reached":16,"playtime":587,"items_purged":[],"score":184,"play_id":"6efe6d64-5a55-4a72-993a-1411ced1439d","local_time":"20210112021814","is_ascension_mode":true,"campfire_choices":[{"floor":7,"key":"REST"},{"floor":13,"key":"REST"},{"floor":15,"key":"REST"}],"circlet_count":0,"master_deck":["AscendersBane","Strike_G","Strike_G","Strike_G","Strike_G","Defend_G","Defend_G","Defend_G","Defend_G","Defend_G","Survivor","Neutralize+1","Underhanded Strike","Endless Agony","Outmaneuver","PiercingWail","Glass Knife"],"relics":["Runic Pyramid","Pantograph","Letter Opener","Golden Idol","Paper Crane"],"acts_visited":["Exordium"],"potions_floor_usage":[6,16],"damage_taken":[{"damage":3.0,"enemies":"Small Slimes","floor":1.0,"turns":4.0},{"damage":0.0,"enemies":"Cultist","floor":2.0,"turns":4.0},{"damage":2.0,"enemies":"2 Louse","floor":3.0,"turns":3.0},{"damage":6.0,"enemies":"Looter","floor":5.0,"turns":3.0},{"damage":45,"enemies":"Gremlin Nob","floor":6,"turns":5},{"damage":0,"enemies":"2 Fungi Beasts","floor":8,"turns":4},{"damage":27,"enemies":"Gremlin Gang","floor":14,"turns":6},{"damage":52,"enemies":"Slime Boss","floor":16,"turns":13}],"seed_played":"-8007808690840363689","potions_obtained":[{"floor":2.0,"key":"DistilledChaos"},{"floor":14,"key":"SkillPotion"}],"is_trial":false,"path_per_floor":["M","M","M","?","M","E","R","M","T","?","?","?","R","M","R","B"],"character_chosen":"THE_SILENT","items_purchased":[],"campfire_rested":3,"item_purchase_floors":[],"current_hp_per_floor":[56,56,54,54,48,3,22,22,22,22,11,11,29,2,20,0,0],"gold":216,"neow_bonus":"BOSS_RELIC","is_daily":false,"chose_seed":false,"campfire_upgraded":0,"win_rate":0.0,"timestamp":1610389094,"path_taken":["M","M","M","?","?","E","R","M","T","?","?","?","R","M","R","BOSS"],"items_purchased_type":[],"build_version":"2020-12-22","purchased_purges":0,"victory":false,"max_hp_per_floor":[66,66,66,66,66,66,66,66,66,60,60,60,60,60,60,60,60],"relic_stats":{"counters":[8,42],"Golden Idol":3,"Pantograph":25,"Letter Opener":[20],"obtain_stats":[{"Golden Idol":10,"Pantograph":6,"Letter Opener":9,"Paper Crane":11,"Ring of the Snake":0,"Runic Pyramid":0},{"Golden Idol":6,"Pantograph":5,"Letter Opener":6,"Paper Crane":6,"Ring of the Snake":0,"Runic Pyramid":0},{"Golden Idol":23,"Pantograph":19,"Letter Opener":23,"Paper Crane":23,"Ring of the Snake":0,"Runic Pyramid":0}]},"card_choices":[{"not_picked":["Prepared","Dagger Spray"],"picked":"Underhanded Strike","floor":1.0},{"not_picked":["Backflip","Escape Plan","Setup"],"picked":"SKIP","floor":2.0},{"not_picked":["Eviscerate","Endless Agony","Dodge and Roll"],"picked":"SKIP","floor":3.0},{"not_picked":["Eviscerate","Dodge and Roll"],"picked":"Endless Agony","floor":3.0},{"not_picked":["Slice","Acrobatics"],"picked":"Outmaneuver","floor":5.0},{"not_picked":["Blur","Riddle With Holes"],"picked":"PiercingWail","floor":6},{"not_picked":["Cloak And Dagger","Dodge and Roll"],"picked":"Glass Knife","floor":8},{"not_picked":["PiercingWail","Quick Slash","Well Laid Plans"],"picked":"SKIP","floor":14}],"player_experience":1122428,"relics_obtained":[{"floor":6,"key":"Pantograph"},{"floor":9,"key":"Letter Opener"}],"event_choices":[{"cards_removed":["Strike_G"],"damage_healed":0.0,"max_hp_gain":0.0,"max_hp_loss":0.0,"gold_gain":0.0,"event_name":"Bonfire Elementals","player_choice":"Offered Basic","floor":4.0,"gold_loss":0.0,"damage_taken":0.0},{"damage_healed":0,"gold_gain":0,"player_choice":"Lose Max HP","damage_taken":0,"relics_obtained":["Golden Idol"],"max_hp_gain":0,"max_hp_loss":6,"event_name":"Golden Idol","floor":10,"gold_loss":0},{"damage_healed":0,"gold_gain":0,"player_choice":"Success","damage_taken":11,"relics_obtained":["Paper Crane"],"max_hp_gain":0,"max_hp_loss":0,"event_name":"Scrap Ooze","floor":11,"gold_loss":0},{"damage_healed":0,"gold_gain":0,"player_choice":"Upgraded","damage_taken":0,"max_hp_gain":0,"max_hp_loss":0,"event_name":"Upgrade Shrine","floor":12,"gold_loss":0,"cards_upgraded":["Neutralize"]}],"is_beta":false,"boss_relics":[],"items_purged_floors":[],"is_endless":false,"potions_floor_spawned":[2,14],"killed_by":"Slime Boss","ascension_level":16}}