{"host":"y76clbnovzmw9ubx","time":1610323620,"event":{"mods":["AchievementEnabler","BaseMod","Minty Spire (QoL Compilation)","Permanent Neow","Relic Stats"],"gold_per_floor":[158,195,230,9,9,42,55,81,81,81,81,116,198,218,218,315,315,330,330,330,374,5,37,37,70,70,70,70,70,70],"floor_reached":29,"playtime":1956,"items_purged":["Anger"],"score":562,"play_id":"3222dd0e-3891-4620-accb-461737216314","local_time":"20210110190700","is_ascension_mode":true,"campfire_choices":[{"data":"HandOfGreed","floor":10,"key":"SMITH"},{"data":"Limit Break","floor":15,"key":"SMITH"},{"data":"Apotheosis","floor":24,"key":"SMITH"},{"floor":27,"key":"REST"}],"circlet_count":0,"master_deck":["AscendersBane","Bash","HandOfGreed+1","Whirlwind","Power Through","Inflame","Exhume","Limit Break+1","Reaper","Feel No Pain","Inflame","Entrench","Impervious","Sever Soul","Feed","Reaper","True Grit","Apotheosis+1","Exhume"],"relics":["Burning Blood","Sling","Shuriken","Thread and Needle","Charon\u0027s Ashes","CaptainsWheel","Boot","Happy Flower","Nloth\u0027s Gift"],"acts_visited":["Exordium","TheCity"],"potions_floor_usage":[6,8,13,18,23,25,29],"damage_taken":[{"damage":2,"enemies":"2 Louse","floor":1,"turns":3},{"damage":19,"enemies":"Jaw Worm","floor":2,"turns":4},{"damage":2,"enemies":"Cultist","floor":3,"turns":4},{"damage":16,"enemies":"Lagavulin","floor":6,"turns":7},{"damage":11,"enemies":"Blue Slaver","floor":7,"turns":7},{"damage":8,"enemies":"Gremlin Nob","floor":8,"turns":3},{"damage":0,"enemies":"2 Fungi Beasts","floor":12,"turns":3},{"damage":8,"enemies":"3 Sentries","floor":13,"turns":6},{"damage":0,"enemies":"Large Slime","floor":14,"turns":4},{"damage":25,"enemies":"The Guardian","floor":16,"turns":11},{"damage":7,"enemies":"Chosen","floor":18,"turns":6},{"damage":40,"enemies":"3 Byrds","floor":21,"turns":7},{"damage":103,"enemies":"Gremlin Leader","floor":23,"turns":9},{"damage":65,"enemies":"Slavers","floor":25,"turns":6},{"damage":61,"enemies":"Book of Stabbing","floor":29,"turns":5}],"seed_played":"7937981728623815211","potions_obtained":[{"floor":2,"key":"AttackPotion"},{"floor":7,"key":"PowerPotion"},{"floor":12,"key":"Ancient Potion"},{"floor":14,"key":"Block Potion"},{"floor":23,"key":"Strength Potion"},{"floor":25,"key":"SpeedPotion"}],"is_trial":false,"path_per_floor":["M","M","M","$","?","E","M","E","T","R","?","M","E","M","R","B",null,"M","?","?","M","$","E","R","E","T","R","?","E"],"character_chosen":"IRONCLAD","items_purchased":["Sling","BlessingOfTheForge","Apotheosis","Regen Potion"],"campfire_rested":1,"item_purchase_floors":[4,4,22,22],"current_hp_per_floor":[68,55,59,59,59,49,44,42,42,42,42,48,46,52,52,33,59,58,58,58,48,48,38,38,24,24,46,46,0,0],"gold":70,"neow_bonus":"RANDOM_COLORLESS_2","is_daily":false,"chose_seed":false,"campfire_upgraded":3,"win_rate":0.0,"timestamp":1610323620,"path_taken":["M","M","M","$","?","E","M","E","T","R","?","M","E","?","R","BOSS","M","?","?","M","$","E","R","E","T","R","?","E"],"items_purchased_type":["Relic","Potion","Card","Potion"],"build_version":"2020-12-22","purchased_purges":1,"victory":false,"max_hp_per_floor":[68,68,68,68,68,68,68,68,68,68,68,68,68,68,68,68,68,68,68,68,71,71,71,71,75,75,75,75,75,75],"relic_stats":{"Happy Flower":[1],"counters":[15,85],"Shuriken":[3],"Charon\u0027s Ashes":[225],"Nloth\u0027s Gift":0,"Boot":[0],"obtain_stats":[{"CaptainsWheel":13,"Happy Flower":25,"Shuriken":6,"Thread and Needle":8,"Pandora\u0027s Box":17,"Charon\u0027s Ashes":9,"Nloth\u0027s Gift":28,"Sling":4,"Boot":23,"Burning Blood":0},{"CaptainsWheel":8,"Happy Flower":14,"Shuriken":4,"Thread and Needle":6,"Pandora\u0027s Box":10,"Charon\u0027s Ashes":6,"Nloth\u0027s Gift":14,"Sling":3,"Boot":13,"Burning Blood":0},{"CaptainsWheel":37,"Happy Flower":80,"Shuriken":18,"Thread and Needle":28,"Pandora\u0027s Box":52,"Charon\u0027s Ashes":28,"Nloth\u0027s Gift":80,"Sling":11,"Boot":74,"Burning Blood":0}],"Burning Blood":80},"card_choices":[{"not_picked":["Thinking Ahead","The Bomb"],"picked":"HandOfGreed","floor":0},{"not_picked":["Flex","Perfected Strike"],"picked":"Whirlwind","floor":1},{"not_picked":["Iron Wave","Headbutt"],"picked":"Power Through","floor":2},{"not_picked":["Heavy Blade","Pommel Strike","Thunderclap"],"picked":"SKIP","floor":3},{"not_picked":["Havoc","Berserk"],"picked":"Anger","floor":6},{"not_picked":["Seeing Red","Rampage"],"picked":"Inflame","floor":7},{"not_picked":["Flex","Anger"],"picked":"Exhume","floor":8},{"not_picked":["Power Through","Rage","Perfected Strike"],"picked":"SKIP","floor":12},{"not_picked":["Cleave","Infernal Blade","Rupture"],"picked":"SKIP","floor":13},{"not_picked":["Iron Wave","Pummel","Anger"],"picked":"SKIP","floor":14},{"not_picked":["Barricade","Brutality"],"picked":"Reaper","floor":16},{"not_picked":["Cleave","Sword Boomerang","Second Wind"],"picked":"SKIP","floor":18},{"not_picked":["Thunderclap","Metallicize","Perfected Strike"],"picked":"SKIP","floor":21},{"not_picked":["Whirlwind","Clothesline","Carnage"],"picked":"SKIP","floor":23},{"not_picked":["Sword Boomerang","Heavy Blade"],"picked":"Exhume","floor":25}],"player_experience":3044270,"relics_obtained":[{"floor":6,"key":"Shuriken"},{"floor":8,"key":"Thread and Needle"},{"floor":9,"key":"Charon\u0027s Ashes"},{"floor":13,"key":"CaptainsWheel"},{"floor":23,"key":"Boot"},{"floor":25,"key":"Happy Flower"}],"event_choices":[{"damage_healed":0,"gold_gain":0,"player_choice":"Ignored","damage_taken":0,"max_hp_gain":0,"max_hp_loss":0,"event_name":"Liars Game","floor":5,"gold_loss":0},{"damage_healed":0,"gold_gain":0,"player_choice":"1 cards matched","damage_taken":0,"max_hp_gain":0,"max_hp_loss":0,"event_name":"Match and Keep!","floor":11,"gold_loss":0,"cards_obtained":["Limit Break"]},{"damage_healed":0,"gold_gain":0,"player_choice":"Ignored","damage_taken":0,"max_hp_gain":0,"max_hp_loss":0,"event_name":"The Mausoleum","floor":19,"gold_loss":0},{"cards_removed":["Bloodletting"],"damage_healed":0,"gold_gain":0,"player_choice":"Elegance","damage_taken":0,"max_hp_gain":0,"max_hp_loss":0,"event_name":"Back to Basics","floor":20,"gold_loss":0},{"damage_healed":0,"gold_gain":0,"player_choice":"Traded Relic","damage_taken":0,"relics_obtained":["Nloth\u0027s Gift"],"max_hp_gain":0,"max_hp_loss":0,"event_name":"N\u0027loth","floor":28,"relics_lost":["Pandora\u0027s Box"],"gold_loss":0}],"is_beta":false,"boss_relics":[{"not_picked":["Cursed Key","Runic Cube"],"picked":"Pandora\u0027s Box"}],"items_purged_floors":[22],"is_endless":false,"potions_floor_spawned":[2,7,12,14,16,23,25],"killed_by":"Book of Stabbing","ascension_level":20}}