{"host":"qvl114e0jmbc6yhm","time":1610328834,"event":{"mods":["Act Like it!","BaseMod","Hermit","Highlight Path","Hubris","Jedi Mod","Marisa????????","Marked Mod","Minty Spire (QoL Compilation)","Permanent Neow","Random Character Button","Relic Sorter","Relic Stats","Replay The Spire","Shop Mod","Spicy Shops","StSLib","The Jungle","The Runesmith"],"gold_per_floor":[117,42,53,153,168,168,200,210,210,220,220,220,220,220,220,294,294,306,221,131,149,169,169,189,189,189,189,252,7,47,92,92,181,181,258,258,258,271,342,342,382,382,409,427,427,505,533,605,605,617],"floor_reached":51,"playtime":3518,"items_purged":["hubris:Lust"],"score":1241,"play_id":"b40de617-d098-45fe-8f25-1e8ffc51ab97","local_time":"20210110203354","is_ascension_mode":true,"campfire_choices":[{"data":"MasterSpark","floor":6,"key":"SMITH"},{"data":"AlicesGift","floor":13,"key":"SMITH"},{"data":"UpSweep","floor":15,"key":"SMITH"},{"floor":23,"key":"REST"},{"floor":25,"key":"REST"},{"data":"MagicAbsorber","floor":32,"key":"SMITH"},{"floor":40,"key":"REST"},{"floor":42,"key":"REST"},{"data":"OortCloud","floor":45,"key":"SMITH"},{"floor":49,"key":"REST"}],"circlet_count":0,"master_deck":["AscendersBane","Strike_MRS+1","Strike_MRS","Strike_MRS","Defend_MRS","Defend_MRS","Defend_MRS+1","Defend_MRS","MasterSpark+1","UpSweep+1","AlicesGift+1","EnergyFlow+1","UltimateShortwave+1","AbeCurse","NonDirectionalLaser","MagicAbsorber+1","6A","Robbery+1","IllusionStar","SatelliteIllusion","IllusionStar+1","Acceleration","BinaryStars","PropBag","OortCloud+1"],"relics":["MiniHakkero","Shuriken","Sundial","Quantum Egg","Abe\u0027s Treasure","War Paint","hubris:SphereOfDissonance","Snack Pack","hubris:ScarierMask","hubris:64BitClover","jedi:crownofsimplicity","Replay:Towering Pillar of Hats"],"acts_visited":["Exordium","TheCity","TheBeyond"],"potions_floor_usage":[16,18,31,33,33,39,47,50,50],"damage_taken":[{"damage":12,"enemies":"Small Slimes","floor":1,"turns":6},{"damage":0,"enemies":"Cultist","floor":3,"turns":3},{"damage":1,"enemies":"2 Louse","floor":5,"turns":3},{"damage":20,"enemies":"Lagavulin","floor":7,"turns":5},{"damage":0,"enemies":"Large Slime","floor":8,"turns":5},{"damage":5,"enemies":"Red Slaver","floor":10,"turns":4},{"damage":49,"enemies":"Fading Forest","floor":16,"turns":11},{"damage":23,"enemies":"Shell Parasite","floor":18,"turns":4},{"damage":15,"enemies":"3 Byrds","floor":21,"turns":4},{"damage":25,"enemies":"Sentry and Sphere","floor":22,"turns":5},{"damage":4,"enemies":"3 Cultists","floor":24,"turns":5},{"damage":0,"enemies":"Centurion and Healer","floor":28,"turns":5},{"damage":17,"enemies":"Chosen and Byrds","floor":30,"turns":6},{"damage":0,"enemies":"Snecko","floor":31,"turns":3},{"damage":27,"enemies":"Collector","floor":33,"turns":10},{"damage":27,"enemies":"Orb Walker","floor":35,"turns":4},{"damage":0,"enemies":"3 Shapes","floor":38,"turns":2},{"damage":24,"enemies":"Transient","floor":39,"turns":5},{"damage":40,"enemies":"Reptomancer","floor":41,"turns":7},{"damage":1,"enemies":"Sphere and 2 Shapes","floor":44,"turns":2},{"damage":1,"enemies":"Spire Growth","floor":46,"turns":5},{"damage":0,"enemies":"Jaw Worm Horde","floor":47,"turns":3},{"damage":13,"enemies":"Giant Head","floor":48,"turns":5},{"damage":39,"enemies":"hubris:GrandSnecko","floor":50,"turns":9}],"seed_played":"-1230905192176072450","potions_obtained":[{"floor":1,"key":"Dexterity Potion"},{"floor":5,"key":"jedi:holywater"},{"floor":16,"key":"AttackPotion"},{"floor":21,"key":"PowerPotion"},{"floor":31,"key":"PowerPotion"},{"floor":35,"key":"SkillPotion"},{"floor":38,"key":"Fire Potion"},{"floor":44,"key":"ColorlessPotion"},{"floor":46,"key":"AttackPotion"},{"floor":47,"key":"Milkshake"}],"is_trial":false,"path_per_floor":["M","$","M","?","M","R","E","M","T","M","?","?","R","?","R","B",null,"M","?","?","M","M","R","M","R","T","?","M","$","M","M","R","B",null,"M","?","?","M","M","R","E","R","T","M","R","M","M","E","R","B",null],"character_chosen":"MARISA","items_purchased":["Snack Pack"],"campfire_rested":5,"item_purchase_floors":[29],"current_hp_per_floor":[65,65,65,65,64,64,44,44,44,39,39,39,39,39,39,25,69,46,46,46,31,6,31,27,52,52,52,52,52,37,37,37,22,69,44,44,44,48,28,53,17,42,42,43,43,44,48,37,62,37],"gold":617,"neow_bonus":"TWENTY_PERCENT_HP_BONUS","is_daily":false,"chose_seed":false,"campfire_upgraded":5,"win_rate":0.0,"timestamp":1610328834,"path_taken":["M","$","M","?","M","R","E","?","T","M","?","?","R","?","R","BOSS","M","?","?","M","?","R","M","R","T","?","M","?","M","?","R","BOSS","M","?","?","M","?","R","E","R","T","M","R","?","M","E","R","BOSS"],"items_purchased_type":["Relic"],"build_version":"2020-12-22","purchased_purges":1,"victory":true,"max_hp_per_floor":[84,84,84,84,84,84,84,84,84,84,84,84,84,84,84,84,84,84,84,84,84,84,84,84,84,84,84,84,84,84,84,84,84,84,84,84,84,84,84,84,84,84,84,84,84,84,84,84,84,84],"relic_stats":{"counters":[24,121],"Shuriken":[42],"Sundial":[16],"War Paint":["Defend_MRS","UltimateShortwave"],"obtain_stats":[{"AmplifyWand":50,"Replay:Towering Pillar of Hats":48,"hubris:64BitClover":41,"Quantum Egg":14,"Blue Candle":46,"hubris:SphereOfDissonance":26,"jedi:crownofsimplicity":43,"War Paint":19,"Mercury Hourglass":47,"Shuriken":7,"Sundial":9,"hubris:ScarierMask":34,"Snack Pack":29,"MiniHakkero":0,"Kunai":39,"Abe\u0027s Treasure":17},{"AmplifyWand":24,"Replay:Towering Pillar of Hats":23,"hubris:64BitClover":19,"Quantum Egg":6,"Blue Candle":21,"hubris:SphereOfDissonance":11,"jedi:crownofsimplicity":19,"War Paint":8,"Mercury Hourglass":22,"Shuriken":4,"Sundial":5,"hubris:ScarierMask":15,"Snack Pack":12,"MiniHakkero":0,"Kunai":18,"Abe\u0027s Treasure":7},{"AmplifyWand":114,"Replay:Towering Pillar of Hats":112,"hubris:64BitClover":97,"Quantum Egg":26,"Blue Candle":101,"hubris:SphereOfDissonance":55,"jedi:crownofsimplicity":97,"War Paint":41,"Mercury Hourglass":106,"Shuriken":17,"Sundial":22,"hubris:ScarierMask":79,"Snack Pack":60,"MiniHakkero":0,"Kunai":86,"Abe\u0027s Treasure":37}]},"card_choices":[{"not_picked":["LuminesStrike","IllusionStar","EventHorizon"],"picked":"SKIP","floor":1},{"not_picked":["StarlightTyphoon","IllusionStar","NonDirectionalLaser"],"picked":"SKIP","floor":3},{"not_picked":["SporeBomb","EscapeVelocity"],"picked":"AsteroidBelt","floor":5},{"not_picked":["Singularity","MagicChant"],"picked":"AlicesGift","floor":7},{"not_picked":["GalacticHalo","LuminesStrike"],"picked":"EnergyFlow","floor":8},{"not_picked":["DC","EnergyFlow","EventHorizon"],"picked":"SKIP","floor":10},{"not_picked":["BlazingStar","StarDustReverie"],"picked":"UltimateShortwave","floor":16},{"not_picked":["GrandCross","BlazeAway"],"picked":"NonDirectionalLaser","floor":18},{"not_picked":["NonDirectionalLaser","ShootingEcho+1"],"picked":"MagicAbsorber","floor":21},{"not_picked":["WitchLeyline","MysteriousBeam"],"picked":"6A","floor":22},{"not_picked":["OneTimeOff","PowerUp"],"picked":"Robbery+1","floor":24},{"not_picked":["GrandCross+1","BigCrunch","DC"],"picked":"SKIP","floor":28},{"not_picked":["PulseMagic","GrandCross+1"],"picked":"IllusionStar","floor":30},{"not_picked":["AlicesGift","RefractionSpark","OrrerysSun+1"],"picked":"SKIP","floor":31},{"not_picked":["FinalSpark","MaximisePower"],"picked":"SatelliteIllusion","floor":33},{"not_picked":["WitchLeyline","MagicChant"],"picked":"IllusionStar+1","floor":35},{"not_picked":["ShootTheMoon","SporeBomb"],"picked":"PropBag","floor":38},{"not_picked":["ShootTheMoon","GravityBeat"],"picked":"OortCloud","floor":39},{"not_picked":["BlazeAway+1","MagicAbsorber","LuminesStrike"],"picked":"SKIP","floor":41},{"not_picked":["ShootingEcho","GravityBeat","FairyDestructionRay"],"picked":"SKIP","floor":44},{"not_picked":["StarlightTyphoon","GravityBeat+1","DoubleSpark"],"picked":"SKIP","floor":46},{"not_picked":["MagicChant","LuminesStrike","AsteroidBelt"],"picked":"SKIP","floor":47},{"not_picked":["UltimateShortwave","WitchLeyline","Orbital"],"picked":"SKIP","floor":48}],"player_experience":2437211,"relics_obtained":[{"floor":7,"key":"Shuriken"},{"floor":9,"key":"Sundial"},{"floor":26,"key":"hubris:SphereOfDissonance"},{"floor":41,"key":"hubris:64BitClover"},{"floor":43,"key":"jedi:crownofsimplicity"},{"floor":48,"key":"Replay:Towering Pillar of Hats"}],"event_choices":[{"damage_healed":0,"gold_gain":100,"player_choice":"Pray","damage_taken":0,"max_hp_gain":0,"max_hp_loss":0,"event_name":"Golden Shrine","floor":4,"gold_loss":0},{"damage_healed":0,"gold_gain":0,"player_choice":"Grow","damage_taken":0,"max_hp_gain":0,"max_hp_loss":0,"event_name":"Living Wall","floor":11,"gold_loss":0,"cards_upgraded":["EnergyFlow"]},{"cards_removed":["DragonMeteor"],"damage_healed":0,"gold_gain":0,"player_choice":"Gave Card","damage_taken":0,"relics_obtained":["Quantum Egg"],"max_hp_gain":0,"max_hp_loss":0,"event_name":"WeMeetAgain","floor":14,"gold_loss":0},{"damage_healed":0,"gold_gain":0,"player_choice":"Obtained Relic","damage_taken":0,"relics_obtained":["War Paint"],"max_hp_gain":0,"max_hp_loss":0,"event_name":"Addict","floor":19,"gold_loss":85},{"cards_removed":["Strike_MRS"],"damage_healed":0,"gold_gain":0,"player_choice":"Upgrade and Remove","damage_taken":0,"max_hp_gain":0,"max_hp_loss":0,"event_name":"Designer","floor":20,"gold_loss":90,"cards_upgraded":["Strike_MRS"]},{"damage_healed":0,"gold_gain":0,"player_choice":"1 cards matched","damage_taken":0,"max_hp_gain":0,"max_hp_loss":0,"event_name":"Match and Keep!","floor":37,"gold_loss":0,"cards_obtained":["BinaryStars"]}],"is_beta":false,"boss_relics":[{"not_picked":["hubris:TerracottaHorce","SacredBark"],"picked":"Abe\u0027s Treasure"},{"not_picked":["Runesmith:UraniumAnvil","ChewingGum"],"picked":"hubris:ScarierMask"}],"items_purged_floors":[2],"is_endless":false,"potions_floor_spawned":[1,5,16,21,24,31,35,38,44,46,47],"ascension_level":14}}