{"host":"tlqi7e8l7c1qc0dn","time":1610391860,"event":{"mods":["Aspiration","BaseMod","Colored Map","Colored Powertips","Conspire","Curses Come First","Dark Map","Displayed Cursed Tome","Fox Events","Halation","Infinite Spire","Minty Spire (QoL Compilation)","Relic Sorter","Replay The Spire","Shop Mod","StSLib","Trackpad","??????REMEMod"],"gold_per_floor":[116,135,135,60,71,98,98,130,180,207,207,237,237,271,271,366,366,377,54,72,22,22,51,102,102,180,219,219,269,368,384,384,507,507,559,559,559,623,698,698,777,777,777,777,843,843,843],"floor_reached":46,"playtime":1454,"items_purged":["Strike_R","conspire:GhostlyStrike","conspire:GhostlyStrike"],"score":682,"play_id":"5f0473a2-a8b9-4061-ae88-aa7f56928c13","local_time":"20210111140420","is_ascension_mode":true,"campfire_choices":[{"data":"Flex","floor":11.0,"key":"SMITH"},{"data":"Feed","floor":25,"key":"SMITH"},{"data":"REME_Scribble","floor":32,"key":"SMITH"},{"data":"Double Tap","floor":40,"key":"SMITH"},{"data":"Bash","floor":44,"key":"SMITH"}],"circlet_count":0,"master_deck":["conspire:GhostlyStrike","conspire:GhostlyStrike+1","conspire:GhostlyDefend","conspire:GhostlyDefend","conspire:GhostlyDefend","Bash+1","ReplayTheSpireMod:Omega Cannon+1","REME_Scribble+1","Flame Barrier+1","Flex+1","ReplayTheSpireMod:Muscle Training+1","Thunderclap","Feed+1","conspire:SpireCoStock","Acrobatics+1","Double Tap+1","Flex+1"],"relics":["Black Blood","REME_ComplimentaryCards","Replay:M_StaffOfTheSnake","Bronze Scales","trackpad:SappingStone","Akabeko","Toy Ornithopter","WingedGreaves","MerchantsRug","War Paint","halation:SelfBoilingWater","Replay:Kaleidoscope","infinitespire:EmpoweringShard","ReplayTheSpireMod:Lightbulb","Divine Protection","infinitespire:EvilPickle","SacredBark","halation:PinkSoulGem","halation:StarCompass","Replay:Bottled Steam","Sundial","Pen Nib"],"acts_visited":["Exordium","TheCity","TheBeyond"],"potions_floor_usage":[27,29,33],"damage_taken":[{"damage":0.0,"enemies":"Small Slimes","floor":1.0,"turns":1.0},{"damage":1.0,"enemies":"Jaw Worm","floor":2.0,"turns":3.0},{"damage":3.0,"enemies":"Cultist","floor":5.0,"turns":3.0},{"damage":32.0,"enemies":"Gremlin Nob","floor":6.0,"turns":4.0},{"damage":2.0,"enemies":"3 Sentries","floor":8.0,"turns":2.0},{"damage":36.0,"enemies":"Lagavulin","floor":12.0,"turns":4.0},{"damage":0.0,"enemies":"Gremlin Nob","floor":14.0,"turns":1.0},{"damage":23.0,"enemies":"The Guardian","floor":16.0,"turns":6.0},{"damage":3.0,"enemies":"Spheric Guardian","floor":18.0,"turns":2.0},{"damage":1.0,"enemies":"Chosen","floor":20.0,"turns":2.0},{"damage":34.0,"enemies":"Gremlin Leader","floor":23.0,"turns":4.0},{"damage":33,"enemies":"Book of Stabbing","floor":27,"turns":4},{"damage":8,"enemies":"conspire:SneckoGhost","floor":29,"turns":3},{"damage":0,"enemies":"Centurion and Healer","floor":31,"turns":2},{"damage":45,"enemies":"Pondfish","floor":33,"turns":7},{"damage":0,"enemies":"3 Darklings","floor":35,"turns":1},{"damage":85,"enemies":"conspire:MimicChest","floor":38,"turns":8},{"damage":0,"enemies":"Orb Walker","floor":39,"turns":2},{"damage":31,"enemies":"R_Hoarder","floor":41,"turns":5},{"damage":20,"enemies":"Jaw Worm Horde","floor":45,"turns":3},{"damage":33,"enemies":"Nightmare","floor":46,"turns":4}],"seed_played":"-6690200479780491027","potions_obtained":[{"floor":1.0,"key":"LiquidMemories"},{"floor":2.0,"key":"DistilledChaos"},{"floor":12.0,"key":"Swift Potion"},{"floor":20.0,"key":"AttackPotion"},{"floor":24,"key":"infinitespire:BlackPotion"},{"floor":27,"key":"Cursed Concoction"},{"floor":35,"key":"Reflective Coating"},{"floor":38,"key":"Doom Potion"}],"is_trial":false,"path_per_floor":["M","M","?","$","M","E","?","E","T","T","R","E","?","E","R_BF","B",null,"M","$","M","?","AVR","E","?","R","T","E","?","E","?","M","R","B",null,"M","?","?","?","M","R","E","R","T","R","M","NM"],"character_chosen":"IRONCLAD","items_purchased":["MerchantsRug","War Paint"],"campfire_rested":0,"item_purchase_floors":[19,19],"current_hp_per_floor":[80,80,80,80,82,58,58,64,64,64,64,36,36,42,68,53,90,95,95,95,95,95,75,51,51,51,37,17,28,28,42,42,17,111,111,111,111,41,56,56,40,40,40,40,39,9,9],"gold":843,"neow_bonus":"NOSTALGIA","is_daily":false,"chose_seed":false,"campfire_upgraded":5,"win_rate":0.0,"timestamp":1610391860,"path_taken":["M","M","?","$","M","E","?","E","T","?","R","E","?","E","R_BF","BOSS","M","$","M","?","AVR","E","?","R","T","E","?","E","?","M","R","BOSS","M","?","?","?","M","R","E","R","T","R","?","NM"],"items_purchased_type":["Relic","Relic"],"build_version":"2020-12-22","purchased_purges":3,"victory":false,"max_hp_per_floor":[80,80,80,80,82,84,84,86,86,86,86,88,88,88,88,90,90,95,95,95,95,95,97,97,97,97,99,104,106,106,108,108,111,111,111,111,111,114,117,117,120,120,120,120,127,130,130],"card_choices":[{"not_picked":["Shrug It Off","Warcry","Iron Wave"],"picked":"SKIP","floor":1.0},{"not_picked":["Fire Breathing","Acrobatics"],"picked":"REME_Scribble","floor":2.0},{"not_picked":["Armaments","Abandon"],"picked":"Flame Barrier","floor":5.0},{"not_picked":["Sword Boomerang","JustLucky"],"picked":"Flex","floor":6.0},{"not_picked":["REME_FearOfPain","Flame Barrier","Nirvana"],"picked":"SKIP","floor":8.0},{"not_picked":["Flying Knee","True Grit"],"picked":"ReplayTheSpireMod:Muscle Training","floor":12.0},{"not_picked":["Run Through","ThirdEye"],"picked":"Thunderclap","floor":14.0},{"not_picked":["Phantasmal Killer","Exhume"],"picked":"Feed","floor":16.0},{"not_picked":["Perfected Strike","Clash+1","Anger"],"picked":"SKIP","floor":18.0},{"not_picked":["ReplayTheSpireMod:LeadingStrike","REME_FearOfPain","Headbutt"],"picked":"SKIP","floor":20.0},{"not_picked":["Dark Embrace","Twin Strike+1","Clothesline"],"picked":"SKIP","floor":23.0},{"not_picked":["Glass Knife","Disarm","Armaments+1"],"picked":"SKIP","floor":27},{"not_picked":["Abandon+1","Anger"],"picked":"Acrobatics+1","floor":29},{"not_picked":["Burning Pact+1","Clothesline","ReplayTheSpireMod:Muscle Training+1"],"picked":"SKIP","floor":31},{"not_picked":["Barricade","Replay:Many Hands"],"picked":"Double Tap","floor":33},{"not_picked":["Run Through+1","Body Slam","Second Wind"],"picked":"SKIP","floor":35},{"not_picked":["Perfected Strike","Replay:Undeath\u0027s Touch"],"picked":"Flex+1","floor":39},{"not_picked":["True Grit","ReplayTheSpireMod:LeadingStrike","Feed"],"picked":"SKIP","floor":41},{"not_picked":["Rage+1","True Grit","Sword Boomerang"],"picked":"SKIP","floor":45}],"player_experience":848325,"relics_obtained":[{"floor":6.0,"key":"Replay:Mystery Machine"},{"floor":8.0,"key":"Bronze Scales"},{"floor":9.0,"key":"trackpad:SappingStone"},{"floor":10.0,"key":"Akabeko"},{"floor":12.0,"key":"Toy Ornithopter"},{"floor":14.0,"key":"WingedGreaves"},{"floor":23.0,"key":"Replay:Kaleidoscope"},{"floor":26,"key":"infinitespire:EmpoweringShard"},{"floor":27,"key":"ReplayTheSpireMod:Lightbulb"},{"floor":29,"key":"Divine Protection"},{"floor":38,"key":"Replay:Bottled Steam"},{"floor":41,"key":"Sundial"},{"floor":43,"key":"Pen Nib"}],"event_choices":[{"damage_healed":0.0,"max_hp_gain":0.0,"max_hp_loss":0.0,"gold_gain":0.0,"event_name":"Living Wall","player_choice":"Grow","floor":3.0,"gold_loss":0.0,"damage_taken":0.0,"cards_upgraded":["ReplayTheSpireMod:Omega Cannon"]},{"damage_healed":0.0,"max_hp_gain":0.0,"max_hp_loss":0.0,"gold_gain":0.0,"event_name":"conspire:LoneGhost","player_choice":"Agree","floor":7.0,"gold_loss":0.0,"damage_taken":0.0},{"cards_removed":["conspire:GhostlyDefend"],"damage_healed":0.0,"max_hp_gain":0.0,"max_hp_loss":0.0,"gold_gain":0.0,"event_name":"Purifier","player_choice":"Purged","floor":13.0,"gold_loss":0.0,"damage_taken":0.0},{"damage_healed":0.0,"max_hp_gain":0.0,"max_hp_loss":0.0,"gold_gain":0.0,"event_name":"conspire:Investor","player_choice":"Invest 1","floor":21.0,"gold_loss":0.0,"damage_taken":0.0},{"damage_healed":0,"gold_gain":0,"player_choice":"Shed Blood","damage_taken":25,"max_hp_gain":5,"max_hp_loss":0,"event_name":"Forgotten Altar","floor":28,"gold_loss":0},{"damage_healed":0,"gold_gain":99,"player_choice":"Stole From Cult","damage_taken":0,"max_hp_gain":0,"max_hp_loss":0,"event_name":"Nest","floor":30,"gold_loss":0}],"is_beta":false,"boss_relics":[{"not_picked":["REME_DemonsWealth","halation:SmartPhone"],"picked":"Black Blood"},{"not_picked":["Philosopher\u0027s Stone","conspire:RunicOctahedron"],"picked":"SacredBark"}],"items_purged_floors":[4,19,22],"is_endless":false,"potions_floor_spawned":[1,2,12,20,27,35,38],"killed_by":"Nightmare","ascension_level":1}}