{"host":"vddkjx04kiwje1tk","time":1610353525,"event":{"mods":["AchievementEnabler","BaseMod","Colored Map","Minty Spire (QoL Compilation)","Quick Restart","SuperFastMode"],"gold_per_floor":[111,111,111,36,47,77,77,77,377,377,302,313,328,345,345,447,447,466,466,111,111,126,126,141,172,196,215,215,249,249,124,124,223,223,239,239,239,89,89,89,89,89],"floor_reached":41,"playtime":1031,"items_purged":["Strike_R","Defend_R","Defend_R","Defend_R"],"score":630,"play_id":"c81fd29c-1192-4ea4-990b-d3e719e3c78e","local_time":"20210111172525","is_ascension_mode":true,"campfire_choices":[{"data":"Heavy Blade","floor":7,"key":"SMITH"},{"data":"Inflame","floor":10,"key":"SMITH"},{"data":"Sword Boomerang","floor":15,"key":"SMITH"},{"floor":23,"key":"REST"},{"floor":30,"key":"REST"},{"data":"Demon Form","floor":32,"key":"SMITH"},{"data":"Impervious","floor":40,"key":"SMITH"}],"circlet_count":0,"master_deck":["Strike_R+1","Strike_R+1","Defend_R","Bash+1","Inflame+1","Heavy Blade+1","Inflame+1","Sword Boomerang+1","Warcry","Double Tap+1","Sword Boomerang+1","Demon Form+1","Impervious+1","Seeing Red+1"],"relics":["Burning Blood","NeowsBlessing","Ornamental Fan","Old Coin","Runic Cube","Matryoshka","Potion Belt","Molten Egg 2","Whetstone","Pantograph","MealTicket","Bottled Flame","Sozu"],"acts_visited":["Exordium","TheCity","TheBeyond"],"potions_floor_usage":[13,18,25,27,27,41],"damage_taken":[{"damage":0,"enemies":"Small Slimes","floor":1,"turns":1},{"damage":0,"enemies":"Jaw Worm","floor":5,"turns":1},{"damage":0,"enemies":"Gremlin Nob","floor":6,"turns":1},{"damage":2,"enemies":"2 Louse","floor":12,"turns":2},{"damage":5,"enemies":"Gremlin Gang","floor":13,"turns":2},{"damage":11,"enemies":"Looter","floor":14,"turns":2},{"damage":35,"enemies":"The Guardian","floor":16,"turns":5},{"damage":1,"enemies":"Spheric Guardian","floor":18,"turns":4},{"damage":34,"enemies":"2 Thieves","floor":22,"turns":3},{"damage":29,"enemies":"Sentry and Sphere","floor":24,"turns":4},{"damage":5,"enemies":"Gremlin Leader","floor":25,"turns":4},{"damage":6,"enemies":"Snake Plant","floor":27,"turns":2},{"damage":35,"enemies":"Book of Stabbing","floor":29,"turns":3},{"damage":59,"enemies":"Champ","floor":33,"turns":6},{"damage":7,"enemies":"3 Shapes","floor":35,"turns":2},{"damage":93,"enemies":"Nemesis","floor":41,"turns":4}],"seed_played":"1586255003251302006","potions_obtained":[{"floor":1,"key":"Explosive Potion"},{"floor":5,"key":"Swift Potion"},{"floor":6,"key":"ColorlessPotion"},{"floor":16,"key":"Block Potion"},{"floor":22,"key":"Explosive Potion"},{"floor":24,"key":"HeartOfIron"},{"floor":27,"key":"Explosive Potion"}],"is_trial":false,"path_per_floor":["M","?","?","$","M","E","R","?","T","R","$","M","M","M","R","B",null,"M","?","$","T","M","R","M","E","T","M","?","E","R","$","R","B",null,"M","?","?","$","?","R","E"],"character_chosen":"IRONCLAD","items_purchased":["Inflame","Matryoshka"],"campfire_rested":2,"item_purchase_floors":[4,20],"current_hp_per_floor":[78,71,55,55,61,67,67,67,67,67,67,71,72,67,67,38,70,75,75,75,75,47,71,48,49,49,49,49,20,44,59,59,27,67,66,66,66,80,80,80,0,0],"gold":89,"neow_bonus":"THREE_ENEMY_KILL","is_daily":false,"chose_seed":false,"campfire_upgraded":5,"win_rate":0.0,"timestamp":1610353525,"path_taken":["M","?","?","$","M","E","R","?","T","R","$","M","?","M","R","BOSS","M","?","$","?","M","R","?","E","T","M","?","E","R","$","R","BOSS","M","?","?","$","?","R","E"],"items_purchased_type":["Card","Relic"],"build_version":"2020-12-22","purchased_purges":4,"victory":false,"max_hp_per_floor":[80,80,80,80,80,80,80,80,80,80,80,80,80,80,80,80,80,80,80,80,80,80,80,80,80,80,80,80,80,80,80,80,80,80,80,80,80,80,80,80,80,80],"card_choices":[{"not_picked":["Dual Wield","Second Wind","Wild Strike"],"picked":"SKIP","floor":1},{"not_picked":["Wild Strike","Blood for Blood"],"picked":"Heavy Blade","floor":5},{"not_picked":["Ghostly Armor","Shrug It Off"],"picked":"Inflame","floor":6},{"not_picked":["Rampage","Blood for Blood"],"picked":"Sword Boomerang","floor":12},{"not_picked":["Searing Blow","Anger"],"picked":"Warcry","floor":13},{"not_picked":["Warcry","Clash","Wild Strike"],"picked":"SKIP","floor":14},{"not_picked":["Impervious","Reaper"],"picked":"Double Tap","floor":16},{"not_picked":["Havoc","Anger","Clash+1"],"picked":"SKIP","floor":18},{"not_picked":["Body Slam+1","Heavy Blade+1"],"picked":"Sword Boomerang+1","floor":22},{"not_picked":["Shockwave","Perfected Strike+1","Sentinel"],"picked":"SKIP","floor":24},{"not_picked":["Entrench","Combust","Feel No Pain"],"picked":"SKIP","floor":25},{"not_picked":["Whirlwind+1","Twin Strike+1","Thunderclap+1"],"picked":"SKIP","floor":27},{"not_picked":["Reaper+1","Hemokinesis+1"],"picked":"Demon Form","floor":29},{"not_picked":["Barricade","Bludgeon+1"],"picked":"Impervious","floor":33},{"not_picked":["Twin Strike+1","Wild Strike+1"],"picked":"Seeing Red+1","floor":35}],"player_experience":254193,"relics_obtained":[{"floor":6,"key":"Ornamental Fan"},{"floor":9,"key":"Old Coin"},{"floor":21,"key":"Potion Belt"},{"floor":21,"key":"Molten Egg 2"},{"floor":25,"key":"Whetstone"},{"floor":26,"key":"Pantograph"},{"floor":26,"key":"MealTicket"},{"floor":29,"key":"Bottled Flame"}],"event_choices":[{"cards_removed":["Strike_R"],"damage_healed":0,"gold_gain":0,"player_choice":"Card Removal","damage_taken":7,"max_hp_gain":0,"max_hp_loss":0,"event_name":"Golden Wing","floor":2,"gold_loss":0},{"damage_healed":0,"gold_gain":0,"player_choice":"Entered Light","damage_taken":16,"max_hp_gain":0,"max_hp_loss":0,"event_name":"Shining Light","floor":3,"gold_loss":0,"cards_upgraded":["Bash","Strike_R"]},{"damage_healed":0,"gold_gain":0,"player_choice":"Forge","damage_taken":0,"max_hp_gain":0,"max_hp_loss":0,"event_name":"Accursed Blacksmith","floor":8,"gold_loss":0,"cards_upgraded":["Inflame"]},{"damage_healed":0,"gold_gain":0,"player_choice":"Upgraded","damage_taken":0,"max_hp_gain":0,"max_hp_loss":0,"event_name":"Upgrade Shrine","floor":19,"gold_loss":0,"cards_upgraded":["Double Tap"]},{"damage_healed":0,"gold_gain":0,"player_choice":"Ignored","damage_taken":0,"max_hp_gain":0,"max_hp_loss":0,"event_name":"Vampires","floor":28,"gold_loss":0},{"damage_healed":0,"gold_gain":0,"player_choice":"Memory 1","damage_taken":0,"max_hp_gain":0,"max_hp_loss":0,"event_name":"SensoryStone","floor":36,"gold_loss":0},{"damage_healed":0,"gold_gain":0,"player_choice":"Ignored","damage_taken":0,"max_hp_gain":0,"max_hp_loss":0,"event_name":"Tomb of Lord Red Mask","floor":37,"gold_loss":0},{"cards_removed":["Strike_R"],"damage_healed":0,"gold_gain":0,"player_choice":"Purged","damage_taken":0,"max_hp_gain":0,"max_hp_loss":0,"event_name":"Purifier","floor":39,"gold_loss":0}],"is_beta":false,"boss_relics":[{"not_picked":["SacredBark","Runic Dome"],"picked":"Runic Cube"},{"not_picked":["Philosopher\u0027s Stone","Runic Pyramid"],"picked":"Sozu"}],"items_purged_floors":[11,20,31,38],"is_endless":false,"potions_floor_spawned":[1,5,6,16,22,24,27],"killed_by":"Nemesis","ascension_level":8}}