{"host":"04aht2z7d1qbuefv","time":1610331496,"event":{"mods":["AchievementEnabler","BaseMod","Downfall","Minty Spire (QoL Compilation)","StSLib","The Cursed","The Necromancer"],"gold_per_floor":[99,113,195,208,220,245,245,95,130,130,55,70,70,70,82,181,181,181,199,211,211,211,211,211,13,13,44,55,75,92,92,92,92],"floor_reached":31,"playtime":1382,"items_purged":[],"score":265,"play_id":"e87ae756-dd2e-4705-9d9b-d925a4cef2fe","local_time":"20210110231816","is_ascension_mode":false,"campfire_choices":[{"floor":1,"key":"RECALL"},{"floor":8,"key":"REST"},{"floor":11,"key":"REST"},{"data":"hexamod:GhostOfSpirePast","floor":18,"key":"SMITH"},{"floor":23,"key":"REST"},{"data":"hexamod:GhostOfSpirePresent","floor":26,"key":"SMITH"}],"circlet_count":0,"master_deck":["hexamod:Strike","hexamod:Strike","hexamod:Strike","hexamod:Defend","hexamod:Defend","hexamod:Defend","hexamod:Defend","hexamod:Sear","hexamod:Float+1","hexamod:GhostOfSpirePast+1","hexamod:HexaLevel","hexamod:RetreatToShadows+1","hexamod:Firestarter","hexamod:GhostOfSpirePast+1","hexamod:GhostOfSpirePresent+1"],"relics":["hexamod:SpiritBrand","The Courier","hexamod:MatchstickCase","downfall:HeartBlessingRed","downfall:HeartBlessingBlue","Bronze Scales","Tiny Chest","downfall:HeartBlessingGreen","Black Star","Boot","Orichalcum","Happy Flower","Ornamental Fan","Calipers"],"acts_visited":["Exordium","TheCity"],"potions_floor_usage":[6,16,16,27,29,31,31],"damage_taken":[{"damage":0,"enemies":"Cultist","floor":2,"turns":3},{"damage":6,"enemies":"Jaw Worm","floor":4,"turns":3},{"damage":0,"enemies":"Small Slimes","floor":5,"turns":4},{"damage":30,"enemies":"Lagavulin","floor":6,"turns":5},{"damage":20,"enemies":"3 Sentries","floor":9,"turns":16},{"damage":3,"enemies":"2 Fungi Beasts","floor":12,"turns":3},{"damage":2,"enemies":"Large Slime","floor":15,"turns":6},{"damage":59,"enemies":"downfall:Silent","floor":16,"turns":13},{"damage":14,"enemies":"Spheric Guardian","floor":19,"turns":6},{"damage":13,"enemies":"Snake Plant","floor":20,"turns":4},{"damage":0,"enemies":"downfall:FleeingMerchant","floor":25,"turns":4},{"damage":12,"enemies":"Book of Stabbing","floor":27,"turns":5},{"damage":27,"enemies":"Centurion and Healer","floor":28,"turns":8},{"damage":16,"enemies":"Sentry and Sphere","floor":29,"turns":5},{"damage":6,"enemies":"Snake Plant","floor":30,"turns":4},{"damage":19,"enemies":"Gremlin Leader","floor":31,"turns":2}],"seed_played":"8242732831897415858","potions_obtained":[{"floor":5,"key":"SteroidPotion"},{"floor":9,"key":"Fire Potion"},{"floor":12,"key":"sneckomod:MuddlingPotion"},{"floor":16,"key":"sneckomod:MuddlingPotion"},{"floor":19,"key":"DistilledChaos"},{"floor":28,"key":"SpeedPotion"},{"floor":29,"key":"ColorlessPotion"}],"is_trial":false,"path_per_floor":["R","M","T","M","M","E","T","R","E","?","R","M","?","?","M","B",null,"R","M","M","?","T","R","T","$","R","E","M","M","M","E"],"character_chosen":"THE_SPIRIT","items_purchased":["hexamod:GhostOfSpirePresent","Happy Flower"],"campfire_rested":3,"item_purchase_floors":[25,25],"current_hp_per_floor":[70,70,70,64,64,34,34,68,48,45,69,66,66,66,64,5,80,80,66,53,53,53,77,77,77,77,65,38,22,16,0,0,0],"gold":92,"neow_bonus":"UPGRADE_CARD","is_daily":false,"chose_seed":false,"campfire_upgraded":2,"win_rate":0.0,"timestamp":1610331496,"path_taken":["R","M","?","M","M","E","T","R","E","?","R","M","?","?","M","BOSS","R","M","M","?","?","R","T","$","R","E","?","?","?","E"],"items_purchased_type":["Card","Relic"],"build_version":"2020-12-22","purchased_purges":0,"victory":false,"max_hp_per_floor":[70,70,70,70,70,70,70,80,80,80,80,80,80,80,80,80,80,80,80,80,80,80,80,80,80,80,80,80,80,80,80,80,80],"card_choices":[{"not_picked":["hexamod:FastForward","hexamod:GhostflameBarrier","hexamod:BacktrackSmack"],"picked":"SKIP","floor":2},{"not_picked":["hexamod:BacktrackSmack","hexamod:RadiantFlame","hexamod:BurningTouch"],"picked":"SKIP","floor":4},{"not_picked":["hexamod:FlamesFromBeyond","hexamod:BacktrackSmack","hexamod:FastForward"],"picked":"SKIP","floor":5},{"not_picked":["hexamod:HeatCrush","hexamod:TimeOfNeed","hexamod:BurningTouch"],"picked":"SKIP","floor":6},{"not_picked":["hexamod:Hexaguard","hexamod:GhostflameBarrier"],"picked":"hexamod:GhostOfSpirePast","floor":9},{"not_picked":["hexamod:RetreatToShadows","hexamod:HauntingEcho","hexamod:SpectersWail"],"picked":"SKIP","floor":12},{"not_picked":["hexamod:ChargedBarrage","hexamod:BacktrackSmack","hexamod:Hexaguard"],"picked":"SKIP","floor":15},{"not_picked":["hexamod:WildfireWeapon","hexamod:TimeOfNeed"],"picked":"hexamod:HexaLevel","floor":16},{"not_picked":["hexamod:EtherealExpedition+1","hexamod:BurningTouch"],"picked":"hexamod:RetreatToShadows+1","floor":19},{"not_picked":["hexamod:NightmareStrike","hexamod:FastForward"],"picked":"hexamod:Firestarter","floor":20},{"not_picked":["hexamod:FastForward","hexamod:CatchUp","hexamod:GhostShield"],"picked":"SKIP","floor":25},{"not_picked":["hexamod:ThermalTransfer","hexamod:FirstSeal","hexamod:SpectersWail"],"picked":"SKIP","floor":27},{"not_picked":["hexamod:Incineration","hexamod:AdvancingGuard","hexamod:ThirdSeal"],"picked":"SKIP","floor":28},{"not_picked":["hexamod:Firestarter","hexamod:NecessarySacrifice+1","hexamod:EtherealExpedition"],"picked":"SKIP","floor":29},{"not_picked":["hexamod:RainOfEmbers+1","hexamod:NecessarySacrifice","hexamod:PowerFromBeyond"],"picked":"SKIP","floor":30}],"player_experience":164691,"relics_obtained":[{"floor":6,"key":"The Courier"},{"floor":7,"key":"hexamod:MatchstickCase"},{"floor":9,"key":"Bronze Scales"},{"floor":22,"key":"Boot"},{"floor":24,"key":"Orichalcum"},{"floor":27,"key":"Ornamental Fan"},{"floor":27,"key":"Calipers"}],"event_choices":[{"damage_healed":0,"gold_gain":0,"player_choice":"Success","damage_taken":3,"relics_obtained":["Tiny Chest"],"max_hp_gain":0,"max_hp_loss":0,"event_name":"Scrap Ooze","floor":10,"gold_loss":0},{"damage_healed":0,"gold_gain":0,"player_choice":"Copied","damage_taken":0,"max_hp_gain":0,"max_hp_loss":0,"event_name":"Duplicator","floor":21,"gold_loss":0,"cards_obtained":["hexamod:GhostOfSpirePast"]}],"is_beta":false,"boss_relics":[{"not_picked":["downfall:Hecktoplasm","Busted Crown"],"picked":"Black Star"}],"items_purged_floors":[],"is_endless":false,"potions_floor_spawned":[5,9,12,16,19,28,29],"killed_by":"Gremlin Leader","ascension_level":0}}