{"host":"aj7el8l5kufbk20z","time":1610332236,"event":{"mods":["AchievementEnabler","BaseMod","Colored Map","Colored Powertips","Curses Come First","Downfall","Highlight Path","Minty Spire (QoL Compilation)","Permanent Neow","Poor People Problems","Quick Restart","Rare Cards Sparkle","Relic Stats","StSLib","SuperFastMode","Waifu the Spire"],"gold_per_floor":[114,140,140,156,156,186,202,202,227,377,377,49,49,62,62,62,62],"floor_reached":16,"playtime":478,"items_purged":["Doubt"],"score":215,"play_id":"51e651b3-1b18-4bc9-ae09-e0f87296781d","local_time":"20210111103036","is_ascension_mode":true,"campfire_choices":[{"data":"Heavy Blade","floor":11.0,"key":"SMITH"},{"data":"Entrench","floor":13.0,"key":"SMITH"},{"data":"True Grit","floor":15.0,"key":"SMITH"}],"circlet_count":0,"master_deck":["AscendersBane","Strike_R","Strike_R","Strike_R","Strike_R","Defend_R","Defend_R+1","Defend_R+1","Defend_R","Bash","Battle Trance","Heavy Blade+1","Disarm","Entrench+1","True Grit+1"],"relics":["Burning Blood","NeowsBlessing","Blood Vial","Eternal Feather","Smiling Mask","Shuriken"],"acts_visited":["Exordium"],"potions_floor_usage":[16,16],"damage_taken":[{"damage":0.0,"enemies":"Cultist","floor":1.0,"turns":1.0},{"damage":0.0,"enemies":"Jaw Worm","floor":4.0,"turns":1.0},{"damage":0.0,"enemies":"3 Sentries","floor":6.0,"turns":2.0},{"damage":0.0,"enemies":"Small Slimes","floor":7.0,"turns":5.0},{"damage":5.0,"enemies":"Blue Slaver","floor":14.0,"turns":6.0},{"damage":43,"enemies":"Hexaghost","floor":16,"turns":13}],"seed_played":"-3617810722038955500","potions_obtained":[{"floor":1.0,"key":"SkillPotion"},{"floor":6.0,"key":"BlessingOfTheForge"}],"is_trial":false,"path_per_floor":["M","T","?","M","$","E","M","?","T","?","R","$","R","M","R","B"],"character_chosen":"IRONCLAD","items_purchased":["Entrench","Shuriken"],"campfire_rested":0,"item_purchase_floors":[12,12],"current_hp_per_floor":[74,74,67,75,75,75,75,52,52,52,58,58,64,67,75,32,32],"gold":62,"neow_bonus":"THREE_ENEMY_KILL","is_daily":false,"chose_seed":false,"campfire_upgraded":3,"win_rate":0.0,"timestamp":1610332236,"path_taken":["M","?","?","M","$","E","M","?","T","?","R","$","R","?","R","BOSS"],"items_purchased_type":["Card","Relic"],"build_version":"2020-12-22","purchased_purges":1,"victory":false,"max_hp_per_floor":[75,75,75,75,75,75,75,75,75,75,75,75,75,75,75,75,75],"relic_stats":{"Blood Vial":4,"counters":[6,28],"Shuriken":[0],"Eternal Feather":20,"Smiling Mask":25,"obtain_stats":[{"Blood Vial":2,"NeowsBlessing":0,"Shuriken":12,"Eternal Feather":6,"Smiling Mask":9,"Burning Blood":0},{"Blood Vial":1,"NeowsBlessing":0,"Shuriken":4,"Eternal Feather":3,"Smiling Mask":4,"Burning Blood":0},{"Blood Vial":1,"NeowsBlessing":0,"Shuriken":9,"Eternal Feather":4,"Smiling Mask":9,"Burning Blood":0}],"Burning Blood":18},"card_choices":[{"not_picked":["Whirlwind","Searing Blow"],"picked":"Battle Trance","floor":1.0},{"not_picked":["Cleave","Clash"],"picked":"Heavy Blade","floor":4.0},{"not_picked":["Intimidate","Whirlwind","Heavy Blade"],"picked":"SKIP","floor":6.0},{"not_picked":["Pummel","Pommel Strike"],"picked":"Disarm","floor":7.0},{"not_picked":["Clothesline","Bloodletting"],"picked":"True Grit","floor":14.0}],"player_experience":352904,"relics_obtained":[{"floor":2.0,"key":"Blood Vial"},{"floor":6.0,"key":"Eternal Feather"},{"floor":9.0,"key":"Smiling Mask"}],"event_choices":[{"cards_removed":["Strike_R"],"damage_healed":0.0,"max_hp_gain":0.0,"max_hp_loss":0.0,"gold_gain":0.0,"event_name":"Golden Wing","player_choice":"Card Removal","floor":3.0,"gold_loss":0.0,"damage_taken":7.0},{"damage_healed":0.0,"max_hp_gain":0.0,"max_hp_loss":0.0,"gold_gain":0.0,"event_name":"Shining Light","player_choice":"Entered Light","floor":8.0,"gold_loss":0.0,"damage_taken":23.0,"cards_upgraded":["Defend_R","Defend_R"]},{"damage_healed":0.0,"max_hp_gain":0.0,"max_hp_loss":0.0,"gold_gain":150.0,"event_name":"Liars Game","player_choice":"AGREE","floor":10.0,"gold_loss":0.0,"damage_taken":0.0,"cards_obtained":["Doubt"]}],"is_beta":false,"boss_relics":[],"items_purged_floors":[12],"is_endless":false,"potions_floor_spawned":[1,6,14],"killed_by":"Hexaghost","ascension_level":15}}