{"host":"glr6dej2vgiwq051","time":1610325592,"event":{"mods":["BaseMod","Better Match","Better Note","Better Third Choice","BetterRewards","Colored Map","Minty Spire (QoL Compilation)","Rare Cards Sparkle","Replay The Spire","StSLib","The IronCluck"],"gold_per_floor":[119,44,121,137,137,137,166,166,166,166,166,166,181,193,193,292,292,309,323,22,42,42,42,42,42,42,57,57,72,72,72,72,176,176,195,206,206,222,122,122,132,0,78,90,101,101,111,128,128,128],"floor_reached":51,"playtime":2663,"items_purged":["Strike_R","Strike_R"],"score":699,"play_id":"6c3486a5-b298-42db-951e-ca5690c158d0","local_time":"20210111013952","daily_mods":["Heirloom"],"is_ascension_mode":false,"campfire_choices":[{"data":"Iron Wave","floor":6,"key":"SMITH"},{"data":"Strike_R","floor":10,"key":"SMITH"},{"data":"Defend_R","floor":12,"key":"SMITH"},{"data":"Anger","floor":15,"key":"SMITH"},{"data":"Battle Trance","floor":23,"key":"SMITH"},{"data":"Limit Break","floor":25,"key":"SMITH"},{"data":"Heavy Blade","floor":28,"key":"SMITH"},{"data":"Strike_R","floor":32,"key":"PURGE"},{"data":"Double Tap","floor":40,"key":"SMITH"},{"data":"Defend_R","floor":46,"key":"SMITH"},{"data":"Seeing Red","floor":49,"key":"SMITH"}],"circlet_count":0,"master_deck":["Strike_R+1","Defend_R","Defend_R+1","Defend_R+1","Defend_R+1","Bash+1","Iron Wave+1","Pommel Strike+1","Anger+1","Limit Break+1","Battle Trance+1","Spot Weakness+1","Heavy Blade+1","Flex+1","Double Tap+1","Anger+1","Seeing Red+1"],"relics":["Burning Blood","Torii","Shuriken","Unceasing Top","Pear","Pocketwatch","Replay:Bronze Core","Replay:Kaleidoscope","Frozen Egg 2","Busted Crown","Red Mask","StrikeDummy"],"acts_visited":["Exordium","TheCity","TheBeyond"],"potions_floor_usage":[7,33,33,50],"damage_taken":[{"damage":2,"enemies":"Cultist","floor":1,"turns":4},{"damage":1,"enemies":"Jaw Worm","floor":4,"turns":5},{"damage":14,"enemies":"3 Sentries","floor":7,"turns":7},{"damage":1,"enemies":"2 Louse","floor":13,"turns":2},{"damage":0,"enemies":"Large Slime","floor":14,"turns":3},{"damage":35,"enemies":"The Guardian","floor":16,"turns":6},{"damage":1,"enemies":"Chosen","floor":18,"turns":4},{"damage":9,"enemies":"Spheric Guardian","floor":19,"turns":5},{"damage":1,"enemies":"Snecko","floor":21,"turns":4},{"damage":2,"enemies":"Shelled Parasite and Fungi","floor":27,"turns":4},{"damage":12,"enemies":"Centurion and Healer","floor":29,"turns":4},{"damage":26,"enemies":"Champ","floor":33,"turns":4},{"damage":0,"enemies":"Orb Walker","floor":35,"turns":2},{"damage":8,"enemies":"3 Darklings","floor":36,"turns":3},{"damage":7,"enemies":"4 Shapes","floor":38,"turns":5},{"damage":10,"enemies":"Sphere and 2 Shapes","floor":41,"turns":3},{"damage":0,"enemies":"Transient","floor":44,"turns":5},{"damage":15,"enemies":"3 Darklings","floor":45,"turns":3},{"damage":0,"enemies":"Jaw Worm Horde","floor":47,"turns":3},{"damage":12,"enemies":"Maw","floor":48,"turns":4},{"damage":14,"enemies":"Awakened One","floor":50,"turns":5}],"seed_played":"-4689084155276059751","potions_obtained":[{"floor":1,"key":"Death Potion"},{"floor":14,"key":"EssenceOfSteel"},{"floor":29,"key":"CultistPotion"},{"floor":33,"key":"Dexterity Potion"},{"floor":41,"key":"Fire Potion"},{"floor":45,"key":"Doom Potion"},{"floor":47,"key":"Energy Potion"}],"is_trial":true,"path_per_floor":["M","$","T","M","?","R","E","?","T","R","?","R","M","M","R","B",null,"M","M","$","M","?","R","$","R","T","M","R","M","?","?","R_BF","B",null,"M","M","?","M","$","R","M","?","T","M","M","R","M","M","R","B",null],"character_chosen":"IRONCLAD","items_purchased":["Replay:Kaleidoscope"],"campfire_rested":0,"item_purchase_floors":[20],"current_hp_per_floor":[80,80,80,80,64,64,56,56,66,66,66,66,71,77,77,48,90,90,87,87,90,90,90,90,90,90,90,90,84,66,66,66,46,95,95,93,93,92,92,92,88,88,88,94,85,85,91,85,85,77],"gold":128,"neow_bonus":"","is_daily":false,"chose_seed":false,"campfire_upgraded":10,"win_rate":0.0,"timestamp":1610325592,"path_taken":["M","$","?","M","?","R","E","?","T","R","?","R","?","M","R","BOSS","M","M","$","M","?","R","$","R","T","M","R","?","?","?","R_BF","BOSS","M","M","?","M","$","R","M","?","T","M","M","R","M","M","R","BOSS"],"items_purchased_type":["Relic"],"build_version":"2020-12-22","purchased_purges":2,"victory":true,"max_hp_per_floor":[80,80,80,80,80,80,80,80,90,90,90,90,90,90,90,90,90,90,90,90,90,90,90,90,90,90,90,90,90,95,95,95,95,95,95,95,95,95,95,95,95,95,95,95,95,95,95,95,95,95],"card_choices":[{"not_picked":["Combust","Power Through"],"picked":"Iron Wave","floor":1},{"not_picked":["True Grit","Perfected Strike","Sever Soul"],"picked":"SKIP","floor":4},{"not_picked":["Sword Boomerang","Reckless Charge"],"picked":"Pommel Strike","floor":7},{"not_picked":["Thunderclap","Havoc"],"picked":"Anger","floor":13},{"not_picked":["Hemokinesis","Warcry","Perfected Strike"],"picked":"SKIP","floor":14},{"not_picked":["Bludgeon","Fiend Fire"],"picked":"Limit Break","floor":16},{"not_picked":["Flex","Twin Strike"],"picked":"Battle Trance","floor":18},{"not_picked":["Dark Embrace+1","Wild Strike+1"],"picked":"Spot Weakness+1","floor":19},{"not_picked":["Flex","Fire Breathing+1","Cleave"],"picked":"SKIP","floor":21},{"not_picked":["Limit Break","Combust+1"],"picked":"Heavy Blade","floor":27},{"not_picked":["Iron Wave","Body Slam"],"picked":"Flex+1","floor":29},{"not_picked":["Feed","Demon Form+1"],"picked":"Double Tap","floor":33},{"not_picked":[],"picked":"Anger+1","floor":35},{"not_picked":["Clothesline+1"],"picked":"SKIP","floor":36},{"not_picked":["Rupture+1"],"picked":"SKIP","floor":38},{"not_picked":["Dual Wield+1"],"picked":"SKIP","floor":41},{"not_picked":["Clash+1"],"picked":"SKIP","floor":44},{"not_picked":["Anger"],"picked":"SKIP","floor":45},{"not_picked":[],"picked":"Seeing Red","floor":47},{"not_picked":["Rupture+1"],"picked":"SKIP","floor":48}],"player_experience":571864,"relics_obtained":[{"floor":3,"key":"Shuriken"},{"floor":7,"key":"Unceasing Top"},{"floor":9,"key":"Pear"},{"floor":26,"key":"Frozen Egg 2"},{"floor":43,"key":"StrikeDummy"}],"event_choices":[{"damage_healed":80,"gold_gain":0,"player_choice":"Upgrade","damage_taken":16,"max_hp_gain":0,"max_hp_loss":80,"event_name":"betterThird:BetterShining","floor":5,"gold_loss":0,"cards_upgraded":["Bash","Defend_R"]},{"damage_healed":0,"gold_gain":0,"player_choice":"Grow","damage_taken":0,"max_hp_gain":0,"max_hp_loss":0,"event_name":"Living Wall","floor":8,"gold_loss":0,"cards_upgraded":["Pommel Strike"]},{"damage_healed":0,"gold_gain":0,"player_choice":"Searched \u00271\u0027 times","damage_taken":0,"relics_obtained":["Pocketwatch"],"max_hp_gain":0,"max_hp_loss":0,"event_name":"Dead Adventurer","floor":11,"gold_loss":0},{"damage_healed":0,"gold_gain":0,"player_choice":"Ignored","damage_taken":0,"max_hp_gain":0,"max_hp_loss":0,"event_name":"betterNote:BetterNote","floor":22,"gold_loss":0,"cards_obtained":["Bash"]},{"damage_healed":0,"gold_gain":0,"player_choice":"Shed Blood","damage_taken":23,"max_hp_gain":5,"max_hp_loss":0,"event_name":"Forgotten Altar","floor":30,"gold_loss":0},{"damage_healed":0,"gold_gain":0,"player_choice":"Ignored","damage_taken":0,"max_hp_gain":0,"max_hp_loss":0,"event_name":"Ghosts","floor":31,"gold_loss":0},{"cards_removed":["Strike_R"],"damage_healed":0,"gold_gain":0,"player_choice":"Removed Attack","damage_taken":0,"max_hp_gain":0,"max_hp_loss":0,"event_name":"Falling","floor":37,"gold_loss":0},{"damage_healed":0,"gold_gain":0,"player_choice":"Paid","damage_taken":0,"relics_obtained":["Red Mask"],"max_hp_gain":0,"max_hp_loss":0,"event_name":"Tomb of Lord Red Mask","floor":42,"gold_loss":132}],"is_beta":false,"boss_relics":[{"not_picked":["ReplayTheSpireMod:DimensionalGlitch","Runic Pyramid"],"picked":"Replay:Bronze Core"},{"not_picked":["Abe\u0027s Treasure","Philosopher\u0027s Stone"],"picked":"Busted Crown"}],"items_purged_floors":[2,39],"is_endless":false,"potions_floor_spawned":[1,14,29,33,41,45,47],"ascension_level":0}}