{"host":"qq27suot6m8koe0b","time":1610352906,"event":{"mods":["Act Like it!","BaseMod","CapriCore","GifTheSpireLib","Lobotomy","Minty Spire (QoL Compilation)","StSLib"],"gold_per_floor":[116,116,134,151,169,199,199,212,212,250,259,41,41,77,77,220,220,252,297,297,297],"floor_reached":20,"playtime":778,"items_purged":["Injury"],"score":209,"play_id":"af38d05c-bd26-4e49-84b8-7485fc153ac5","local_time":"20210111161506","is_ascension_mode":false,"campfire_choices":[{"data":"Fiend Fire","floor":7.0,"key":"SMITH"},{"data":"Metallicize","floor":15,"key":"SMITH"}],"circlet_count":0,"master_deck":["Defend_R","Defend_R","Defend_R","Defend_R","Bash","Scorched","Twin Strike","Second Wind","Fiend Fire+1","OSAHOGD","Armaments","UniverseFragment","Pummel","MeatLantern","Flex","FieryBird","Pommel Strike","Metallicize+1","OldLady","Feel No Pain","VoidDream","Dropkick","Wellcheers","Offering","Sentinel+1","Bite","Bite","Bite","Bite","Bite"],"relics":["Black Blood","CogitoBucket","RabbitCall","StrikeDummy","BackwardClock","Lantern","CeramicFish","Golden Idol","HandDrill"],"acts_visited":["Exordium","TheCity"],"potions_floor_usage":[20,20],"damage_taken":[{"damage":1.0,"enemies":"2 Louse","floor":1.0,"turns":3.0},{"damage":0.0,"enemies":"Cultist","floor":3.0,"turns":2.0},{"damage":1.0,"enemies":"Jaw Worm","floor":4.0,"turns":3.0},{"damage":0.0,"enemies":"2 Fungi Beasts","floor":5.0,"turns":2.0},{"damage":28.0,"enemies":"Gremlin Nob","floor":6.0,"turns":4.0},{"damage":25.0,"enemies":"3 Louse","floor":8.0,"turns":5.0},{"damage":18,"enemies":"Lagavulin","floor":10,"turns":4},{"damage":0,"enemies":"Large Slime","floor":14,"turns":4},{"damage":31,"enemies":"The Guardian","floor":16,"turns":10},{"damage":41,"enemies":"Chosen","floor":18,"turns":2},{"damage":63,"enemies":"2 Thieves","floor":20,"turns":3}],"seed_played":"-4646408355969233256","potions_obtained":[{"floor":3.0,"key":"Block Potion"},{"floor":4.0,"key":"ColorlessPotion"},{"floor":5.0,"key":"SkillPotion"},{"floor":8.0,"key":"GamblersBrew"},{"floor":16,"key":"Block Potion"}],"is_trial":false,"path_per_floor":["M","?","M","M","M","E","R","M","T","E","?","$","?","M","R","B",null,"M","?","M"],"character_chosen":"IRONCLAD","items_purchased":["HandDrill"],"campfire_rested":0,"item_purchase_floors":[12],"current_hp_per_floor":[80,80,80,80,80,58,58,39,39,27,27,27,53,59,59,34,80,54,54,0,0],"gold":297,"neow_bonus":"","is_daily":false,"chose_seed":false,"campfire_upgraded":2,"win_rate":0.0,"timestamp":1610352906,"path_taken":["M","?","M","?","M","E","R","M","T","E","?","$","?","M","R","BOSS","M","?","M"],"items_purchased_type":["Relic"],"build_version":"2020-12-22","purchased_purges":1,"victory":false,"max_hp_per_floor":[80,80,80,80,80,80,80,80,80,80,80,80,80,80,80,80,80,80,56,56,56],"card_choices":[{"not_picked":["FairyFestival","SpiderBud","DespairKnight"],"picked":"Singing Bowl","floor":1.0},{"not_picked":["Wellcheers","CherryBlossoms"],"picked":"Scorched","floor":1.0},{"not_picked":["Clothesline","Corruption"],"picked":"Twin Strike","floor":1.0},{"not_picked":["SnowQueen","Porccubus"],"picked":"OSAHOGD","floor":3.0},{"not_picked":["Havoc","Warcry"],"picked":"Armaments","floor":3.0},{"not_picked":["FairyFestival","HeroicMonk","Bloodbath"],"picked":"Singing Bowl","floor":4.0},{"not_picked":["MeatLantern","CherryBlossoms"],"picked":"UniverseFragment","floor":4.0},{"not_picked":["Cleave","Flex"],"picked":"Pummel","floor":4.0},{"not_picked":["WhitesApple","Rudolta"],"picked":"MeatLantern","floor":5.0},{"not_picked":["Dark Embrace","Body Slam"],"picked":"Flex","floor":5.0},{"not_picked":["MHz","PunishingBird","SpiderBud"],"picked":"Singing Bowl","floor":6.0},{"not_picked":["Bloodbath","BigBird"],"picked":"FieryBird","floor":6.0},{"not_picked":["Armaments","Sever Soul"],"picked":"Pommel Strike","floor":6.0},{"not_picked":["CrumblingArmor","DreamingCurrent","FairyFestival"],"picked":"Singing Bowl","floor":8.0},{"not_picked":["Warcry","Hemokinesis"],"picked":"Metallicize","floor":8.0},{"not_picked":["Murderer","CherryBlossoms","BeautyBeast"],"picked":"Singing Bowl","floor":10},{"not_picked":["MHz","CherryBlossoms"],"picked":"OldLady","floor":10},{"not_picked":["Bloodletting","Entrench"],"picked":"Feel No Pain","floor":10},{"not_picked":["Murderer","SpiderBud","Bloodbath"],"picked":"Singing Bowl","floor":14},{"not_picked":["DreamingCurrent","Freischutz"],"picked":"VoidDream","floor":14},{"not_picked":["Body Slam","Heavy Blade"],"picked":"Dropkick","floor":14},{"not_picked":["SpiderBud","LittleHelper","FairyFestival"],"picked":"Singing Bowl","floor":16},{"not_picked":["CherryBlossoms","PunishingBird"],"picked":"Wellcheers","floor":16},{"not_picked":["Brutality","Impervious"],"picked":"Offering","floor":16},{"not_picked":["Variant","Alriune","Woodsman"],"picked":"Singing Bowl","floor":18},{"not_picked":["Sword Boomerang","Intimidate+1"],"picked":"Sentinel+1","floor":18}],"player_experience":272502,"relics_obtained":[{"floor":6.0,"key":"StrikeDummy"},{"floor":9.0,"key":"Lantern"},{"floor":10,"key":"CeramicFish"}],"event_choices":[{"damage_healed":0.0,"max_hp_gain":0.0,"max_hp_loss":0.0,"gold_gain":0.0,"event_name":"Match and Keep!","player_choice":"2 cards matched","floor":2.0,"gold_loss":0.0,"damage_taken":0.0,"cards_obtained":["Second Wind","Fiend Fire"]},{"damage_healed":0.0,"max_hp_gain":0.0,"max_hp_loss":0.0,"gold_gain":0.0,"event_name":"Match and Keep!","player_choice":"2 cards matched","floor":2.0,"gold_loss":0.0,"damage_taken":0.0,"cards_obtained":["Second Wind","Fiend Fire"]},{"damage_healed":0,"gold_gain":0,"player_choice":"Take Wound","damage_taken":0,"relics_obtained":["Golden Idol"],"max_hp_gain":0,"max_hp_loss":0,"event_name":"Golden Idol","floor":11,"gold_loss":0,"cards_obtained":["Injury"]},{"damage_healed":26,"gold_gain":0,"player_choice":"Banana","damage_taken":0,"max_hp_gain":0,"max_hp_loss":0,"event_name":"Big Fish","floor":13,"gold_loss":0},{"damage_healed":0,"gold_gain":0,"player_choice":"Became a vampire","damage_taken":0,"max_hp_gain":0,"max_hp_loss":24,"event_name":"Vampires","floor":19,"gold_loss":0,"cards_obtained":["Bite","Bite","Bite","Bite","Bite"]}],"is_beta":false,"boss_relics":[{"not_picked":["Tiny House","Fusion Hammer"],"picked":"Black Blood"}],"items_purged_floors":[12],"is_endless":false,"potions_floor_spawned":[3,4,5,8,16],"killed_by":"2 Thieves","ascension_level":0}}