{"host":"Rich","time":1610381782,"event":{"mods":["AchievementEnabler","BaseMod","Highlight Path","Minty Spire (QoL Compilation)","Relic Stats"],"gold_per_floor":[118,43,121,132,46,77,91,122,122,122,122,133,151,116,116,190,190,190,190],"floor_reached":18,"playtime":434,"items_purged":["Strike_G"],"score":410,"play_id":"b6fd1548-91ca-461c-9ead-fbc4949e16cf","local_time":"20210111111622","is_ascension_mode":true,"campfire_choices":[{"data":"Noxious Fumes","floor":11,"key":"SMITH"},{"data":"Blade Dance","floor":15,"key":"SMITH"}],"circlet_count":0,"master_deck":["AscendersBane","Strike_G","Strike_G","Strike_G","Strike_G","Defend_G","Defend_G","Defend_G","Defend_G","Defend_G","Survivor","Neutralize","Heel Hook","Dagger Spray","Noxious Fumes+1","Skewer","Poisoned Stab","Distraction","Blade Dance+1","After Image"],"relics":["Ring of the Snake","NeowsBlessing","White Beast Statue","Toy Ornithopter","Meat on the Bone","WristBlade"],"acts_visited":["Exordium","TheCity"],"potions_floor_usage":[10,16],"damage_taken":[{"damage":0.0,"enemies":"Cultist","floor":1.0,"turns":1.0},{"damage":0.0,"enemies":"Jaw Worm","floor":4.0,"turns":1.0},{"damage":0.0,"enemies":"3 Sentries","floor":6.0,"turns":1.0},{"damage":7.0,"enemies":"2 Louse","floor":7.0,"turns":3.0},{"damage":32.0,"enemies":"Gremlin Nob","floor":8.0,"turns":4.0},{"damage":0,"enemies":"3 Sentries","floor":10,"turns":1},{"damage":17,"enemies":"Blue Slaver","floor":12,"turns":5},{"damage":1,"enemies":"Red Slaver","floor":13,"turns":5},{"damage":59,"enemies":"Slime Boss","floor":16,"turns":10},{"damage":0,"enemies":"2 Thieves","floor":18,"turns":1}],"seed_played":"-4432873807189904146","potions_obtained":[{"floor":4.0,"key":"LiquidBronze"},{"floor":6.0,"key":"Fire Potion"},{"floor":7.0,"key":"SmokeBomb"},{"floor":12,"key":"FairyPotion"},{"floor":16,"key":"Energy Potion"}],"is_trial":false,"path_per_floor":["M","$","T","M","$","E","M","E","T","E","R","M","M","?","R","B",null,"M"],"character_chosen":"THE_SILENT","items_purchased":["Noxious Fumes"],"campfire_rested":0,"item_purchase_floors":[5],"current_hp_per_floor":[59,59,59,59,59,59,57,25,25,42,42,37,36,52,52,31,57,57,57],"gold":190,"neow_bonus":"THREE_ENEMY_KILL","is_daily":false,"chose_seed":false,"campfire_upgraded":2,"win_rate":0.0,"timestamp":1610381782,"path_taken":["M","$","?","M","$","E","M","E","T","E","R","?","M","?","R","BOSS","M"],"items_purchased_type":["Card"],"build_version":"2020-12-18","purchased_purges":1,"victory":false,"max_hp_per_floor":[66,66,66,66,66,66,66,66,66,66,66,66,66,66,66,66,66,66,66],"relic_stats":{"counters":[10,32],"obtain_stats":[{"NeowsBlessing":0,"WristBlade":17,"White Beast Statue":3,"Toy Ornithopter":6,"Ring of the Snake":0,"Meat on the Bone":8},{"NeowsBlessing":0,"WristBlade":9,"White Beast Statue":1,"Toy Ornithopter":3,"Ring of the Snake":0,"Meat on the Bone":5},{"NeowsBlessing":0,"WristBlade":31,"White Beast Statue":1,"Toy Ornithopter":3,"Ring of the Snake":0,"Meat on the Bone":10}],"Toy Ornithopter":15,"Ring of the Snake":[20],"Meat on the Bone":36},"card_choices":[{"not_picked":["Outmaneuver","Tactician"],"picked":"Heel Hook","floor":1.0},{"not_picked":["PiercingWail","Poisoned Stab"],"picked":"Dagger Spray","floor":4.0},{"not_picked":["Tactician","Dodge and Roll"],"picked":"Skewer","floor":6.0},{"not_picked":["Dagger Spray","Prepared"],"picked":"Poisoned Stab","floor":7.0},{"not_picked":["Slice","Doppelganger"],"picked":"Distraction","floor":8.0},{"not_picked":["Dodge and Roll","Concentrate","Underhanded Strike"],"picked":"SKIP","floor":12},{"not_picked":["Deflect","Slice"],"picked":"Blade Dance","floor":13},{"not_picked":["Glass Knife","Venomology"],"picked":"After Image","floor":16}],"player_experience":1982240,"relics_obtained":[{"floor":3.0,"key":"White Beast Statue"},{"floor":6.0,"key":"Toy Ornithopter"},{"floor":8.0,"key":"Meat on the Bone"}],"event_choices":[{"damage_healed":16,"gold_gain":0,"player_choice":"Healed","damage_taken":0,"max_hp_gain":0,"max_hp_loss":0,"event_name":"The Cleric","floor":14,"gold_loss":35}],"is_beta":true,"boss_relics":[{"not_picked":["Ring of the Serpent","HoveringKite"],"picked":"WristBlade"}],"items_purged_floors":[2],"is_endless":false,"potions_floor_spawned":[4,6,7,8,10,12,13,16],"killed_by":"2 Thieves","ascension_level":20}}