{"host":"t7mx8yfj1no5p62f","time":1610342104,"event":{"mods":["BaseMod","Bestiary","Colored Map","Colored Powertips","Minty Spire (QoL Compilation)","Relic Stats","StSLib"],"gold_per_floor":[115,130,182,81,100,100,127,127,195,135,153,180,180,180,180,254,254,271,286,211,228,228,228,87,122,190,150,150,69,94,94,94],"floor_reached":31,"playtime":1081,"items_purged":["Strike_B","Strike_B"],"score":558,"play_id":"c617c298-e182-4137-92b6-cf6069ac8b71","local_time":"20210111001504","is_ascension_mode":true,"campfire_choices":[{"data":"Defragment","floor":6.0,"key":"SMITH"},{"data":"Defragment","floor":8.0,"key":"SMITH"},{"floor":13.0,"key":"REST"},{"data":"Consume","floor":15.0,"key":"SMITH"},{"data":"RitualDagger","floor":23.0,"key":"SMITH"},{"data":"Seek","floor":28.0,"key":"SMITH"}],"circlet_count":0,"master_deck":["AscendersBane","Strike_B","Strike_B+1","Defend_B","Defend_B","Defend_B","Defend_B","Zap","Dualcast","Streamline","Defragment+1","Undo","Defragment+1","Sweeping Beam+1","Consume+1","Coolheaded","Glacier","Seek+1","Compile Driver","Coolheaded","RitualDagger+1","Melter","Echo Form","Coolheaded","Beam Cell"],"relics":["SacredBark","Oddly Smooth Stone","Pear","Whetstone","Cursed Key","Omamori","White Beast Statue","Letter Opener"],"acts_visited":["Exordium","TheCity"],"potions_floor_usage":[31],"damage_taken":[{"damage":2.0,"enemies":"Cultist","floor":1.0,"turns":4.0},{"damage":7.0,"enemies":"Small Slimes","floor":2.0,"turns":3.0},{"damage":9.0,"enemies":"Jaw Worm","floor":5.0,"turns":5.0},{"damage":32.0,"enemies":"Gremlin Nob","floor":7.0,"turns":4.0},{"damage":2.0,"enemies":"Looter","floor":10.0,"turns":5.0},{"damage":6.0,"enemies":"Exordium Wildlife","floor":11.0,"turns":3.0},{"damage":8.0,"enemies":"Lagavulin","floor":12.0,"turns":7.0},{"damage":12.0,"enemies":"Slime Boss","floor":16.0,"turns":21.0},{"damage":0.0,"enemies":"Chosen","floor":18.0,"turns":9.0},{"damage":8.0,"enemies":"3 Byrds","floor":19.0,"turns":7.0},{"damage":0.0,"enemies":"Snecko","floor":21.0,"turns":10.0},{"damage":21.0,"enemies":"Book of Stabbing","floor":25.0,"turns":9.0},{"damage":22.0,"enemies":"Slavers","floor":30.0,"turns":7.0},{"damage":11,"enemies":"Snake Plant","floor":31,"turns":3}],"seed_played":"3917657007823886222","potions_obtained":[{"floor":1.0,"key":"Swift Potion"},{"floor":7.0,"key":"Fire Potion"},{"floor":11.0,"key":"Ancient Potion"},{"floor":12.0,"key":"FocusPotion"},{"floor":18.0,"key":"ColorlessPotion"},{"floor":19.0,"key":"LiquidMemories"},{"floor":27.0,"key":"DuplicationPotion"},{"floor":27.0,"key":"Ancient Potion"},{"floor":30.0,"key":"Strength Potion"}],"is_trial":false,"path_per_floor":["M","M","?","$","M","R","E","R","T","M","M","E","R","?","R","B",null,"M","M","$","M","?","R","$","E","T","?","R","$","E","M"],"character_chosen":"DEFECT","items_purchased":["Undo","Strength Potion","Melter","Coolheaded","Beam Cell"],"campfire_rested":1,"item_purchase_floors":[4,4,24,29,29],"current_hp_per_floor":[62,55,55,55,46,46,14,14,24,22,16,8,32,32,32,20,66,66,58,58,58,52,52,52,31,31,31,31,31,9,0,0],"gold":94,"neow_bonus":"BOSS_RELIC","is_daily":false,"chose_seed":false,"campfire_upgraded":5,"win_rate":0.0,"timestamp":1610342104,"path_taken":["M","M","?","$","M","R","E","R","T","M","M","E","R","?","R","BOSS","M","M","?","M","?","R","$","E","T","?","R","$","E","M"],"items_purchased_type":["Card","Potion","Card","Card","Card"],"build_version":"2020-12-22","purchased_purges":2,"victory":false,"max_hp_per_floor":[71,71,71,71,71,71,71,71,81,81,81,81,81,81,81,81,81,81,81,81,81,81,81,81,81,81,81,81,81,81,81,81],"relic_stats":{"counters":[14,97],"Whetstone":["Strike_B","Sweeping Beam"],"Letter Opener":[2],"Cursed Key":1,"obtain_stats":[{"Pear":9,"SacredBark":0,"Oddly Smooth Stone":7,"Omamori":25,"Whetstone":12,"Letter Opener":30,"Cracked Core":0,"Cursed Key":17,"White Beast Statue":26},{"Pear":4,"SacredBark":0,"Oddly Smooth Stone":4,"Omamori":12,"Whetstone":7,"Letter Opener":13,"Cracked Core":0,"Cursed Key":8,"White Beast Statue":12},{"Pear":16,"SacredBark":0,"Oddly Smooth Stone":16,"Omamori":87,"Whetstone":31,"Letter Opener":94,"Cracked Core":0,"Cursed Key":52,"White Beast Statue":87}]},"card_choices":[{"not_picked":["Reinforced Body","Conserve Battery"],"picked":"Streamline","floor":1.0},{"not_picked":["Coolheaded","Barrage"],"picked":"Defragment","floor":2.0},{"not_picked":["Steam","Turbo"],"picked":"Defragment","floor":5.0},{"not_picked":["Aggregate","Hello World"],"picked":"Sweeping Beam","floor":7.0},{"not_picked":["Gash","Streamline","Sweeping Beam"],"picked":"SKIP","floor":10.0},{"not_picked":["Turbo","Stack"],"picked":"Consume","floor":11.0},{"not_picked":["Meteor Strike","Stack"],"picked":"Coolheaded","floor":12.0},{"not_picked":["Thunder Strike","Amplify"],"picked":"Seek","floor":16.0},{"not_picked":["Double Energy","Fusion"],"picked":"Compile Driver","floor":18.0},{"not_picked":["Undo+1","Consume"],"picked":"Coolheaded","floor":19.0},{"not_picked":["Gash","Stack+1","Barrage"],"picked":"SKIP","floor":21.0},{"not_picked":["Conserve Battery","Leap"],"picked":"Echo Form","floor":25.0},{"not_picked":["Steam","Sweeping Beam","Doom and Gloom"],"picked":"SKIP","floor":30.0}],"player_experience":1723578,"relics_obtained":[{"floor":7.0,"key":"Oddly Smooth Stone"},{"floor":9.0,"key":"Pear"},{"floor":12.0,"key":"Whetstone"},{"floor":25.0,"key":"Omamori"},{"floor":26.0,"key":"White Beast Statue"},{"floor":30.0,"key":"Letter Opener"}],"event_choices":[{"damage_healed":0.0,"max_hp_gain":0.0,"max_hp_loss":0.0,"gold_gain":52.0,"event_name":"Golden Wing","player_choice":"Gained Gold","floor":3.0,"gold_loss":0.0,"damage_taken":0.0},{"damage_healed":0.0,"max_hp_gain":0.0,"max_hp_loss":0.0,"gold_gain":0.0,"event_name":"Match and Keep!","player_choice":"1 cards matched","floor":14.0,"gold_loss":0.0,"damage_taken":0.0,"cards_obtained":["Glacier"]},{"damage_healed":0.0,"max_hp_gain":0.0,"max_hp_loss":0.0,"gold_gain":0.0,"event_name":"Nest","player_choice":"Joined the Cult","floor":22.0,"gold_loss":0.0,"damage_taken":6.0,"cards_obtained":["RitualDagger"]},{"damage_healed":0.0,"max_hp_gain":0.0,"max_hp_loss":0.0,"gold_gain":0.0,"event_name":"The Woman in Blue","player_choice":"Bought 3 Potions","floor":27.0,"gold_loss":0.0,"damage_taken":0.0}],"is_beta":false,"boss_relics":[{"not_picked":["Philosopher\u0027s Stone","Nuclear Battery"],"picked":"Cursed Key"}],"items_purged_floors":[20,24],"is_endless":false,"potions_floor_spawned":[1,7,11,12,18,19,30],"killed_by":"Snake Plant","ascension_level":20}}