{"host":"hdafziggwnbzqpcb","time":1610345108,"event":{"mods":["BaseMod","Bestiary","Better Altar","Better Match","Better Note","Better Third Choice","Better Vampires","Colored Map","Colored Powertips","Curses Come First","Duelist Mod","GifTheSpireLib","Hero for Fun","Melee Mod","Minty Spire (QoL Compilation)","Quick Restart","Rare Cards Sparkle","Relic Stats","Spicy Shops","StSLib","Td1madao Mod","The Bug Knight","The Construct","The Cursed","The Kombatant","The Marked","The Runesmith","The Saiyan","The Senshi","The Servant 0.9.4","The Wild Card","TheHero"],"gold_per_floor":[117,192,192,209,209,209,243,257,257,257,268,268,284,314,314,427,427,448,457,476,498,512,545,545,564,564,95,275,284,284,317,317,317,317],"floor_reached":33,"playtime":1857,"items_purged":["meleeMod_Pause","meleeMod_NeutralAir"],"score":370,"play_id":"6eb7eac1-4d10-4fdb-88db-dc0d0fb3903f","local_time":"20210110220508","daily_mods":["SealedDeck","Heirloom"],"is_ascension_mode":false,"campfire_choices":[{"data":"meleeMod_Moonwalking","floor":6,"key":"SMITH"},{"data":"meleeMod_SDRemix","floor":10,"key":"SMITH"},{"floor":12,"key":"REST"},{"data":"meleeMod_DashDance","floor":15,"key":"SMITH"},{"floor":24,"key":"REST"},{"floor":32,"key":"REST"}],"circlet_count":0,"master_deck":["meleeMod_NeutralAir","meleeMod_WallJump","meleeMod_RaptorBoost+1","meleeMod_NeutralAir","meleeMod_DashDance+1","meleeMod_RaptorBoost","meleeMod_SoftKnee","meleeMod_Knee","meleeMod_Moonwalking+1","meleeMod_SDRemix+1","meleeMod_EdgeGuard","meleeMod_FalconDive+1","meleeMod_FalconKick+1","Runesmith:HammerThrow+1"],"relics":["meleeMod_LosersMang0","Ice Cream","Orichalcum","Potion Belt","CeramicFish","SacredBark","Omamori","Bottled Tornado","Vajra","HollowMod:JonisBlessing","meleeMod_AirWobbling"],"acts_visited":["Exordium","TheCity"],"potions_floor_usage":[14,20,23,23,33,33],"damage_taken":[{"damage":1,"enemies":"2 Louse","floor":1,"turns":2},{"damage":0,"enemies":"Cultist","floor":4,"turns":2},{"damage":12,"enemies":"Gremlin Nob","floor":7,"turns":3},{"damage":1,"enemies":"Jaw Worm","floor":8,"turns":2},{"damage":5,"enemies":"Exordium Wildlife","floor":11,"turns":2},{"damage":0,"enemies":"Blue Slaver","floor":13,"turns":1},{"damage":34,"enemies":"3 Sentries","floor":14,"turns":7},{"damage":0,"enemies":"Slime Boss","floor":16,"turns":5},{"damage":0,"enemies":"Chosen","floor":18,"turns":3},{"damage":16,"enemies":"2 Thieves","floor":20,"turns":2},{"damage":14,"enemies":"Snecko","floor":21,"turns":3},{"damage":25,"enemies":"Snake Plant","floor":22,"turns":3},{"damage":11,"enemies":"Book of Stabbing","floor":23,"turns":5},{"damage":0,"enemies":"Chosen and Byrds","floor":25,"turns":4},{"damage":0,"enemies":"HollowMod:Nosk","floor":31,"turns":4},{"damage":55,"enemies":"Champ","floor":33,"turns":6}],"seed_played":"-4708542781712960475","potions_obtained":[{"floor":8,"key":"Swift Potion"},{"floor":11,"key":"AttackPotion"},{"floor":14,"key":"SpeedPotion"},{"floor":22,"key":"Swift Potion"},{"floor":23,"key":"SteroidPotion"},{"floor":25,"key":"SteroidPotion"}],"is_trial":true,"path_per_floor":["M","?","?","M","?","R","E","M","T","R","M","R","M","E","R","B",null,"M","?","M","M","M","E","R","M","T","$","?","?","?","E","R","B"],"character_chosen":"FALCON","items_purchased":["Vajra","HollowMod:JonisBlessing"],"campfire_rested":3,"item_purchase_floors":[27,27],"current_hp_per_floor":[84,73,73,73,66,66,54,53,53,53,48,73,73,39,39,39,85,85,85,69,55,30,19,44,44,44,44,25,25,25,25,50,0,0],"gold":317,"neow_bonus":"","is_daily":false,"chose_seed":false,"campfire_upgraded":3,"win_rate":0.0,"timestamp":1610345108,"path_taken":["M","?","?","?","?","R","E","M","T","R","M","R","M","E","R","BOSS","M","?","?","M","M","E","R","M","T","$","?","?","?","E","R","BOSS"],"items_purchased_type":["Relic","Relic"],"build_version":"2020-12-22","purchased_purges":2,"victory":false,"max_hp_per_floor":[85,85,85,85,85,85,85,85,85,85,85,85,85,85,85,85,85,85,85,85,85,85,85,85,85,85,85,85,85,85,85,85,85,85],"relic_stats":{"counters":[16,54],"CeramicFish":45,"Orichalcum":[30],"obtain_stats":[{"Ice Cream":0,"Potion Belt":7,"meleeMod_TeamBeerMang0":0,"CeramicFish":14,"SacredBark":17,"Vajra":27,"HollowMod:JonisBlessing":27,"Omamori":23,"Orichalcum":5,"Bottled Tornado":26,"meleeMod_LosersMang0":33,"meleeMod_AirWobbling":31},{"Ice Cream":0,"Potion Belt":3,"meleeMod_TeamBeerMang0":0,"CeramicFish":7,"SacredBark":8,"Vajra":14,"HollowMod:JonisBlessing":14,"Omamori":13,"Orichalcum":2,"Bottled Tornado":14,"meleeMod_LosersMang0":16,"meleeMod_AirWobbling":15},{"Ice Cream":0,"Potion Belt":7,"meleeMod_TeamBeerMang0":0,"CeramicFish":19,"SacredBark":24,"Vajra":44,"HollowMod:JonisBlessing":44,"Omamori":40,"Orichalcum":4,"Bottled Tornado":44,"meleeMod_LosersMang0":54,"meleeMod_AirWobbling":48}]},"card_choices":[{"not_picked":["meleeMod_Taunt","meleeMod_WallJump","meleeMod_DashDance"],"picked":"SKIP","floor":1},{"not_picked":["meleeMod_Taunt","meleeMod_WallJump","meleeMod_DashDance"],"picked":"SKIP","floor":1},{"not_picked":["meleeMod_RockCrock","meleeMod_HaxDash"],"picked":"meleeMod_Moonwalking","floor":4},{"not_picked":["meleeMod_NeutralAir","meleeMod_DownAir"],"picked":"meleeMod_SDRemix","floor":7},{"not_picked":["meleeMod_WaveLand","meleeMod_DownSmash","meleeMod_FireFlower"],"picked":"SKIP","floor":8},{"not_picked":["meleeMod_SuperMushroom","meleeMod_Moonwalking","meleeMod_FalconKick"],"picked":"SKIP","floor":11},{"not_picked":["meleeMod_Taunt","meleeMod_BMoveSpecialist","meleeMod_DownSmash"],"picked":"SKIP","floor":13},{"not_picked":["meleeMod_Pause","meleeMod_DownTilt","meleeMod_PowerShield"],"picked":"SKIP","floor":14},{"not_picked":["meleeMod_EdgeCancel","meleeMod_LoseStock"],"picked":"meleeMod_EdgeGuard","floor":16},{"not_picked":["meleeMod_DownSmash","meleeMod_Gentleman"],"picked":"meleeMod_FalconDive+1","floor":18},{"not_picked":["meleeMod_NeutralAir+1","meleeMod_Knee+1","meleeMod_HaxDash"],"picked":"SKIP","floor":20},{"not_picked":["meleeMod_MindReader","meleeMod_DownSmash"],"picked":"meleeMod_FalconKick+1","floor":21},{"not_picked":["meleeMod_CommandGrab+1","meleeMod_NoDI","meleeMod_NeutralAir"],"picked":"SKIP","floor":22},{"not_picked":["meleeMod_FalconKick","meleeMod_UpTilt","meleeMod_UpAir"],"picked":"SKIP","floor":23},{"not_picked":["meleeMod_CommandGrab","meleeMod_DashDance","meleeMod_HaxDash"],"picked":"SKIP","floor":25},{"not_picked":["meleeMod_RaptorBoost","meleeMod_UnclePunch+1","meleeMod_NeutralAir"],"picked":"SKIP","floor":31}],"player_experience":717301,"relics_obtained":[{"floor":7,"key":"Potion Belt"},{"floor":14,"key":"CeramicFish"},{"floor":23,"key":"Omamori"},{"floor":26,"key":"Bottled Tornado"},{"floor":31,"key":"meleeMod_AirWobbling"}],"event_choices":[{"damage_healed":0,"gold_gain":75,"player_choice":"Gold","damage_taken":11,"max_hp_gain":0,"max_hp_loss":0,"event_name":"betterThird:BetterGoop","floor":2,"gold_loss":0},{"damage_healed":0,"gold_gain":0,"player_choice":"Forge","damage_taken":0,"max_hp_gain":0,"max_hp_loss":0,"event_name":"Accursed Blacksmith","floor":3,"gold_loss":0,"cards_upgraded":["meleeMod_RaptorBoost"]},{"damage_healed":0,"gold_gain":0,"player_choice":"Relic ","damage_taken":7,"max_hp_gain":0,"max_hp_loss":0,"event_name":"betterThird:BetterScrap","floor":5,"gold_loss":0,"cards_obtained":["Footwork"]},{"damage_healed":0,"gold_gain":0,"cards_transformed":["meleeMod_FalconDive"],"player_choice":"Transformed","damage_taken":0,"max_hp_gain":0,"max_hp_loss":0,"event_name":"Transmorgrifier","floor":19,"gold_loss":0,"cards_obtained":["meleeMod_Pause"]},{"damage_healed":0,"gold_gain":180,"player_choice":"GOLD GOLD ","damage_taken":19,"max_hp_gain":0,"max_hp_loss":0,"event_name":"Knowing Skull","floor":28,"potions_obtained":[],"gold_loss":0,"cards_obtained":[]},{"cards_removed":["meleeMod_SDRemix"],"damage_healed":0,"gold_gain":0,"player_choice":"Take \u0026 Give","damage_taken":0,"max_hp_gain":0,"max_hp_loss":0,"event_name":"betterNote:BetterNote","floor":29,"gold_loss":0,"cards_obtained":["Runesmith:HammerThrow"]},{"damage_healed":0,"gold_gain":0,"player_choice":"Ignored","damage_taken":0,"max_hp_gain":0,"max_hp_loss":0,"event_name":"Vampires","floor":30,"gold_loss":0}],"is_beta":false,"boss_relics":[{"not_picked":["Calling Bell","Astrolabe"],"picked":"SacredBark"}],"items_purged_floors":[27,27],"is_endless":false,"potions_floor_spawned":[8,11,14,22,23,25],"killed_by":"Champ","ascension_level":0}}