{"host":"c3lc60y5x60jlt1y","time":1610385102,"event":{"mods":["AchievementEnabler","BaseMod","Bestiary","Colored Map","Minty Spire (QoL Compilation)","Quick Restart","StSLib","ojb\u0027s Info Mod"],"gold_per_floor":[112,73,84,84,159,185,185,216,216,226,237,253,253,263,263,363,363,373,298,298,130,54,85,85,85,85],"floor_reached":25,"playtime":1566,"items_purged":["Strike_B","Strike_B"],"score":321,"play_id":"57c26495-589c-4948-ab68-7ed0dff03319","local_time":"20210111191142","is_ascension_mode":true,"campfire_choices":[{"floor":7,"key":"DIG"},{"data":"Fission","floor":15,"key":"SMITH"},{"floor":24,"key":"DIG"}],"circlet_count":0,"master_deck":["Strike_B","Defend_B","Defend_B","Defend_B","Defend_B","Zap","Dualcast","Chill","Doom and Gloom","Darkness","Chaos","Fission+1","Self Repair","Creative AI","Undo","Meteor Strike","Cold Snap","Auto Shields","Static Discharge"],"relics":["Cracked Core","NeowsBlessing","Shovel","Cables","Pear","Bag of Preparation","Letter Opener","Coffee Dripper","Mummified Hand","MealTicket"],"acts_visited":["Exordium","TheCity"],"potions_floor_usage":[8,8,16,18,23,25],"damage_taken":[{"damage":0,"enemies":"Small Slimes","floor":1,"turns":1},{"damage":0,"enemies":"Cultist","floor":3,"turns":1},{"damage":0,"enemies":"Gremlin Nob","floor":6,"turns":1},{"damage":0,"enemies":"3 Sentries","floor":8,"turns":7},{"damage":0,"enemies":"2 Louse","floor":10,"turns":2},{"damage":7,"enemies":"2 Fungi Beasts","floor":11,"turns":2},{"damage":0,"enemies":"Exordium Thugs","floor":12,"turns":4},{"damage":0,"enemies":"3 Louse","floor":14,"turns":3},{"damage":25,"enemies":"Slime Boss","floor":16,"turns":8},{"damage":28,"enemies":"2 Thieves","floor":18,"turns":4},{"damage":27,"enemies":"Slavers","floor":23,"turns":5},{"damage":45,"enemies":"Gremlin Leader","floor":25,"turns":3}],"seed_played":"553941532888429463","potions_obtained":[{"floor":1,"key":"SpeedPotion"},{"floor":6,"key":"Fire Potion"},{"floor":8,"key":"EssenceOfSteel"},{"floor":12,"key":"Fire Potion"},{"floor":14,"key":"SteroidPotion"},{"floor":18,"key":"GamblersBrew"},{"floor":23,"key":"PowerPotion"}],"is_trial":false,"path_per_floor":["M","$","M","?","?","E","R","E","T","M","M","M","?","M","R","B",null,"M","$","?","$","$","E","R","E"],"character_chosen":"DEFECT","items_purchased":["Doom and Gloom","Auto Shields","LiquidMemories"],"campfire_rested":0,"item_purchase_floors":[2,21,22],"current_hp_per_floor":[75,75,75,72,65,65,75,75,75,75,68,75,75,82,82,64,85,64,64,64,64,64,44,44,0,0],"gold":85,"neow_bonus":"THREE_ENEMY_KILL","is_daily":false,"chose_seed":false,"campfire_upgraded":1,"win_rate":0.0,"timestamp":1610385102,"path_taken":["M","$","M","?","?","E","R","E","T","M","M","?","?","M","R","BOSS","M","$","?","?","$","E","R","E"],"items_purchased_type":["Card","Card","Potion"],"build_version":"2020-12-22","purchased_purges":2,"victory":false,"max_hp_per_floor":[75,75,75,75,75,75,85,85,85,85,85,85,85,85,85,85,85,85,85,85,85,85,85,85,85,85],"card_choices":[{"not_picked":["Darkness","White Noise"],"picked":"Chill","floor":1},{"not_picked":["Turbo","Blizzard"],"picked":"Darkness","floor":3},{"not_picked":["Compile Driver","Streamline"],"picked":"Chaos","floor":6},{"not_picked":["Rebound","White Noise"],"picked":"Fission","floor":8},{"not_picked":["Sweeping Beam","Gash"],"picked":"Self Repair","floor":10},{"not_picked":["Steam","Force Field"],"picked":"Creative AI","floor":11},{"not_picked":["Leap","Redo"],"picked":"Undo","floor":12},{"not_picked":["Leap","Steam","Heatsinks"],"picked":"SKIP","floor":14},{"not_picked":["All For One","Fission"],"picked":"Meteor Strike","floor":16},{"not_picked":["Gash","Undo"],"picked":"Cold Snap","floor":18},{"not_picked":["Barrage","Chill"],"picked":"Static Discharge","floor":23}],"player_experience":7869543,"relics_obtained":[{"floor":6,"key":"Cables"},{"floor":7,"key":"Pear"},{"floor":8,"key":"Bag of Preparation"},{"floor":9,"key":"Letter Opener"},{"floor":23,"key":"Mummified Hand"},{"floor":24,"key":"MealTicket"}],"event_choices":[{"damage_healed":0,"gold_gain":0,"player_choice":"Success","damage_taken":3,"relics_obtained":["Shovel"],"max_hp_gain":0,"max_hp_loss":0,"event_name":"Scrap Ooze","floor":4,"gold_loss":0},{"damage_healed":0,"gold_gain":75,"player_choice":"Touch","damage_taken":7,"max_hp_gain":0,"max_hp_loss":0,"event_name":"FaceTrader","floor":5,"gold_loss":0},{"damage_healed":0,"gold_gain":0,"player_choice":"Ignored","damage_taken":0,"max_hp_gain":0,"max_hp_loss":0,"event_name":"Liars Game","floor":13,"gold_loss":0},{"cards_removed":["Strike_B"],"damage_healed":0,"gold_gain":0,"player_choice":"Purged","damage_taken":0,"max_hp_gain":0,"max_hp_loss":0,"event_name":"Purifier","floor":20,"gold_loss":0}],"is_beta":false,"boss_relics":[{"not_picked":["SlaversCollar","Runic Dome"],"picked":"Coffee Dripper"}],"items_purged_floors":[19,21],"is_endless":false,"potions_floor_spawned":[1,6,8,12,14,18,23],"killed_by":"Gremlin Leader","ascension_level":3}}