{"host":"1z4hbl9vfqrhg136","time":1610324768,"event":{"mods":["BaseMod","Minty Spire (QoL Compilation)"],"gold_per_floor":[113,113,188,200,218,244,244,263,289,289,315,315,370,384,384,461,461,471,521,59,52,72,72,98,130,142,154,166,166],"floor_reached":28,"playtime":1802,"items_purged":["Strike_R"],"score":596,"play_id":"264e56bd-72c0-4e0f-a7db-f6adcdad5c63","local_time":"20210111002608","is_ascension_mode":true,"campfire_choices":[{"floor":7.0,"key":"REST"},{"floor":12.0,"key":"REST"},{"data":"Twin Strike","floor":15.0,"key":"SMITH"},{"data":"Immolate","floor":23.0,"key":"SMITH"},{"data":"True Grit","floor":27.0,"key":"SMITH"}],"circlet_count":0,"master_deck":["AscendersBane","Strike_R+1","Strike_R","Strike_R+1","Strike_R+1","Defend_R","Defend_R","Defend_R","Defend_R","Bash+1","Twin Strike+1","Battle Trance","Bloodletting","Iron Wave","Seeing Red","Spot Weakness","Immolate+1","True Grit+1","Ghostly Armor","Fiend Fire","Evolve","Disarm"],"relics":["Burning Blood","Potion Belt","Whetstone","Strawberry","Smiling Mask","White Beast Statue","Mark of Pain","Oddly Smooth Stone","MawBank","Meat on the Bone"],"acts_visited":["Exordium","TheCity"],"potions_floor_usage":[28,28],"damage_taken":[{"damage":7.0,"enemies":"Jaw Worm","floor":1.0,"turns":3.0},{"damage":14.0,"enemies":"Small Slimes","floor":4.0,"turns":4.0},{"damage":0.0,"enemies":"2 Louse","floor":5.0,"turns":3.0},{"damage":30.0,"enemies":"3 Sentries","floor":6.0,"turns":7.0},{"damage":12.0,"enemies":"Looter","floor":8.0,"turns":3.0},{"damage":20.0,"enemies":"Gremlin Nob","floor":11.0,"turns":4.0},{"damage":9.0,"enemies":"Lots of Slimes","floor":14.0,"turns":5.0},{"damage":3.0,"enemies":"Slime Boss","floor":16.0,"turns":5.0},{"damage":20.0,"enemies":"Shell Parasite","floor":18.0,"turns":3.0},{"damage":3.0,"enemies":"2 Thieves","floor":21.0,"turns":4.0},{"damage":10.0,"enemies":"Centurion and Healer","floor":22.0,"turns":7.0},{"damage":51.0,"enemies":"Slavers","floor":24.0,"turns":7.0},{"damage":12.0,"enemies":"Snecko","floor":25.0,"turns":7.0},{"damage":35,"enemies":"Chosen and Byrds","floor":28,"turns":5}],"seed_played":"8893468022045392454","potions_obtained":[{"floor":1.0,"key":"Strength Potion"},{"floor":5.0,"key":"Block Potion"},{"floor":8.0,"key":"EntropicBrew"},{"floor":11.0,"key":"Weak Potion"},{"floor":14.0,"key":"FearPotion"},{"floor":16.0,"key":"Explosive Potion"},{"floor":18.0,"key":"BloodPotion"},{"floor":21.0,"key":"ElixirPotion"},{"floor":22.0,"key":"AttackPotion"},{"floor":24.0,"key":"PowerPotion"},{"floor":25.0,"key":"DuplicationPotion"}],"is_trial":false,"path_per_floor":["M","?","?","M","M","E","R","M","T","?","E","R","?","M","R","B",null,"M","?","$","M","M","R","E","M","T","R","M"],"character_chosen":"IRONCLAD","items_purchased":["Ghostly Armor","Fiend Fire","Oddly Smooth Stone"],"campfire_rested":2,"item_purchase_floors":[20,20,20],"current_hp_per_floor":[67,44,33,25,31,7,29,23,30,30,16,40,40,37,37,40,72,58,50,50,53,49,49,20,14,14,14,0,0],"gold":166,"neow_bonus":"RANDOM_COMMON_RELIC","is_daily":false,"chose_seed":false,"campfire_upgraded":3,"win_rate":0.0,"timestamp":1610324768,"path_taken":["M","?","?","M","M","E","R","M","T","?","E","R","?","M","R","BOSS","M","?","$","?","?","R","E","M","T","R","M"],"items_purchased_type":["Card","Card","Relic"],"build_version":"2020-12-22","purchased_purges":1,"victory":false,"max_hp_per_floor":[75,75,75,75,75,75,75,75,82,82,82,82,82,82,82,82,82,82,82,82,82,82,82,82,82,82,82,82,82],"card_choices":[{"not_picked":["Anger","Entrench"],"picked":"Twin Strike","floor":1.0},{"not_picked":["Clash","Rupture","Infernal Blade"],"picked":"SKIP","floor":4.0},{"not_picked":["Warcry","Twin Strike"],"picked":"Battle Trance","floor":5.0},{"not_picked":["Battle Trance","Rupture"],"picked":"Bloodletting","floor":6.0},{"not_picked":["Pommel Strike","Anger"],"picked":"Iron Wave","floor":8.0},{"not_picked":["Sword Boomerang","Combust"],"picked":"Seeing Red","floor":11.0},{"not_picked":["Clothesline","Ghostly Armor"],"picked":"Spot Weakness","floor":14.0},{"not_picked":["Juggernaut","Reaper"],"picked":"Immolate","floor":16.0},{"not_picked":["Flex","Twin Strike"],"picked":"True Grit","floor":18.0},{"not_picked":["Twin Strike+1","Battle Trance","Wild Strike+1"],"picked":"SKIP","floor":21.0},{"not_picked":["Twin Strike","Sentinel+1"],"picked":"Evolve","floor":22.0},{"not_picked":["Combust","Cleave"],"picked":"Disarm","floor":24.0},{"not_picked":["Pommel Strike","Combust","Flex"],"picked":"SKIP","floor":25.0}],"player_experience":1877137,"relics_obtained":[{"floor":6.0,"key":"Whetstone"},{"floor":9.0,"key":"Strawberry"},{"floor":11.0,"key":"White Beast Statue"},{"floor":24.0,"key":"MawBank"},{"floor":26.0,"key":"Meat on the Bone"}],"event_choices":[{"damage_healed":0.0,"max_hp_gain":0.0,"max_hp_loss":0.0,"gold_gain":0.0,"event_name":"Shining Light","player_choice":"Entered Light","floor":2.0,"gold_loss":0.0,"damage_taken":23.0,"cards_upgraded":["Strike_R","Strike_R"]},{"damage_healed":0.0,"max_hp_gain":0.0,"max_hp_loss":0.0,"gold_gain":75.0,"event_name":"World of Goop","player_choice":"Gather Gold","floor":3.0,"gold_loss":0.0,"damage_taken":11.0},{"damage_healed":0.0,"max_hp_gain":0.0,"max_hp_loss":0.0,"gold_gain":0.0,"event_name":"Dead Adventurer","player_choice":"Searched \u00271\u0027 times","floor":10.0,"gold_loss":0.0,"damage_taken":0.0,"relics_obtained":["Smiling Mask"]},{"damage_healed":0.0,"max_hp_gain":0.0,"max_hp_loss":0.0,"gold_gain":55.0,"event_name":"Golden Wing","player_choice":"Gained Gold","floor":13.0,"gold_loss":0.0,"damage_taken":0.0},{"damage_healed":0.0,"max_hp_gain":0.0,"max_hp_loss":0.0,"gold_gain":50.0,"event_name":"FaceTrader","player_choice":"Touch","floor":19.0,"gold_loss":0.0,"damage_taken":8.0}],"is_beta":false,"boss_relics":[{"not_picked":["Astrolabe","Busted Crown"],"picked":"Mark of Pain"}],"items_purged_floors":[20],"is_endless":false,"potions_floor_spawned":[1,5,8,11,14,16,18,21,22,24,25],"killed_by":"Chosen and Byrds","ascension_level":20}}