{"host":"80ojs5zx0tu8i1zz","time":1610360746,"event":{"mods":["AchievementEnabler","Arknights The Spire","Aspiration","BaseMod","ChefMod","Colored Map","Colored Powertips","Hermit","Hubris","Infinite Spire","Jorbs\u0027s Wanderer Trilogy","Minty Spire (QoL Compilation)","Replay The Spire","Shop Mod","StSLib","The Dragon Tamer","The Hayseed","The Hierophant","The Marked"],"gold_per_floor":[118,128,138,313,323,352,352,367,367,367,401,416,18,18,18,123,123,138,138,158,172,2,2,2,2],"floor_reached":24,"playtime":1202,"items_purged":[],"score":258,"play_id":"38b5d362-45ad-4a44-b6e5-36e8f37f5de5","local_time":"20210111122546","is_ascension_mode":false,"campfire_choices":[{"data":"theMarked:ReduceFriction","floor":7,"key":"SMITH"},{"data":"theMarked:Generate","floor":10,"key":"SMITH"},{"floor":15,"key":"REST"},{"floor":23,"key":"REST"}],"circlet_count":0,"master_deck":["theMarked:Strike","theMarked:Strike","theMarked:Strike","theMarked:Strike","theMarked:Strike","theMarked:Defend","theMarked:Defend","theMarked:Defend","theMarked:Defend","theMarked:SoldierOfQuellstein","theMarked:Generate+1","theMarked:ReduceFriction+1","theMarked:ChainLightning","Doubt","theMarked:Aftermath","theMarked:BanishingStrike","theMarked:BanishingStrike","theMarked:Parkour+1","theMarked:RepellingDischarge","theMarked:HeightenedSenses","theMarked:ChainLightning+1","theMarked:Abjuration+1","theMarked:SelfDefenseTraining+1","theMarked:HeritageOfTheMarked","theMarked:Indomitable+1","theMarked:BanishingWave+1","Finesse"],"relics":["theMarked:ArtifactOfAir","theMarked:DemonDagger","Molten Egg 2","ReplayTheSpireMod:TigerMarble","Strange Spoon","Nunchaku","ReplayFunnel","Ring of Chaos","Replay:Blank Codex"],"acts_visited":["Exordium","TheCity"],"potions_floor_usage":[6,6,11,24],"damage_taken":[{"damage":6,"enemies":"2 Louse","floor":1,"turns":3},{"damage":4,"enemies":"Small Slimes","floor":2,"turns":3},{"damage":0,"enemies":"Jaw Worm","floor":3,"turns":3},{"damage":0,"enemies":"3 Louse","floor":5,"turns":3},{"damage":26,"enemies":"Lagavulin","floor":6,"turns":5},{"damage":9,"enemies":"Exordium Wildlife","floor":8,"turns":4},{"damage":21,"enemies":"3 Sentries","floor":11,"turns":7},{"damage":7,"enemies":"Large Slime","floor":12,"turns":3},{"damage":0,"enemies":"Slime Boss","floor":16,"turns":5},{"damage":14,"enemies":"2 Thieves","floor":18,"turns":3},{"damage":0,"enemies":"Spheric Guardian","floor":20,"turns":3},{"damage":38,"enemies":"Shelled Parasite and Fungi","floor":21,"turns":5},{"damage":33,"enemies":"Slavers","floor":24,"turns":2}],"seed_played":"-6196100018932811948","potions_obtained":[{"floor":1,"key":"FearPotion"},{"floor":5,"key":"FearPotion"},{"floor":8,"key":"Explosive Potion"},{"floor":20,"key":"Weak Potion"}],"is_trial":false,"path_per_floor":["M","M","M","?","M","E","R","M","T","R","E","M","$","?","R","B",null,"M","?","M","M","$","R","E"],"character_chosen":"THE_DEFAULT","items_purchased":["theMarked:HeightenedSenses","Strange Spoon","Nunchaku","theMarked:ChainLightning+1","theMarked:BanishingWave+1","Finesse"],"campfire_rested":2,"item_purchase_floors":[13,13,13,13,22,22],"current_hp_per_floor":[71,67,67,67,67,41,41,32,32,32,11,4,4,1,24,24,77,63,47,47,9,9,32,0,0],"gold":2,"neow_bonus":"TEN_PERCENT_HP_BONUS","is_daily":false,"chose_seed":false,"campfire_upgraded":2,"win_rate":0.0,"timestamp":1610360746,"path_taken":["M","M","M","?","M","E","R","M","T","R","E","M","$","?","R","BOSS","M","?","M","M","$","R","E"],"items_purchased_type":["Card","Relic","Relic","Card","Card","Card"],"build_version":"2020-12-22","purchased_purges":0,"victory":false,"max_hp_per_floor":[77,77,77,77,77,77,77,77,77,77,77,77,77,77,77,77,77,77,77,77,77,77,77,77,77],"card_choices":[{"not_picked":["theMarked:RepellingDischarge","theMarked:WastefulAttack"],"picked":"theMarked:Generate","floor":1},{"not_picked":["theMarked:WardOff","theMarked:BanishingStrike"],"picked":"theMarked:ReduceFriction","floor":2},{"not_picked":["theMarked:ElectricStrings","theMarked:ParalyzingBlade"],"picked":"theMarked:ChainLightning","floor":3},{"not_picked":["theMarked:Parkour","theMarked:PowerFlow"],"picked":"theMarked:Aftermath","floor":5},{"not_picked":["theMarked:DeterminationOfTheMarked","theMarked:RepellingDischarge"],"picked":"theMarked:BanishingStrike","floor":6},{"not_picked":["theMarked:WastefulAttack","theMarked:ElectricStrings"],"picked":"theMarked:BanishingStrike","floor":8},{"not_picked":["theMarked:ThrowWeapon+1","theMarked:TwofoldDefense"],"picked":"theMarked:Parkour+1","floor":11},{"not_picked":["theMarked:Frustration+1","theMarked:Parkour+1"],"picked":"theMarked:RepellingDischarge","floor":12},{"not_picked":["theMarked:MuscleMemory+1","theMarked:DispelDoubt+1"],"picked":"theMarked:Abjuration+1","floor":16},{"not_picked":["theMarked:ElectricStrings+1","theMarked:Aftermath"],"picked":"theMarked:SelfDefenseTraining+1","floor":18},{"not_picked":["theMarked:ComboAttacks","theMarked:ElectricStrings+1"],"picked":"theMarked:HeritageOfTheMarked","floor":20},{"not_picked":["theMarked:ElementalBlade+1","theMarked:EmpowerWeapon"],"picked":"theMarked:Indomitable+1","floor":21}],"player_experience":214261,"relics_obtained":[{"floor":6,"key":"theMarked:DemonDagger"},{"floor":9,"key":"Molten Egg 2"},{"floor":11,"key":"ReplayTheSpireMod:TigerMarble"},{"floor":19,"key":"Replay:Blank Codex"}],"event_choices":[{"damage_healed":0,"gold_gain":175,"player_choice":"AGREE","damage_taken":0,"max_hp_gain":0,"max_hp_loss":0,"event_name":"Liars Game","floor":4,"gold_loss":0,"cards_obtained":["Doubt"]},{"damage_healed":0,"gold_gain":0,"player_choice":"Success","damage_taken":3,"relics_obtained":["ReplayFunnel"],"max_hp_gain":0,"max_hp_loss":0,"event_name":"Scrap Ooze","floor":14,"gold_loss":0},{"damage_healed":0,"gold_gain":0,"player_choice":"Obtained Book","damage_taken":16,"max_hp_gain":0,"max_hp_loss":0,"event_name":"Cursed Tome","floor":19,"gold_loss":0}],"is_beta":false,"boss_relics":[{"not_picked":["Kintsugi","aspiration:IroncladSkillbook"],"picked":"Ring of Chaos"}],"items_purged_floors":[],"is_endless":false,"potions_floor_spawned":[1,3,5,8,20],"killed_by":"Slavers","ascension_level":0}}