{"host":"uflv0e3ja7hvnij7","time":1610366391,"event":{"mods":["BaseMod","Better Altar","Better Match","Better Note","Better Sensory Stone","Better Skull","Better Third Choice","Marisa????????","Minty Spire (QoL Compilation)","Permanent Neow","Replay The Spire","StSLib"],"gold_per_floor":[116,135,227,241,261,296,296,72,72,72,247,8,8,8,8],"floor_reached":14,"playtime":550,"items_purged":[],"score":123,"play_id":"552f0b38-2c2d-410f-a20b-12070e03e20c","local_time":"20210111065951","is_ascension_mode":true,"campfire_choices":[{"floor":7,"key":"REST"},{"data":"Eruption","floor":10,"key":"SMITH"}],"circlet_count":0,"master_deck":["Strike_P","Strike_P","Strike_P","Strike_P","Defend_P","Defend_P","Defend_P","Defend_P","Eruption+1","Vigilance","Impatience","Consecrate","Adaptation","Doubt","Injury"],"relics":["PureWater","Blood Vial","Juzu Bracelet","Pen Nib","Singing Bowl"],"acts_visited":["Exordium"],"potions_floor_usage":[6,6,14],"damage_taken":[{"damage":0,"enemies":"Cultist","floor":1,"turns":2},{"damage":0,"enemies":"Small Slimes","floor":2,"turns":2},{"damage":2,"enemies":"Jaw Worm","floor":4,"turns":3},{"damage":20,"enemies":"2 Fungi Beasts","floor":5,"turns":3},{"damage":15,"enemies":"3 Sentries","floor":6,"turns":11},{"damage":8,"enemies":"Gremlin Nob","floor":14,"turns":3}],"seed_played":"1393392932633301580","potions_obtained":[{"floor":1,"key":"Dexterity Potion"},{"floor":4,"key":"Energy Potion"},{"floor":5,"key":"Weak Potion"}],"is_trial":false,"path_per_floor":["M","M","?","M","M","E","R","$","T","R","?","$","?","E"],"character_chosen":"WATCHER","items_purchased":["Adaptation","Juzu Bracelet","Singing Bowl"],"campfire_rested":1,"item_purchase_floors":[8,8,12],"current_hp_per_floor":[65,65,65,63,43,28,49,49,49,49,49,49,49,43,43],"gold":8,"neow_bonus":"RANDOM_COLORLESS","is_daily":false,"chose_seed":false,"campfire_upgraded":1,"win_rate":0.0,"timestamp":1610366391,"path_taken":["M","M","?","M","?","E","R","?","T","R","?","$","?","E"],"items_purchased_type":["Card","Relic","Relic"],"build_version":"2020-12-22","purchased_purges":0,"victory":false,"max_hp_per_floor":[72,72,72,72,72,72,72,72,72,72,72,72,72,72,72],"card_choices":[{"not_picked":["Dramatic Entrance","Forethought"],"picked":"Impatience","floor":0},{"not_picked":["EmptyFist","BowlingBash","FlyingSleeves"],"picked":"SKIP","floor":1},{"not_picked":["Weave","Wallop"],"picked":"Consecrate","floor":2},{"not_picked":["ThirdEye","WheelKick","SashWhip"],"picked":"SKIP","floor":4},{"not_picked":["SashWhip","Pray","Replay:AllIn"],"picked":"SKIP","floor":5},{"not_picked":["Consecrate","EmptyMind","Replay:AtTheReady"],"picked":"SKIP","floor":6}],"player_experience":550435,"relics_obtained":[{"floor":6,"key":"Blood Vial"},{"floor":9,"key":"Pen Nib"}],"event_choices":[{"damage_healed":0,"gold_gain":175,"player_choice":"AGREE","damage_taken":72,"max_hp_gain":0,"max_hp_loss":0,"event_name":"betterThird:BetterSerpent","floor":11,"gold_loss":0}],"is_beta":false,"boss_relics":[],"items_purged_floors":[],"is_endless":false,"potions_floor_spawned":[1,4,5],"killed_by":"Gremlin Nob","ascension_level":8}}