{"host":"19tvufa8xx4wr4o1","time":1610409166,"event":{"mods":["AchievementEnabler","BaseMod","Better Sensory Stone","Better Third Choice","Highlight Path","Minty Spire (QoL Compilation)","Relic Stats","StSLib"],"gold_per_floor":[114,114,39,57,72,72,98,98,125,125,125,137,154,189,189,268,268,286,63,63,63,80,80,5,5,28,28,45,59,90,5,5,83,83,94,108,108,133,133,133],"floor_reached":39,"playtime":1141,"items_purged":["Strike_P"],"score":756,"play_id":"7033496a-b2fc-4cee-9434-f8ef6907cdf2","local_time":"20210111175246","is_ascension_mode":true,"campfire_choices":[{"data":"Eruption","floor":6.0,"key":"SMITH"},{"floor":10.0,"key":"REST"},{"data":"ForeignInfluence","floor":15.0,"key":"SMITH"},{"floor":23.0,"key":"REST"},{"data":"Omniscience","floor":25.0,"key":"SMITH"},{"data":"RitualDagger","floor":27.0,"key":"SMITH"},{"floor":32.0,"key":"REST"}],"circlet_count":0,"master_deck":["AscendersBane","Defend_P","Defend_P","Defend_P","Eruption+1","Vigilance+1","InnerPeace","Tantrum","ForeignInfluence+1","Consecrate","Wallop","Wish","WreathOfFlame+1","WheelKick","RitualDagger+1","Omniscience+1","MentalFortress","LessonLearned","EmptyBody+1","Indignation+1"],"relics":["PureWater","NeowsBlessing","Omamori","PreservedInsect","Oddly Smooth Stone","Sozu","Bag of Marbles","Potion Belt","Bird Faced Urn","Strawberry","VioletLotus","Du-Vu Doll"],"acts_visited":["Exordium","TheCity","TheBeyond"],"potions_floor_usage":[],"damage_taken":[{"damage":0.0,"enemies":"Small Slimes","floor":1.0,"turns":1.0},{"damage":0.0,"enemies":"Cultist","floor":4.0,"turns":1.0},{"damage":0.0,"enemies":"2 Louse","floor":5.0,"turns":1.0},{"damage":19.0,"enemies":"Lagavulin","floor":7.0,"turns":5.0},{"damage":1.0,"enemies":"Red Slaver","floor":12.0,"turns":2.0},{"damage":0.0,"enemies":"2 Fungi Beasts","floor":13.0,"turns":2.0},{"damage":10.0,"enemies":"Gremlin Nob","floor":14.0,"turns":3.0},{"damage":40.0,"enemies":"The Guardian","floor":16.0,"turns":11.0},{"damage":0.0,"enemies":"Chosen","floor":18.0,"turns":4.0},{"damage":9.0,"enemies":"Shell Parasite","floor":22.0,"turns":4.0},{"damage":0.0,"enemies":"Snecko","floor":28.0,"turns":2.0},{"damage":7.0,"enemies":"Cultist and Chosen","floor":29.0,"turns":6.0},{"damage":0.0,"enemies":"Gremlin Leader","floor":30.0,"turns":2.0},{"damage":9.0,"enemies":"Automaton","floor":33.0,"turns":5.0},{"damage":31.0,"enemies":"3 Darklings","floor":35.0,"turns":4.0},{"damage":0.0,"enemies":"Orb Walker","floor":36.0,"turns":1.0},{"damage":0.0,"enemies":"Mind Bloom Boss Battle","floor":38.0,"turns":2.0},{"damage":44,"enemies":"Writhing Mass","floor":39,"turns":3}],"seed_played":"5232022266445733576","potions_obtained":[{"floor":4.0,"key":"SkillPotion"},{"floor":12.0,"key":"AttackPotion"},{"floor":13.0,"key":"DuplicationPotion"}],"is_trial":false,"path_per_floor":["M","?","$","M","M","R","E","?","T","R","?","M","M","E","R","B",null,"M","$","?","?","M","R","?","R","T","R","M","M","E","?","R","B",null,"M","M","?","?","M"],"character_chosen":"WATCHER","items_purchased":["WheelKick","Bag of Marbles"],"campfire_rested":3,"item_purchase_floors":[19,19],"current_hp_per_floor":[61,61,61,61,61,61,42,42,42,62,62,61,61,51,51,11,54,54,54,48,48,39,59,59,59,59,59,59,52,52,59,75,66,73,44,44,44,44,0,0],"gold":133,"neow_bonus":"THREE_ENEMY_KILL","is_daily":false,"chose_seed":false,"campfire_upgraded":4,"win_rate":0.0,"timestamp":1610409166,"path_taken":["M","?","$","?","M","R","E","?","T","R","?","?","M","E","R","BOSS","M","$","?","?","M","R","?","R","T","R","M","M","E","?","R","BOSS","M","M","?","?","M"],"items_purchased_type":["Card","Relic"],"build_version":"2020-12-22","purchased_purges":1,"victory":false,"max_hp_per_floor":[68,68,68,68,68,68,68,68,68,68,68,68,68,68,68,68,68,68,68,68,68,68,68,68,68,68,68,68,68,68,75,75,75,75,75,75,75,75,75,75],"relic_stats":{"Sozu":2,"counters":[18,59],"Bird Faced Urn":[2],"PreservedInsect":70,"VioletLotus":[2],"obtain_stats":[{"Sozu":17,"Potion Belt":26,"Du-Vu Doll":38,"NeowsBlessing":0,"Bird Faced Urn":30,"Strawberry":31,"Oddly Smooth Stone":14,"PreservedInsect":9,"VioletLotus":34,"Omamori":7,"Bag of Marbles":19,"PureWater":0},{"Sozu":8,"Potion Belt":10,"Du-Vu Doll":17,"NeowsBlessing":0,"Bird Faced Urn":13,"Strawberry":13,"Oddly Smooth Stone":7,"PreservedInsect":4,"VioletLotus":14,"Omamori":4,"Bag of Marbles":9,"PureWater":0},{"Sozu":26,"Potion Belt":34,"Du-Vu Doll":56,"NeowsBlessing":0,"Bird Faced Urn":44,"Strawberry":44,"Oddly Smooth Stone":15,"PreservedInsect":8,"VioletLotus":49,"Omamori":8,"Bag of Marbles":30,"PureWater":0}]},"card_choices":[{"not_picked":["EmptyBody","Conclude"],"picked":"InnerPeace","floor":1.0},{"not_picked":["Sanctity","Protect","CrushJoints"],"picked":"SKIP","floor":4.0},{"not_picked":["Halt","EmptyBody","Weave"],"picked":"SKIP","floor":5.0},{"not_picked":["BowlingBash","ClearTheMind"],"picked":"Tantrum","floor":7.0},{"not_picked":["Pray","Evaluate"],"picked":"Consecrate","floor":12.0},{"not_picked":["ForeignInfluence","FollowUp","Consecrate"],"picked":"SKIP","floor":13.0},{"not_picked":["JustLucky","BowlingBash"],"picked":"Wallop","floor":14.0},{"not_picked":["DeusExMachina","MasterReality"],"picked":"Wish","floor":16.0},{"not_picked":["Halt","FlurryOfBlows"],"picked":"WreathOfFlame+1","floor":18.0},{"not_picked":["Prostrate","SignatureMove"],"picked":"MentalFortress","floor":22.0},{"not_picked":["ClearTheMind","Vengeance","ThirdEye"],"picked":"SKIP","floor":28.0},{"not_picked":["Consecrate+1","SashWhip","FlyingSleeves"],"picked":"SKIP","floor":29.0},{"not_picked":["ForeignInfluence","FollowUp","JustLucky"],"picked":"SKIP","floor":30.0},{"not_picked":["Omniscience","Ragnarok"],"picked":"LessonLearned","floor":33.0},{"not_picked":["SashWhip","ThirdEye+1","JustLucky+1"],"picked":"SKIP","floor":35.0},{"not_picked":["Nirvana","ThirdEye"],"picked":"EmptyBody+1","floor":36.0},{"not_picked":["EmptyFist","SashWhip"],"picked":"Indignation+1","floor":38.0}],"player_experience":572908,"relics_obtained":[{"floor":7.0,"key":"Omamori"},{"floor":9.0,"key":"PreservedInsect"},{"floor":14.0,"key":"Oddly Smooth Stone"},{"floor":26.0,"key":"Potion Belt"},{"floor":30.0,"key":"Bird Faced Urn"},{"floor":38.0,"key":"Du-Vu Doll"}],"event_choices":[{"cards_removed":["Defend_P"],"damage_healed":0.0,"max_hp_gain":0.0,"max_hp_loss":0.0,"gold_gain":0.0,"event_name":"Purifier","player_choice":"Purged","floor":2.0,"gold_loss":0.0,"damage_taken":0.0},{"damage_healed":0.0,"max_hp_gain":0.0,"max_hp_loss":0.0,"gold_gain":1.0,"event_name":"betterStone:BetterStone","player_choice":"1","floor":8.0,"gold_loss":0.0,"damage_taken":0.0},{"damage_healed":0.0,"max_hp_gain":0.0,"max_hp_loss":0.0,"gold_gain":0.0,"cards_transformed":["Strike_P"],"event_name":"Transmorgrifier","player_choice":"Transformed","floor":11.0,"gold_loss":0.0,"damage_taken":0.0,"cards_obtained":["ForeignInfluence"]},{"damage_healed":0.0,"max_hp_gain":0.0,"max_hp_loss":0.0,"gold_gain":0.0,"event_name":"betterThird:BetterNest","player_choice":"Dagger","floor":20.0,"gold_loss":0.0,"damage_taken":6.0,"cards_obtained":["RitualDagger"]},{"damage_healed":0.0,"max_hp_gain":0.0,"max_hp_loss":0.0,"gold_gain":0.0,"cards_transformed":["Strike_P","Strike_P"],"event_name":"Drug Dealer","player_choice":"Became Test Subject","floor":21.0,"gold_loss":0.0,"damage_taken":0.0,"cards_obtained":["Omniscience","Alpha"]},{"cards_removed":["Alpha"],"damage_healed":0.0,"max_hp_gain":0.0,"max_hp_loss":0.0,"gold_gain":0.0,"event_name":"Beggar","player_choice":"Gave Gold","floor":24.0,"gold_loss":75.0,"damage_taken":0.0},{"damage_healed":0.0,"max_hp_gain":0.0,"max_hp_loss":0.0,"gold_gain":0.0,"event_name":"Addict","player_choice":"Obtained Relic","floor":31.0,"gold_loss":85.0,"damage_taken":0.0,"relics_obtained":["Strawberry"]},{"damage_healed":0.0,"max_hp_gain":0.0,"max_hp_loss":0.0,"gold_gain":0.0,"event_name":"Mysterious Sphere","player_choice":"Ignored","floor":37.0,"gold_loss":0.0,"damage_taken":0.0},{"damage_healed":0.0,"max_hp_gain":0.0,"max_hp_loss":0.0,"gold_gain":0.0,"event_name":"MindBloom","player_choice":"Fight","floor":38.0,"gold_loss":0.0,"damage_taken":0.0}],"is_beta":false,"boss_relics":[{"not_picked":["SacredBark","Pandora\u0027s Box"],"picked":"Sozu"},{"not_picked":["Coffee Dripper","HolyWater"],"picked":"VioletLotus"}],"items_purged_floors":[3],"is_endless":false,"potions_floor_spawned":[4,12,13,14,28,33],"killed_by":"Writhing Mass","ascension_level":15}}