{"host":"p9t7qd83igtcp2bh","time":1610398221,"event":{"mods":["2.2 Compatiblity","AchievementEnabler","BaseMod","Colored Map","Colored Powertips","Custom Start","DeckTracker","Keyboard Shortcuts","Minty Spire (QoL Compilation)","Permanent Neow","StSLib","SuperFastMode","everything is the same but u backflip on backflip"],"gold_per_floor":[109,123,138,30,41,41,51,51,51,51,81,81,96,115,115,191,191,201,101,117,127,145,145,158,158,206,206,156,156,184,202,202,279,279,292,292,308,356,356,386,85,113,113,131,150,100,0,25,25,25],"floor_reached":51,"playtime":2321,"items_purged":["Strike_G","Strike_G","Regret","Strike_G","Strike_G"],"score":1377,"play_id":"309700b6-d59b-4b47-a836-cc04c59a8403","local_time":"20210112055021","is_ascension_mode":true,"campfire_choices":[{"data":"A Thousand Cuts","floor":6.0,"key":"SMITH"},{"data":"Reflex","floor":10.0,"key":"SMITH"},{"floor":12.0,"key":"REST"},{"data":"Prepared","floor":15.0,"key":"SMITH"},{"floor":23.0,"key":"REST"},{"data":"Tactician","floor":29.0,"key":"SMITH"},{"floor":32.0,"key":"REST"},{"data":"Well Laid Plans","floor":49,"key":"SMITH"}],"circlet_count":0,"master_deck":["AscendersBane","Strike_G","Defend_G","Defend_G","Defend_G","Defend_G","Survivor","Neutralize","A Thousand Cuts+1","Backstab","Reflex+1","Prepared+1","Noxious Fumes","Quick Slash","Acrobatics","Grand Finale","PiercingWail","Tactician+1","Acrobatics","Well Laid Plans+1","After Image"],"relics":["Ring of the Snake","White Beast Statue","Cursed Key","Smiling Mask","FossilizedHelix","Busted Crown","Shovel","Question Card","Sundial","Red Mask","Unceasing Top"],"acts_visited":["Exordium","TheCity","TheBeyond"],"potions_floor_usage":[50,50],"damage_taken":[{"damage":6.0,"enemies":"Cultist","floor":1.0,"turns":4.0},{"damage":0.0,"enemies":"Jaw Worm","floor":2.0,"turns":4.0},{"damage":4.0,"enemies":"2 Louse","floor":3.0,"turns":2.0},{"damage":8.0,"enemies":"Blue Slaver","floor":5.0,"turns":4.0},{"damage":2.0,"enemies":"Exordium Wildlife","floor":7.0,"turns":5.0},{"damage":0.0,"enemies":"Red Slaver","floor":13.0,"turns":5.0},{"damage":3.0,"enemies":"Blue Slaver","floor":14.0,"turns":6.0},{"damage":33.0,"enemies":"Slime Boss","floor":16.0,"turns":9.0},{"damage":15.0,"enemies":"Spheric Guardian","floor":18.0,"turns":5.0},{"damage":0.0,"enemies":"3 Byrds","floor":20.0,"turns":4.0},{"damage":18.0,"enemies":"Sentry and Sphere","floor":21.0,"turns":5.0},{"damage":0.0,"enemies":"Cultist and Chosen","floor":22.0,"turns":4.0},{"damage":10.0,"enemies":"Snake Plant","floor":24.0,"turns":5.0},{"damage":1.0,"enemies":"Slavers","floor":30.0,"turns":4.0},{"damage":0.0,"enemies":"3 Cultists","floor":31.0,"turns":3.0},{"damage":15.0,"enemies":"Champ","floor":33.0,"turns":9.0},{"damage":0.0,"enemies":"3 Shapes","floor":35.0,"turns":3.0},{"damage":0.0,"enemies":"3 Darklings","floor":37.0,"turns":3.0},{"damage":10.0,"enemies":"2 Orb Walkers","floor":38.0,"turns":3.0},{"damage":1.0,"enemies":"Nemesis","floor":40.0,"turns":7.0},{"damage":0.0,"enemies":"Giant Head","floor":42.0,"turns":3.0},{"damage":0,"enemies":"Jaw Worm Horde","floor":44,"turns":2},{"damage":0,"enemies":"Maw","floor":45,"turns":5},{"damage":0,"enemies":"Mind Bloom Boss Battle","floor":48,"turns":5},{"damage":6,"enemies":"Donu and Deca","floor":50,"turns":2}],"seed_played":"-5107376801546557747","potions_obtained":[{"floor":2.0,"key":"ColorlessPotion"},{"floor":5.0,"key":"Explosive Potion"},{"floor":13.0,"key":"LiquidMemories"},{"floor":16.0,"key":"AttackPotion"},{"floor":18.0,"key":"SpeedPotion"},{"floor":20.0,"key":"GamblersBrew"},{"floor":21.0,"key":"SpeedPotion"},{"floor":22.0,"key":"EntropicBrew"},{"floor":24.0,"key":"AttackPotion"},{"floor":30.0,"key":"ColorlessPotion"},{"floor":31.0,"key":"BlessingOfTheForge"},{"floor":33.0,"key":"Ancient Potion"},{"floor":37.0,"key":"BlessingOfTheForge"},{"floor":38.0,"key":"Block Potion"},{"floor":40.0,"key":"Swift Potion"},{"floor":42.0,"key":"GamblersBrew"}],"is_trial":false,"path_per_floor":["M","M","M","$","M","R","M","?","T","R","?","R","M","M","R","B",null,"M","$","M","M","M","R","M","?","T","?","$","R","E","M","R","B",null,"M","?","M","?","?","E","$","E","T","M","M","$","?","?","R","B",null],"character_chosen":"THE_SILENT","items_purchased":["Noxious Fumes","Sundial"],"campfire_rested":3,"item_purchase_floors":[4,41],"current_hp_per_floor":[38,38,34,34,26,26,24,24,24,24,24,43,43,40,40,7,51,36,36,36,18,18,37,27,27,27,9,9,9,8,8,29,14,57,57,57,57,47,47,46,46,46,46,46,46,46,46,46,46,40],"gold":25,"neow_bonus":"THREE_RARE_CARDS","is_daily":false,"chose_seed":false,"campfire_upgraded":5,"win_rate":0.0,"timestamp":1610398221,"path_taken":["M","M","M","?","M","R","M","?","T","R","?","R","?","?","R","BOSS","M","$","?","M","?","R","M","?","T","?","?","R","E","?","R","BOSS","M","?","M","?","?","E","$","E","T","M","M","$","?","?","R","BOSS"],"items_purchased_type":["Card","Relic"],"build_version":"2020-12-22","purchased_purges":5,"victory":true,"max_hp_per_floor":[66,66,66,66,66,66,66,66,66,66,66,66,66,66,66,66,66,66,66,66,66,66,66,66,66,66,71,71,71,71,71,71,71,71,71,71,71,71,67,67,67,67,67,67,67,67,67,67,67,67],"card_choices":[{"not_picked":["Unload","After Image"],"picked":"A Thousand Cuts","floor":0.0},{"not_picked":["Cloak And Dagger","Eviscerate"],"picked":"Backstab","floor":1.0},{"not_picked":["Caltrops","Prepared"],"picked":"Reflex","floor":2.0},{"not_picked":["Sucker Punch","Flechettes"],"picked":"Prepared","floor":3.0},{"not_picked":["Heel Hook","Outmaneuver","Sucker Punch"],"picked":"SKIP","floor":5.0},{"not_picked":["Flying Knee","Footwork"],"picked":"Quick Slash","floor":7.0},{"not_picked":["Blade Dance","Flechettes"],"picked":"Acrobatics","floor":13.0},{"not_picked":["Expertise","Dagger Spray","Endless Agony"],"picked":"SKIP","floor":14.0},{"not_picked":["Die Die Die","Malaise"],"picked":"Grand Finale","floor":16.0},{"not_picked":["Deflect","Poisoned Stab"],"picked":"PiercingWail","floor":18.0},{"not_picked":["Underhanded Strike","Expertise+1"],"picked":"Tactician","floor":20.0},{"not_picked":["Poisoned Stab","Dagger Spray","Leg Sweep"],"picked":"SKIP","floor":21.0},{"not_picked":["Flying Knee","Sucker Punch","Quick Slash"],"picked":"SKIP","floor":22.0},{"not_picked":["Bullet Time","Accuracy"],"picked":"Acrobatics","floor":24.0},{"not_picked":["Dagger Spray","Outmaneuver+1","PiercingWail"],"picked":"SKIP","floor":30.0},{"not_picked":["Noxious Fumes","Deflect","Expertise"],"picked":"SKIP","floor":31.0},{"not_picked":["Night Terror","Die Die Die"],"picked":"After Image","floor":33.0},{"not_picked":["Sucker Punch"],"picked":"SKIP","floor":35.0},{"not_picked":["Slice"],"picked":"SKIP","floor":37.0},{"not_picked":["Footwork"],"picked":"SKIP","floor":40.0},{"not_picked":["Outmaneuver+1","Quick Slash+1"],"picked":"SKIP","floor":42.0},{"not_picked":["Distraction","Riddle With Holes"],"picked":"SKIP","floor":44},{"not_picked":["Dagger Throw+1","Slice"],"picked":"SKIP","floor":45}],"player_experience":610018,"relics_obtained":[{"floor":9.0,"key":"White Beast Statue"},{"floor":26.0,"key":"Smiling Mask"},{"floor":30.0,"key":"FossilizedHelix"},{"floor":38.0,"key":"Shovel"},{"floor":40.0,"key":"Question Card"},{"floor":48,"key":"Unceasing Top"}],"event_choices":[{"damage_healed":0.0,"max_hp_gain":0.0,"max_hp_loss":0.0,"gold_gain":0.0,"event_name":"The Cleric","player_choice":"Leave","floor":8.0,"gold_loss":0.0,"damage_taken":0.0},{"damage_healed":0.0,"max_hp_gain":0.0,"max_hp_loss":0.0,"gold_gain":30.0,"event_name":"Dead Adventurer","player_choice":"Searched \u00271\u0027 times","floor":11.0,"gold_loss":0.0,"damage_taken":0.0},{"damage_healed":0.0,"max_hp_gain":0.0,"max_hp_loss":0.0,"gold_gain":0.0,"event_name":"The Library","player_choice":"Read","floor":25.0,"gold_loss":0.0,"damage_taken":0.0,"cards_obtained":["Well Laid Plans"]},{"damage_healed":0.0,"max_hp_gain":5.0,"max_hp_loss":0.0,"gold_gain":0.0,"event_name":"Forgotten Altar","player_choice":"Shed Blood","floor":27.0,"gold_loss":0.0,"damage_taken":23.0},{"cards_removed":["Defend_G"],"damage_healed":0.0,"max_hp_gain":0.0,"max_hp_loss":0.0,"gold_gain":0.0,"event_name":"Falling","player_choice":"Removed Skill","floor":36.0,"gold_loss":0.0,"damage_taken":0.0},{"damage_healed":0.0,"max_hp_gain":0.0,"max_hp_loss":0.0,"gold_gain":0.0,"event_name":"Mysterious Sphere","player_choice":"Fight","floor":38.0,"gold_loss":0.0,"damage_taken":0.0},{"damage_healed":0.0,"max_hp_gain":0.0,"max_hp_loss":4.0,"gold_gain":0.0,"event_name":"Winding Halls","player_choice":"Max HP","floor":39.0,"gold_loss":0.0,"damage_taken":0.0},{"damage_healed":0,"gold_gain":0,"player_choice":"Paid","damage_taken":0,"relics_obtained":["Red Mask"],"max_hp_gain":0,"max_hp_loss":0,"event_name":"Tomb of Lord Red Mask","floor":47,"gold_loss":100},{"damage_healed":0,"gold_gain":0,"player_choice":"Fight","damage_taken":0,"max_hp_gain":0,"max_hp_loss":0,"event_name":"MindBloom","floor":48,"gold_loss":0}],"is_beta":false,"boss_relics":[{"not_picked":["Tiny House","Ring of the Serpent"],"picked":"Cursed Key"},{"not_picked":["Astrolabe","Fusion Hammer"],"picked":"Busted Crown"}],"items_purged_floors":[4,19,28,41,46],"is_endless":false,"potions_floor_spawned":[2,5,13,14,16,18,20,21,22,24,30,31,33,35,37,38,40,42,44,45,48],"ascension_level":15}}