{"host":"tlqi7e8l7c1qc0dn","time":1610390363,"event":{"mods":["Aspiration","BaseMod","Colored Map","Colored Powertips","Conspire","Curses Come First","Dark Map","Displayed Cursed Tome","Fox Events","Halation","Infinite Spire","Minty Spire (QoL Compilation)","Relic Sorter","Replay The Spire","Shop Mod","StSLib","Trackpad","??????REMEMod"],"gold_per_floor":[119,137,137,23,23,54,73,105,105,134,134,309,309,386,386,396,396],"floor_reached":16,"playtime":487,"items_purged":["Strike_R"],"score":122,"play_id":"72ba0754-af0e-4d4a-a4bf-7efbefd1c2e8","local_time":"20210111133923","is_ascension_mode":true,"campfire_choices":[{"data":"Whirlwind","floor":13.0,"key":"SMITH"},{"data":"Doubt","floor":15.0,"key":"PURGE"}],"circlet_count":0,"master_deck":["Strike_R","Strike_R","Strike_R","Strike_R","Defend_R","Defend_R","Defend_R","Defend_R","Bash","Disarm","Berserk","Intimidate","Whirlwind+1","Twin Strike+1","Twin Strike","infinitespire:TheBestDefense","Ghostly Armor","Thunderclap"],"relics":["Burning Blood","REME_ComplimentaryCards","Happy Flower","Shovel","FossilizedHelix","infinitespire:Midas Blood"],"acts_visited":["Exordium"],"potions_floor_usage":[],"damage_taken":[{"damage":3.0,"enemies":"Small Slimes","floor":1.0,"turns":4.0},{"damage":0.0,"enemies":"2 Louse","floor":2.0,"turns":3.0},{"damage":13.0,"enemies":"Gremlin Nob","floor":6.0,"turns":4.0},{"damage":3.0,"enemies":"Jaw Worm","floor":7.0,"turns":3.0},{"damage":24.0,"enemies":"3 Sentries","floor":8.0,"turns":7.0},{"damage":24.0,"enemies":"Gremlin Nob","floor":10.0,"turns":5.0},{"damage":10,"enemies":"Hexaghost","floor":16,"turns":9}],"seed_played":"-2102228846266629249","potions_obtained":[{"floor":1.0,"key":"Energy Potion"},{"floor":8.0,"key":"Milkshake"}],"is_trial":false,"path_per_floor":["M","M","?","$","?","E","M","E","T","E","?","?","R","?","R_BF","B"],"character_chosen":"IRONCLAD","items_purchased":["Twin Strike"],"campfire_rested":0,"item_purchase_floors":[4],"current_hp_per_floor":[80,80,80,80,60,53,56,38,38,20,20,20,20,9,9,0,0],"gold":396,"neow_bonus":"ONE_RANDOM_RARE_CARD","is_daily":false,"chose_seed":false,"campfire_upgraded":1,"win_rate":0.0,"timestamp":1610390363,"path_taken":["M","M","?","$","?","E","M","E","T","E","?","?","R","?","R_BF","BOSS"],"items_purchased_type":["Card"],"build_version":"2020-12-22","purchased_purges":1,"victory":false,"max_hp_per_floor":[80,80,80,80,80,80,80,80,80,80,80,80,80,80,80,80,80],"card_choices":[{"not_picked":["Pommel Strike","Rupture"],"picked":"Intimidate","floor":1.0},{"not_picked":["Warcry","conspire:Charge"],"picked":"Whirlwind","floor":2.0},{"not_picked":["ReplayTheSpireMod:Black Plague","infinitespire:NeuralNetwork"],"picked":"infinitespire:TheBestDefense","floor":5.0},{"not_picked":["Clash","Pommel Strike"],"picked":"Ghostly Armor","floor":6.0},{"not_picked":["REME_SingleHolding","Burning Pact","Intimidate"],"picked":"SKIP","floor":7.0},{"not_picked":["Burning Pact","Intimidate"],"picked":"Thunderclap","floor":8.0},{"not_picked":["Replay:Undeath\u0027s Touch","Life Link","Cleave"],"picked":"SKIP","floor":10.0}],"player_experience":847838,"relics_obtained":[{"floor":6.0,"key":"Happy Flower"},{"floor":8.0,"key":"Shovel"},{"floor":9.0,"key":"FossilizedHelix"},{"floor":10.0,"key":"infinitespire:Midas Blood"}],"event_choices":[{"damage_healed":0.0,"max_hp_gain":0.0,"max_hp_loss":0.0,"gold_gain":175.0,"event_name":"Liars Game","player_choice":"AGREE","floor":12.0,"gold_loss":0.0,"damage_taken":0.0,"cards_obtained":["Doubt"]},{"damage_healed":0.0,"max_hp_gain":0.0,"max_hp_loss":0.0,"gold_gain":75.0,"event_name":"World of Goop","player_choice":"Gather Gold","floor":14.0,"gold_loss":0.0,"damage_taken":11.0}],"is_beta":false,"boss_relics":[],"items_purged_floors":[4],"is_endless":false,"potions_floor_spawned":[1,8],"killed_by":"Hexaghost","ascension_level":1}}