{"host":"1a3cjta80tad0aqj","time":1610332230,"event":{"mods":["2.2 Compatiblity","AchievementEnabler","BaseMod","Colored Map","DeckTracker","KOR Keyword Fix","Keyboard Shortcuts","Minty Spire (QoL Compilation)","Permanent Neow","Quick Restart","Random Character Button","StSLib","SuperFastMode","everything is the same but u backflip on backflip"],"gold_per_floor":[114,129,204,219,18,18,48,48,98,128,143,173,173,123,123,223,223,238,253,253,268,43,43,58,58,108,108,123,153,153,168,168,268,268,283,298,313,328,343,343,358,358,358,358,161,161,161,176,176,176],"floor_reached":51,"playtime":2617,"items_purged":["Strike_R","Strike_R"],"score":714,"play_id":"f6426f53-cbd7-443d-933b-5dbbde3e9484","local_time":"20210111113030","daily_mods":["Allstar","ControlledChaos","Lethality"],"is_ascension_mode":false,"campfire_choices":[{"data":"Mayhem","floor":6.0,"key":"SMITH"},{"data":"Twin Strike","floor":13.0,"key":"SMITH"},{"data":"Apotheosis","floor":15.0,"key":"SMITH"},{"data":"Offering","floor":23.0,"key":"SMITH"},{"data":"Body Slam","floor":25.0,"key":"SMITH"},{"data":"Bash","floor":27.0,"key":"SMITH"},{"floor":30.0,"key":"REST"},{"floor":32.0,"key":"REST"},{"data":"Infernal Blade","floor":40.0,"key":"SMITH"},{"data":"Bludgeon","floor":42.0,"key":"SMITH"},{"floor":49.0,"key":"REST"}],"circlet_count":0,"master_deck":["Strike_R+1","Strike_R+1","Strike_R+1","Defend_R+1","Defend_R+1","Defend_R+1","Bash+1","Mayhem+1","Panacea+1","Apotheosis+1","Good Instincts+1","Metamorphosis+1","Anger+1","Metallicize+1","Intimidate+1","Shrug It Off+1","Twin Strike+1","Power Through+1","Warcry+1","Offering+1","CurseOfTheBell","Body Slam+1","Headbutt+1","Immolate+1","Havoc+1","Bludgeon+1","Carnage+1","Infernal Blade+1","Entrench+1","Sword Boomerang+1","Ghostly Armor+1","Good Instincts+1","Trip+1"],"relics":["Burning Blood","Frozen Eye","Lantern","Magic Flower","Potion Belt","Sundial","Frozen Egg 2","Calling Bell","Akabeko","StrikeDummy","Unceasing Top","Lee\u0027s Waffle","Pen Nib","Juzu Bracelet","Sozu","Pear","Mark of the Bloom"],"acts_visited":["Exordium","TheCity","TheBeyond"],"potions_floor_usage":[50,50],"damage_taken":[{"damage":3.0,"enemies":"Jaw Worm","floor":1.0,"turns":3.0},{"damage":6.0,"enemies":"2 Louse","floor":2.0,"turns":2.0},{"damage":0.0,"enemies":"Small Slimes","floor":4.0,"turns":3.0},{"damage":38.0,"enemies":"Gremlin Nob","floor":7.0,"turns":5.0},{"damage":28.0,"enemies":"Lagavulin","floor":10.0,"turns":7.0},{"damage":0.0,"enemies":"Red Slaver","floor":11.0,"turns":4.0},{"damage":17.0,"enemies":"Gremlin Nob","floor":12.0,"turns":3.0},{"damage":20.0,"enemies":"Hexaghost","floor":16.0,"turns":7.0},{"damage":13.0,"enemies":"Chosen","floor":18.0,"turns":3.0},{"damage":55.0,"enemies":"3 Byrds","floor":19.0,"turns":5.0},{"damage":6.0,"enemies":"Snake Plant","floor":21.0,"turns":2.0},{"damage":12.0,"enemies":"Chosen and Byrds","floor":24.0,"turns":4.0},{"damage":27.0,"enemies":"Shelled Parasite and Fungi","floor":28.0,"turns":4.0},{"damage":35.0,"enemies":"Book of Stabbing","floor":29.0,"turns":3.0},{"damage":9.0,"enemies":"Sentry and Sphere","floor":31.0,"turns":3.0},{"damage":59.0,"enemies":"Automaton","floor":33.0,"turns":6.0},{"damage":6.0,"enemies":"3 Shapes","floor":35.0,"turns":1.0},{"damage":0.0,"enemies":"3 Darklings","floor":36.0,"turns":1.0},{"damage":5.0,"enemies":"Jaw Worm Horde","floor":37.0,"turns":4.0},{"damage":8.0,"enemies":"Sphere and 2 Shapes","floor":38.0,"turns":3.0},{"damage":6.0,"enemies":"4 Shapes","floor":39.0,"turns":3.0},{"damage":6.0,"enemies":"3 Darklings","floor":41.0,"turns":2.0},{"damage":0.0,"enemies":"Spire Growth","floor":48.0,"turns":2.0},{"damage":87,"enemies":"Time Eater","floor":50,"turns":9}],"seed_played":"2608465768335268498","potions_obtained":[{"floor":2.0,"key":"GamblersBrew"},{"floor":4.0,"key":"DuplicationPotion"},{"floor":7.0,"key":"Regen Potion"},{"floor":12.0,"key":"SteroidPotion"},{"floor":21.0,"key":"Weak Potion"},{"floor":31.0,"key":"SkillPotion"},{"floor":33.0,"key":"DistilledChaos"}],"is_trial":false,"path_per_floor":["M","M","?","M","$","R","E","?","T","E","M","E","R","?","R","B",null,"M","M","?","M","$","R","M","R","T","R","M","E","R","M","R","B",null,"M","M","M","M","M","R","M","R","T","?","$","?","?","M","R","B",null],"character_chosen":"IRONCLAD","items_purchased":["Lantern","Shrug It Off","Lee\u0027s Waffle","Trip"],"campfire_rested":3,"item_purchase_floors":[5,5,22,45],"current_hp_per_floor":[80,80,69,75,75,75,43,69,69,50,59,51,51,51,51,40,80,76,30,22,33,87,87,84,84,84,84,66,40,66,66,87,37,87,87,87,87,87,87,87,87,87,97,97,97,97,97,97,97,10],"gold":176,"neow_bonus":"","is_daily":true,"chose_seed":false,"campfire_upgraded":8,"win_rate":0.0,"timestamp":1610332230,"path_taken":["M","M","?","M","$","R","E","?","T","E","M","E","R","?","R","BOSS","M","M","?","M","$","R","M","R","T","R","?","E","R","M","R","BOSS","M","M","M","M","M","R","M","R","T","?","$","?","?","M","R","BOSS"],"items_purchased_type":["Relic","Card","Relic","Card"],"build_version":"2020-12-22","purchased_purges":2,"victory":true,"max_hp_per_floor":[80,80,80,80,80,80,80,80,80,80,80,80,80,80,80,80,80,80,80,80,80,87,87,87,87,87,87,87,87,87,87,87,87,87,87,87,87,87,87,87,87,87,97,97,97,97,97,97,97,97],"card_choices":[{"not_picked":["Warcry","Sword Boomerang"],"picked":"Anger","floor":1.0},{"not_picked":["Warcry","Headbutt"],"picked":"Metallicize","floor":2.0},{"not_picked":["Cleave","Flex"],"picked":"Intimidate","floor":4.0},{"not_picked":["Evolve","Metallicize"],"picked":"Twin Strike","floor":7.0},{"not_picked":["Body Slam","Iron Wave"],"picked":"Power Through","floor":10.0},{"not_picked":["True Grit","Shrug It Off"],"picked":"Warcry","floor":11.0},{"not_picked":["Clash","Blood for Blood","Feel No Pain+1"],"picked":"SKIP","floor":12.0},{"not_picked":["Feed","Barricade+1"],"picked":"Offering","floor":16.0},{"not_picked":["Intimidate+1","Thunderclap","Clash"],"picked":"SKIP","floor":18.0},{"not_picked":["Flex","Twin Strike"],"picked":"Body Slam","floor":19.0},{"not_picked":["Body Slam","Twin Strike"],"picked":"Headbutt","floor":21.0},{"not_picked":["Headbutt+1","Heavy Blade","Dark Embrace+1"],"picked":"SKIP","floor":24.0},{"not_picked":["Pommel Strike","Body Slam"],"picked":"Immolate","floor":28.0},{"not_picked":["Armaments","Power Through"],"picked":"Havoc","floor":29.0},{"not_picked":["Uppercut","Power Through","Cleave"],"picked":"SKIP","floor":31.0},{"not_picked":["Reaper","Juggernaut+1"],"picked":"Bludgeon","floor":33.0},{"not_picked":["Twin Strike+1","Evolve+1"],"picked":"Carnage+1","floor":35.0},{"not_picked":["Feel No Pain+1","Thunderclap+1"],"picked":"Infernal Blade","floor":36.0},{"not_picked":["Pommel Strike","Headbutt"],"picked":"Entrench+1","floor":37.0},{"not_picked":["Combust+1","Warcry+1","Anger"],"picked":"SKIP","floor":38.0},{"not_picked":["Armaments","Clothesline"],"picked":"Sword Boomerang+1","floor":39.0},{"not_picked":["Clash+1","Armaments"],"picked":"Ghostly Armor+1","floor":41.0},{"not_picked":["Swift Strike","Jack Of All Trades"],"picked":"Good Instincts","floor":44.0},{"not_picked":["Cleave","Havoc+1","Inflame+1"],"picked":"SKIP","floor":48.0}],"player_experience":283153,"relics_obtained":[{"floor":7.0,"key":"Magic Flower"},{"floor":9.0,"key":"Potion Belt"},{"floor":10.0,"key":"Sundial"},{"floor":12.0,"key":"Frozen Egg 2"},{"floor":17.0,"key":"Akabeko"},{"floor":17.0,"key":"StrikeDummy"},{"floor":17.0,"key":"Unceasing Top"},{"floor":26.0,"key":"Pen Nib"},{"floor":29.0,"key":"Juzu Bracelet"},{"floor":43.0,"key":"Pear"}],"event_choices":[{"damage_healed":0.0,"max_hp_gain":0.0,"max_hp_loss":0.0,"gold_gain":75.0,"event_name":"World of Goop","player_choice":"Gather Gold","floor":3.0,"gold_loss":0.0,"damage_taken":11.0},{"damage_healed":26.0,"max_hp_gain":0.0,"max_hp_loss":0.0,"gold_gain":0.0,"event_name":"Big Fish","player_choice":"Banana","floor":8.0,"gold_loss":0.0,"damage_taken":0.0},{"cards_removed":["Defend_R"],"damage_healed":0.0,"max_hp_gain":0.0,"max_hp_loss":0.0,"gold_gain":0.0,"event_name":"The Cleric","player_choice":"Card Removal","floor":14.0,"gold_loss":50.0,"damage_taken":0.0},{"damage_healed":0.0,"max_hp_gain":0.0,"max_hp_loss":0.0,"gold_gain":0.0,"event_name":"Wheel of Change","player_choice":"Damaged","floor":20.0,"gold_loss":0.0,"damage_taken":8.0},{"damage_healed":0.0,"max_hp_gain":0.0,"max_hp_loss":0.0,"gold_gain":0.0,"event_name":"SensoryStone","player_choice":"Memory 1","floor":44.0,"gold_loss":0.0,"damage_taken":0.0},{"damage_healed":0.0,"max_hp_gain":0.0,"max_hp_loss":0.0,"gold_gain":0.0,"event_name":"MindBloom","player_choice":"Upgrade","floor":46.0,"gold_loss":0.0,"damage_taken":0.0,"cards_upgraded":["Strike_R","Strike_R","Strike_R","Defend_R","Defend_R","Defend_R","Panacea","Good Instincts","Metamorphosis","Anger","Metallicize","Intimidate","Shrug It Off","Power Through","Warcry","Headbutt","Immolate","Havoc","Good Instincts","Trip"],"relics_obtained":["Mark of the Bloom"]},{"damage_healed":0.0,"max_hp_gain":0.0,"max_hp_loss":0.0,"gold_gain":0.0,"event_name":"Mysterious Sphere","player_choice":"Ignored","floor":47.0,"gold_loss":0.0,"damage_taken":0.0}],"is_beta":false,"boss_relics":[{"not_picked":["Runic Dome","Fusion Hammer"],"picked":"Calling Bell"},{"not_picked":["Black Blood","Velvet Choker"],"picked":"Sozu"}],"items_purged_floors":[22,45],"is_endless":false,"potions_floor_spawned":[2,4,7,12,21,31,33,36,38,48],"ascension_level":0}}