{"host":"5apxsqgkueisybsc","time":1610350272,"event":{"mods":["A Magickal Journey","BaseMod","Better Third Choice","DeckTracker","GungeonMod","Hermit","Hero for Fun","Hubris","Hunter ??","Kratos Character Expansion","Mimic Mod","Minty Spire (QoL Compilation)","Random Character Button","Rare Cards Sparkle","Replay The Spire","Robot Space Explorer","SOS???????","Shade Mod","StSLib","The Blackbeard","The Bladedancer","The Bug Knight","The Clintock","The Cursed","The Disciple","The Dragon Tamer","The Druid","The Exalted","The Forsaken","The Kombatant","The Servant 0.9.4","The Valiant","The Witch","[IsaacMod]????"],"gold_per_floor":[118,136,175,32,32,32,63,83,114,114,114,148,148,187,239,364,364,384,384,384,384,402,402,425,176,176,31,31,31,31,62,62,201,201,227,227,252,341,86,86,105,105,170,206,224,224,250,26,26,66],"floor_reached":51,"playtime":3828,"items_purged":["DemoMod:Strike_Huntress","DemoMod:RustySidearm"],"score":1024,"play_id":"82d3244b-ab6d-4b2d-a482-578134a7aa9c","local_time":"20210111023112","is_ascension_mode":false,"campfire_choices":[{"data":"DemoMod:ManualReload","floor":6,"key":"SMITH"},{"data":"DemoMod:PotionOfGunFriendShip","floor":10,"key":"SMITH"},{"data":"DemoMod:GunShield","floor":13,"key":"SMITH"},{"floor":15,"key":"REST"},{"data":"DemoMod:GunslingerForm","floor":23,"key":"SMITH"},{"floor":28,"key":"REST"},{"data":"DemoMod:TableSutra","floor":30,"key":"SMITH"},{"floor":32,"key":"REST"},{"floor":40,"key":"REST"},{"floor":42,"key":"REST"},{"data":"DemoMod:Desperate","floor":46,"key":"SMITH"},{"floor":49,"key":"REST"}],"circlet_count":0,"master_deck":["DemoMod:Defend_Huntress","DemoMod:Defend_Huntress","DemoMod:Defend_Huntress","DemoMod:Defend_Huntress","DemoMod:Roll","DemoMod:ManualReload+1","DemoMod:CrossBow","DemoMod:LifeOrb","DemoMod:HuntsMan","DemoMod:Unmoved","DemoMod:StickyCrossBow","DemoMod:PracticeMakesPerfect","DemoMod:HungryBullets+1","DemoMod:GunShield+1","DemoMod:ChanceBullets","DemoMod:PotionOfGunFriendShip+1","DemoMod:GunShield","DemoMod:FullFirepower","DemoMod:GunslingerForm+1","Panache","DemoMod:FightSabre","DemoMod:JK47","DemoMod:TableSutra+1","ReplayTheSpireMod:Private Reserves","DemoMod:DarkMarker","DemoMod:Desperate+1","DemoMod:ChanceBullets+1","DemoMod:ChanceBullets+1","DemoMod:MachoBrace+1","DemoMod:TableSutra","DemoMod:TableSutra","SwitchThreat","DemoMod:MachoBrace+1","ReplayUltimateDefense+1","Panacea+1","Apotheosis+1"],"relics":["DemoMod:Dog","HushsDoor","KeepersGift","Bronze Scales","Quantum Egg","Anchor","Golden Idol","hubris:ToyBattleship","BloodDonationMachine","ReplayTheSpireMod:DimensionalGlitch","BelialBook","Nilry\u0027s Codex","hubris:Icosahedron","MutagenicStrength","Replay:Bottled Flurry","Replay:Wax Seal","Cursed Key","Boot","Golden Egg","ReplayTheSpireMod:ShopPack"],"acts_visited":["Exordium","TheCity","TheBeyond"],"potions_floor_usage":[3,12,16,16,33,33,41,41,45,47,50,50,50],"damage_taken":[{"damage":2,"enemies":"Jaw Worm","floor":1,"turns":7},{"damage":0,"enemies":"2 Louse","floor":2,"turns":3},{"damage":0,"enemies":"Cultist","floor":3,"turns":7},{"damage":34,"enemies":"3 Sentries","floor":7,"turns":13},{"damage":0,"enemies":"Cultist","floor":8,"turns":3},{"damage":2,"enemies":"Exordium Wildlife","floor":9,"turns":9},{"damage":0,"enemies":"Lagavulin","floor":12,"turns":6},{"damage":0,"enemies":"Hexaghost","floor":16,"turns":9},{"damage":0,"enemies":"Chosen","floor":18,"turns":3},{"damage":0,"enemies":"3 Byrds","floor":22,"turns":4},{"damage":0,"enemies":"3 Cultists","floor":24,"turns":5},{"damage":0,"enemies":"Gremlin Leader","floor":31,"turns":4},{"damage":14,"enemies":"Pondfish","floor":33,"turns":8},{"damage":24,"enemies":"3 Darklings","floor":35,"turns":6},{"damage":0,"enemies":"Orb Walker","floor":37,"turns":2},{"damage":8,"enemies":"Sphere and 2 Shapes","floor":38,"turns":8},{"damage":0,"enemies":"Maw","floor":41,"turns":6},{"damage":2,"enemies":"Jaw Worm Horde","floor":43,"turns":8},{"damage":0,"enemies":"Nemesis","floor":44,"turns":4},{"damage":0,"enemies":"Jaw Worm Horde","floor":45,"turns":3},{"damage":7,"enemies":"Sphere and 2 Shapes","floor":47,"turns":6},{"damage":1,"enemies":"Donu and Deca","floor":50,"turns":8}],"seed_played":"9215662736909215298","potions_obtained":[{"floor":1,"key":"Dexterity Potion"},{"floor":7,"key":"CultistPotion"},{"floor":8,"key":"DemoMod:LeadSkinPotion"},{"floor":12,"key":"SpeedPotion"},{"floor":24,"key":"Weak Potion"},{"floor":31,"key":"Ancient Potion"},{"floor":35,"key":"LiquidMemories"},{"floor":38,"key":"BlessingOfTheForge"},{"floor":44,"key":"EssenceOfSteel"},{"floor":47,"key":"Explosive Potion"}],"is_trial":false,"path_per_floor":["M","M","?","$","?","R","E","M","MIM","R","?","E","R","?","R","B",null,"M","?","?","?","M","R","M","$","T","$","R","$","R","E","R","B",null,"M","?","M","M","$","R","M","R","MIM","E","M","R","M","$","R","B",null],"character_chosen":"HUNTRESS","items_purchased":["DemoMod:HungryBullets","DemoMod:GunShield","Panache","DemoMod:FightSabre","BelialBook","DemoMod:TableSutra","ReplayTheSpireMod:Private Reserves","DemoMod:DarkMarker","DemoMod:TableSutra","PowerPotion","PowerPotion","Dexterity Potion","ReplayTheSpireMod:ShopPack","AttackPotion"],"campfire_rested":6,"item_purchase_floors":[4,4,17,17,17,25,25,27,39,39,39,48,48,48],"current_hp_per_floor":[61,61,61,61,61,61,27,27,25,25,25,25,25,25,35,35,39,39,14,14,14,14,14,14,14,14,14,25,25,25,25,36,22,39,15,15,15,1,1,12,12,23,21,21,21,21,14,14,25,24],"gold":66,"neow_bonus":"TRANSFORM_TWO_CARDS","is_daily":false,"chose_seed":false,"campfire_upgraded":6,"win_rate":0.0,"timestamp":1610350272,"path_taken":["M","M","?","$","?","R","E","M","MIM","R","?","E","R","?","R","BOSS","M","?","?","?","M","R","M","$","T","?","R","$","R","E","R","BOSS","M","?","?","M","?","R","M","R","MIM","E","M","R","M","$","R","BOSS"],"items_purchased_type":["Card","Card","Card","Card","Relic","Card","Card","Card","Card","Potion","Potion","Potion","Relic","Potion"],"build_version":"2020-12-22","purchased_purges":2,"victory":true,"max_hp_per_floor":[63,63,63,63,63,63,63,63,63,63,58,58,58,58,58,58,39,39,39,39,39,39,39,39,39,39,39,39,39,39,39,39,39,39,39,39,39,39,39,39,39,39,39,39,39,39,39,39,39,39],"card_choices":[{"not_picked":["DemoMod:ConditionalReflex","DemoMod:HuntsMan"],"picked":"DemoMod:Unmoved","floor":1},{"not_picked":["DemoMod:SniperShot","DemoMod:Polaris"],"picked":"DemoMod:StickyCrossBow","floor":2},{"not_picked":["DemoMod:SAA","DemoMod:FastSwitch"],"picked":"DemoMod:PracticeMakesPerfect","floor":3},{"not_picked":["DemoMod:DirectionalPad","DemoMod:GunstockTap"],"picked":"DemoMod:ChanceBullets","floor":7},{"not_picked":["DemoMod:Rummage","DemoMod:ZorGun","DemoMod:FastSwitch"],"picked":"SKIP","floor":8},{"not_picked":["DemoMod:CursedBullets","DemoMod:FastSwitch"],"picked":"DemoMod:PotionOfGunFriendShip","floor":9},{"not_picked":["DemoMod:Purify","DemoMod:Unity","Bomb"],"picked":"SKIP","floor":12},{"not_picked":["DemoMod:HardPowerCard","DemoMod:Polaris"],"picked":"DemoMod:GunShield","floor":14},{"not_picked":["DemoMod:BulletBore","DemoMod:Slinger"],"picked":"DemoMod:FullFirepower","floor":16},{"not_picked":["DemoMod:DoubleVision","DemoMod:BSG"],"picked":"DemoMod:GunslingerForm","floor":16},{"not_picked":["DemoMod:ZorGun","DemoMod:SkilledReload"],"picked":"DemoMod:JK47","floor":18},{"not_picked":["DemoMod:JK47+1","DemoMod:AC15","DemoMod:Polaris"],"picked":"SKIP","floor":22},{"not_picked":["DemoMod:BlackHoleGun","DemoMod:TeaPot","DemoMod:PotionOfGunFriendShip"],"picked":"SKIP","floor":24},{"not_picked":["DemoMod:BoxingGlove+1","DemoMod:PotionOfGunFriendShip","DemoMod:BattleInHaste"],"picked":"SKIP","floor":31},{"not_picked":["DemoMod:FullFirepower","DemoMod:FinishedGun"],"picked":"DemoMod:Desperate","floor":33},{"not_picked":["DemoMod:ConditionalReflex+1","DemoMod:Unity"],"picked":"DemoMod:ChanceBullets+1","floor":35},{"not_picked":["DemoMod:BoxingGlove","DemoMod:EasyReloadBullets+1"],"picked":"DemoMod:MachoBrace+1","floor":37},{"not_picked":["DemoMod:Purify","DemoMod:PracticeMakesPerfect","DemoMod:DoubleSwitch+1"],"picked":"SKIP","floor":38},{"not_picked":["DemoMod:Ejector+1","DemoMod:ConditionalReflex+1","DemoMod:FeignSurrender+1"],"picked":"SKIP","floor":41},{"not_picked":["DemoMod:Unmoved","DemoMod:HuntsMan+1"],"picked":"DemoMod:MachoBrace+1","floor":44},{"not_picked":["DemoMod:BlackHoleGun","DemoMod:AC15+1","DemoMod:ChanceBullets"],"picked":"SKIP","floor":44},{"not_picked":["DemoMod:HuntsMan","DemoMod:FastSwitch+1","DemoMod:Ejector+1"],"picked":"SKIP","floor":45},{"not_picked":["DemoMod:DirectionalPad+1","DemoMod:Behold!","DemoMod:PotionOfGunFriendShip"],"picked":"SKIP","floor":47},{"not_picked":["ChaosCard","DemoMod:Invincible"],"picked":"ReplayUltimateDefense","floor":48},{"not_picked":["Poisoned Strike","Finesse"],"picked":"Panacea","floor":48},{"not_picked":["BloodyBrimstone","ReplayTheSpireMod:Trickstab"],"picked":"Apotheosis","floor":48}],"player_experience":127661,"relics_obtained":[{"floor":3,"key":"Bronze Scales"},{"floor":7,"key":"Quantum Egg"},{"floor":9,"key":"Anchor"},{"floor":12,"key":"hubris:ToyBattleship"},{"floor":14,"key":"BloodDonationMachine"},{"floor":19,"key":"Nilry\u0027s Codex"},{"floor":26,"key":"Replay:Bottled Flurry"},{"floor":31,"key":"Replay:Wax Seal"},{"floor":43,"key":"Boot"},{"floor":44,"key":"Golden Egg"}],"event_choices":[{"damage_healed":0,"gold_gain":0,"player_choice":"Grow","damage_taken":0,"max_hp_gain":0,"max_hp_loss":0,"event_name":"Living Wall","floor":5,"gold_loss":0,"cards_upgraded":["DemoMod:HungryBullets"]},{"damage_healed":0,"gold_gain":0,"player_choice":"Lose Max HP","damage_taken":0,"relics_obtained":["Golden Idol"],"max_hp_gain":0,"max_hp_loss":5,"event_name":"Golden Idol","floor":11,"gold_loss":0},{"damage_healed":0,"gold_gain":0,"player_choice":"Obtained Book","damage_taken":16,"max_hp_gain":0,"max_hp_loss":0,"event_name":"Cursed Tome","floor":19,"gold_loss":0},{"damage_healed":0,"gold_gain":0,"player_choice":"Inject Mutagens","damage_taken":0,"relics_obtained":["MutagenicStrength"],"max_hp_gain":0,"max_hp_loss":0,"event_name":"Drug Dealer","floor":21,"gold_loss":0},{"damage_healed":0,"gold_gain":0,"player_choice":"Copied","damage_taken":0,"max_hp_gain":0,"max_hp_loss":0,"event_name":"Duplicator","floor":36,"gold_loss":0,"cards_obtained":["DemoMod:ChanceBullets"]}],"is_beta":false,"boss_relics":[{"not_picked":["Philosopher\u0027s Stone","hubris:HollowSoul"],"picked":"ReplayTheSpireMod:DimensionalGlitch"},{"not_picked":[]},{"not_picked":["Astrolabe","ChampionBelt"],"picked":"Cursed Key"},{"not_picked":[]}],"items_purged_floors":[25,39],"is_endless":false,"potions_floor_spawned":[1,7,8,12,24,31,35,38,44,47],"ascension_level":0}}