{"host":"s2ap0bnrs90y0f0j","time":1610342100,"event":{"mods":["BaseMod","Minty Spire (QoL Compilation)","StSLib","TheArtist"],"gold_per_floor":[111,128,148,73,73,73,73],"floor_reached":6,"playtime":107,"items_purged":[],"score":68,"play_id":"19672453-8aae-49d3-88dc-149d7eedd2e7","local_time":"20210111001500","is_ascension_mode":true,"campfire_choices":[],"circlet_count":0,"master_deck":["AscendersBane","artistmod:StrokeStrike","artistmod:StrokeStrike","artistmod:StrokeStrike","artistmod:StrokeStrike","artistmod:DaringDefend","artistmod:DaringDefend","artistmod:DaringDefend","artistmod:BrushBash","artistmod:DarkenDrawing","artistmod:BlueBurst","artistmod:DarkerDanger"],"relics":["artistmod:BlueBrush","NeowsBlessing"],"acts_visited":["Exordium"],"potions_floor_usage":[],"damage_taken":[{"damage":0,"enemies":"Cultist","floor":1,"turns":1},{"damage":0,"enemies":"Small Slimes","floor":2,"turns":1},{"damage":0,"enemies":"Jaw Worm","floor":3,"turns":1},{"damage":68,"enemies":"Gremlin Nob","floor":6,"turns":5}],"seed_played":"336924918048989844","potions_obtained":[],"is_trial":false,"path_per_floor":["M","M","M","?","?","E"],"character_chosen":"THE_ARTIST","items_purchased":[],"campfire_rested":0,"item_purchase_floors":[],"current_hp_per_floor":[58,58,58,58,63,0,0],"gold":73,"neow_bonus":"THREE_ENEMY_KILL","is_daily":false,"chose_seed":false,"campfire_upgraded":0,"win_rate":0.0,"timestamp":1610342100,"path_taken":["M","?","M","?","?","E"],"items_purchased_type":[],"build_version":"2020-12-22","purchased_purges":0,"victory":false,"max_hp_per_floor":[64,64,64,64,69,69,69],"card_choices":[{"not_picked":["artistmod:RedRazzing","artistmod:PurplePain"],"picked":"artistmod:BlueBurst","floor":1},{"not_picked":["artistmod:ChromaCrash","artistmod:HorridHarvest","artistmod:SimpleStudies"],"picked":"SKIP","floor":2},{"not_picked":["artistmod:CrushingCanvas","artistmod:EnlightenedEpiphany"],"picked":"artistmod:DarkerDanger","floor":3}],"player_experience":646506,"relics_obtained":[],"event_choices":[{"cards_removed":["artistmod:DaringDefend"],"damage_healed":0,"gold_gain":0,"player_choice":"Card Removal","damage_taken":0,"max_hp_gain":0,"max_hp_loss":0,"event_name":"The Cleric","floor":4,"gold_loss":75},{"damage_healed":0,"gold_gain":0,"player_choice":"Donut","damage_taken":0,"max_hp_gain":5,"max_hp_loss":0,"event_name":"Big Fish","floor":5,"gold_loss":0}],"is_beta":false,"boss_relics":[],"items_purged_floors":[],"is_endless":false,"potions_floor_spawned":[],"killed_by":"Gremlin Nob","ascension_level":18}}