{"host":"e4hse1vg61zltgzv","time":1610325124,"event":{"mods":["AchievementEnabler","BaseMod","Block Reminder","Colored Map","DeckTracker","GifTheSpireLib","Minty Spire (QoL Compilation)","Rare Cards Sparkle","StSLib","SuperFastMode","everything is the same but u backflip on backflip"],"gold_per_floor":[219,105,105,119,119,152,152,152,152,173,92,92,92,142,154,260,272,302,214,57,57,72,107,107,147,223,261,261,261],"floor_reached":28,"playtime":777,"items_purged":["Conclude","Conclude"],"score":960,"play_id":"496ffe11-6371-41e0-ab31-0d192d938765","local_time":"20210111093204","is_ascension_mode":true,"campfire_choices":[{"data":"Eruption","floor":8,"key":"SMITH"},{"data":"Adaptation","floor":12,"key":"SMITH"},{"data":"MentalFortress","floor":15,"key":"SMITH"}],"circlet_count":0,"master_deck":["AscendersBane","Eruption+1","Vigilance","TalkToTheHand","FlurryOfBlows","CrushJoints","MentalFortress+1","Adaptation+1","FearNoEvil"],"relics":["PureWater","Pandora\u0027s Box","Dream Catcher","Singing Bowl","Golden Idol","WingedGreaves","Matryoshka","MawBank","Girya","GoldenEye","Coffee Dripper","Medical Kit","Pear","FossilizedHelix","Nunchaku","White Beast Statue","Shovel"],"acts_visited":["Exordium","TheCity"],"potions_floor_usage":[16,22,23],"damage_taken":[{"damage":0.0,"enemies":"Small Slimes","floor":1.0,"turns":2.0},{"damage":0,"enemies":"2 Louse","floor":4,"turns":1},{"damage":0,"enemies":"Gremlin Nob","floor":6,"turns":2},{"damage":0,"enemies":"Cultist","floor":10,"turns":1},{"damage":0,"enemies":"Lagavulin","floor":14,"turns":4},{"damage":0,"enemies":"Slime Boss","floor":16,"turns":3},{"damage":12,"enemies":"Chosen","floor":18,"turns":4},{"damage":8,"enemies":"2 Thieves","floor":22,"turns":3},{"damage":0,"enemies":"Book of Stabbing","floor":23,"turns":3},{"damage":0,"enemies":"Slavers","floor":25,"turns":1},{"damage":0,"enemies":"Book of Stabbing","floor":27,"turns":2},{"damage":0,"enemies":"Centurion and Healer","floor":28,"turns":1}],"seed_played":"-7679467262471383328","potions_obtained":[{"floor":14,"key":"Swift Potion"},{"floor":16,"key":"Fruit Juice"},{"floor":18,"key":"StancePotion"},{"floor":22,"key":"SteroidPotion"},{"floor":23,"key":"Explosive Potion"}],"is_trial":false,"path_per_floor":["M","$","?","M","?","E","?","R","T","M","$","R","T","E","R","B",null,"M","$","$","?","M","E","?","E","T","E","M"],"character_chosen":"WATCHER","items_purchased":["MentalFortress","Adaptation","Medical Kit"],"campfire_rested":0,"item_purchase_floors":[2,11,20],"current_hp_per_floor":[61,61,5,7,7,9,9,9,9,11,11,11,11,13,69,71,71,61,83,83,83,82,94,94,96,96,98,98,98],"gold":261,"neow_bonus":"HUNDRED_GOLD","is_daily":false,"chose_seed":false,"campfire_upgraded":3,"win_rate":0.0,"timestamp":1610325124,"path_taken":["M","$","?","M","?","E","?","R","T","?","$","R","?","E","R","BOSS","M","$","$","?","M","E","?","E","T","E","?"],"items_purchased_type":["Card","Card","Relic"],"build_version":"2020-12-22","purchased_purges":2,"victory":false,"max_hp_per_floor":[68,68,68,70,63,65,65,65,65,67,67,67,67,69,69,71,71,73,83,83,83,90,102,102,104,104,106,106,106],"card_choices":[{"not_picked":["Crescendo","Wallop","ThirdEye"],"picked":"SKIP","floor":1.0},{"not_picked":["ThirdEye","ForeignInfluence","WindmillStrike"],"picked":"Singing Bowl","floor":4},{"not_picked":["EmptyBody","SashWhip","PathToVictory"],"picked":"Singing Bowl","floor":6},{"not_picked":["TalkToTheHand","ReachHeaven","SignatureMove"],"picked":"Singing Bowl","floor":10},{"not_picked":["Prostrate","Worship","Adaptation"],"picked":"Singing Bowl","floor":14},{"not_picked":["DevaForm","SpiritShield","Ragnarok"],"picked":"Singing Bowl","floor":16},{"not_picked":["SashWhip","Nirvana","Halt"],"picked":"Singing Bowl","floor":18},{"not_picked":["FlurryOfBlows","ReachHeaven","SashWhip"],"picked":"Singing Bowl","floor":22},{"not_picked":["SandsOfTime","Evaluate","Devotion"],"picked":"Singing Bowl","floor":23},{"not_picked":["Fasting2","EmptyBody","Consecrate"],"picked":"Singing Bowl","floor":25},{"not_picked":["Sanctity","SignatureMove+1","Halt"],"picked":"Singing Bowl","floor":27}],"player_experience":791189,"relics_obtained":[{"floor":6,"key":"WingedGreaves"},{"floor":9,"key":"Matryoshka"},{"floor":13,"key":"MawBank"},{"floor":13,"key":"Girya"},{"floor":14,"key":"GoldenEye"},{"floor":23,"key":"Pear"},{"floor":25,"key":"FossilizedHelix"},{"floor":26,"key":"Nunchaku"},{"floor":26,"key":"White Beast Statue"},{"floor":27,"key":"Shovel"}],"event_choices":[{"damage_healed":0.0,"max_hp_gain":0.0,"max_hp_loss":0.0,"gold_gain":0.0,"event_name":"Scrap Ooze","player_choice":"Success","floor":3.0,"gold_loss":0.0,"damage_taken":56.0,"relics_obtained":["Dream Catcher"]},{"damage_healed":0,"gold_gain":0,"player_choice":"Lose Max HP","damage_taken":0,"relics_obtained":["Golden Idol"],"max_hp_gain":0,"max_hp_loss":7,"event_name":"Golden Idol","floor":5,"gold_loss":0},{"damage_healed":0,"gold_gain":0,"cards_transformed":["EmptyFist"],"player_choice":"Transformed","damage_taken":0,"max_hp_gain":0,"max_hp_loss":0,"event_name":"Transmorgrifier","floor":7,"gold_loss":0,"cards_obtained":["BattleHymn"]},{"cards_removed":["BattleHymn"],"damage_healed":56,"gold_gain":0,"player_choice":"Offered Uncommon","damage_taken":0,"max_hp_gain":0,"max_hp_loss":0,"event_name":"Bonfire Elementals","floor":15,"gold_loss":0},{"cards_removed":["Ragnarok"],"damage_healed":12,"gold_gain":0,"player_choice":"Offered Rare","damage_taken":0,"max_hp_gain":10,"max_hp_loss":0,"event_name":"Bonfire Elementals","floor":19,"gold_loss":0},{"damage_healed":0,"gold_gain":0,"player_choice":"Ignored","damage_taken":0,"max_hp_gain":0,"max_hp_loss":0,"event_name":"Ghosts","floor":21,"gold_loss":0},{"damage_healed":0,"gold_gain":0,"player_choice":"Cursed","damage_taken":0,"max_hp_gain":0,"max_hp_loss":0,"event_name":"Wheel of Change","floor":24,"gold_loss":0,"cards_obtained":["Decay"]}],"is_beta":false,"boss_relics":[{"not_picked":["Astrolabe","Sozu"],"picked":"Coffee Dripper"}],"items_purged_floors":[2,19],"is_endless":false,"potions_floor_spawned":[14,16,18,22,23,27],"killed_by":"Centurion and Healer","ascension_level":20}}