{"host":"qswkx8hggytna0kc","time":1610374392,"event":{"mods":["Aspiration","BaseMod","BetterRewards","Colored Map","Colored Powertips","Highlight Path","Hubris","Mimic Mod","Minty Spire (QoL Compilation)","MostiFishMod","Quick Restart","Replay The Spire","StSLib","SuperFastMode"],"gold_per_floor":[113,131,131,148,165,195,195,224,224,251,264,277,277,292,292,396,396,407,424,437,437,447,547,547,566,582,582,598,626,639,739,773,773,877,877,888,888,888,788,803,831,864,899,931,949,974,974,974,989,989,989],"floor_reached":52,"playtime":948,"items_purged":[],"score":2156,"play_id":"5534ff01-81df-4647-8a4f-f9310b97f356","local_time":"20210111221312","is_ascension_mode":true,"campfire_choices":[{"data":"Zap","floor":7,"key":"SMITH"},{"data":"Scrape","floor":13,"key":"SMITH"},{"data":"Dualcast","floor":15,"key":"SMITH"},{"data":"Coolheaded","floor":24,"key":"SMITH"},{"data":"Beam Cell","floor":33,"key":"SMITH"},{"floor":48,"key":"RECALL"},{"data":"MostiFishMod:Hijack","floor":50,"key":"SMITH"}],"circlet_count":0,"master_deck":["AscendersBane","Strike_B","Strike_B+1","Defend_B","Defend_B","Defend_B+1","Defend_B","Zap+1","Dualcast+1","Gash+1","Scrape+1","Sunder","All For One","Go for the Eyes","ReplayTheSpireMod:Reroute Power","Go for the Eyes","FTL","Self Repair+1","Panic Button","Gash+1","FIFO Queue+1","Go for the Eyes+1","Beam Cell","MostiFishMod:InterfaceCompatibility+1","Go for the Eyes","Beam Cell+1","Go for the Eyes","ReplayTheSpireMod:Reroute Power","Pain","Rip and Tear","Steam Power","Gash+1","ReplayGash","Gash+1","Beam Cell","MostiFishMod:Hijack+1","Sweeping Beam+1"],"relics":["Cracked Core","DaveBox","Civilization","SynthV:TestCard","hubris:OldNail","Blue Candle","Counterbalance","Frozen Egg 2","aspiration:RandomNobGenerator","hubris:Potato","Replay:Bottled Eggs","WingedGreaves","hubris:CrystalStatue","Dream Catcher","aspiration:Stellarator","WarpedTongs","Simple Rune","Prayer Wheel","Iron Hammer","hubris:DeckOfHolding","hubris:MedicalManual","Nunchaku"],"acts_visited":["Exordium","TheCity","TheBeyond"],"potions_floor_usage":[],"damage_taken":[{"damage":1,"enemies":"Cultist","floor":1,"turns":4},{"damage":8,"enemies":"Small Slimes","floor":2,"turns":3},{"damage":12,"enemies":"Jaw Worm","floor":4,"turns":2},{"damage":0,"enemies":"Exordium Thugs","floor":5,"turns":3},{"damage":9,"enemies":"Lagavulin","floor":6,"turns":4},{"damage":0,"enemies":"3 Sentries","floor":8,"turns":2},{"damage":0,"enemies":"Gremlin Nob","floor":10,"turns":2},{"damage":0,"enemies":"Blue Slaver","floor":11,"turns":2},{"damage":0,"enemies":"Red Slaver","floor":12,"turns":1},{"damage":0,"enemies":"Exordium Thugs","floor":14,"turns":1},{"damage":0,"enemies":"Fading Forest","floor":16,"turns":11},{"damage":0,"enemies":"Shell Parasite","floor":18,"turns":2},{"damage":0,"enemies":"3 Byrds","floor":19,"turns":2},{"damage":18,"enemies":"Snake Plant","floor":20,"turns":2},{"damage":0,"enemies":"Sentry and Sphere","floor":22,"turns":2},{"damage":0,"enemies":"Snake Plant","floor":25,"turns":2},{"damage":0,"enemies":"Snecko","floor":26,"turns":1},{"damage":0,"enemies":"Cultist and Chosen","floor":28,"turns":1},{"damage":0,"enemies":"Gremlin Leader","floor":29,"turns":1},{"damage":0,"enemies":"3 Cultists","floor":30,"turns":2},{"damage":0,"enemies":"Colosseum Slavers","floor":31,"turns":2},{"damage":0,"enemies":"Colosseum Nobs","floor":31,"turns":1},{"damage":0,"enemies":"Slavers","floor":32,"turns":2},{"damage":0,"enemies":"hubris:MusketHawk","floor":34,"turns":1},{"damage":0,"enemies":"Orb Walker","floor":36,"turns":1},{"damage":0,"enemies":"3 Shapes","floor":40,"turns":1},{"damage":0,"enemies":"Giant Head","floor":41,"turns":2},{"damage":0,"enemies":"Nemesis","floor":42,"turns":1},{"damage":0,"enemies":"R_Hoarder","floor":43,"turns":1},{"damage":0,"enemies":"Spire Growth","floor":44,"turns":2},{"damage":0,"enemies":"Spire Growth","floor":45,"turns":1},{"damage":0,"enemies":"Giant Head","floor":46,"turns":1},{"damage":0,"enemies":"Maw","floor":49,"turns":1},{"damage":0,"enemies":"Donu and Deca","floor":51,"turns":1}],"seed_played":"8007964503366166222","potions_obtained":[{"floor":1,"key":"Weak Potion"},{"floor":5,"key":"Adrenaline Potion"},{"floor":8,"key":"LiquidMemories"}],"is_trial":false,"path_per_floor":["M","M","?","M","M","E","R","E","T","E","M","M","R","M","R","B",null,"M","M","M","M","M","?","R","M","M","T","M","E","M","?","E","R","B",null,"M","?","?","NS","M","E","E","E","MIM","M","E","?","R","M","R","B",null],"character_chosen":"DEFECT","items_purchased":[],"campfire_rested":0,"item_purchase_floors":[],"current_hp_per_floor":[68,63,63,55,61,59,59,69,69,80,92,105,105,120,120,158,172,194,220,229,229,258,258,258,288,319,319,352,386,434,526,572,572,623,623,672,672,672,672,725,779,834,890,947,1005,1064,1064,1064,1124,1124,1186],"gold":989,"neow_bonus":"REMOVE_CARD","is_daily":false,"chose_seed":false,"campfire_upgraded":6,"win_rate":0.0,"timestamp":1610374392,"path_taken":["M","M","?","M","M","E","R","E","T","E","M","?","R","M","R","BOSS","M","M","M","M","M","?","R","M","?","T","M","E","M","?","E","R","BOSS","M","?","?","NS","?","E","E","E","MIM","M","E","?","R","M","R","BOSS"],"items_purchased_type":[],"build_version":"2020-12-22","purchased_purges":0,"victory":true,"max_hp_per_floor":[76,79,79,83,89,96,96,106,106,117,129,142,142,157,157,177,177,199,225,252,252,281,281,281,311,342,342,375,409,447,529,575,575,623,623,672,672,672,672,725,779,834,890,947,1005,1064,1064,1064,1124,1124,1186],"card_choices":[{"not_picked":["BootSequence","Sweeping Beam"],"picked":"Gash","floor":1},{"not_picked":["Leap","White Noise","Lockon","Rebound"],"picked":"Scrape","floor":2},{"not_picked":["Streamline","Sweeping Beam","Hologram","Ball Lightning"],"picked":"Sunder","floor":4},{"not_picked":["Beam Cell","BasicCrystalCard","Aggregate","Scrape"],"picked":"All For One","floor":5},{"not_picked":["Darkness","BasicCrystalCard","ReplayTheSpireMod:System Scan","Melter"],"picked":"Go for the Eyes","floor":6},{"not_picked":["Compile Driver","Coolheaded","Barrage","Sweeping Beam"],"picked":"ReplayTheSpireMod:Reroute Power","floor":8},{"not_picked":["Chill","Rebound","Barrage","Streamline"],"picked":"Go for the Eyes","floor":10},{"not_picked":["Barrage","Conserve Battery","Chill","Gash"],"picked":"FTL","floor":11},{"not_picked":["Redo","Cold Snap","Turbo","Steam"],"picked":"Self Repair+1","floor":12},{"not_picked":["Reprogram","MostiFishMod:LinkProtocol","Chill","Cold Snap"],"picked":"Panic Button","floor":14},{"not_picked":["Multi-Cast","hubris:SpecializedCircuitry+1","Meteor Strike","hubris:DoWhile"],"picked":"MostiFishMod:InterfaceCompatibility+1","floor":16},{"not_picked":["Coolheaded","Steam","Go for the Eyes","Defragment+1"],"picked":"Gash","floor":18},{"not_picked":["Meteor Strike","Cold Snap","ReplayTheSpireMod:Repulse","Coolheaded"],"picked":"FIFO Queue+1","floor":19},{"not_picked":["Defragment+1","Genetic Algorithm","MostiFishMod:ActiveDefenseSystem+1","Hologram"],"picked":"Go for the Eyes+1","floor":20},{"not_picked":["Conserve Battery","Compile Driver","Leap+1","Turbo+1"],"picked":"Coolheaded","floor":22},{"not_picked":["MostiFishMod:ReprogramOld+1","ReplayTheSpireMod:GoodbyeWorld+1","Hologram","Redo"],"picked":"Beam Cell","floor":25},{"not_picked":["Redo","Rebound","Stack+1","MostiFishMod:FluxCapactior"],"picked":"MostiFishMod:InterfaceCompatibility+1","floor":26},{"not_picked":["Compile Driver","Leap","Auto Shields","Blizzard"],"picked":"Go for the Eyes","floor":28},{"not_picked":["ReplayTheSpireMod:Repulse","Conserve Battery","Stack","Hello World+1","Self Repair+1"],"picked":"SKIP","floor":29},{"not_picked":["MostiFishMod:PushDownKick","Blizzard+1","Streamline","BootSequence"],"picked":"Beam Cell","floor":30},{"not_picked":["Turbo+1","Auto Shields","MostiFishMod:SeaWaves+1","MostiFishMod:FluxCapactior"],"picked":"Go for the Eyes","floor":31},{"not_picked":["BasicCrystalCard","Fusion","Ball Lightning","Steam"],"picked":"ReplayTheSpireMod:Reroute Power","floor":32},{"not_picked":["MostiFishMod:StarOceanB","MostiFishMod:InterfaceCompatibility+1","MostiFishMod:IntelligentEquipment+1","Biased Cognition+1"],"picked":"ReplayTheSpireMod:Fabricate Wheel","floor":34},{"not_picked":["Leap+1","Cold Snap+1","Redo","MostiFishMod:FluxCapactior","Capacitor+1"],"picked":"SKIP","floor":36},{"not_picked":["Defragment+1","Ball Lightning","Self Repair+1","Skim"],"picked":"Rip and Tear","floor":40},{"not_picked":["BasicCrystalCard","Leap","Turbo","Compile Driver"],"picked":"Steam Power","floor":41},{"not_picked":["Rebound","Reprogram+1","hubris:DoWhile","Glacier","hubris:PowerSurge+1"],"picked":"SKIP","floor":42},{"not_picked":["Compile Driver+1","Streamline+1","Sweeping Beam","Beam Cell"],"picked":"Gash+1","floor":43},{"not_picked":["Tempest+1","Streamline","Defragment+1","ReplayTheSpireMod:Repulse+1"],"picked":"ReplayGash","floor":44},{"not_picked":["Streamline","Force Field+1","Fusion+1","hubris:Ukulele"],"picked":"Gash","floor":45},{"not_picked":["Capacitor+1","MostiFishMod:PushDownKick","Meteor Strike","Go for the Eyes"],"picked":"Beam Cell","floor":45},{"not_picked":["Sweeping Beam","Hologram","Cold Snap","aspiration:Polymerization"],"picked":"MostiFishMod:Hijack","floor":46},{"not_picked":["Steam","Capacitor+1","Streamline","Rebound"],"picked":"Sweeping Beam+1","floor":49},{"not_picked":["Aggregate","Beam Cell","Chill","Crystallizer+1","Go for the Eyes"],"picked":"SKIP","floor":49}],"player_experience":265862,"relics_obtained":[{"floor":1,"key":"SynthV:TestCard"},{"floor":6,"key":"hubris:OldNail"},{"floor":8,"key":"Blue Candle"},{"floor":9,"key":"Counterbalance"},{"floor":10,"key":"Frozen Egg 2"},{"floor":27,"key":"hubris:Potato"},{"floor":29,"key":"Replay:Bottled Eggs"},{"floor":31,"key":"WingedGreaves"},{"floor":31,"key":"hubris:CrystalStatue"},{"floor":32,"key":"Dream Catcher"},{"floor":41,"key":"Simple Rune"},{"floor":42,"key":"Iron Hammer"},{"floor":43,"key":"hubris:DeckOfHolding"},{"floor":44,"key":"hubris:MedicalManual"},{"floor":46,"key":"Nunchaku"}],"event_choices":[{"cards_removed":["Strike_B"],"damage_healed":0,"gold_gain":0,"player_choice":"Purged","damage_taken":0,"max_hp_gain":0,"max_hp_loss":0,"event_name":"Purifier","floor":3,"gold_loss":0},{"damage_healed":0,"gold_gain":100,"player_choice":"Pray","damage_taken":0,"max_hp_gain":0,"max_hp_loss":0,"event_name":"Golden Shrine","floor":23,"gold_loss":0},{"damage_healed":0,"gold_gain":0,"player_choice":"Fight","damage_taken":0,"max_hp_gain":0,"max_hp_loss":0,"event_name":"Colosseum","floor":31,"gold_loss":0},{"damage_healed":0,"gold_gain":0,"player_choice":"Fought Nobs","damage_taken":0,"max_hp_gain":0,"max_hp_loss":0,"event_name":"Colosseum","floor":31,"gold_loss":0},{"damage_healed":0,"gold_gain":0,"player_choice":"Rummage","damage_taken":0,"relics_obtained":["WarpedTongs"],"max_hp_gain":0,"max_hp_loss":0,"event_name":"Accursed Blacksmith","floor":38,"gold_loss":0,"cards_obtained":["Pain"]},{"damage_healed":0,"gold_gain":0,"player_choice":"Ignored","damage_taken":0,"max_hp_gain":0,"max_hp_loss":0,"event_name":"NoteForYourself","floor":47,"gold_loss":0}],"is_beta":false,"boss_relics":[{"not_picked":["hubris:TerracottaHorce","aspiration:SecretTechniqueScroll"],"picked":"aspiration:RandomNobGenerator"},{"not_picked":["Black Star","Painkiller Herb"],"picked":"aspiration:Stellarator"}],"items_purged_floors":[],"is_endless":false,"potions_floor_spawned":[1,5,8,12,16,19,20,25,26,29,31,42,43],"ascension_level":12}}