{"host":"m5bsg12zcyqnofur","time":1610331561,"event":{"mods":["BaseMod","BetterRewards","Colored Powertips","Downfall","Highlight Path","Minty Spire (QoL Compilation)","Quick Restart","Replay The Spire","Shop Mod","StSLib"],"gold_per_floor":[110,110,120,131,131,159,159,191,191,209,221,67,67,92,92,190,190,203,203,128,181,200,231,231,249,249,149,166,197,207,226,226,328,328,340,215,265,282,282,311,311,311,360,371,70,98,114,140,140,140,140,140,39,68,68],"floor_reached":56,"playtime":4242,"items_purged":["Delirium","Defend_B","Strike_B","Defend_B"],"score":1668,"play_id":"9d704b40-3e9c-411e-a8fa-e6d732e9d1f6","local_time":"20210110201921","is_ascension_mode":true,"campfire_choices":[{"data":"Zap","floor":7,"key":"SMITH"},{"floor":13,"key":"REST"},{"data":"Pot Of Greed","floor":15,"key":"SMITH"},{"data":"Dualcast","floor":24,"key":"SMITH"},{"data":"Pot Of Greed","floor":32,"key":"SMITH"},{"floor":41,"key":"RECALL"},{"data":"Coolheaded","floor":49,"key":"SMITH"},{"data":"ReplayTheSpireMod:Reroute Power","floor":52,"key":"SMITH"}],"circlet_count":0,"master_deck":["Zap+1","Dualcast+1","Go for the Eyes+1","Scrape+1","Pot Of Greed+1","Pot Of Greed+1","Coolheaded+1","ReplayTheSpireMod:Reroute Power+1","ReplayTheSpireMod:Splinters","Go for the Eyes+1","Gash+1","Redo+1","Beam Cell+1","All For One+1","Gash+1","Pot Of Greed+1","Madness+1"],"relics":["Cracked Core","Molten Egg 2","ReplayTheSpireMod:Ninjato","Orichalcum","Grinning Jar","Replay:Antivirus Software","Prayer Wheel","Blood Vial","Kintsugi","Replay:Mystery Machine","Centennial Puzzle","Toxic Egg 2","Red Mask","Inserter","Pondfish Scales","PreservedInsect","ReplayFunnel","Happy Flower","Divine Protection","Nunchaku","StoneCalendar"],"acts_visited":["Exordium","TheCity","TheBeyond","TheEnding"],"potions_floor_usage":[8,16,16,16,33,33,55,55],"damage_taken":[{"damage":0,"enemies":"2 Louse","floor":1,"turns":3},{"damage":0,"enemies":"Small Slimes","floor":3,"turns":2},{"damage":8,"enemies":"Jaw Worm","floor":4,"turns":2},{"damage":21,"enemies":"Lagavulin","floor":6,"turns":7},{"damage":5,"enemies":"Gremlin Nob","floor":8,"turns":4},{"damage":3,"enemies":"Exordium Thugs","floor":10,"turns":3},{"damage":5,"enemies":"3 Louse","floor":11,"turns":3},{"damage":11,"enemies":"Lagavulin","floor":14,"turns":6},{"damage":15,"enemies":"Fading Forest","floor":16,"turns":11},{"damage":9,"enemies":"Shell Parasite","floor":18,"turns":2},{"damage":8,"enemies":"3 Byrds","floor":22,"turns":2},{"damage":8,"enemies":"Gremlin Leader","floor":23,"turns":2},{"damage":8,"enemies":"Cultist and Chosen","floor":25,"turns":2},{"damage":4,"enemies":"Snake Plant","floor":28,"turns":2},{"damage":4,"enemies":"Masked Bandits","floor":29,"turns":1},{"damage":11,"enemies":"Centurion and Healer","floor":30,"turns":2},{"damage":6,"enemies":"Shelled Parasite and Fungi","floor":31,"turns":1},{"damage":14,"enemies":"Champ","floor":33,"turns":3},{"damage":4,"enemies":"Orb Walker","floor":35,"turns":1},{"damage":2,"enemies":"Mind Bloom Boss Battle","floor":37,"turns":1},{"damage":0,"enemies":"3 Darklings","floor":38,"turns":1},{"damage":12,"enemies":"R_Hoarder","floor":40,"turns":6},{"damage":2,"enemies":"4 Shapes","floor":44,"turns":1},{"damage":0,"enemies":"Nemesis","floor":46,"turns":1},{"damage":0,"enemies":"Maw","floor":47,"turns":1},{"damage":9,"enemies":"R_Hoarder","floor":48,"turns":6},{"damage":0,"enemies":"Donu and Deca","floor":50,"turns":1},{"damage":0,"enemies":"Shield and Spear","floor":54,"turns":1},{"damage":3,"enemies":"The Heart","floor":55,"turns":3}],"seed_played":"6133781278930054352","potions_obtained":[{"floor":1,"key":"CultistPotion"},{"floor":8,"key":"Dexterity Potion"},{"floor":10,"key":"LiquidMemories"},{"floor":11,"key":"FearPotion"},{"floor":25,"key":"BlessingOfTheForge"},{"floor":28,"key":"Regen Potion"},{"floor":31,"key":"Fire Potion"},{"floor":33,"key":"Swift Potion"},{"floor":37,"key":"PowerPotion"},{"floor":38,"key":"LifebloodPotion"}],"is_trial":false,"path_per_floor":["M","?","M","M","?","E","R","E","T","M","M","$","R","E","R","B",null,"M","?","$","T","M","E","R","M","T","$","M","?","M","M","R","B",null,"M","$","?","M","?","E","R","?","T","M","$","E","M","E","R","B",null,"R","$","E","B",null],"character_chosen":"DEFECT","items_purchased":["Molten Egg 2","Replay:Antivirus Software","Happy Flower","Slimebound:ThreeZeroPotion"],"campfire_rested":1,"item_purchase_floors":[0,12,45,53],"current_hp_per_floor":[67,55,55,47,47,26,26,21,21,18,13,13,35,24,24,21,75,66,66,66,66,60,54,54,48,48,48,46,44,35,31,31,28,75,71,71,71,73,73,63,63,63,63,63,63,65,67,64,64,66,75,75,75,75,72],"gold":68,"neow_bonus":"","is_daily":false,"chose_seed":false,"campfire_upgraded":6,"win_rate":0.0,"timestamp":1610331561,"path_taken":["M","?","M","M","?","E","R","E","T","M","M","$","R","E","R","BOSS","M","?","$","?","M","E","R","M","T","$","M","?","M","M","R","BOSS","M","$","?","M","?","E","R","?","T","M","$","E","M","E","R","BOSS","R","$","E","BOSS"],"items_purchased_type":["Relic","Relic","Relic","Potion"],"build_version":"2020-12-22","purchased_purges":4,"victory":true,"max_hp_per_floor":[75,75,75,75,75,75,75,75,75,75,75,75,75,75,75,75,75,75,75,75,75,75,75,75,75,75,75,75,75,75,75,75,75,75,75,75,75,75,75,75,75,75,75,75,75,75,75,75,75,75,75,75,75,75,75],"card_choices":[{"not_picked":["White Noise","Redo","Compile Driver+1"],"picked":"SKIP","floor":1},{"not_picked":["Sweeping Beam+1","Hologram"],"picked":"Go for the Eyes+1","floor":3},{"not_picked":["Heatsinks","Cold Snap+1","Streamline+1"],"picked":"SKIP","floor":4},{"not_picked":["Genetic Algorithm","BootSequence"],"picked":"Scrape+1","floor":6},{"not_picked":["Rebound+1","Glacier"],"picked":"Coolheaded","floor":8},{"not_picked":["Conserve Battery","Compile Driver+1","Stack"],"picked":"SKIP","floor":10},{"not_picked":["Sweeping Beam+1","ReplayTheSpireMod:Calculation Training"],"picked":"ReplayTheSpireMod:Fabricate Wheel","floor":11},{"not_picked":["Panic Button","Undo"],"picked":"ReplayTheSpireMod:Reroute Power","floor":14},{"not_picked":["Biased Cognition","Fission"],"picked":"Machine Learning","floor":16},{"not_picked":["Stack+1","Loop"],"picked":"Go for the Eyes+1","floor":18},{"not_picked":["Force Field","Blizzard+1","Rebound+1"],"picked":"SKIP","floor":18},{"not_picked":["Turbo","Darkness","Rebound+1"],"picked":"SKIP","floor":22},{"not_picked":["Barrage+1","ReplayTheSpireMod:Repulse","Streamline+1"],"picked":"SKIP","floor":22},{"not_picked":["Glacier","Aggregate"],"picked":"Gash+1","floor":23},{"not_picked":["Turbo","Barrage+1","Scrape+1"],"picked":"SKIP","floor":25},{"not_picked":["Turbo+1","Self Repair","Chill+1"],"picked":"SKIP","floor":25},{"not_picked":["Hologram+1","Skim+1"],"picked":"Redo+1","floor":28},{"not_picked":["Force Field+1","Glacier+1"],"picked":"Beam Cell+1","floor":28},{"not_picked":["Barrage+1","Turbo+1"],"picked":"All For One+1","floor":29},{"not_picked":["BootSequence+1","Fusion+1","Streamline+1"],"picked":"SKIP","floor":30},{"not_picked":["Sunder+1","Melter+1","Coolheaded+1"],"picked":"SKIP","floor":30},{"not_picked":["Redo+1","Chill+1","Doom and Gloom+1"],"picked":"SKIP","floor":31},{"not_picked":["Capacitor+1","Streamline+1","Consume+1"],"picked":"SKIP","floor":31},{"not_picked":["Hologram+1","ReplayTheSpireMod:Reroute Power+1"],"picked":"Gash+1","floor":35},{"not_picked":["Sunder+1","Hologram+1","Ball Lightning+1"],"picked":"SKIP","floor":35},{"not_picked":["Coolheaded+1","Streamline+1","Core Surge+1"],"picked":"SKIP","floor":38},{"not_picked":["Compile Driver+1","Force Field+1","BasicCrystalCard+1"],"picked":"SKIP","floor":38},{"not_picked":["Genetic Algorithm+1","Redo+1","BasicCrystalCard+1"],"picked":"SKIP","floor":40},{"not_picked":["expansioncontent:YouAreMine+1","HandOfGreed+1"],"picked":"Madness+1","floor":42},{"not_picked":["Leap+1","Auto Shields+1","Beam Cell+1"],"picked":"SKIP","floor":44},{"not_picked":["Cold Snap+1","Ball Lightning+1","Heatsinks+1"],"picked":"SKIP","floor":44},{"not_picked":["Leap+1","Auto Shields+1","Beam Cell+1"],"picked":"SKIP","floor":44},{"not_picked":["Cold Snap+1","Ball Lightning+1","Heatsinks+1"],"picked":"SKIP","floor":44},{"not_picked":["Hologram+1","Go for the Eyes+1","Turbo+1"],"picked":"SKIP","floor":46},{"not_picked":["Panic Button+1","Reinforced Body+1","Barrage+1"],"picked":"SKIP","floor":47},{"not_picked":["Go for the Eyes+1","Self Repair","Panic Button+1"],"picked":"SKIP","floor":47},{"not_picked":["ReplayTheSpireMod:Omega Cannon+1","Hologram+1","Tempest+1"],"picked":"SKIP","floor":48},{"not_picked":["Rainbow+1","Compile Driver+1","Hyperbeam+1"],"picked":"SKIP","floor":54}],"player_experience":162888,"relics_obtained":[{"floor":6,"key":"Orichalcum"},{"floor":8,"key":"Grinning Jar"},{"floor":14,"key":"Blood Vial"},{"floor":21,"key":"Replay:Mystery Machine"},{"floor":23,"key":"Centennial Puzzle"},{"floor":26,"key":"Toxic Egg 2"},{"floor":29,"key":"Red Mask"},{"floor":37,"key":"Pondfish Scales"},{"floor":40,"key":"PreservedInsect"},{"floor":43,"key":"ReplayFunnel"},{"floor":46,"key":"Divine Protection"},{"floor":48,"key":"Nunchaku"},{"floor":54,"key":"StoneCalendar"}],"event_choices":[{"damage_healed":0,"gold_gain":0,"player_choice":"Success","damage_taken":12,"relics_obtained":["ReplayTheSpireMod:Ninjato"],"max_hp_gain":0,"max_hp_loss":0,"event_name":"Scrap Ooze","floor":2,"gold_loss":0},{"damage_healed":0,"gold_gain":0,"player_choice":"Ignored","damage_taken":0,"max_hp_gain":0,"max_hp_loss":0,"event_name":"Liars Game","floor":5,"gold_loss":0},{"damage_healed":0,"gold_gain":0,"player_choice":"Ignored","damage_taken":0,"max_hp_gain":0,"max_hp_loss":0,"event_name":"The Mausoleum","floor":19,"gold_loss":0},{"damage_healed":0,"gold_gain":0,"player_choice":"Fought Bandits","damage_taken":0,"max_hp_gain":0,"max_hp_loss":0,"event_name":"Masked Bandits","floor":29,"gold_loss":0},{"damage_healed":0,"gold_gain":0,"player_choice":"Fight","damage_taken":0,"max_hp_gain":0,"max_hp_loss":0,"event_name":"MindBloom","floor":37,"gold_loss":0},{"cards_removed":["Machine Learning"],"damage_healed":0,"gold_gain":0,"player_choice":"Removed Power","damage_taken":0,"max_hp_gain":0,"max_hp_loss":0,"event_name":"Falling","floor":39,"gold_loss":0},{"damage_healed":0,"gold_gain":0,"player_choice":"Memory 1","damage_taken":0,"max_hp_gain":0,"max_hp_loss":0,"event_name":"SensoryStone","floor":42,"gold_loss":0}],"is_beta":false,"boss_relics":[{"not_picked":["Replay:Grab Bag","Replay:Bronze Core"],"picked":"Kintsugi"},{"not_picked":["Calling Bell","Cursed Key"],"picked":"Inserter"}],"items_purged_floors":[20,27,36,45],"is_endless":false,"potions_floor_spawned":[1,8,10,11,25,28,31,33,37,38,46],"ascension_level":1}}