{"host":"ygfasg9u7olr7skw","time":1610403519,"event":{"mods":["AchievementEnabler","BaseMod","Better Note","Better Vampires","Colored Powertips","Minty Spire (QoL Compilation)","Replay The Spire","Spicy Shops","StSLib","The IronCluck"],"gold_per_floor":[114,125,5,19,19,19,19,35,35,35,48,59,73,84,84,189,189,169,182,193,118,118,118,129,129,129,29,29,29,29],"floor_reached":29,"playtime":1634,"items_purged":["Strike_R","Strike_R"],"score":219,"play_id":"2f0f1e5b-b43d-450c-bd25-4e1eef3c3687","local_time":"20210111171839","is_ascension_mode":false,"campfire_choices":[{"data":"Anger","floor":10.0,"key":"SMITH"},{"floor":15.0,"key":"DIG"},{"floor":23,"key":"REST"}],"circlet_count":0,"master_deck":["Strike_R+1","Strike_R","Strike_R","Defend_R","Defend_R","Defend_R","Bash","Anger+1","Clash","Heavy Blade+1"],"relics":["Burning Blood","Replay:Baseball","Question Card","Turnip","Replay:WaspNest","Pantograph"],"acts_visited":["Exordium","TheCity"],"potions_floor_usage":[18,29],"damage_taken":[{"damage":1.0,"enemies":"Cultist","floor":1.0,"turns":3.0},{"damage":3.0,"enemies":"Jaw Worm","floor":2.0,"turns":3.0},{"damage":3.0,"enemies":"Small Slimes","floor":4.0,"turns":3.0},{"damage":16.0,"enemies":"Exordium Wildlife","floor":8.0,"turns":4.0},{"damage":9.0,"enemies":"Blue Slaver","floor":11.0,"turns":3.0},{"damage":0.0,"enemies":"3 Louse","floor":12.0,"turns":1.0},{"damage":10.0,"enemies":"Exordium Thugs","floor":13.0,"turns":3.0},{"damage":4.0,"enemies":"Gremlin Gang","floor":14.0,"turns":4.0},{"damage":44.0,"enemies":"Hexaghost","floor":16.0,"turns":6.0},{"damage":15,"enemies":"2 Thieves","floor":18,"turns":4},{"damage":25,"enemies":"Spheric Guardian","floor":19,"turns":4},{"damage":27,"enemies":"Snake Plant","floor":20,"turns":3},{"damage":37,"enemies":"Snecko","floor":24,"turns":5},{"damage":29,"enemies":"Centurion and Healer","floor":29,"turns":3}],"seed_played":"-4275762070066486310","potions_obtained":[{"floor":1.0,"key":"BlessingOfTheForge"},{"floor":2.0,"key":"Doom Potion"},{"floor":8.0,"key":"Energy Potion"},{"floor":14.0,"key":"Adrenaline Potion"},{"floor":20,"key":"Explosive Potion"}],"is_trial":false,"path_per_floor":["M","M","$","M","?","?","$","M","T","R","M","M","M","M","R","B",null,"M","M","M","$","?","R","M","PTL","PTL","$","T","M"],"character_chosen":"IRONCLAD","items_purchased":["Question Card"],"campfire_rested":1,"item_purchase_floors":[3],"current_hp_per_floor":[80,80,80,80,77,77,77,67,67,67,64,70,66,68,68,42,80,71,52,31,31,31,55,24,24,24,24,24,0,0],"gold":29,"neow_bonus":"RANDOM_COMMON_RELIC","is_daily":false,"chose_seed":false,"campfire_upgraded":1,"win_rate":0.0,"timestamp":1610403519,"path_taken":["M","?","$","M","?","?","?","M","T","R","M","M","M","M","R","BOSS","M","M","M","$","?","R","M","PTL","PTL","?","T","M"],"items_purchased_type":["Relic"],"build_version":"2020-12-22","purchased_purges":2,"victory":false,"max_hp_per_floor":[80,80,80,80,80,80,80,80,80,80,80,80,80,80,80,80,80,80,80,80,80,80,80,80,80,80,80,80,80,80],"card_choices":[{"not_picked":["ReplayTheSpireMod:Stacked","Entrench"],"picked":"Anger","floor":1.0},{"not_picked":["Ghostly Armor","Warcry","Pommel Strike"],"picked":"SKIP","floor":2.0},{"not_picked":["Ghostly Armor","Warcry","Pommel Strike"],"picked":"SKIP","floor":2.0},{"not_picked":["True Grit","Power Through","Combust"],"picked":"Clash","floor":4.0},{"not_picked":["Fire Breathing","Battle Trance","ReplayTheSpireMod:Strike From Hell","Armaments"],"picked":"SKIP","floor":8.0},{"not_picked":["Cleave","Defy Death","Body Slam","True Grit"],"picked":"SKIP","floor":11.0},{"not_picked":["True Grit","Iron Wave","Seeing Red","Juggernaut"],"picked":"SKIP","floor":12.0},{"not_picked":["Heavy Blade","Iron Wave","Replay:Undeath\u0027s Touch","Run Through"],"picked":"SKIP","floor":13.0},{"not_picked":["Headbutt","Run Through","Clash","Burning Pact"],"picked":"SKIP","floor":14.0},{"not_picked":["Sword Boomerang","Replay:Undeath\u0027s Touch","Run Through","Clothesline"],"picked":"SKIP","floor":18},{"not_picked":["Havoc","Sever Soul","Combust","Pummel+1"],"picked":"SKIP","floor":19},{"not_picked":["True Grit+1","Perfected Strike","Bloodletting","Wild Strike"],"picked":"SKIP","floor":20},{"not_picked":["Armaments","ReplayTheSpireMod:Limb From Limb+1","Heavy Blade","Body Slam"],"picked":"SKIP","floor":24}],"player_experience":243395,"relics_obtained":[{"floor":9.0,"key":"Replay:WaspNest"},{"floor":15.0,"key":"Pantograph"}],"event_choices":[{"damage_healed":0.0,"max_hp_gain":0.0,"max_hp_loss":0.0,"gold_gain":0.0,"event_name":"Scrap Ooze","player_choice":"Success","floor":5.0,"gold_loss":0.0,"damage_taken":3.0,"relics_obtained":["Turnip"]},{"damage_healed":0,"gold_gain":0,"player_choice":"Upgraded","damage_taken":0,"max_hp_gain":0,"max_hp_loss":0,"event_name":"Upgrade Shrine","floor":22,"gold_loss":0,"cards_upgraded":["Strike_R"]}],"is_beta":false,"boss_relics":[{"not_picked":["Replay:Bronze Core","Pandora\u0027s Box","Replay:Drink Me"]}],"items_purged_floors":[21,27],"is_endless":false,"potions_floor_spawned":[1,2,8,14,20],"killed_by":"Centurion and Healer","ascension_level":0}}