{"host":"lyzyr6cv4ove76ms","time":1610330162,"event":{"mods":["BaseMod","Colored Map","Infinite Spire","Minty Spire (QoL Compilation)","Replay The Spire","StSLib"],"gold_per_floor":[112,128,145,161,161,189,189,215,238,238,238],"floor_reached":10,"playtime":892,"items_purged":[],"score":82,"play_id":"ec161f6a-432e-4576-8c19-f4745ddb70ac","local_time":"20210111025602","is_ascension_mode":true,"campfire_choices":[{"floor":7,"key":"REST"}],"circlet_count":0,"master_deck":["Strike_G","Strike_G","Strike_G","Strike_G","Strike_G","Defend_G","Defend_G","Defend_G","Defend_G","Defend_G","Survivor+1","Neutralize"],"relics":["Ring of the Snake","Tingsha","MealTicket","Art of War"],"acts_visited":["Exordium"],"potions_floor_usage":[6,6,10],"damage_taken":[{"damage":1,"enemies":"Cultist","floor":1,"turns":4},{"damage":0,"enemies":"2 Louse","floor":2,"turns":3},{"damage":0,"enemies":"Small Slimes","floor":3,"turns":4},{"damage":3,"enemies":"Exordium Wildlife","floor":4,"turns":6},{"damage":36,"enemies":"Lagavulin","floor":6,"turns":10},{"damage":50,"enemies":"3 Sentries","floor":8,"turns":15},{"damage":0,"enemies":"Lagavulin","floor":10,"turns":1}],"seed_played":"1423287716885324928","potions_obtained":[{"floor":1,"key":"Ancient Potion"},{"floor":3,"key":"Flashbang"},{"floor":4,"key":"SteroidPotion"},{"floor":8,"key":"PowerPotion"}],"is_trial":false,"path_per_floor":["M","M","M","M","?","E","R","E","T","E"],"character_chosen":"THE_SILENT","items_purchased":[],"campfire_rested":1,"item_purchase_floors":[],"current_hp_per_floor":[76,76,76,73,73,37,60,10,10,10,10],"gold":238,"neow_bonus":"TEN_PERCENT_HP_BONUS","is_daily":false,"chose_seed":false,"campfire_upgraded":0,"win_rate":0.0,"timestamp":1610330162,"path_taken":["M","?","M","M","?","E","R","E","T","E"],"items_purchased_type":[],"build_version":"2020-12-22","purchased_purges":0,"victory":false,"max_hp_per_floor":[77,77,77,77,77,77,77,77,77,77,77],"card_choices":[{"not_picked":["ReplayTheSpireMod:Exploit Weakness","Bouncing Flask","Flying Knee"],"picked":"SKIP","floor":1},{"not_picked":["Outmaneuver","Backflip","Dodge and Roll"],"picked":"SKIP","floor":2},{"not_picked":["Bane","Setup","Toxin Wave"],"picked":"SKIP","floor":3},{"not_picked":["Crippling Poison","ReplayTheSpireMod:The Works","Masterful Stab"],"picked":"SKIP","floor":4},{"not_picked":["Underhanded Strike","Bane","Concentrate"],"picked":"SKIP","floor":6},{"not_picked":["Terror","Distraction","Crippling Poison"],"picked":"SKIP","floor":8}],"player_experience":584757,"relics_obtained":[{"floor":6,"key":"Tingsha"},{"floor":8,"key":"MealTicket"},{"floor":9,"key":"Art of War"}],"event_choices":[{"damage_healed":0,"gold_gain":0,"player_choice":"Grow","damage_taken":0,"max_hp_gain":0,"max_hp_loss":0,"event_name":"Living Wall","floor":5,"gold_loss":0,"cards_upgraded":["Survivor"]}],"is_beta":false,"boss_relics":[],"items_purged_floors":[],"is_endless":false,"potions_floor_spawned":[1,3,4,8],"killed_by":"Lagavulin","ascension_level":1}}