{"host":"fjaupvxe7fzqrf4j","time":1610344967,"event":{"mods":["ATMod(°¢èªMod)","BaseMod","Minty Spire (QoL Compilation)","StSLib"],"gold_per_floor":[118,118,118,128,128,157,184,227,250,290,325,360,30,61,61,148,157,179,179,213,103,28,70,97,124,148,183,183,218,257,287,287,369,369,382,146,146,171,494,527,562,588,588,622,648,648,682,682,682,682,682,682,682,96,130,130],"floor_reached":57,"playtime":1386,"items_purged":["AT_OneInchPunch+1"],"score":4820,"play_id":"d0c4e46e-f9e5-40ff-9fd9-9d7004363b7d","local_time":"20210111140247","daily_mods":["SealedDeck","Heirloom","Time Dilation","Flight","Elite Swarm"],"is_ascension_mode":true,"campfire_choices":[{"data":"Scrawl","floor":15.0,"key":"SMITH"},{"data":"Adaptation","floor":32.0,"key":"SMITH"},{"floor":49.0,"key":"RECALL"},{"data":"BowlingBash+1","floor":53.0,"key":"PURGE"}],"circlet_count":0,"master_deck":["AscendersBane","Halt+1","Crescendo+1","InnerPeace+1","FearNoEvil+1","Indignation+1","Consecrate+1","Prostrate+1","WheelKick+1","Ragnarok+1","LessonLearned+1","Scrawl+1","Adaptation+1","Omniscience+1","CurseOfTheBell","ClearTheMind+1","Wallop+1","Vault+1","Omniscience+1","Scrawl+1","DeusExMachina+1","DevaForm+1","Tantrum+1","Omniscience+1"],"relics":["PureWater","AT_ATBox","Unceasing Top","CeramicFish","PreservedInsect","Turnip","AT_BladeRuinedKing","MealTicket","Juzu Bracelet","AT_RedNoBalance","Bottled Lightning","Eternal Feather","Calling Bell","Ancient Tea Set","Mummified Hand","Calipers","Red Mask","HornCleat","TungstenRod","Orichalcum","Pear","Nunchaku","TeardropLocket","Shuriken","AT_RedTearstoneRing","Fusion Hammer","AT_BellDemon","Peace Pipe","Toy Ornithopter","Old Coin","AT_SilvercatRing","Oddly Smooth Stone","Mango","Akabeko","Regal Pillow","War Paint","Bottled Flame","Letter Opener","Pocketwatch","Dream Catcher","Molten Egg 2","AT_BellowingDragoncrestRing","Medical Kit","AT_Manta","CloakClasp","Du-Vu Doll"],"acts_visited":["Exordium","TheCity","TheBeyond","TheEnding"],"potions_floor_usage":[54],"damage_taken":[{"damage":0.0,"enemies":"2 Louse","floor":1.0,"turns":1.0},{"damage":0.0,"enemies":"Cultist","floor":4.0,"turns":1.0},{"damage":0.0,"enemies":"Lagavulin","floor":6.0,"turns":2.0},{"damage":0.0,"enemies":"3 Sentries","floor":7.0,"turns":2.0},{"damage":0.0,"enemies":"Lagavulin","floor":8.0,"turns":3.0},{"damage":0.0,"enemies":"Gremlin Nob","floor":10.0,"turns":1.0},{"damage":0.0,"enemies":"Lagavulin","floor":11.0,"turns":2.0},{"damage":0.0,"enemies":"3 Sentries","floor":12.0,"turns":2.0},{"damage":0.0,"enemies":"Gremlin Nob","floor":14.0,"turns":2.0},{"damage":18.0,"enemies":"Hexaghost","floor":16.0,"turns":3.0},{"damage":0.0,"enemies":"Chosen","floor":18.0,"turns":1.0},{"damage":0.0,"enemies":"Masked Bandits","floor":20.0,"turns":1.0},{"damage":0.0,"enemies":"Book of Stabbing","floor":23.0,"turns":1.0},{"damage":0.0,"enemies":"Gremlin Leader","floor":24.0,"turns":1.0},{"damage":0.0,"enemies":"Book of Stabbing","floor":25.0,"turns":1.0},{"damage":0.0,"enemies":"Gremlin Leader","floor":27.0,"turns":1.0},{"damage":0.0,"enemies":"Book of Stabbing","floor":29.0,"turns":1.0},{"damage":0.0,"enemies":"Slavers","floor":30.0,"turns":1.0},{"damage":0.0,"enemies":"Gremlin Leader","floor":31.0,"turns":2.0},{"damage":0.0,"enemies":"Automaton","floor":33.0,"turns":3.0},{"damage":0.0,"enemies":"3 Darklings","floor":35.0,"turns":1.0},{"damage":0.0,"enemies":"Mind Bloom Boss Battle","floor":38.0,"turns":1.0},{"damage":0.0,"enemies":"Orb Walker","floor":39.0,"turns":1.0},{"damage":0.0,"enemies":"Reptomancer","floor":40.0,"turns":1.0},{"damage":0.0,"enemies":"Nemesis","floor":41.0,"turns":1.0},{"damage":0.0,"enemies":"Giant Head","floor":42.0,"turns":1.0},{"damage":0.0,"enemies":"Reptomancer","floor":44.0,"turns":1.0},{"damage":0.0,"enemies":"Nemesis","floor":45.0,"turns":1.0},{"damage":0.0,"enemies":"Reptomancer","floor":47.0,"turns":1.0},{"damage":0.0,"enemies":"Awakened One","floor":50.0,"turns":2.0},{"damage":0.0,"enemies":"Time Eater","floor":51.0,"turns":1.0},{"damage":0,"enemies":"Shield and Spear","floor":55,"turns":1},{"damage":40,"enemies":"The Heart","floor":56,"turns":5}],"seed_played":"-4122704442794589307","potions_obtained":[{"floor":6.0,"key":"EssenceOfSteel"},{"floor":8.0,"key":"DuplicationPotion"},{"floor":11.0,"key":"Energy Potion"}],"is_trial":true,"path_per_floor":["M","?","?","M","?","E","E","E","T","E","E","E","$","E","R","B",null,"M","?","?","?","$","E","E","E","T","E","?","E","E","E","R","B",null,"M","$","?","?","M","E","E","E","T","E","E","?","E","?","R","B","B",null,"R","$","E","B",null],"character_chosen":"WATCHER","items_purchased":["Adaptation","Bottled Lightning","Wallop","AT_BellDemon","Medical Kit","AT_Manta","Fruit Juice"],"campfire_rested":0,"item_purchase_floors":[13,13,22,36,54,54,54],"current_hp_per_floor":[61,41,41,41,68,68,68,68,68,68,68,68,68,34,43,16,55,34,34,34,34,49,49,49,49,49,59,59,59,59,59,71,71,76,76,78,74,74,74,74,88,88,88,88,88,88,88,88,88,88,88,88,88,93,93,53],"gold":130,"neow_bonus":"","is_daily":false,"chose_seed":false,"campfire_upgraded":2,"win_rate":0.0,"timestamp":1610344967,"path_taken":["M","?","?","?","?","E","E","E","T","E","E","E","$","E","R","BOSS","M","?","?","?","$","E","E","E","T","E","?","E","E","E","R","BOSS","M","$","?","?","M","E","E","E","T","E","E","?","E","?","R","BOSS","BOSS","R","$","E","BOSS"],"items_purchased_type":["Card","Relic","Card","Relic","Relic","Relic","Potion"],"build_version":"2020-12-22","purchased_purges":1,"victory":true,"max_hp_per_floor":[68,68,68,68,68,68,68,68,68,68,68,68,68,68,68,68,68,68,68,68,68,68,68,68,68,68,78,78,78,78,78,78,78,78,78,78,74,74,74,74,88,88,88,88,88,88,88,88,88,88,88,88,88,93,93,93],"card_choices":[{"not_picked":["Evaluate","AT_DivineConfetti"],"picked":"WheelKick","floor":1.0},{"not_picked":["WaveOfTheHand","Sanctity","EmptyFist"],"picked":"SKIP","floor":4.0},{"not_picked":["Vault","Judgement","AT_ChampionKick"],"picked":"SKIP","floor":6.0},{"not_picked":["Omniscience","Devotion","Alpha"],"picked":"SKIP","floor":7.0},{"not_picked":["Wish","Omniscience"],"picked":"Ragnarok","floor":8.0},{"not_picked":["Devotion","Vault"],"picked":"LessonLearned","floor":10.0},{"not_picked":["Devotion","Alpha"],"picked":"Scrawl","floor":11.0},{"not_picked":["ConjureBlade","AT_RealColorLess"],"picked":"MasterReality","floor":12.0},{"not_picked":["Establishment","Wish","Devotion"],"picked":"SKIP","floor":14.0},{"not_picked":["Blasphemy","Establishment"],"picked":"Omniscience","floor":16.0},{"not_picked":["FollowUp","Crescendo"],"picked":"ClearTheMind","floor":18.0},{"not_picked":["DevaForm","Wish"],"picked":"Vault","floor":23.0},{"not_picked":["Wish","Alpha","Devotion"],"picked":"SKIP","floor":24.0},{"not_picked":["Blasphemy","LessonLearned","Devotion"],"picked":"SKIP","floor":25.0},{"not_picked":["SpiritShield","Alpha"],"picked":"Omniscience","floor":27.0},{"not_picked":["Brilliance","Devotion"],"picked":"Scrawl","floor":29.0},{"not_picked":["Scrawl","AT_RealColorLess"],"picked":"DeusExMachina","floor":30.0},{"not_picked":["Ragnarok","MasterReality","AT_RealColorLess"],"picked":"SKIP","floor":31.0},{"not_picked":["Judgement","DeusExMachina"],"picked":"DevaForm","floor":33.0},{"not_picked":["CutThroughFate+1","PathToVictory+1","Vengeance+1"],"picked":"SKIP","floor":35.0},{"not_picked":["Consecrate","AT_ChampionStep"],"picked":"Tantrum","floor":39.0},{"not_picked":["Vault","MasterReality","Ragnarok"],"picked":"SKIP","floor":40.0},{"not_picked":["LessonLearned","Wish","Establishment"],"picked":"SKIP","floor":41.0},{"not_picked":["SpiritShield","AT_RealColorLess","Ragnarok"],"picked":"SKIP","floor":42.0},{"not_picked":["AT_IrregularMenstruation","MasterReality","AT_MachinaRedman"],"picked":"SKIP","floor":44.0},{"not_picked":["AT_IrregularMenstruation","Scrawl","Devotion"],"picked":"SKIP","floor":45.0},{"not_picked":["DeusExMachina","Blasphemy"],"picked":"Omniscience","floor":47.0},{"not_picked":["AT_RealColorLess","ConjureBlade","Omniscience"],"picked":"SKIP","floor":55}],"player_experience":389055,"relics_obtained":[{"floor":6.0,"key":"CeramicFish"},{"floor":7.0,"key":"PreservedInsect"},{"floor":8.0,"key":"Turnip"},{"floor":9.0,"key":"AT_BladeRuinedKing"},{"floor":10.0,"key":"MealTicket"},{"floor":11.0,"key":"Juzu Bracelet"},{"floor":12.0,"key":"AT_SilverBalance"},{"floor":14.0,"key":"Eternal Feather"},{"floor":17.0,"key":"Ancient Tea Set"},{"floor":17.0,"key":"Mummified Hand"},{"floor":17.0,"key":"Calipers"},{"floor":20.0,"key":"Red Mask"},{"floor":23.0,"key":"HornCleat"},{"floor":24.0,"key":"TungstenRod"},{"floor":25.0,"key":"Orichalcum"},{"floor":27.0,"key":"Pear"},{"floor":28.0,"key":"Nunchaku"},{"floor":29.0,"key":"TeardropLocket"},{"floor":30.0,"key":"Shuriken"},{"floor":31.0,"key":"AT_RedTearstoneRing"},{"floor":38.0,"key":"Peace Pipe"},{"floor":38.0,"key":"Toy Ornithopter"},{"floor":39.0,"key":"Old Coin"},{"floor":40.0,"key":"AT_SilvercatRing"},{"floor":41.0,"key":"Oddly Smooth Stone"},{"floor":41.0,"key":"Mango"},{"floor":42.0,"key":"Akabeko"},{"floor":42.0,"key":"Regal Pillow"},{"floor":43.0,"key":"War Paint"},{"floor":44.0,"key":"Bottled Flame"},{"floor":44.0,"key":"Letter Opener"},{"floor":45.0,"key":"Pocketwatch"},{"floor":45.0,"key":"Dream Catcher"},{"floor":47.0,"key":"Molten Egg 2"},{"floor":47.0,"key":"AT_BellowingDragoncrestRing"},{"floor":55,"key":"CloakClasp"},{"floor":55,"key":"Du-Vu Doll"}],"event_choices":[{"damage_healed":0.0,"max_hp_gain":0.0,"max_hp_loss":0.0,"gold_gain":0.0,"event_name":"Shining Light","player_choice":"Entered Light","floor":2.0,"gold_loss":0.0,"damage_taken":20.0,"cards_upgraded":["FearNoEvil","Halt"]},{"damage_healed":0.0,"max_hp_gain":0.0,"max_hp_loss":0.0,"gold_gain":0.0,"event_name":"Accursed Blacksmith","player_choice":"Forge","floor":3.0,"gold_loss":0.0,"damage_taken":0.0,"cards_upgraded":["AT_OneInchPunch"]},{"cards_removed":["ForeignInfluence"],"damage_healed":27.0,"max_hp_gain":0.0,"max_hp_loss":0.0,"gold_gain":0.0,"event_name":"Bonfire Elementals","player_choice":"Offered Uncommon","floor":5.0,"gold_loss":0.0,"damage_taken":0.0},{"damage_healed":0.0,"max_hp_gain":0.0,"max_hp_loss":0.0,"gold_gain":0.0,"event_name":"Ghosts","player_choice":"Ignored","floor":19.0,"gold_loss":0.0,"damage_taken":0.0},{"damage_healed":0.0,"max_hp_gain":0.0,"max_hp_loss":0.0,"gold_gain":0.0,"event_name":"Masked Bandits","player_choice":"Fought Bandits","floor":20.0,"gold_loss":0.0,"damage_taken":0.0},{"cards_removed":["MasterReality"],"damage_healed":0.0,"max_hp_gain":0.0,"max_hp_loss":0.0,"gold_gain":0.0,"event_name":"Designer","player_choice":"Upgrade and Remove","floor":21.0,"gold_loss":110.0,"damage_taken":0.0,"cards_upgraded":["Indignation"]},{"damage_healed":0.0,"max_hp_gain":0.0,"max_hp_loss":0.0,"gold_gain":0.0,"event_name":"Wheel of Change","player_choice":"Relic","floor":28.0,"gold_loss":0.0,"damage_taken":0.0},{"damage_healed":0.0,"max_hp_gain":0.0,"max_hp_loss":4.0,"gold_gain":0.0,"event_name":"Winding Halls","player_choice":"Max HP","floor":37.0,"gold_loss":0.0,"damage_taken":0.0},{"damage_healed":0.0,"max_hp_gain":0.0,"max_hp_loss":0.0,"gold_gain":0.0,"event_name":"MindBloom","player_choice":"Fight","floor":38.0,"gold_loss":0.0,"damage_taken":0.0},{"damage_healed":0.0,"max_hp_gain":0.0,"max_hp_loss":0.0,"gold_gain":0.0,"event_name":"Transmorgrifier","player_choice":"Ignored","floor":46.0,"gold_loss":0.0,"damage_taken":0.0},{"damage_healed":0.0,"max_hp_gain":0.0,"max_hp_loss":0.0,"gold_gain":0.0,"event_name":"SensoryStone","player_choice":"Memory 1","floor":48.0,"gold_loss":0.0,"damage_taken":0.0}],"is_beta":false,"boss_relics":[{"not_picked":["SacredBark","Busted Crown"],"picked":"Calling Bell"},{"not_picked":["HolyWater","Velvet Choker"],"picked":"Fusion Hammer"}],"items_purged_floors":[36],"is_endless":false,"potions_floor_spawned":[6,8,10,11,23,27,30,31,33,35,39,40,47],"ascension_level":20}}