{"host":"jm9833yuloeli2yd","time":1610409116,"event":{"mods":["BaseMod","Better Altar","Better Match","Better Note","Better Sensory Stone","Better Skull","Better Third Choice","Better Vampires","BetterRewards","Colored Map","Colored Powertips","DeckTracker","Minty Spire (QoL Compilation)","Permanent Neow","Quick Restart","Slay-I","StSLib","SuperFastMode"],"gold_per_floor":[111,124,124,143,158,185,203,237,237,237,1,31,31,45,45,122,122,137,154,154,154,231,231,231],"floor_reached":23,"playtime":543,"items_purged":[],"score":426,"play_id":"cefb90f1-5892-4bff-a6da-d48a892ec007","local_time":"20210111185156","is_ascension_mode":true,"campfire_choices":[{"floor":15,"key":"REST"}],"circlet_count":0,"master_deck":["AscendersBane","Strike_G","Strike_G","Defend_G","Defend_G","Defend_G","Defend_G","Defend_G","Survivor","Neutralize","Quick Slash","Dagger Spray+1","Backstab","Noxious Fumes+1","Die Die Die","All Out Attack","Malaise","Corpse Explosion","Heel Hook","Blade Dance","Backflip","Night Terror","Blade Dance","Heel Hook"],"relics":["Fusion Hammer","Omamori","Ancient Tea Set","Boot","Tiny Chest","Empty Cage","Molten Egg 2"],"acts_visited":["Exordium","TheCity"],"potions_floor_usage":[6,16,21],"damage_taken":[{"damage":0.0,"enemies":"Small Slimes","floor":1.0,"turns":4.0},{"damage":0.0,"enemies":"Cultist","floor":2.0,"turns":4.0},{"damage":2.0,"enemies":"Jaw Worm","floor":4.0,"turns":3.0},{"damage":0.0,"enemies":"Large Slime","floor":5.0,"turns":4.0},{"damage":6,"enemies":"Gremlin Nob","floor":6,"turns":3},{"damage":5,"enemies":"Gremlin Gang","floor":7,"turns":4},{"damage":15,"enemies":"3 Sentries","floor":8,"turns":4},{"damage":19,"enemies":"Lagavulin","floor":12,"turns":6},{"damage":7,"enemies":"Lots of Slimes","floor":14,"turns":3},{"damage":9,"enemies":"Hexaghost","floor":16,"turns":10},{"damage":9,"enemies":"2 Thieves","floor":18,"turns":2},{"damage":23,"enemies":"Shell Parasite","floor":19,"turns":3},{"damage":0,"enemies":"Snake Plant","floor":21,"turns":1},{"damage":28,"enemies":"Shelled Parasite and Fungi","floor":23,"turns":2}],"seed_played":"7929045147047902391","potions_obtained":[{"floor":1.0,"key":"Swift Potion"},{"floor":2.0,"key":"FearPotion"},{"floor":6,"key":"SmokeBomb"},{"floor":14,"key":"Poison Potion"}],"is_trial":false,"path_per_floor":["M","M","?","M","M","E","M","E","T","?","$","E","?","M","R","B",null,"M","M","?","M","T","M"],"character_chosen":"THE_SILENT","items_purchased":["Corpse Explosion","Heel Hook"],"campfire_rested":1,"item_purchase_floors":[11,11],"current_hp_per_floor":[59,59,59,57,57,51,46,31,31,36,36,17,17,10,31,22,59,50,27,27,27,27,0,0],"gold":231,"neow_bonus":"BOSS_RELIC","is_daily":false,"chose_seed":false,"campfire_upgraded":0,"win_rate":0.0,"timestamp":1610409116,"path_taken":["M","M","?","?","M","E","M","E","T","?","$","E","?","M","R","BOSS","M","?","?","M","?","M"],"items_purchased_type":["Card","Card"],"build_version":"2020-12-22","purchased_purges":0,"victory":false,"max_hp_per_floor":[66,66,66,66,66,66,66,66,66,71,71,71,71,71,71,71,71,71,71,71,71,71,71,71],"card_choices":[{"not_picked":["Concentrate","Setup"],"picked":"Quick Slash","floor":1.0},{"not_picked":["Flechettes","Caltrops"],"picked":"Dagger Spray","floor":2.0},{"not_picked":["Underhanded Strike","Flying Knee"],"picked":"Backstab","floor":4.0},{"not_picked":["Underhanded Strike","Endless Agony"],"picked":"Noxious Fumes","floor":5.0},{"not_picked":["Prepared","Expertise"],"picked":"Die Die Die","floor":6},{"not_picked":["Reflex","Slice"],"picked":"All Out Attack","floor":7},{"not_picked":["Deadly Poison","Outmaneuver"],"picked":"Malaise","floor":8},{"not_picked":["Concentrate","Setup"],"picked":"Blade Dance","floor":12},{"not_picked":["Escape Plan","Sucker Punch"],"picked":"Backflip","floor":14},{"not_picked":["Bullet Time","Die Die Die"],"picked":"Night Terror","floor":16},{"not_picked":["Prepared","Choke"],"picked":"Blade Dance","floor":18},{"not_picked":["Infinite Blades","Sucker Punch"],"picked":"Heel Hook","floor":19}],"player_experience":1306641,"relics_obtained":[{"floor":6,"key":"Omamori"},{"floor":8,"key":"Ancient Tea Set"},{"floor":9,"key":"Boot"},{"floor":12,"key":"Tiny Chest"},{"floor":22,"key":"Molten Egg 2"}],"event_choices":[{"damage_healed":0.0,"max_hp_gain":0.0,"max_hp_loss":0.0,"gold_gain":0.0,"event_name":"Upgrade Shrine","player_choice":"Upgraded","floor":3.0,"gold_loss":0.0,"damage_taken":0.0,"cards_upgraded":["Dagger Spray"]},{"damage_healed":0,"gold_gain":0,"player_choice":"Donut","damage_taken":0,"max_hp_gain":5,"max_hp_loss":0,"event_name":"Big Fish","floor":10,"gold_loss":0},{"damage_healed":0,"gold_gain":0,"player_choice":"Upgraded","damage_taken":0,"max_hp_gain":0,"max_hp_loss":0,"event_name":"Upgrade Shrine","floor":13,"gold_loss":0,"cards_upgraded":["Noxious Fumes"]},{"cards_removed":["Strike_G"],"damage_healed":0,"gold_gain":0,"player_choice":"Purged","damage_taken":0,"max_hp_gain":0,"max_hp_loss":0,"event_name":"Purifier","floor":20,"gold_loss":0}],"is_beta":false,"boss_relics":[{"not_picked":["Coffee Dripper","Pandora\u0027s Box"],"picked":"Empty Cage"}],"items_purged_floors":[],"is_endless":false,"potions_floor_spawned":[1,2,6,14,21],"killed_by":"Shelled Parasite and Fungi","ascension_level":20}}