{"host":"d52brwsy6af8zvaq","time":1614290271,"event":{"mods":["AchievementEnabler","BaseMod","Bestiary","Highlight Path","Minty Spire (QoL Compilation)","Quick Restart","Relic Stats","ojb\u0027s Better Paths Mod"],"gold_per_floor":[113,127,141,141,162,162,195,195,248,284,307,307,22,38,38,127,127,148,171,189,189,212,248,248,288,315,330,374,374,395,395,395,395,395],"floor_reached":33,"language":"ENG","playtime":1389,"items_purged":[],"score":688,"play_id":"354624e0-d475-4029-823e-8375add947bb","local_time":"20210225145751","is_ascension_mode":true,"campfire_choices":[{"floor":6.0,"key":"REST"},{"data":"Biased Cognition","floor":8.0,"key":"SMITH"},{"data":"Sunder","floor":15.0,"key":"SMITH"},{"floor":24.0,"key":"REST"},{"floor":29.0,"key":"REST"},{"data":"Defragment","floor":32,"key":"SMITH"}],"circlet_count":0,"master_deck":["AscendersBane","Strike_B","Strike_B","Strike_B","Strike_B","Defend_B","Defend_B","Defend_B","Defend_B","Zap","Dualcast","Gash","Sweeping Beam","Biased Cognition+1","Ball Lightning","BootSequence","Sunder+1","Cold Snap","Self Repair","Melter","Leap","Echo Form","Hologram","Doom and Gloom","Capacitor","Conserve Battery","Turbo+1","Hologram","Undo","Barrage","Loop","Gash","Defragment+1"],"relics":["Cracked Core","CaptainsWheel","Golden Idol","Mercury Hourglass","Dream Catcher","Omamori","Snecko Eye","Pear","Question Card","Symbiotic Virus","MealTicket","Cables"],"acts_visited":["Exordium","TheCity"],"potions_floor_usage":[33],"damage_taken":[{"damage":10.0,"enemies":"Small Slimes","floor":1.0,"turns":3.0},{"damage":2.0,"enemies":"2 Louse","floor":2.0,"turns":3.0},{"damage":6.0,"enemies":"Cultist","floor":3.0,"turns":3.0},{"damage":13.0,"enemies":"Red Slaver","floor":5.0,"turns":3.0},{"damage":7.0,"enemies":"Lagavulin","floor":7.0,"turns":6.0},{"damage":0.0,"enemies":"3 Sentries","floor":10.0,"turns":4.0},{"damage":0.0,"enemies":"2 Fungi Beasts","floor":11.0,"turns":2.0},{"damage":3.0,"enemies":"Blue Slaver","floor":14.0,"turns":4.0},{"damage":50.0,"enemies":"Hexaghost","floor":16.0,"turns":11.0},{"damage":0.0,"enemies":"Spheric Guardian","floor":18.0,"turns":3.0},{"damage":13.0,"enemies":"2 Thieves","floor":19.0,"turns":3.0},{"damage":10.0,"enemies":"Centurion and Healer","floor":20.0,"turns":6.0},{"damage":5.0,"enemies":"Snecko","floor":22.0,"turns":3.0},{"damage":58.0,"enemies":"Book of Stabbing","floor":23.0,"turns":6.0},{"damage":26.0,"enemies":"Gremlin Leader","floor":25.0,"turns":5.0},{"damage":4.0,"enemies":"Snake Plant","floor":27.0,"turns":4.0},{"damage":8.0,"enemies":"Book of Stabbing","floor":28.0,"turns":4.0},{"damage":0.0,"enemies":"Centurion and Healer","floor":30.0,"turns":3.0},{"damage":39,"enemies":"Collector","floor":33,"turns":5}],"seed_played":"4945852802238431369","potions_obtained":[{"floor":2.0,"key":"AttackPotion"},{"floor":5.0,"key":"LiquidMemories"},{"floor":10.0,"key":"ColorlessPotion"},{"floor":19.0,"key":"Strength Potion"},{"floor":20.0,"key":"DuplicationPotion"},{"floor":23.0,"key":"ColorlessPotion"},{"floor":30.0,"key":"DuplicationPotion"}],"is_trial":false,"path_per_floor":["M","M","M","?","M","R","E","R","T","E","M","?","$","M","R","B",null,"M","M","M","T","M","E","R","E","T","M","E","R","M","?","R","B"],"character_chosen":"DEFECT","items_purchased":["Self Repair","Melter","FairyPotion"],"campfire_rested":3,"item_purchase_floors":[13,13,13],"current_hp_per_floor":[36,34,28,28,15,34,27,27,27,27,27,27,27,31,31,9,50,57,51,55,65,74,23,45,19,19,22,14,36,36,36,36,0,0],"gold":395,"neow_bonus":"ONE_RARE_RELIC","is_daily":false,"chose_seed":false,"campfire_upgraded":3,"win_rate":0.0,"timestamp":1614290271,"path_taken":["M","M","M","?","M","R","E","R","T","E","M","?","$","M","R","BOSS","M","M","?","?","M","E","R","E","T","M","E","R","M","?","R","BOSS"],"items_purchased_type":["Card","Card","Potion"],"build_version":"2020-12-22","purchased_purges":0,"victory":false,"max_hp_per_floor":[71,71,71,64,64,64,64,64,64,64,64,64,64,64,64,64,64,64,64,64,74,74,74,74,74,74,74,74,74,74,74,74,74,74],"relic_stats":{"Dream Catcher":2,"counters":[19,81],"Golden Idol":101,"Snecko Eye":[81,68,66,73],"MealTicket":0,"Question Card":7,"obtain_stats":[{"CaptainsWheel":0,"Dream Catcher":9,"Pear":21,"Golden Idol":4,"Snecko Eye":17,"MealTicket":26,"Omamori":10,"Cracked Core":0,"Question Card":23,"Symbiotic Virus":25,"Mercury Hourglass":7,"Cables":28},{"CaptainsWheel":0,"Dream Catcher":5,"Pear":12,"Golden Idol":3,"Snecko Eye":9,"MealTicket":15,"Omamori":6,"Cracked Core":0,"Question Card":14,"Symbiotic Virus":15,"Mercury Hourglass":5,"Cables":17},{"CaptainsWheel":0,"Dream Catcher":18,"Pear":51,"Golden Idol":9,"Snecko Eye":39,"MealTicket":65,"Omamori":22,"Cracked Core":0,"Question Card":60,"Symbiotic Virus":65,"Mercury Hourglass":18,"Cables":73}],"Mercury Hourglass":[225],"Cables":[6,4,0,2,0]},"card_choices":[{"not_picked":["Force Field","Melter"],"picked":"Gash","floor":1.0},{"not_picked":["Compile Driver","Tempest"],"picked":"Sweeping Beam","floor":2.0},{"not_picked":["Go for the Eyes","Cold Snap"],"picked":"Biased Cognition","floor":3.0},{"not_picked":["Compile Driver","Steam Power"],"picked":"Ball Lightning","floor":5.0},{"not_picked":["Fission","Turbo"],"picked":"BootSequence","floor":7.0},{"not_picked":["Steam","Genetic Algorithm"],"picked":"Sunder","floor":10.0},{"not_picked":["Steam Power","Redo"],"picked":"Cold Snap","floor":11.0},{"not_picked":["Loop","Streamline"],"picked":"Leap","floor":14.0},{"not_picked":["Meteor Strike","Rainbow"],"picked":"Echo Form","floor":16.0},{"not_picked":["Rebound","Reprogram","Hologram"],"picked":"SKIP","floor":18.0},{"not_picked":["Rebound","Reprogram"],"picked":"Hologram","floor":18.0},{"not_picked":["Steam","Echo Form"],"picked":"Doom and Gloom","floor":19.0},{"not_picked":["Auto Shields","BootSequence"],"picked":"Capacitor","floor":20.0},{"not_picked":["Beam Cell","Tempest+1"],"picked":"Conserve Battery","floor":22.0},{"not_picked":["Barrage","Leap"],"picked":"Turbo+1","floor":23.0},{"not_picked":["Steam","Turbo+1","Rebound"],"picked":"Hologram","floor":24.0},{"not_picked":["Chaos","Darkness+1","Rainbow"],"picked":"Undo","floor":25.0},{"not_picked":["Self Repair","Sweeping Beam+1","Static Discharge+1"],"picked":"Barrage","floor":27.0},{"not_picked":["Static Discharge","Conserve Battery","Sweeping Beam"],"picked":"Loop","floor":28.0},{"not_picked":["Scrape","Turbo","Consume"],"picked":"Gash","floor":29.0},{"not_picked":["Coolheaded","Hologram","Ball Lightning"],"picked":"Defragment","floor":30.0}],"player_experience":2372046,"relics_obtained":[{"floor":7.0,"key":"Mercury Hourglass"},{"floor":9.0,"key":"Dream Catcher"},{"floor":10.0,"key":"Omamori"},{"floor":21.0,"key":"Pear"},{"floor":23.0,"key":"Question Card"},{"floor":25.0,"key":"Symbiotic Virus"},{"floor":26.0,"key":"MealTicket"},{"floor":28.0,"key":"Cables"}],"event_choices":[{"damage_healed":0.0,"max_hp_gain":0.0,"max_hp_loss":7.0,"gold_gain":0.0,"event_name":"Golden Idol","player_choice":"Lose Max HP","floor":4.0,"gold_loss":0.0,"damage_taken":0.0,"relics_obtained":["Golden Idol"]},{"damage_healed":0.0,"max_hp_gain":0.0,"max_hp_loss":0.0,"gold_gain":0.0,"event_name":"FaceTrader","player_choice":"Leave","floor":12.0,"gold_loss":0.0,"damage_taken":0.0},{"damage_healed":0,"gold_gain":0,"player_choice":"Ignored","damage_taken":0,"max_hp_gain":0,"max_hp_loss":0,"event_name":"Cursed Tome","floor":31,"gold_loss":0}],"is_beta":false,"boss_relics":[{"not_picked":["FrozenCore","Busted Crown"],"picked":"Snecko Eye"}],"items_purged_floors":[],"is_endless":false,"potions_floor_spawned":[2,5,10,14,19,20,23,30],"killed_by":"Collector","ascension_level":20}}