{"host":"oyzno85dy6ca94bi","time":1614228653,"event":{"mods":["AchievementEnabler","BaseMod","Colored Map","DeckTracker","Keyboard Shortcuts","Minty Spire (QoL Compilation)","Permanent Neow","SuperFastMode","everything is the same but u backflip on backflip"],"gold_per_floor":[110,127,142,217,15,15,15,15,41,73,88,99,112,126,126,222,222,208,123,137,150,163,163,163,163,163,263,275,275,288,161,161,265,265,280,250,150,169,188,188,220,220,220,233,249,249,29,56,56,56],"floor_reached":51,"language":"KOR","playtime":5149,"items_purged":["Envenom","Quick Slash"],"score":1023,"play_id":"11c87007-674f-4c91-9e5c-19509d8d81ca","local_time":"20210225135053","is_ascension_mode":true,"campfire_choices":[{"data":"Glass Knife","floor":6.0,"key":"SMITH"},{"data":"Deadly Poison","floor":8.0,"key":"SMITH"},{"floor":15.0,"key":"REST"},{"floor":23.0,"key":"REST"},{"data":"Catalyst","floor":25.0,"key":"SMITH"},{"data":"Distraction","floor":29.0,"key":"SMITH"},{"data":"Prepared","floor":32.0,"key":"SMITH"},{"data":"After Image","floor":40.0,"key":"SMITH"},{"data":"Adrenaline","floor":42.0,"key":"SMITH"},{"floor":49.0,"key":"REST"}],"circlet_count":0,"master_deck":["Survivor","Neutralize","Glass Knife+1","Dagger Throw","Deadly Poison+1","Backflip","Well Laid Plans","PiercingWail","Dodge and Roll","Footwork","Escape Plan","Malaise","Calculated Gamble","PiercingWail","Deflect","Cloak And Dagger","Deadly Poison","Distraction+1","Calculated Gamble","Flechettes+1","Noxious Fumes+1","Tactician+1","Catalyst+1","Ghostly","Ghostly","Ghostly","Ghostly","Ghostly","Backstab","Caltrops","Prepared+1","After Image+1","Backflip+1","Adrenaline+1","Dodge and Roll","Catalyst+1","Reflex"],"relics":["Ring of the Snake","Boot","Ancient Tea Set","Shuriken","Pandora\u0027s Box","Regal Pillow","Gambling Chip","Sozu","Bottled Flame","HornCleat","DollysMirror","Toy Ornithopter"],"acts_visited":["Exordium","TheCity","TheBeyond"],"potions_floor_usage":[],"damage_taken":[{"damage":0.0,"enemies":"2 Louse","floor":1.0,"turns":3.0},{"damage":0.0,"enemies":"Cultist","floor":2.0,"turns":3.0},{"damage":0.0,"enemies":"Small Slimes","floor":3.0,"turns":2.0},{"damage":24.0,"enemies":"Gremlin Nob","floor":10.0,"turns":4.0},{"damage":3.0,"enemies":"Blue Slaver","floor":11.0,"turns":4.0},{"damage":3.0,"enemies":"Red Slaver","floor":12.0,"turns":4.0},{"damage":0.0,"enemies":"Lots of Slimes","floor":13.0,"turns":4.0},{"damage":5.0,"enemies":"Large Slime","floor":14.0,"turns":5.0},{"damage":0.0,"enemies":"The Guardian","floor":16.0,"turns":8.0},{"damage":19.0,"enemies":"2 Thieves","floor":18.0,"turns":4.0},{"damage":8.0,"enemies":"Spheric Guardian","floor":20.0,"turns":4.0},{"damage":3.0,"enemies":"Cultist and Chosen","floor":21.0,"turns":7.0},{"damage":17.0,"enemies":"Centurion and Healer","floor":22.0,"turns":7.0},{"damage":0.0,"enemies":"3 Cultists","floor":28.0,"turns":6.0},{"damage":0.0,"enemies":"Sentry and Sphere","floor":30.0,"turns":4.0},{"damage":28.0,"enemies":"Champ","floor":33.0,"turns":11.0},{"damage":0.0,"enemies":"3 Darklings","floor":35.0,"turns":2.0},{"damage":0.0,"enemies":"Orb Walker","floor":38.0,"turns":6.0},{"damage":2.0,"enemies":"Jaw Worm Horde","floor":39.0,"turns":6.0},{"damage":0.0,"enemies":"Nemesis","floor":41.0,"turns":7.0},{"damage":0.0,"enemies":"Spire Growth","floor":44.0,"turns":6.0},{"damage":5.0,"enemies":"3 Darklings","floor":45.0,"turns":6.0},{"damage":14.0,"enemies":"Giant Head","floor":48.0,"turns":8.0},{"damage":0,"enemies":"Donu and Deca","floor":50,"turns":10}],"seed_played":"4636604923435282244","potions_obtained":[{"floor":12.0,"key":"Block Potion"},{"floor":13.0,"key":"Swift Potion"},{"floor":14.0,"key":"PowerPotion"},{"floor":20.0,"key":"BlessingOfTheForge"},{"floor":28.0,"key":"Dexterity Potion"}],"is_trial":false,"path_per_floor":["M","M","M","?","$","R","?","R","T","E","M","M","M","M","R","B",null,"M","?","M","M","M","R","?","R","T","?","M","R","M","$","R","B",null,"M","?","$","M","M","R","E","R","T","M","M","?","$","E","R","B",null],"character_chosen":"THE_SILENT","items_purchased":["Well Laid Plans","PiercingWail","AttackPotion","Dexterity Potion","Prepared","DollysMirror","Reflex"],"campfire_rested":3,"item_purchase_floors":[5,5,5,5,31,47,47],"current_hp_per_floor":[63,63,63,52,52,52,52,52,52,28,25,22,22,17,35,35,63,44,44,36,33,16,49,31,31,31,31,31,31,31,31,31,3,31,31,31,31,31,29,29,29,29,29,29,24,24,24,10,31,31],"gold":56,"neow_bonus":"THREE_RARE_CARDS","is_daily":false,"chose_seed":false,"campfire_upgraded":7,"win_rate":0.0,"timestamp":1614228653,"path_taken":["M","M","M","?","$","R","?","R","T","E","?","M","M","?","R","BOSS","M","?","M","M","M","R","?","R","T","?","M","R","M","$","R","BOSS","M","?","$","M","M","R","E","R","T","?","M","?","$","E","R","BOSS"],"items_purchased_type":["Card","Card","Potion","Potion","Card","Relic","Card"],"build_version":"2020-12-22","purchased_purges":2,"victory":true,"max_hp_per_floor":[63,63,63,63,63,63,63,63,63,63,63,63,63,63,63,63,63,63,63,63,63,63,63,31,31,31,31,31,31,31,31,31,31,31,31,31,31,31,31,31,31,31,31,31,31,31,31,31,31,31],"card_choices":[{"not_picked":["Night Terror","A Thousand Cuts"],"picked":"Glass Knife","floor":0.0},{"not_picked":["Bane","Slice"],"picked":"Dagger Throw","floor":1.0},{"not_picked":["Expertise","Sucker Punch"],"picked":"Deadly Poison","floor":2.0},{"not_picked":["Cloak And Dagger","Predator"],"picked":"Backflip","floor":3.0},{"not_picked":["A Thousand Cuts","Reflex","Prepared"],"picked":"SKIP","floor":10.0},{"not_picked":["Outmaneuver","Deadly Poison"],"picked":"Dodge and Roll","floor":11.0},{"not_picked":["Acrobatics","PiercingWail"],"picked":"Footwork","floor":12.0},{"not_picked":["Riddle With Holes","Dodge and Roll"],"picked":"Escape Plan","floor":13.0},{"not_picked":["Bane","Infinite Blades","Slice"],"picked":"SKIP","floor":14.0},{"not_picked":["Phantasmal Killer","A Thousand Cuts"],"picked":"Malaise","floor":16.0},{"not_picked":["Deflect+1","Sucker Punch+1"],"picked":"Flechettes+1","floor":18.0},{"not_picked":["Bane","Dagger Spray"],"picked":"Noxious Fumes+1","floor":20.0},{"not_picked":["Outmaneuver+1","Backflip"],"picked":"Tactician+1","floor":21.0},{"not_picked":["Footwork+1","Tactician"],"picked":"Catalyst","floor":22.0},{"not_picked":["Outmaneuver","Infinite Blades"],"picked":"Backstab","floor":28.0},{"not_picked":["Blade Dance","Prepared"],"picked":"Caltrops","floor":30.0},{"not_picked":["A Thousand Cuts","Die Die Die"],"picked":"After Image","floor":33.0},{"not_picked":["Cloak And Dagger","Skewer"],"picked":"Backflip+1","floor":35.0},{"not_picked":["Backstab","Terror+1","Dagger Spray+1"],"picked":"SKIP","floor":38.0},{"not_picked":["Deadly Poison","Outmaneuver","Slice+1"],"picked":"SKIP","floor":39.0},{"not_picked":["Dagger Throw+1","Distraction"],"picked":"Adrenaline","floor":41.0},{"not_picked":["Quick Slash","Sucker Punch+1","Concentrate+1"],"picked":"SKIP","floor":44.0},{"not_picked":["Endless Agony","Quick Slash+1","Dagger Spray+1"],"picked":"SKIP","floor":45.0},{"not_picked":["Venomology","Backflip+1","Setup"],"picked":"SKIP","floor":48.0}],"player_experience":512989,"relics_obtained":[{"floor":9.0,"key":"Ancient Tea Set"},{"floor":10.0,"key":"Shuriken"},{"floor":26.0,"key":"Gambling Chip"},{"floor":41.0,"key":"Bottled Flame"},{"floor":43.0,"key":"HornCleat"},{"floor":48.0,"key":"Toy Ornithopter"}],"event_choices":[{"damage_healed":0.0,"max_hp_gain":0.0,"max_hp_loss":0.0,"gold_gain":75.0,"event_name":"World of Goop","player_choice":"Gather Gold","floor":4.0,"gold_loss":0.0,"damage_taken":11.0},{"damage_healed":0.0,"max_hp_gain":0.0,"max_hp_loss":0.0,"gold_gain":0.0,"event_name":"WeMeetAgain","player_choice":"Gave Potion","floor":7.0,"gold_loss":0.0,"damage_taken":0.0,"relics_obtained":["Boot"]},{"damage_healed":0.0,"max_hp_gain":0.0,"max_hp_loss":0.0,"gold_gain":0.0,"event_name":"Addict","player_choice":"Obtained Relic","floor":19.0,"gold_loss":85.0,"damage_taken":0.0,"relics_obtained":["Regal Pillow"]},{"damage_healed":0.0,"max_hp_gain":0.0,"max_hp_loss":32.0,"gold_gain":0.0,"event_name":"Ghosts","player_choice":"Became a Ghost","floor":24.0,"gold_loss":0.0,"damage_taken":0.0,"cards_obtained":["Ghostly","Ghostly","Ghostly","Ghostly","Ghostly"]},{"damage_healed":0.0,"max_hp_gain":0.0,"max_hp_loss":0.0,"gold_gain":100.0,"event_name":"Golden Shrine","player_choice":"Pray","floor":27.0,"gold_loss":0.0,"damage_taken":0.0},{"damage_healed":0.0,"max_hp_gain":0.0,"max_hp_loss":0.0,"gold_gain":0.0,"event_name":"The Woman in Blue","player_choice":"Bought 2 Potions","floor":36.0,"gold_loss":0.0,"damage_taken":0.0},{"damage_healed":0.0,"max_hp_gain":0.0,"max_hp_loss":0.0,"gold_gain":0.0,"cards_transformed":["Poisoned Stab"],"event_name":"Transmorgrifier","player_choice":"Transformed","floor":46.0,"gold_loss":0.0,"damage_taken":0.0,"cards_obtained":["Dodge and Roll"]}],"is_beta":false,"boss_relics":[{"not_picked":["Cursed Key","Ring of the Serpent"],"picked":"Pandora\u0027s Box"},{"not_picked":["Calling Bell","SacredBark"],"picked":"Sozu"}],"items_purged_floors":[31,37],"is_endless":false,"potions_floor_spawned":[12,13,14,20,28,38,41,45,48],"ascension_level":4}}