{"host":"8is2j71l4wmybkoi","time":1614254624,"event":{"mods":["AchievementEnabler","BaseMod","Colored Map","DeckTracker","Minty Spire (QoL Compilation)","Rare Cards Sparkle","Relic Stats","StSLib","SuperFastMode"],"gold_per_floor":[118,118,118,137,151,151,186,203,230,230,2,2,22,39,39,117,117,137,137,153,133,152,152,152,152],"floor_reached":24,"language":"KOR","playtime":854,"items_purged":[],"score":434,"play_id":"438a161b-f7c1-4715-9615-3824e2d03fc6","local_time":"20210225210344","is_ascension_mode":true,"campfire_choices":[{"data":"Sunder","floor":6.0,"key":"SMITH"},{"data":"Zap","floor":10.0,"key":"SMITH"},{"data":"Recycle","floor":15.0,"key":"SMITH"},{"data":"Creative AI","floor":23,"key":"SMITH"}],"circlet_count":0,"master_deck":["AscendersBane","Strike_B","Strike_B","Defend_B+1","Defend_B","Defend_B+1","Defend_B","Zap+1","Dualcast","Sunder+1","Sweeping Beam","Melter","Fission","Cold Snap","Hologram","Defragment","Conserve Battery","Recycle+1","Creative AI+1","Genetic Algorithm+1","Consume+1"],"relics":["Cracked Core","Orichalcum","MealTicket","Medical Kit","Runic Pyramid"],"acts_visited":["Exordium","TheCity"],"potions_floor_usage":[22,22],"damage_taken":[{"damage":2.0,"enemies":"Small Slimes","floor":1.0,"turns":4.0},{"damage":0.0,"enemies":"2 Louse","floor":4.0,"turns":2.0},{"damage":2.0,"enemies":"Jaw Worm","floor":5.0,"turns":3.0},{"damage":25.0,"enemies":"Lagavulin","floor":7.0,"turns":6.0},{"damage":7.0,"enemies":"3 Louse","floor":8.0,"turns":2.0},{"damage":0.0,"enemies":"Exordium Wildlife","floor":13.0,"turns":3.0},{"damage":4.0,"enemies":"Gremlin Gang","floor":14.0,"turns":3.0},{"damage":0.0,"enemies":"Slime Boss","floor":16.0,"turns":7.0},{"damage":0.0,"enemies":"Spheric Guardian","floor":18.0,"turns":2.0},{"damage":15.0,"enemies":"2 Thieves","floor":20.0,"turns":4.0},{"damage":18,"enemies":"Centurion and Healer","floor":22,"turns":6},{"damage":28,"enemies":"Shelled Parasite and Fungi","floor":24,"turns":4}],"seed_played":"-1777094697571349645","potions_obtained":[{"floor":4.0,"key":"BlessingOfTheForge"},{"floor":5.0,"key":"FocusPotion"},{"floor":8.0,"key":"SpeedPotion"},{"floor":13.0,"key":"CultistPotion"},{"floor":16.0,"key":"GamblersBrew"},{"floor":20.0,"key":"Fire Potion"},{"floor":21.0,"key":"FocusPotion"}],"is_trial":false,"path_per_floor":["M","?","?","M","M","R","E","M","T","R","$","?","M","M","R","B",null,"M","?","M","?","M","R","M"],"character_chosen":"DEFECT","items_purchased":["Medical Kit","Defragment"],"campfire_rested":0,"item_purchase_floors":[11,11],"current_hp_per_floor":[62,62,62,62,60,60,35,28,28,28,43,22,22,18,18,18,58,58,58,43,43,25,25,0,0],"gold":152,"neow_bonus":"TRANSFORM_CARD","is_daily":false,"chose_seed":false,"campfire_upgraded":4,"win_rate":0.0,"timestamp":1614254624,"path_taken":["M","?","?","M","M","R","E","M","T","R","$","?","M","M","R","BOSS","M","?","M","?","M","R","?"],"items_purchased_type":["Relic","Card"],"build_version":"2020-12-22","purchased_purges":0,"victory":false,"max_hp_per_floor":[71,71,71,71,71,71,71,71,71,71,71,71,71,71,71,71,71,71,71,71,71,71,71,71,71],"relic_stats":{"counters":[12,46],"MealTicket":15,"Orichalcum":[48],"Medical Kit":[0],"obtain_stats":[{"MealTicket":9,"Orichalcum":7,"Cracked Core":0,"Medical Kit":11,"Runic Pyramid":17},{"MealTicket":5,"Orichalcum":4,"Cracked Core":0,"Medical Kit":5,"Runic Pyramid":8},{"MealTicket":17,"Orichalcum":15,"Cracked Core":0,"Medical Kit":17,"Runic Pyramid":30}]},"card_choices":[{"not_picked":["Leap","Tempest"],"picked":"Sweeping Beam","floor":1.0},{"not_picked":["Darkness","Stack"],"picked":"Melter","floor":4.0},{"not_picked":["Rip and Tear","Blizzard"],"picked":"Fission","floor":5.0},{"not_picked":["Steam","Turbo"],"picked":"Cold Snap","floor":7.0},{"not_picked":["Blizzard","Leap"],"picked":"Hologram","floor":8.0},{"not_picked":["Ball Lightning","Barrage"],"picked":"Conserve Battery","floor":13.0},{"not_picked":["Streamline","White Noise"],"picked":"Recycle","floor":14.0},{"not_picked":["Reboot","Hyperbeam"],"picked":"Creative AI","floor":16.0},{"not_picked":["Cold Snap+1","Aggregate"],"picked":"Genetic Algorithm+1","floor":18.0},{"not_picked":["Hologram","Loop","Steam"],"picked":"SKIP","floor":20.0},{"not_picked":["Redo","Sunder"],"picked":"Consume+1","floor":22}],"player_experience":1335885,"relics_obtained":[{"floor":7.0,"key":"Orichalcum"},{"floor":9.0,"key":"MealTicket"}],"event_choices":[{"cards_removed":["Strike_B"],"damage_healed":0.0,"max_hp_gain":0.0,"max_hp_loss":0.0,"gold_gain":0.0,"event_name":"Living Wall","player_choice":"Forget","floor":2.0,"gold_loss":0.0,"damage_taken":0.0},{"damage_healed":0.0,"max_hp_gain":0.0,"max_hp_loss":0.0,"gold_gain":0.0,"event_name":"Liars Game","player_choice":"Ignored","floor":3.0,"gold_loss":0.0,"damage_taken":0.0},{"damage_healed":0.0,"max_hp_gain":0.0,"max_hp_loss":0.0,"gold_gain":0.0,"event_name":"Shining Light","player_choice":"Entered Light","floor":12.0,"gold_loss":0.0,"damage_taken":21.0,"cards_upgraded":["Defend_B","Defend_B"]},{"damage_healed":0.0,"max_hp_gain":0.0,"max_hp_loss":0.0,"gold_gain":0.0,"event_name":"Ghosts","player_choice":"Ignored","floor":19.0,"gold_loss":0.0,"damage_taken":0.0},{"damage_healed":0.0,"max_hp_gain":0.0,"max_hp_loss":0.0,"gold_gain":0.0,"event_name":"The Woman in Blue","player_choice":"Bought 1 Potion","floor":21.0,"gold_loss":0.0,"damage_taken":0.0}],"is_beta":false,"boss_relics":[{"not_picked":["Cursed Key","SlaversCollar"],"picked":"Runic Pyramid"}],"items_purged_floors":[],"is_endless":false,"potions_floor_spawned":[4,5,8,13,16,20],"killed_by":"Shelled Parasite and Fungi","ascension_level":15}}