{"host":"aycnbidq9d24owrh","time":1614256217,"event":{"mods":["Bard","BaseMod","BetterRewards","Colored Map","Downfall","Infinite Spire","Minty Spire (QoL Compilation)","Replay The Spire","Shop Mod","Spire Arcade","StSLib","The Cursed","The Disciple","The Hierophant","The Jungle","The Runesmith","TheBandit"],"gold_per_floor":[116,116,133,146,161,190,203,232,281,311,328,345,29,41,41,138,138,152,89,89,109,109,109,138,148,148,148,148],"floor_reached":27,"language":"ENG","playtime":870,"items_purged":[],"score":257,"play_id":"b6fc3329-25e2-4e9f-bd1a-f608f5273f8a","local_time":"20210225043017","is_ascension_mode":false,"campfire_choices":[{"data":"Armaments","floor":15,"key":"SMITH"},{"floor":23,"key":"REST"}],"circlet_count":0,"master_deck":["Strike_R+1","Strike_R","Strike_R","Strike_R","Strike_R+1","Defend_R","Defend_R","Defend_R","Defend_R","Bash","Blood for Blood+1","Flex","ReplayTheSpireMod:Stacked","Perfected Strike","Clash","Uppercut","Infernal Blade","Dropkick","Pummel","Replay:Undeath\u0027s Touch","ReplayTheSpireMod:LeadingStrike","Armaments+1","Demonic Infusion","ReplayTheSpireMod:Stacked+1","Armaments+1","infinitespire:Punishment","Whirlwind","Rage"],"relics":["Burning Blood","NeowsBlessing","Whetstone","Eternal Feather","Replay:Wax Seal","Chameleon Ring","Replay:WaspNest","ReplayTheSpireMod:DimensionalGlitch","ReplayTheSpireMod:Spearhead","infinitespire:EmpoweringShard"],"acts_visited":["Exordium","TheCity"],"potions_floor_usage":[6,6,14,21,24,25,25],"damage_taken":[{"damage":0,"enemies":"Jaw Worm","floor":1,"turns":1},{"damage":0,"enemies":"Cultist","floor":3,"turns":1},{"damage":0,"enemies":"2 Louse","floor":4,"turns":1},{"damage":7,"enemies":"Exordium Wildlife","floor":5,"turns":4},{"damage":4,"enemies":"Replay:BlueRogue","floor":6,"turns":3},{"damage":5,"enemies":"Large Slime","floor":7,"turns":5},{"damage":14,"enemies":"Gremlin Nob","floor":8,"turns":3},{"damage":13,"enemies":"Replay:BlueRogue","floor":10,"turns":4},{"damage":5,"enemies":"2 Fungi Beasts","floor":11,"turns":4},{"damage":15,"enemies":"3 Louse","floor":12,"turns":3},{"damage":1,"enemies":"Blue Slaver","floor":14,"turns":2},{"damage":48,"enemies":"The Guardian","floor":16,"turns":5},{"damage":17,"enemies":"Spheric Guardian","floor":18,"turns":4},{"damage":25,"enemies":"Shell Parasite","floor":21,"turns":2},{"damage":24,"enemies":"Gremlin Leader","floor":24,"turns":6},{"damage":17,"enemies":"3 Cultists","floor":25,"turns":4},{"damage":0,"enemies":"Cultist and Chosen","floor":27,"turns":1}],"seed_played":"-716705004774594314","potions_obtained":[{"floor":4,"key":"hexamod:SoulburnPotion"},{"floor":5,"key":"hexamod:SoulburnPotion"},{"floor":7,"key":"sneckomod:MuddlingPotion"},{"floor":10,"key":"SpeedPotion"},{"floor":11,"key":"LifebloodPotion"},{"floor":18,"key":"champ:CounterPotion"},{"floor":21,"key":"Doom Potion"},{"floor":24,"key":"Weak Potion"}],"is_trial":false,"path_per_floor":["M","?","M","M","M","E","M","E","T","E","M","M","$","M","R","B",null,"M","?","?","M","?","R","E","M","T","M"],"character_chosen":"IRONCLAD","items_purchased":["Replay:WaspNest","ReplayTheSpireMod:LeadingStrike"],"campfire_rested":1,"item_purchase_floors":[13,13],"current_hp_per_floor":[80,80,80,80,79,80,80,72,72,65,66,57,57,62,74,32,80,66,80,80,58,28,67,46,32,32,32,32],"gold":148,"neow_bonus":"THREE_ENEMY_KILL","is_daily":false,"chose_seed":false,"campfire_upgraded":1,"win_rate":0.0,"timestamp":1614256217,"path_taken":["M","?","?","M","?","E","M","E","T","E","?","M","$","M","R","BOSS","M","?","?","M","?","R","E","M","T","M"],"items_purchased_type":["Relic","Card"],"build_version":"2020-12-22","purchased_purges":0,"victory":false,"max_hp_per_floor":[80,80,80,80,80,80,80,80,80,80,80,80,80,80,80,80,80,80,80,80,80,80,80,80,80,80,80,80],"card_choices":[{"not_picked":["Headbutt","Entrench"],"picked":"Blood for Blood","floor":1},{"not_picked":["Wild Strike","ReplayTheSpireMod:Strike From Hell"],"picked":"Flex","floor":3},{"not_picked":["Eclipse","Perfected Strike"],"picked":"ReplayTheSpireMod:Stacked","floor":4},{"not_picked":["Sword Boomerang","Body Slam"],"picked":"Perfected Strike","floor":5},{"not_picked":["Wild Strike","Reaper"],"picked":"Clash","floor":6},{"not_picked":["ReplayTheSpireMod:Strike From Hell","Bloodletting"],"picked":"Uppercut","floor":7},{"not_picked":["Pommel Strike","Metallicize"],"picked":"Infernal Blade","floor":8},{"not_picked":["Massacre","Rage"],"picked":"Dropkick","floor":10},{"not_picked":["Battle Trance","Headbutt"],"picked":"Pummel","floor":11},{"not_picked":["Clothesline","Headbutt"],"picked":"Replay:Undeath\u0027s Touch","floor":12},{"not_picked":["Hemokinesis","Exhume"],"picked":"Armaments","floor":14},{"not_picked":["Eclipse","Exhume"],"picked":"Demonic Infusion","floor":16},{"not_picked":["True Grit","Heavy Blade"],"picked":"ReplayTheSpireMod:Stacked+1","floor":18},{"not_picked":["ReplayTheSpireMod:Muscle Training","True Grit"],"picked":"Armaments+1","floor":21},{"not_picked":["ReplayTheSpireMod:??????????????????????","infinitespire:TheBestDefense"],"picked":"infinitespire:Punishment","floor":22},{"not_picked":["ReplayTheSpireMod:Strike From Hell+1","Armaments+1"],"picked":"Whirlwind","floor":24},{"not_picked":["Perfected Strike","Limit Break"],"picked":"Rage","floor":25}],"player_experience":19251,"relics_obtained":[{"floor":6,"key":"Whetstone"},{"floor":8,"key":"Eternal Feather"},{"floor":9,"key":"Replay:Wax Seal"},{"floor":10,"key":"Chameleon Ring"},{"floor":24,"key":"ReplayTheSpireMod:Spearhead"},{"floor":26,"key":"infinitespire:EmpoweringShard"}],"event_choices":[{"damage_healed":0,"gold_gain":0,"player_choice":"Forge","damage_taken":0,"max_hp_gain":0,"max_hp_loss":0,"event_name":"Accursed Blacksmith","floor":2,"gold_loss":0,"cards_upgraded":["Blood for Blood"]}],"is_beta":false,"boss_relics":[{"not_picked":["Sozu","Runic Dome"],"picked":"ReplayTheSpireMod:DimensionalGlitch"}],"items_purged_floors":[],"is_endless":false,"potions_floor_spawned":[4,5,7,10,11,18,21,24],"killed_by":"Cultist and Chosen","ascension_level":0}}