{"host":"qoeke2x4rq7deshq","time":1614288388,"event":{"mods":["2.2 Compatiblity","BaseMod","Colored Powertips","Curses Come First","Dark Map","Downfall","Minty Spire (QoL Compilation)","Rare Cards Sparkle","Reliquary","Replay The Spire","Spire Arcade","StSLib","The Blue Laboratory"],"gold_per_floor":[109,121,131,6,21,21,79,79,79,164,204,204,204,234,234,332,332,370,370,370,412,424,456,135,146,193,193,193,212,267,304,304,424,424,435,472,472,426,441,441,441],"floor_reached":40,"language":"ENG","playtime":2781,"items_purged":[],"score":465,"play_id":"369a6c2e-aabb-4dfe-a530-452d75de8ffc","local_time":"20210225132628","is_ascension_mode":false,"campfire_choices":[{"data":"Apotheosis","floor":6,"key":"SMITH"},{"floor":8,"key":"RECALL"},{"data":"Echo Form","floor":15,"key":"SMITH"},{"data":"Secret Technique","floor":27,"key":"SMITH"},{"floor":32,"key":"REST"}],"circlet_count":0,"master_deck":["Strike_B","Strike_B","Strike_B","Strike_B","Defend_B","Defend_B","Defend_B","Defend_B","Zap+1","Dualcast","Loop","Turbo","Melter","Apotheosis+1","ReplayTheSpireMod:Private Reserves+1","HandOfGreed","Leap","Echo Form+1","Conserve Battery","Cold Snap","Electrodynamics","ReplayTheSpireMod:Reroute Power","Beam Cell+1","Conserve Battery","Secret Technique+1","Defragment+1","Sunder+1","Core Surge","Auto Shields+1","Machine Learning","Leap+1","Madness","Madness","Leap","Reinforced Body+1"],"relics":["Cracked Core","NeowsBlessing","ReplayTheSpireMod:ShopPack","reliquary:WeakTea","Cables","Boot","bronze:MakeshiftBattery","MutagenicStrength","ReplayTheSpireMod:Lightbulb","Lee\u0027s Waffle","Replay:Mystery Machine","reliquary:SharkskinSheath","Cursed Key"],"acts_visited":["Exordium","TheCity","TheBeyond"],"potions_floor_usage":[16,33,40,40,40],"damage_taken":[{"damage":0,"enemies":"Cultist","floor":1,"turns":1},{"damage":0,"enemies":"Small Slimes","floor":2,"turns":1},{"damage":0,"enemies":"Jaw Worm","floor":3,"turns":1},{"damage":2,"enemies":"Looter","floor":5,"turns":2},{"damage":9,"enemies":"Replay:BlueRogue","floor":7,"turns":6},{"damage":2,"enemies":"3 Sentries","floor":10,"turns":5},{"damage":7,"enemies":"Exordium Wildlife","floor":11,"turns":3},{"damage":2,"enemies":"Blue Slaver","floor":14,"turns":3},{"damage":35,"enemies":"Slime Boss","floor":16,"turns":8},{"damage":20,"enemies":"2 Thieves","floor":18,"turns":2},{"damage":0,"enemies":"Spheric Guardian","floor":21,"turns":3},{"damage":8,"enemies":"3 Cultists","floor":22,"turns":3},{"damage":21,"enemies":"Book of Stabbing","floor":23,"turns":4},{"damage":10,"enemies":"Snake Plant","floor":25,"turns":3},{"damage":5,"enemies":"Chosen and Byrds","floor":29,"turns":5},{"damage":22,"enemies":"Slavers","floor":30,"turns":3},{"damage":0,"enemies":"3 Cultists","floor":31,"turns":3},{"damage":17,"enemies":"Collector","floor":33,"turns":5},{"damage":10,"enemies":"Orb Walker","floor":35,"turns":2},{"damage":0,"enemies":"3 Shapes","floor":36,"turns":3},{"damage":10,"enemies":"3 Darklings","floor":39,"turns":5},{"damage":56,"enemies":"Reptomancer","floor":40,"turns":5}],"seed_played":"-1372359412625414433","potions_obtained":[{"floor":2,"key":"blueLaboratory:LouseDecoction"},{"floor":5,"key":"CultistPotion"},{"floor":7,"key":"blueLaboratory:FruitPunch"},{"floor":18,"key":"SneckoOil"},{"floor":31,"key":"FocusPotion"},{"floor":36,"key":"blueLaboratory:BottleOfRum"}],"is_trial":false,"path_per_floor":["M","M","M","$","M","R","E","R","T","E","M","T","?","M","R","B",null,"M","?","?","M","M","E","$","M","T","R","$","M","E","M","R","B",null,"M","M","?","$","M","E"],"character_chosen":"DEFECT","items_purchased":["ReplayTheSpireMod:ShopPack","Lee\u0027s Waffle","Secret Technique","Leap"],"campfire_rested":1,"item_purchase_floors":[4,24,24,38],"current_hp_per_floor":[75,75,75,75,73,73,64,64,64,62,55,55,55,53,53,20,77,57,57,57,57,49,28,84,74,74,74,74,69,47,47,72,55,84,74,74,63,63,53,0,0],"gold":441,"neow_bonus":"THREE_ENEMY_KILL","is_daily":false,"chose_seed":false,"campfire_upgraded":3,"win_rate":0.0,"timestamp":1614288388,"path_taken":["M","M","?","$","M","R","E","R","T","E","?","?","?","M","R","BOSS","M","?","?","?","M","E","?","M","T","R","$","M","E","?","R","BOSS","M","M","?","$","M","E"],"items_purchased_type":["Relic","Relic","Card","Card"],"build_version":"2020-12-22","purchased_purges":0,"victory":false,"max_hp_per_floor":[75,75,75,75,75,75,75,75,75,75,75,75,75,75,75,77,77,77,77,77,77,77,77,84,84,84,84,84,84,84,84,84,84,84,84,84,84,84,84,84,84],"card_choices":[{"not_picked":["Rebound","Redo"],"picked":"Loop","floor":1},{"not_picked":["Barrage","Rebound"],"picked":"Turbo","floor":2},{"not_picked":["Panic Button","ReplayTheSpireMod:GoodbyeWorld"],"picked":"Melter","floor":3},{"not_picked":["Sadistic Nature","HandOfGreed"],"picked":"Apotheosis","floor":4},{"not_picked":["Panacea","Violence"],"picked":"ReplayTheSpireMod:Private Reserves","floor":4},{"not_picked":["Magnetism","Flash of Steel"],"picked":"HandOfGreed","floor":4},{"not_picked":["Gash","Panic Button","Hologram"],"picked":"SKIP","floor":5},{"not_picked":["Skim","Hologram"],"picked":"Leap","floor":7},{"not_picked":["Panic Button","Amplify"],"picked":"Echo Form","floor":10},{"not_picked":["Go for the Eyes","Loop"],"picked":"Conserve Battery","floor":11},{"not_picked":["Leap","Chill"],"picked":"Cold Snap","floor":14},{"not_picked":["Mirror Shield","Multi-Cast"],"picked":"Electrodynamics","floor":16},{"not_picked":["Melter","Gash"],"picked":"ReplayTheSpireMod:Reroute Power","floor":18},{"not_picked":["BootSequence+1","Turbo"],"picked":"Beam Cell+1","floor":21},{"not_picked":["Ball Lightning","BasicCrystalCard","Gash"],"picked":"SKIP","floor":22},{"not_picked":["ReplaySolidLightProjector","Loop"],"picked":"Conserve Battery","floor":23},{"not_picked":["ReplayTheSpireMod:Calculation Training","Turbo+1"],"picked":"Defragment+1","floor":25},{"not_picked":["Barrage","Hologram"],"picked":"Sunder+1","floor":29},{"not_picked":["BasicCrystalCard","Storm"],"picked":"Core Surge","floor":30},{"not_picked":["Cold Snap","Conserve Battery"],"picked":"Auto Shields+1","floor":31},{"not_picked":["Hyperbeam","Mirror Shield"],"picked":"Machine Learning","floor":33},{"not_picked":["Beam Cell+1","Steam+1","Go for the Eyes+1"],"picked":"SKIP","floor":35},{"not_picked":["Barrage+1","Sunder+1"],"picked":"Leap+1","floor":36},{"not_picked":["Panic Button+1","Cold Snap+1"],"picked":"Reinforced Body+1","floor":39}],"player_experience":332290,"relics_obtained":[{"floor":7,"key":"reliquary:WeakTea"},{"floor":10,"key":"Cables"},{"floor":12,"key":"Boot"},{"floor":23,"key":"ReplayTheSpireMod:Lightbulb"},{"floor":26,"key":"Replay:Mystery Machine"},{"floor":30,"key":"reliquary:SharkskinSheath"}],"event_choices":[{"damage_healed":0,"gold_gain":0,"player_choice":"Inject Mutagens","damage_taken":0,"relics_obtained":["MutagenicStrength"],"max_hp_gain":0,"max_hp_loss":0,"event_name":"Drug Dealer","floor":19,"gold_loss":0},{"damage_healed":0,"gold_gain":0,"player_choice":"Upgraded","damage_taken":0,"max_hp_gain":0,"max_hp_loss":0,"event_name":"Upgrade Shrine","floor":20,"gold_loss":0,"cards_upgraded":["ReplayTheSpireMod:Private Reserves"]},{"damage_healed":0,"gold_gain":0,"player_choice":"Embrace Madness","damage_taken":11,"max_hp_gain":0,"max_hp_loss":0,"event_name":"Winding Halls","floor":37,"gold_loss":0,"cards_obtained":["Madness","Madness"]}],"is_beta":false,"boss_relics":[{"not_picked":["Busted Crown","Runic Pyramid"],"picked":"bronze:MakeshiftBattery"},{"not_picked":["Replay:Wanted Poster","Pandora\u0027s Box"],"picked":"Cursed Key"}],"items_purged_floors":[],"is_endless":false,"potions_floor_spawned":[2,5,7,11,14,18,25,31,36,39],"killed_by":"Reptomancer","ascension_level":0}}