{"host":"fhwr1fuluf6086fh","time":1614296253,"event":{"mods":["2.2 Compatiblity","Act Like it!","BaseMod","Colored Map","Elementarium","Minty Spire (QoL Compilation)","StSLib"],"gold_per_floor":[117,137,148,148,164,164,182,182,253,285,298,326,339,73,73,175,175,193,207,207,6,22,47,59,59,59,70,85,117,131,145,145,245,245,263,263,276,290,307,342,342,355,355,103,130,142,155,30,30,30],"floor_reached":51,"language":"ENG","playtime":6403,"items_purged":["Strike_G","Strike_G"],"score":1366,"play_id":"0a70293f-3a8c-4c88-af3c-5eabeedf7161","local_time":"20210225183733","is_ascension_mode":true,"campfire_choices":[{"data":"Neutralize","floor":6.0,"key":"SMITH"},{"data":"Noxious Fumes","floor":8.0,"key":"SMITH"},{"floor":15.0,"key":"REST"},{"floor":25,"key":"REST"},{"floor":32,"key":"REST"},{"data":"Blade Dance","floor":41,"key":"SMITH"},{"data":"Catalyst","floor":49,"key":"SMITH"}],"circlet_count":0,"master_deck":["AscendersBane","Strike_G","Strike_G","Defend_G","Defend_G","Defend_G","Defend_G","Defend_G","Survivor","Neutralize+1","Dash","Infinite Blades","Noxious Fumes+1","Cloak And Dagger","Predator","Deflect","Bane","Venomology","Flying Knee","Noxious Fumes+1","Backflip","A Thousand Cuts+1","Dash+1","Dodge and Roll","After Image+1","Deflect","Backstab","Blade Dance","Slice+1","Blade Dance+1","Die Die Die","Accuracy+1","Dodge and Roll","Slice+1","Slice","Infinite Blades+1","Dodge and Roll+1","Dodge and Roll+1","Dodge and Roll+1","Venomology","Footwork+1","Tools of the Trade+1","Adrenaline","Backflip+1","Caltrops+1","Dagger Throw+1","Dodge and Roll+1","PiercingWail+1","Sucker Punch+1","After Image+1","Deflect+1","Masterful Stab+1","Leg Sweep","Riddle With Holes+1","Noxious Fumes+1","Terror","Riddle With Holes+1","Skewer+1","Catalyst+1","Accuracy+1"],"relics":["Ring of the Snake","Frozen Egg 2","Prayer Wheel","Bag of Preparation","Black Star","Regal Pillow","Smiling Mask","Pear","Shuriken","Nunchaku","Bird Faced Urn","Coffee Dripper","Centennial Puzzle","Art of War","Anchor","Membership Card","Blood Vial","Gremlin Horn","Paper Crane"],"acts_visited":["Exordium","TheCity","TheBeyond"],"potions_floor_usage":[22,23,23,27,28,29,29,33,33,33,38,38,40,42,45,46,46,47,47,50,50,50],"damage_taken":[{"damage":0.0,"enemies":"2 Louse","floor":1.0,"turns":2.0},{"damage":0.0,"enemies":"Cultist","floor":2.0,"turns":4.0},{"damage":1.0,"enemies":"Small Slimes","floor":3.0,"turns":5.0},{"damage":13.0,"enemies":"Gremlin Gang","floor":5.0,"turns":6.0},{"damage":3.0,"enemies":"Red Slaver","floor":7.0,"turns":5.0},{"damage":6.0,"enemies":"Lagavulin","floor":10.0,"turns":7.0},{"damage":11.0,"enemies":"3 Louse","floor":11.0,"turns":4.0},{"damage":5.0,"enemies":"3 Sentries","floor":12.0,"turns":6.0},{"damage":5.0,"enemies":"Blue Slaver","floor":13.0,"turns":4.0},{"damage":0.0,"enemies":"Slime Boss","floor":16.0,"turns":5.0},{"damage":0.0,"enemies":"3 Byrds","floor":18.0,"turns":3.0},{"damage":14,"enemies":"Spheric Guardian","floor":19,"turns":6},{"damage":0,"enemies":"Chosen and Byrds","floor":22,"turns":4},{"damage":23,"enemies":"Book of Stabbing","floor":23,"turns":8},{"damage":31,"enemies":"Snake Plant","floor":24,"turns":5},{"damage":1,"enemies":"3 Cultists","floor":27,"turns":5},{"damage":4,"enemies":"Centurion and Healer","floor":28,"turns":6},{"damage":0,"enemies":"Slavers","floor":29,"turns":4},{"damage":0,"enemies":"Chosen and Byrds","floor":30,"turns":4},{"damage":11,"enemies":"Snake Plant","floor":31,"turns":4},{"damage":11,"enemies":"Champ","floor":33,"turns":12},{"damage":11,"enemies":"3 Shapes","floor":35,"turns":7},{"damage":2,"enemies":"Orb Walker","floor":37,"turns":3},{"damage":13,"enemies":"Transient","floor":38,"turns":5},{"damage":8,"enemies":"3 Darklings","floor":39,"turns":5},{"damage":0,"enemies":"Giant Head","floor":40,"turns":7},{"damage":3,"enemies":"Sphere and 2 Shapes","floor":42,"turns":6},{"damage":0,"enemies":"Reptomancer","floor":45,"turns":7},{"damage":9,"enemies":"Maw","floor":46,"turns":7},{"damage":26,"enemies":"Writhing Mass","floor":47,"turns":7},{"damage":23,"enemies":"Time Eater","floor":50,"turns":10}],"seed_played":"-4406757623595690965","potions_obtained":[{"floor":3.0,"key":"Strength Potion"},{"floor":7.0,"key":"PowerPotion"},{"floor":11.0,"key":"Explosive Potion"},{"floor":12.0,"key":"BlessingOfTheForge"},{"floor":18,"key":"DistilledChaos"},{"floor":23,"key":"SteroidPotion"},{"floor":27,"key":"DuplicationPotion"},{"floor":30,"key":"SkillPotion"},{"floor":38,"key":"AttackPotion"},{"floor":40,"key":"Weak Potion"}],"is_trial":false,"path_per_floor":["M","M","M","?","M","R","M","R","T","E","M","E","M","$","R","B",null,"M","M","?","$","M","E","M","R","T","M","M","E","M","M","R","B",null,"M","?","M","M","M","E","R","M","T","$","E","M","M","$","R","B",null],"character_chosen":"THE_SILENT","items_purchased":["A Thousand Cuts+1","Dash","Dodge and Roll","Regal Pillow","Blade Dance","Membership Card","Noxious Fumes+1","Terror","Paper Crane"],"campfire_rested":3,"item_purchase_floors":[14,14,14,21,21,44,44,44,48],"current_hp_per_floor":[70,70,69,69,56,56,53,53,53,47,36,31,26,26,49,49,70,70,56,50,50,50,37,6,47,47,46,42,42,48,43,84,78,85,87,87,87,78,84,87,87,86,86,86,87,87,71,71,71,74],"gold":30,"neow_bonus":"TEN_PERCENT_HP_BONUS","is_daily":false,"chose_seed":false,"campfire_upgraded":4,"win_rate":0.0,"timestamp":1614296253,"path_taken":["M","M","M","?","M","R","?","R","T","E","M","E","M","$","R","BOSS","M","M","?","$","M","E","M","R","T","M","?","E","M","M","R","BOSS","M","?","?","M","M","E","R","M","T","?","E","M","M","$","R","BOSS"],"items_purchased_type":["Card","Card","Card","Relic","Card","Relic","Card","Card","Relic"],"build_version":"2020-12-22","purchased_purges":2,"victory":true,"max_hp_per_floor":[77,77,77,77,77,77,77,77,77,77,77,77,77,77,77,77,77,77,77,77,77,77,87,87,87,87,87,87,87,87,87,87,87,87,87,87,87,87,87,87,87,87,87,87,87,87,87,87,87,87],"card_choices":[{"not_picked":["Outmaneuver","Deadly Poison"],"picked":"Dash","floor":1.0},{"not_picked":["Concentrate","Caltrops"],"picked":"Infinite Blades","floor":2.0},{"not_picked":["Prepared","Expertise"],"picked":"Noxious Fumes","floor":3.0},{"not_picked":["Riddle With Holes","Quick Slash"],"picked":"Cloak And Dagger","floor":5.0},{"not_picked":["PiercingWail","Calculated Gamble"],"picked":"Predator","floor":7.0},{"not_picked":["Sucker Punch","Deadly Poison"],"picked":"Deflect","floor":10.0},{"not_picked":["Tactician","Dodge and Roll"],"picked":"Bane","floor":11.0},{"not_picked":["All Out Attack","Riddle With Holes"],"picked":"Venomology","floor":11.0},{"not_picked":["Quick Slash","Flechettes"],"picked":"Flying Knee","floor":12.0},{"not_picked":["Sucker Punch","Cloak And Dagger"],"picked":"Noxious Fumes+1","floor":13.0},{"not_picked":["Slice","Flying Knee"],"picked":"Backflip","floor":13.0},{"not_picked":["Phantasmal Killer","Die Die Die"],"picked":"After Image+1","floor":16.0},{"not_picked":["Flying Knee","Dodge and Roll"],"picked":"Deflect","floor":18},{"not_picked":["Flying Knee+1","Setup"],"picked":"Backstab","floor":18},{"not_picked":["Dagger Spray","Setup"],"picked":"Blade Dance","floor":19},{"not_picked":["Cloak And Dagger","Poisoned Stab"],"picked":"Slice+1","floor":19},{"not_picked":["Flechettes+1","Catalyst"],"picked":"Die Die Die","floor":22},{"not_picked":["Setup","Bane","Eviscerate+1"],"picked":"SKIP","floor":22},{"not_picked":["Prepared","Quick Slash"],"picked":"Accuracy+1","floor":23},{"not_picked":["Bane","Dagger Throw+1"],"picked":"Dodge and Roll","floor":24},{"not_picked":["Acrobatics+1","Dodge and Roll"],"picked":"Slice+1","floor":24},{"not_picked":["Prepared","Underhanded Strike"],"picked":"Slice","floor":27},{"not_picked":["Quick Slash","Acrobatics","Poisoned Stab+1"],"picked":"SKIP","floor":27},{"not_picked":["Die Die Die","Endless Agony"],"picked":"Infinite Blades+1","floor":28},{"not_picked":["Acrobatics+1","Flying Knee"],"picked":"Dodge and Roll+1","floor":28},{"not_picked":["PiercingWail+1","Riddle With Holes"],"picked":"Dodge and Roll+1","floor":29},{"not_picked":["Acrobatics","Sucker Punch"],"picked":"Dodge and Roll+1","floor":30},{"not_picked":["Slice","Deadly Poison"],"picked":"Venomology","floor":30},{"not_picked":["Quick Slash","Deflect+1"],"picked":"Footwork+1","floor":31},{"not_picked":["Cloak And Dagger","Acrobatics"],"picked":"Tools of the Trade+1","floor":31},{"not_picked":["Night Terror","Corpse Explosion"],"picked":"Adrenaline","floor":33},{"not_picked":["Deadly Poison","PiercingWail+1"],"picked":"Backflip+1","floor":35},{"not_picked":["Outmaneuver","Dagger Spray+1"],"picked":"Caltrops+1","floor":35},{"not_picked":["Underhanded Strike+1","Bouncing Flask+1"],"picked":"Dagger Throw+1","floor":37},{"not_picked":["Backflip","Bane+1"],"picked":"Dodge and Roll+1","floor":37},{"not_picked":["Underhanded Strike","Deadly Poison+1"],"picked":"PiercingWail+1","floor":38},{"not_picked":["Slice+1","Poisoned Stab+1"],"picked":"Sucker Punch+1","floor":38},{"not_picked":["Dagger Throw","Underhanded Strike"],"picked":"After Image+1","floor":39},{"not_picked":["Flechettes+1","Dodge and Roll"],"picked":"Deflect+1","floor":39},{"not_picked":["Dagger Throw+1","Skewer"],"picked":"Masterful Stab+1","floor":40},{"not_picked":["Bouncing Flask","Deflect"],"picked":"Leg Sweep","floor":42},{"not_picked":["Acrobatics+1","Poisoned Stab"],"picked":"Riddle With Holes+1","floor":42},{"not_picked":["Underhanded Strike+1","Masterful Stab","Prepared+1"],"picked":"SKIP","floor":45},{"not_picked":["Distraction+1","Calculated Gamble"],"picked":"Riddle With Holes+1","floor":46},{"not_picked":["Dodge and Roll+1","Deflect"],"picked":"Skewer+1","floor":46},{"not_picked":["Tactician+1","Predator"],"picked":"Catalyst","floor":47},{"not_picked":["Dagger Spray+1","Flechettes+1"],"picked":"Accuracy+1","floor":47}],"player_experience":890882,"relics_obtained":[{"floor":9.0,"key":"Frozen Egg 2"},{"floor":10.0,"key":"Prayer Wheel"},{"floor":12.0,"key":"Bag of Preparation"},{"floor":23,"key":"Smiling Mask"},{"floor":23,"key":"Pear"},{"floor":26,"key":"Shuriken"},{"floor":29,"key":"Nunchaku"},{"floor":29,"key":"Bird Faced Urn"},{"floor":40,"key":"Centennial Puzzle"},{"floor":40,"key":"Art of War"},{"floor":43,"key":"Anchor"},{"floor":45,"key":"Blood Vial"},{"floor":45,"key":"Gremlin Horn"}],"event_choices":[{"cards_removed":["Strike_G"],"damage_healed":0.0,"max_hp_gain":0.0,"max_hp_loss":0.0,"gold_gain":0.0,"event_name":"Bonfire Elementals","player_choice":"Offered Basic","floor":4.0,"gold_loss":0.0,"damage_taken":0.0},{"damage_healed":0,"gold_gain":0,"player_choice":"","damage_taken":6,"max_hp_gain":0,"max_hp_loss":0,"event_name":"Knowing Skull","floor":20,"potions_obtained":[],"gold_loss":0,"cards_obtained":[]},{"damage_healed":0,"gold_gain":0,"player_choice":"Upgraded","damage_taken":0,"max_hp_gain":0,"max_hp_loss":0,"event_name":"Upgrade Shrine","floor":36,"gold_loss":0,"cards_upgraded":["Dash"]}],"is_beta":false,"boss_relics":[{"not_picked":["Philosopher\u0027s Stone","Runic Dome"],"picked":"Black Star"},{"not_picked":["SacredBark","Tiny House"],"picked":"Coffee Dripper"}],"items_purged_floors":[14,44],"is_endless":false,"potions_floor_spawned":[3,7,11,12,13,18,23,27,28,30,38,40,45],"ascension_level":10}}