{"host":"ovcza0gnr2tscsgg","time":1614288632,"event":{"mods":["BaseMod","Colored Powertips","Marisa£®ÏF”Í°°ƒß¿Ì…≥£©","Minty Spire (QoL Compilation)","StSLib","The Bug Knight","UnlockEverythingMod","noobMod"],"gold_per_floor":[118,134,134,161,5,5,39,54,54,88,102,102,135,149,149,254,254,270,90,15,15,15,15,43,43,43,60,60,74,107,119,119,119,119],"floor_reached":33,"language":"ZHS","playtime":1760,"items_purged":["Strike_B","Strike_B"],"score":489,"play_id":"71636968-1b75-4efd-b3ab-5424cea9141c","local_time":"20210226053032","is_ascension_mode":true,"campfire_choices":[{"data":"Fusion","floor":6.0,"key":"SMITH"},{"data":"Defend_B","floor":12.0,"key":"SMITH"},{"data":"Redo","floor":15.0,"key":"SMITH"},{"data":"Electrodynamics","floor":23.0,"key":"SMITH"},{"data":"Loop","floor":25.0,"key":"SMITH"},{"data":"Zap","floor":32,"key":"SMITH"}],"circlet_count":0,"master_deck":["Strike_B","Defend_B+1","Defend_B","Defend_B","Zap+1","Dualcast","Skim","Fusion+1","Capacitor","Redo+1","Loop+1","Amplify","Self Repair","Electrodynamics+1","Defragment","Tempest","Heatsinks","Consume","Loop+1"],"relics":["Cracked Core","ice","Orichalcum","Boot","CaptainsWheel","Anchor","Mango","Coffee Dripper","Dead Branch","Turnip","Strawberry"],"acts_visited":["Exordium","TheCity"],"potions_floor_usage":[29,29,30],"damage_taken":[{"damage":4.0,"enemies":"2 Louse","floor":1.0,"turns":2.0},{"damage":13.0,"enemies":"Jaw Worm","floor":2.0,"turns":4.0},{"damage":35.0,"enemies":"Lagavulin","floor":7.0,"turns":9.0},{"damage":1.0,"enemies":"Cultist","floor":8.0,"turns":4.0},{"damage":33.0,"enemies":"Gremlin Nob","floor":10.0,"turns":5.0},{"damage":1.0,"enemies":"2 Fungi Beasts","floor":11.0,"turns":4.0},{"damage":21.0,"enemies":"3 Sentries","floor":13.0,"turns":9.0},{"damage":0.0,"enemies":"Large Slime","floor":14.0,"turns":6.0},{"damage":41.0,"enemies":"Hexaghost","floor":16.0,"turns":12.0},{"damage":17.0,"enemies":"Chosen","floor":18.0,"turns":5.0},{"damage":33.0,"enemies":"Gremlin Leader","floor":24.0,"turns":5.0},{"damage":15.0,"enemies":"3 Byrds","floor":27.0,"turns":4.0},{"damage":0,"enemies":"Cultist and Chosen","floor":29,"turns":4},{"damage":16,"enemies":"Slavers","floor":30,"turns":3},{"damage":12,"enemies":"Snecko","floor":31,"turns":3},{"damage":27,"enemies":"Champ","floor":33,"turns":6}],"seed_played":"5925749987642084200","potions_obtained":[{"floor":7.0,"key":"Swift Potion"},{"floor":8.0,"key":"SkillPotion"},{"floor":11.0,"key":"FocusPotion"},{"floor":16.0,"key":"EssenceOfSteel"},{"floor":29,"key":"FocusPotion"},{"floor":30,"key":"Dexterity Potion"},{"floor":31,"key":"FearPotion"}],"is_trial":false,"path_per_floor":["M","M","?","T","$","R","E","M","T","E","M","R","E","M","R","B",null,"M","$","?","?","?","R","E","R","T","M","?","M","E","M","R","B"],"character_chosen":"DEFECT","items_purchased":["Capacitor","Defragment"],"campfire_rested":0,"item_purchase_floors":[5,19],"current_hp_per_floor":[64,51,75,75,75,75,40,39,39,6,75,75,68,68,68,34,101,91,91,91,91,91,91,65,65,65,57,22,29,20,15,15,153,153],"gold":119,"neow_bonus":"REMOVE_CARD","is_daily":false,"chose_seed":false,"campfire_upgraded":6,"win_rate":0.0,"timestamp":1614288632,"path_taken":["M","M","?","?","$","R","E","M","T","E","?","R","E","M","R","BOSS","M","$","?","?","?","R","E","R","T","M","?","M","E","M","R","BOSS"],"items_purchased_type":["Card","Card"],"build_version":"2020-12-22","purchased_purges":2,"victory":false,"max_hp_per_floor":[75,75,75,75,75,75,75,75,75,75,75,75,98,101,101,123,123,126,126,126,126,126,126,134,134,134,160,165,165,172,172,172,173,173],"card_choices":[{"not_picked":["Beam Cell","Chill"],"picked":"Skim","floor":1.0},{"not_picked":["Lockon","Sunder"],"picked":"Fusion","floor":2.0},{"not_picked":["Cold Snap","Sweeping Beam"],"picked":"Redo","floor":7.0},{"not_picked":["Sweeping Beam","Stack"],"picked":"Loop","floor":8.0},{"not_picked":["Stack","Capacitor"],"picked":"Amplify","floor":10.0},{"not_picked":["Compile Driver","Hologram","Cold Snap"],"picked":"SKIP","floor":11.0},{"not_picked":["FTL","Conserve Battery","Meteor Strike"],"picked":"SKIP","floor":13.0},{"not_picked":["Cold Snap","Beam Cell"],"picked":"Self Repair","floor":14.0},{"not_picked":["Machine Learning","Fission"],"picked":"Electrodynamics","floor":16.0},{"not_picked":["Rebound+1","Hologram","White Noise+1"],"picked":"SKIP","floor":18.0},{"not_picked":["Steam Power","Steam+1"],"picked":"Heatsinks","floor":24.0},{"not_picked":["Reprogram","Steam","Barrage"],"picked":"SKIP","floor":27.0},{"not_picked":["Genetic Algorithm+1","Streamline+1","Redo+1"],"picked":"SKIP","floor":29},{"not_picked":["Stack","Chaos"],"picked":"Consume","floor":30},{"not_picked":["Cold Snap","Conserve Battery"],"picked":"Loop+1","floor":31}],"player_experience":164382,"relics_obtained":[{"floor":4.0,"key":"Orichalcum"},{"floor":7.0,"key":"Boot"},{"floor":9.0,"key":"CaptainsWheel"},{"floor":10.0,"key":"Anchor"},{"floor":13.0,"key":"Mango"},{"floor":24.0,"key":"Dead Branch"},{"floor":26.0,"key":"Turnip"},{"floor":30,"key":"Strawberry"}],"event_choices":[{"damage_healed":25.0,"max_hp_gain":0.0,"max_hp_loss":0.0,"gold_gain":0.0,"event_name":"Big Fish","player_choice":"Banana","floor":3.0,"gold_loss":0.0,"damage_taken":0.0},{"cards_removed":["Defend_B"],"damage_healed":0.0,"max_hp_gain":0.0,"max_hp_loss":0.0,"gold_gain":0.0,"event_name":"Beggar","player_choice":"Gave Gold","floor":20.0,"gold_loss":75.0,"damage_taken":0.0},{"damage_healed":0.0,"max_hp_gain":0.0,"max_hp_loss":0.0,"gold_gain":0.0,"event_name":"Ghosts","player_choice":"Ignored","floor":21.0,"gold_loss":0.0,"damage_taken":0.0},{"damage_healed":0.0,"max_hp_gain":0.0,"max_hp_loss":0.0,"gold_gain":0.0,"event_name":"The Library","player_choice":"Read","floor":22.0,"gold_loss":0.0,"damage_taken":0.0,"cards_obtained":["Tempest"]},{"damage_healed":0.0,"max_hp_gain":5.0,"max_hp_loss":0.0,"gold_gain":0.0,"event_name":"Forgotten Altar","player_choice":"Shed Blood","floor":28.0,"gold_loss":0.0,"damage_taken":40.0}],"is_beta":false,"boss_relics":[{"not_picked":["Ectoplasm","Empty Cage"],"picked":"Coffee Dripper"}],"items_purged_floors":[5,19],"is_endless":false,"potions_floor_spawned":[7,8,11,16,27,29,30,31],"killed_by":"Champ","ascension_level":9}}