{"host":"gm50ke85n5jz306u","time":1614249060,"event":{"mods":["AchievementEnabler","AlwaysNeverKeys","Aspiration","BaseMod","Beaked The Cultist","Bestiary","Better Altar","Better Match","Better Note","Better Sensory Stone","Better Skull","Better Third Choice","Better Vampires","Better-Laid Plans","BetterRewards","Colored Powertips","Curses Come First","DNKmod","Defuse TimeMaze Blight","Disable Question Mark Monsters","Displayed Cursed Tome","Downfall","Emptier Cage","Extra Virgin Snecko Oil","Filter the Spire","Friendly Minions","Gremlin Skip","Hermit","Hubris","Hyrulean Relics","Ironclad Rager","Koishi","Lobotomy","Marisa????????","Marked Mod","Minty Spire (QoL Compilation)","Permanent Neow","Poor People Problems","Quick Restart","Reimu??????","Relic Filter Mod","Relic Sorter","Remove Card Discount Mod","Reorder Act Four","Replay The Spire","Shop Mod","StSLib","Synergy Search","Td1madao Mod","The Administrix","The Animator","The Blue Laboratory","The Bug Knight","The Construct","The Cursed","The Disciple","The Hierophant","The Necromancer","The Runesmith","The Senshi","The Servant 0.9.4","Thieving Mod","Transform Curses","WarShipGirlsR/????R mod"],"gold_per_floor":[10020,10036,10036,10036,10055,10055,10067,10078,10078,9441,9441,8911,8939,8956,8956,8956,8956],"floor_reached":16,"language":"ENG","playtime":915,"items_purged":["Bash","Strike_R","Strike_R","Strike_R"],"score":168,"play_id":"570ab290-951a-42ac-a512-6fbce9347039","local_time":"20210225113100","is_ascension_mode":true,"campfire_choices":[{"data":"Defend_R","floor":6.0,"key":"SMITH"},{"data":"Body Slam","floor":11.0,"key":"SMITH"},{"data":"Shrug It Off","floor":15,"key":"SMITH"}],"circlet_count":0,"master_deck":["AscendersBane","Strike_R","Strike_R","Defend_R","Defend_R","Defend_R","Defend_R+1","Double Tap+1","Body Slam+1","Sword Boomerang","Body Slam+1","Shrug It Off+1","Headbutt","Iron Wave"],"relics":["Burning Blood","Orichalcum","Gremlin Horn","Anchor","Paper Frog","Frozen Eye","MerchantsRug","Strawberry","hubris:MedicalManual"],"acts_visited":["Exordium"],"potions_floor_usage":[],"damage_taken":[{"damage":14.0,"enemies":"Cultist","floor":1.0,"turns":5.0},{"damage":11.0,"enemies":"Jaw Worm","floor":2.0,"turns":5.0},{"damage":1.0,"enemies":"2 Louse","floor":5.0,"turns":3.0},{"damage":25.0,"enemies":"Exordium Thugs","floor":7.0,"turns":5.0},{"damage":21.0,"enemies":"Large Slime","floor":8.0,"turns":9.0},{"damage":12,"enemies":"3 Sentries","floor":13,"turns":6},{"damage":1,"enemies":"2 Fungi Beasts","floor":14,"turns":3},{"damage":25,"enemies":"Slime Boss","floor":16,"turns":6}],"seed_played":"5695427291432305409","potions_obtained":[{"floor":2.0,"key":"Reflective Coating"},{"floor":5.0,"key":"Languid Potion"}],"is_trial":false,"path_per_floor":["M","M","?","?","M","R","M","M","T","$","R","$","E","M","R","B"],"character_chosen":"IRONCLAD","items_purchased":["Gremlin Horn","Paper Frog","MerchantsRug","Shrug It Off","Anchor","Frozen Eye","Orichalcum","Headbutt"],"campfire_rested":0,"item_purchase_floors":[10,10,10,12,12,12,12,12],"current_hp_per_floor":[43,38,38,38,43,43,24,9,16,16,16,16,10,15,15,0,0],"gold":8956,"neow_bonus":"THREE_RARE_CARDS","is_daily":false,"chose_seed":false,"campfire_upgraded":3,"win_rate":0.0,"timestamp":1614249060,"path_taken":["M","M","?","?","?","R","M","M","T","$","R","$","E","M","R","BOSS"],"items_purchased_type":["Relic","Relic","Relic","Card","Relic","Relic","Relic","Card"],"build_version":"2020-12-22","purchased_purges":4,"victory":false,"max_hp_per_floor":[80,80,80,80,80,80,80,80,87,87,87,87,87,87,87,87,87],"card_choices":[{"not_picked":["Offering","hubris:StunningStrike"],"picked":"Double Tap","floor":0.0},{"not_picked":["Sever Soul","Second Wind"],"picked":"Body Slam","floor":1.0},{"not_picked":["Havoc","Seeing Red","Reckless Charge"],"picked":"SKIP","floor":2.0},{"not_picked":["Twin Strike","Thunderclap","Pommel Strike"],"picked":"SKIP","floor":5.0},{"not_picked":["Brutality","Flex"],"picked":"Sword Boomerang","floor":7.0},{"not_picked":["Flex","Inflame"],"picked":"Body Slam","floor":8.0},{"not_picked":["Body Slam","Armaments","ReplayTheSpireMod:Limb From Limb"],"picked":"SKIP","floor":13},{"not_picked":["Heavy Blade","Clash"],"picked":"Iron Wave","floor":14}],"player_experience":472165,"relics_obtained":[{"floor":9.0,"key":"Strawberry"},{"floor":13,"key":"hubris:MedicalManual"}],"event_choices":[{"damage_healed":0.0,"max_hp_gain":0.0,"max_hp_loss":0.0,"gold_gain":0.0,"event_name":"Upgrade Shrine","player_choice":"Upgraded","floor":4.0,"gold_loss":0.0,"damage_taken":0.0,"cards_upgraded":["Double Tap"]}],"is_beta":false,"boss_relics":[],"items_purged_floors":[10,10,10,12],"is_endless":false,"potions_floor_spawned":[1,2,5],"killed_by":"Slime Boss","ascension_level":13}}