{"host":"6lme9gmrtv3g6npf","time":1614221775,"event":{"mods":["BaseMod","Better Third Choice","Minty Spire (QoL Compilation)","Rare Cards Sparkle","StSLib","The Bug Knight","egg","thorton"],"gold_per_floor":[111,111,135,60,60,93,93,116,116,116,116,69,93,136,136,265,265,286,311,344,244,244,244],"floor_reached":22,"language":"ENG","playtime":1413,"items_purged":["HollowMod:NailStrikeStart","HollowMod:NailStrikeStart"],"score":217,"play_id":"dc2ecb6b-29bf-47e7-956d-d0a78baf22dc","local_time":"20210224235615","is_ascension_mode":false,"campfire_choices":[{"data":"HollowMod:FocusHealStart","floor":7,"key":"SMITH"},{"data":"HollowMod:CycloneSlash","floor":15,"key":"SMITH"}],"circlet_count":0,"master_deck":["HollowMod:NailStrikeStart","HollowMod:NailStrikeStart","HollowMod:QuickDashStart","HollowMod:QuickDashStart","HollowMod:QuickDashStart","HollowMod:FocusHealStart+1","HollowMod:PogoStrike","HollowMod:SharpenedNail","HollowMod:CycloneSlash+1","HollowMod:LifebloodCocoon","HollowMod:DesolateDive","HollowMod:SoulSplash","HollowMod:BaldurShell"],"relics":["HollowMod:VesselMask","NeowsBlessing","Golden Idol","Pear","Bronze Scales","Happy Flower","thethorton:BottledFunds","Red Mask"],"acts_visited":["Exordium","TheCity"],"potions_floor_usage":[22,22,22],"damage_taken":[{"damage":0,"enemies":"2 Louse","floor":1,"turns":1},{"damage":0,"enemies":"Small Slimes","floor":3,"turns":1},{"damage":0,"enemies":"Gremlin Nob","floor":6,"turns":1},{"damage":10,"enemies":"Jaw Worm","floor":8,"turns":4},{"damage":15,"enemies":"Red Slaver","floor":13,"turns":3},{"damage":15,"enemies":"3 Sentries","floor":14,"turns":6},{"damage":63,"enemies":"Slime Boss","floor":16,"turns":11},{"damage":24,"enemies":"Spheric Guardian","floor":18,"turns":4},{"damage":42,"enemies":"2 Thieves","floor":19,"turns":4},{"damage":52,"enemies":"Masked Bandits","floor":20,"turns":5},{"damage":26,"enemies":"3 Cultists","floor":22,"turns":4}],"seed_played":"-3054696807928307009","potions_obtained":[{"floor":3,"key":"LiquidMemories"},{"floor":6,"key":"SneckoOil"},{"floor":16,"key":"LiquidBronze"},{"floor":20,"key":"Explosive Potion"}],"is_trial":false,"path_per_floor":["M","?","M","$","?","E","R","M","T","?","?","$","M","E","R","B",null,"M","M","?","$","M"],"character_chosen":"THE_BUGKNIGHT","items_purchased":["HollowMod:LifebloodCocoon"],"campfire_rested":0,"item_purchase_floors":[12],"current_hp_per_floor":[75,75,75,75,75,85,85,75,75,75,75,75,70,65,65,14,85,61,37,3,3,0,0],"gold":244,"neow_bonus":"THREE_ENEMY_KILL","is_daily":false,"chose_seed":false,"campfire_upgraded":2,"win_rate":0.0,"timestamp":1614221775,"path_taken":["M","?","M","$","?","E","R","M","T","?","?","$","?","E","R","BOSS","M","M","?","$","M"],"items_purchased_type":["Card"],"build_version":"2020-12-22","purchased_purges":2,"victory":false,"max_hp_per_floor":[75,75,75,75,75,85,85,85,85,85,85,85,85,85,85,85,85,85,85,85,85,85,85],"card_choices":[{"not_picked":["HollowMod:InfectedAttack","HollowMod:DungDefenderAura"],"picked":"HollowMod:SharpenedNail","floor":1},{"not_picked":["HollowMod:ShadowDash","HollowMod:SoulShaman","HollowMod:VengefulVoid"],"picked":"SKIP","floor":3},{"not_picked":["HollowMod:BaldurShell","HollowMod:FallenFury"],"picked":"HollowMod:CycloneSlash","floor":6},{"not_picked":["HollowMod:NewJinnsSoul","HollowMod:ChannelNail","HollowMod:CornifersMapStart"],"picked":"SKIP","floor":8},{"not_picked":["HollowMod:HuntersJournal","HollowMod:CycloneSlash","HollowMod:GoodIntentions"],"picked":"SKIP","floor":13},{"not_picked":["HollowMod:HornetsHelp","HollowMod:NewJinnsSoul","HollowMod:CrystalDash"],"picked":"SKIP","floor":14},{"not_picked":["HollowMod:LifebloodCocoon","HollowMod:ChannelNail"],"picked":"HollowMod:DesolateDive","floor":18},{"not_picked":["HollowMod:NewJinnsSoul","HollowMod:SoulEater"],"picked":"HollowMod:SoulSplash","floor":19},{"not_picked":["HollowMod:NewJinnsSoul","HollowMod:VengefulVoid"],"picked":"HollowMod:BaldurShell","floor":20}],"player_experience":172479,"relics_obtained":[{"floor":6,"key":"Pear"},{"floor":9,"key":"Bronze Scales"},{"floor":14,"key":"Happy Flower"},{"floor":20,"key":"Red Mask"}],"event_choices":[{"damage_healed":0,"gold_gain":0,"player_choice":"Take Wound","damage_taken":0,"relics_obtained":["Golden Idol"],"max_hp_gain":0,"max_hp_loss":0,"event_name":"Golden Idol","floor":2,"gold_loss":0,"cards_obtained":["Injury"]},{"cards_removed":["Injury"],"damage_healed":0,"gold_gain":0,"player_choice":"Forget","damage_taken":0,"max_hp_gain":0,"max_hp_loss":0,"event_name":"Living Wall","floor":10,"gold_loss":0},{"damage_healed":0,"gold_gain":0,"player_choice":"Fought Bandits","damage_taken":0,"max_hp_gain":0,"max_hp_loss":0,"event_name":"Masked Bandits","floor":20,"gold_loss":0}],"is_beta":false,"boss_relics":[{"not_picked":["Tiny House","Velvet Choker"],"picked":"thethorton:BottledFunds"}],"items_purged_floors":[4,21],"is_endless":false,"potions_floor_spawned":[3,6,16,19,20],"killed_by":"3 Cultists","ascension_level":0}}