{"host":"gsef4mntx4mq50d0","time":1614275037,"event":{"mods":["Act Like it!","Arknights","Aspiration","BaseMod","Block Reminder","Colored Map","Downfall","GifTheSpireLib","Hallownest","HololiveMod","Hubris","Infinite Spire","MarisaÅiñ∂âJÅ@ñÇóùçπÅj","Minty Spire (QoL Compilation)","SIMod","StSLib","The Alterego","The Bug Knight","The Exalted","The Forsaken","The Servant 0.9.4","TheSwordswoman"],"gold_per_floor":[117,117,17,17,28,28,62,62,114,132,144,44,44,44,44,44,44],"floor_reached":16,"language":"ENG","playtime":529,"items_purged":[],"score":123,"play_id":"954cf63d-79fa-43c4-9381-5603117f8e06","local_time":"20210226034357","is_ascension_mode":false,"campfire_choices":[{"floor":6,"key":"RECALL"},{"data":"HollowMod:LordofShades","floor":8,"key":"SMITH"},{"floor":15,"key":"REST"}],"circlet_count":0,"master_deck":["HollowMod:NailStrikeStart","HollowMod:NailStrikeStart","HollowMod:NailStrikeStart","HollowMod:NailStrikeStart","HollowMod:QuickDashStart","HollowMod:QuickDashStart","HollowMod:QuickDashStart","HollowMod:QuickDashStart","HollowMod:FocusHealStart","HollowMod:PogoStrike","HollowMod:SiblingsShadow","HollowMod:WraithStrike","HollowMod:CloakDash","HollowMod:MantisMark","HollowMod:LordofShades+1","HollowMod:DoubleDash","HollowMod:DungDefenderAura","HollowMod:CycloneSlash","HollowMod:DashSlash"],"relics":["HollowMod:VesselMask","NeowsBlessing","Hallownest:DreamNailRelic","Toy Ornithopter","aspiration:Lifesprig"],"acts_visited":["Hallownest:Greenpath"],"potions_floor_usage":[16,16],"damage_taken":[{"damage":0,"enemies":"2_ Uuma","floor":1,"turns":2},{"damage":0,"enemies":"Hallownest:monsterHuskGuard","floor":5,"turns":1},{"damage":0,"enemies":"Hallownest:eliteMossKnight","floor":7,"turns":1},{"damage":4,"enemies":"Hallownest:2_Baldur","floor":10,"turns":3},{"damage":8,"enemies":"Hallownest:MossCreep_and_Mosskin","floor":11,"turns":6},{"damage":95,"enemies":"Hallownest:BossHornet","floor":16,"turns":12}],"seed_played":"-7167698508392944097","potions_obtained":[{"floor":7,"key":"Guardian:BlockOnCardUsePotion"},{"floor":11,"key":"LiquidBronze"}],"is_trial":false,"path_per_floor":["M","?","$","?","M","R","E","R","T","M","M","$","?","$","R","B"],"character_chosen":"THE_BUGKNIGHT","items_purchased":["HollowMod:WraithStrike","HollowMod:CloakDash","HollowMod:CycloneSlash","HollowMod:DashSlash"],"campfire_rested":1,"item_purchase_floors":[3,3,12,12],"current_hp_per_floor":[75,75,75,75,75,75,75,75,75,71,63,63,63,63,75,0,0],"gold":44,"neow_bonus":"THREE_ENEMY_KILL","is_daily":false,"chose_seed":false,"campfire_upgraded":1,"win_rate":0.0,"timestamp":1614275037,"path_taken":["M","?","$","?","M","R","E","R","T","?","M","?","?","$","R","BOSS"],"items_purchased_type":["Card","Card","Card","Card"],"build_version":"2020-12-22","purchased_purges":0,"victory":false,"max_hp_per_floor":[75,75,75,75,75,75,75,75,75,75,75,75,75,75,75,75,75],"card_choices":[{"not_picked":["HollowMod:LuriensSpire","HollowMod:LifebloodCocoon"],"picked":"HollowMod:SiblingsShadow","floor":1},{"not_picked":["HollowMod:SharpenedNail","HollowMod:RecoilStrike"],"picked":"HollowMod:MantisMark","floor":5},{"not_picked":["HollowMod:HuntersJournal","HollowMod:SoulVessel"],"picked":"HollowMod:LordofShades","floor":7},{"not_picked":["HollowMod:SiblingsSouls","HollowMod:SharpenedNail"],"picked":"HollowMod:DoubleDash","floor":10},{"not_picked":["HollowMod:CycloneSlash","HollowMod:CornifersMapStart"],"picked":"HollowMod:DungDefenderAura","floor":11}],"player_experience":190015,"relics_obtained":[{"floor":7,"key":"Toy Ornithopter"},{"floor":9,"key":"aspiration:Lifesprig"}],"event_choices":[],"is_beta":false,"boss_relics":[],"items_purged_floors":[],"is_endless":false,"potions_floor_spawned":[7,11],"killed_by":"Hallownest:BossHornet","ascension_level":0}}