{"host":"2l5k2wp87eek7qja","time":1614262481,"event":{"mods":["BaseMod","Colored Map","Minty Spire (QoL Compilation)","Relic Stats"],"gold_per_floor":[115,115,80,40,40,79,79,15,15,15,15,56,80,118,118,118,118],"floor_reached":16,"language":"ENG","playtime":328,"items_purged":[],"score":328,"play_id":"eb5da324-948b-40a8-8395-af323aee7153","local_time":"20210225161441","is_ascension_mode":true,"campfire_choices":[{"data":"Neutralize","floor":7,"key":"SMITH"},{"data":"Crippling Poison","floor":11,"key":"SMITH"},{"data":"Cloak And Dagger","floor":15,"key":"SMITH"}],"circlet_count":0,"master_deck":["AscendersBane","Strike_G","Strike_G","Strike_G","Strike_G","Strike_G","Defend_G","Defend_G","Defend_G+1","Defend_G","Defend_G","Survivor+1","Neutralize+1","Dagger Spray","Crippling Poison+1","Dagger Throw","Burst","Cloak And Dagger+1","All Out Attack"],"relics":["Ring of the Snake","NeowsBlessing","Golden Idol","The Courier","Turnip","Gremlin Horn","Juzu Bracelet"],"acts_visited":["Exordium"],"potions_floor_usage":[],"damage_taken":[{"damage":0,"enemies":"Jaw Worm","floor":1,"turns":1},{"damage":0,"enemies":"Lagavulin","floor":6,"turns":1},{"damage":0,"enemies":"Gremlin Nob","floor":12,"turns":1},{"damage":0,"enemies":"Small Slimes","floor":13,"turns":4},{"damage":21,"enemies":"Lagavulin","floor":14,"turns":8},{"damage":45,"enemies":"The Guardian","floor":16,"turns":14}],"seed_played":"-2754310449937945290","potions_obtained":[],"is_trial":false,"path_per_floor":["M","?","?","$","?","E","R","$","T","$","R","E","M","E","R","B"],"character_chosen":"THE_SILENT","items_purchased":["Crippling Poison","Burst"],"campfire_rested":0,"item_purchase_floors":[4,8],"current_hp_per_floor":[59,39,55,55,55,55,55,55,55,55,55,55,55,34,34,0,0],"gold":118,"neow_bonus":"THREE_ENEMY_KILL","is_daily":false,"chose_seed":false,"campfire_upgraded":3,"win_rate":0.0,"timestamp":1614262481,"path_taken":["M","?","?","?","?","E","R","$","T","?","R","E","M","E","R","BOSS"],"items_purchased_type":["Card","Card"],"build_version":"2020-12-22","purchased_purges":0,"victory":false,"max_hp_per_floor":[66,66,66,66,60,60,60,60,60,60,60,60,60,60,60,60,60],"relic_stats":{"Gremlin Horn":[1,1],"counters":[6,29],"Golden Idol":29,"Turnip":[0],"Juzu Bracelet":0,"obtain_stats":[{"NeowsBlessing":0,"Gremlin Horn":12,"Golden Idol":5,"The Courier":6,"Turnip":9,"Juzu Bracelet":14,"Ring of the Snake":0},{"NeowsBlessing":0,"Gremlin Horn":3,"Golden Idol":1,"The Courier":2,"Turnip":2,"Juzu Bracelet":5,"Ring of the Snake":0},{"NeowsBlessing":0,"Gremlin Horn":3,"Golden Idol":1,"The Courier":2,"Turnip":2,"Juzu Bracelet":15,"Ring of the Snake":0}],"Ring of the Snake":[12]},"card_choices":[{"not_picked":["Backflip","Outmaneuver"],"picked":"Dagger Spray","floor":1},{"not_picked":["Sucker Punch","Eviscerate"],"picked":"Dagger Throw","floor":6},{"not_picked":["Dagger Throw","Deflect"],"picked":"Cloak And Dagger","floor":12},{"not_picked":["Dodge and Roll","Escape Plan"],"picked":"All Out Attack","floor":13},{"not_picked":["Slice","Dodge and Roll","Underhanded Strike"],"picked":"SKIP","floor":14}],"player_experience":892567,"relics_obtained":[{"floor":6,"key":"The Courier"},{"floor":9,"key":"Turnip"},{"floor":12,"key":"Gremlin Horn"},{"floor":14,"key":"Juzu Bracelet"}],"event_choices":[{"damage_healed":0,"gold_gain":0,"player_choice":"Entered Light","damage_taken":20,"max_hp_gain":0,"max_hp_loss":0,"event_name":"Shining Light","floor":2,"gold_loss":0,"cards_upgraded":["Survivor","Defend_G"]},{"damage_healed":16,"gold_gain":0,"player_choice":"Healed","damage_taken":0,"max_hp_gain":0,"max_hp_loss":0,"event_name":"The Cleric","floor":3,"gold_loss":35},{"damage_healed":0,"gold_gain":0,"player_choice":"Lose Max HP","damage_taken":0,"relics_obtained":["Golden Idol"],"max_hp_gain":0,"max_hp_loss":6,"event_name":"Golden Idol","floor":5,"gold_loss":0}],"is_beta":false,"boss_relics":[],"items_purged_floors":[],"is_endless":false,"potions_floor_spawned":[],"killed_by":"The Guardian","ascension_level":20}}