{"host":"ws4mzzemcqsz5e2k","time":1614261474,"event":{"mods":["Act Like it!","BaseMod","Bossed Relics","Colored Powertips","Minty Spire (QoL Compilation)","MostiFishMod","Quick Restart","StSLib"],"gold_per_floor":[115,135,153,153,164,164,194,119,191,226,151,186,241,260,260,339,339,356,368,385,385,385,414,414,440,440,440,440,459,186,218,218,290,290,301,318,330,355,230,230,248,283,283,306,341,396,422,435,435,510,584,584,596,609,628,478,478,505,505,505,505,505,505,540,556,590,590,667,667,685,698,365,690,61,88,88,117,151,151,162,191,205,255,255,327,327,345,448,465,405,417,429,454,60,88,88,115,115,145,0,0,78,152,152,163,138,151,161,179,207,207,240,275,275,309,59,109,159,159,231,231,250,262,312,362,87,112,129,157,191,202,252,284,284,304,304,382,382,396,446,462,-938,-666,-666,-666],"floor_reached":144,"language":"ZHS","playtime":8858,"items_purged":["Strike_G","Survivor","Strike_G","Strike_G","Defend_G","Regret","MostiFishMod:WinterMarkForm+1","Defend_G+1","Neutralize+1"],"score":11048,"play_id":"e1f46409-0dd3-4c72-9833-8e7411a23c8b","local_time":"20210225215754","daily_mods":["Heirloom","Elite Swarm","Uncertain Future"],"is_ascension_mode":true,"campfire_choices":[{"data":"Neutralize","floor":6.0,"key":"SMITH"},{"data":"MostiFishMod:WinterMarkForm","floor":15.0,"key":"SMITH"},{"data":"Backflip","floor":24.0,"key":"SMITH"},{"data":"Footwork","floor":27.0,"key":"SMITH"},{"data":"Blade Dance","floor":32.0,"key":"SMITH"},{"data":"After Image","floor":40.0,"key":"SMITH"},{"data":"After Image","floor":49,"key":"SMITH"},{"data":"Defend_G","floor":59,"key":"SMITH"},{"data":"Defend_G","floor":62,"key":"SMITH"},{"data":"Defend_G","floor":67,"key":"SMITH"},{"floor":76,"key":"REST"},{"floor":79,"key":"REST"},{"floor":84,"key":"REST"},{"data":"MostiFishMod:VineMother","floor":96,"key":"SMITH"},{"floor":98,"key":"REST"},{"floor":101,"key":"REST"},{"floor":111,"key":"REST"},{"floor":114,"key":"REST"},{"floor":119,"key":"REST"},{"floor":134,"key":"REST"},{"floor":136,"key":"REST"}],"circlet_count":0,"master_deck":["AscendersBane","Footwork+1","After Image+1","Backflip+1","After Image+1","Backflip+1","MostiFishMod:PerfectForm+1","MostiFishMod:VineMother+1","MostiFishMod:LethalBlade+1"],"relics":["Ring of the Snake","DaveBox","xbg","Thread and Needle","SynthV:TestCard","Bird Faced Urn","Dream Catcher","Eternal Feather","CombinedTypeHook","Turnip","Juzu Bracelet","SlaversCollar","MutagenicStrength","Toxic Egg 2","Shuriken","Chemical X","Matryoshka","GreenFoldingFan","MostiFishMod:Haymaker","Ancient Tea Set","Art of War","Toy Ornithopter","Bronze Scales","SynthV:C4","Molten Egg 2","StoneCalendar","Lizard Tail","RhineFirstAidKit","Ornamental Fan","SsserpentHead","TimeKeys","BrkXgEgg","Mummified Hand","WristBlade","Bag of Preparation","Red Mask","Tiny House","The Specimen","Philosopher\u0027s Stone","SentryEyes","Sozu","SynthV:MejaisSoulstealer"],"acts_visited":["Exordium","TheCity","TheBeyond","Exordium","TheCity","TheBeyond","Exordium","TheCity","TheBeyond"],"potions_floor_usage":[70],"damage_taken":[{"damage":0.0,"enemies":"Small Slimes","floor":1.0,"turns":4.0},{"damage":0.0,"enemies":"2 Louse","floor":2.0,"turns":3.0},{"damage":0.0,"enemies":"Cultist","floor":3.0,"turns":4.0},{"damage":0.0,"enemies":"2 Fungi Beasts","floor":5.0,"turns":3.0},{"damage":15.0,"enemies":"3 Sentries","floor":7.0,"turns":15.0},{"damage":25.0,"enemies":"Gremlin Nob","floor":10.0,"turns":5.0},{"damage":6.0,"enemies":"Lagavulin","floor":12.0,"turns":4.0},{"damage":4.0,"enemies":"3 Sentries","floor":13.0,"turns":5.0},{"damage":0.0,"enemies":"3 Louse","floor":14.0,"turns":2.0},{"damage":10.0,"enemies":"The Guardian","floor":16.0,"turns":5.0},{"damage":0.0,"enemies":"3 Byrds","floor":18.0,"turns":3.0},{"damage":0.0,"enemies":"2 Thieves","floor":19.0,"turns":3.0},{"damage":0.0,"enemies":"Centurion and Healer","floor":20.0,"turns":5.0},{"damage":0.0,"enemies":"Book of Stabbing","floor":23.0,"turns":3.0},{"damage":17.0,"enemies":"Slavers","floor":25.0,"turns":3.0},{"damage":0.0,"enemies":"Snake Plant","floor":29.0,"turns":3.0},{"damage":0.0,"enemies":"Book of Stabbing","floor":31.0,"turns":4.0},{"damage":13.0,"enemies":"Collector","floor":33.0,"turns":5.0},{"damage":14.0,"enemies":"3 Shapes","floor":35.0,"turns":4.0},{"damage":6.0,"enemies":"3 Darklings","floor":36.0,"turns":3.0},{"damage":16.0,"enemies":"Spire Growth","floor":37.0,"turns":3.0},{"damage":21.0,"enemies":"Mind Bloom Boss Battle","floor":38.0,"turns":4.0},{"damage":49.0,"enemies":"4 Shapes","floor":41.0,"turns":3.0},{"damage":10.0,"enemies":"Nemesis","floor":42.0,"turns":5.0},{"damage":10.0,"enemies":"Reptomancer","floor":45.0,"turns":5.0},{"damage":21.0,"enemies":"2 Orb Walkers","floor":46.0,"turns":2.0},{"damage":6.0,"enemies":"Nemesis","floor":47.0,"turns":3.0},{"damage":8,"enemies":"Writhing Mass","floor":48,"turns":4},{"damage":18,"enemies":"Time Eater","floor":50,"turns":9},{"damage":14,"enemies":"Awakened One","floor":51,"turns":7},{"damage":4,"enemies":"Small Slimes","floor":53,"turns":2},{"damage":4,"enemies":"Cultist","floor":54,"turns":2},{"damage":4,"enemies":"Jaw Worm","floor":55,"turns":2},{"damage":6,"enemies":"Lagavulin","floor":58,"turns":3},{"damage":6,"enemies":"Gremlin Nob","floor":64,"turns":3},{"damage":4,"enemies":"Blue Slaver","floor":65,"turns":2},{"damage":6,"enemies":"3 Sentries","floor":66,"turns":3},{"damage":10,"enemies":"Slime Boss","floor":68,"turns":5},{"damage":4,"enemies":"3 Byrds","floor":70,"turns":2},{"damage":13,"enemies":"Shell Parasite","floor":71,"turns":3},{"damage":7,"enemies":"Slavers","floor":75,"turns":4},{"damage":5,"enemies":"Book of Stabbing","floor":77,"turns":3},{"damage":3,"enemies":"Gremlin Leader","floor":78,"turns":2},{"damage":8,"enemies":"Cultist and Chosen","floor":80,"turns":4},{"damage":4,"enemies":"Slavers","floor":81,"turns":3},{"damage":4,"enemies":"Snake Plant","floor":82,"turns":2},{"damage":5,"enemies":"Collector","floor":85,"turns":3},{"damage":4,"enemies":"Orb Walker","floor":87,"turns":2},{"damage":4,"enemies":"2 Orb Walkers","floor":88,"turns":2},{"damage":4,"enemies":"3 Shapes","floor":89,"turns":2},{"damage":4,"enemies":"Writhing Mass","floor":91,"turns":3},{"damage":21,"enemies":"Jaw Worm Horde","floor":92,"turns":2},{"damage":5,"enemies":"Nemesis","floor":93,"turns":3},{"damage":5,"enemies":"Reptomancer","floor":95,"turns":3},{"damage":8,"enemies":"Nemesis","floor":97,"turns":5},{"damage":5,"enemies":"Giant Head","floor":99,"turns":3},{"damage":4,"enemies":"Donu and Deca","floor":102,"turns":3},{"damage":10,"enemies":"Time Eater","floor":103,"turns":5},{"damage":5,"enemies":"Cultist","floor":105,"turns":3},{"damage":2,"enemies":"2 Louse","floor":107,"turns":1},{"damage":2,"enemies":"Small Slimes","floor":108,"turns":1},{"damage":2,"enemies":"3 Louse","floor":109,"turns":1},{"damage":3,"enemies":"Gremlin Nob","floor":110,"turns":2},{"damage":4,"enemies":"Lagavulin","floor":112,"turns":3},{"damage":3,"enemies":"Gremlin Nob","floor":113,"turns":2},{"damage":3,"enemies":"Lagavulin","floor":115,"turns":2},{"damage":4,"enemies":"Slime Boss","floor":120,"turns":3},{"damage":2,"enemies":"3 Byrds","floor":122,"turns":1},{"damage":2,"enemies":"Spheric Guardian","floor":123,"turns":1},{"damage":3,"enemies":"Book of Stabbing","floor":127,"turns":2},{"damage":3,"enemies":"Centurion and Healer","floor":128,"turns":2},{"damage":2,"enemies":"Slavers","floor":129,"turns":1},{"damage":3,"enemies":"Gremlin Leader","floor":130,"turns":2},{"damage":2,"enemies":"3 Cultists","floor":131,"turns":1},{"damage":3,"enemies":"Book of Stabbing","floor":133,"turns":2},{"damage":3,"enemies":"Chosen and Byrds","floor":135,"turns":2},{"damage":6,"enemies":"Automaton","floor":137,"turns":4},{"damage":2,"enemies":"3 Shapes","floor":139,"turns":1},{"damage":3,"enemies":"3 Darklings","floor":141,"turns":2},{"damage":6,"enemies":"Reptomancer","floor":144,"turns":4}],"seed_played":"942208186213926267","potions_obtained":[{"floor":3.0,"key":"SteroidPotion"},{"floor":7.0,"key":"LiquidBronze"},{"floor":16.0,"key":"Block Potion"},{"floor":20.0,"key":"Explosive Potion"},{"floor":41.0,"key":"FairyPotion"},{"floor":71,"key":"DistilledChaos"},{"floor":127,"key":"PowerPotion"}],"is_trial":true,"path_per_floor":["M","M","M","?","M","R","E","?","T","E","$","E","?","M","R","B",null,"M","M","M","?","?","E","R","E","T","R","?","M","$","E","R","B",null,"M","M","M","?","$","R","M","E","T","T","E","?","E","M","R","B","B",null,"M","M","M","$","?","E","R","?","T","R","?","E","M","E","R","B",null,"M","M","$","?","$","E","R","E","E","R","M","E","M","?","R","B",null,"M","?","M","?","M","M","E","$","E","R","E","R","E","?","R","B","B",null,"M","?","M","M","M","E","R","E","E","R","E","$","?","?","R","B",null,"M","M","?","?","$","E","M","E","E","M","?","E","R","M","R","B",null,"M","?","M","$","?","E"],"character_chosen":"THE_SILENT","items_purchased":["Chemical X","BrkXgEgg","Mummified Hand","MostiFishMod:PerfectForm+1","Bag of Preparation","SynthV:MejaisSoulstealer"],"campfire_rested":10,"item_purchase_floors":[30,72,74,74,94,142],"current_hp_per_floor":[59,59,59,54,56,56,43,43,43,22,22,22,24,24,33,29,57,61,65,66,66,66,66,66,49,49,58,58,62,62,66,66,55,63,65,66,64,59,59,66,29,37,37,37,45,40,50,60,66,64,66,66,66,66,66,66,66,66,66,66,66,66,66,66,66,66,66,66,66,66,66,66,66,66,66,66,66,66,66,66,66,66,66,66,66,66,66,66,66,66,66,57,66,66,66,66,66,66,66,66,66,66,66,66,66,66,66,66,66,66,66,66,66,66,66,66,55,48,66,66,66,66,66,66,66,66,66,66,66,66,66,66,66,66,66,66,66,66,66,66,66,66,66,62,62],"gold":-666,"neow_bonus":"","is_daily":false,"chose_seed":false,"campfire_upgraded":11,"win_rate":0.0,"timestamp":1614261474,"path_taken":["M","M","M","?","M","R","E","?","T","E","$","E","?","M","R","BOSS","M","M","M","?","?","E","R","E","T","R","?","M","$","E","R","BOSS","M","M","M","?","$","R","M","E","T","?","E","?","E","M","R","BOSS","BOSS","M","M","M","$","?","E","R","?","T","R","?","E","M","E","R","BOSS","M","M","$","?","?","E","R","E","E","R","M","E","M","?","R","BOSS","M","?","M","?","M","M","E","$","E","R","E","R","E","?","R","BOSS","BOSS","M","?","M","M","M","E","R","E","E","R","E","$","?","?","R","BOSS","M","M","?","?","$","E","M","E","E","M","?","E","R","M","R","BOSS","M","?","M","$","?","E"],"items_purchased_type":["Relic","Relic","Relic","Card","Relic","Relic"],"build_version":"2020-12-22","purchased_purges":9,"victory":false,"max_hp_per_floor":[66,66,66,66,66,66,66,66,66,66,66,66,66,66,66,66,66,66,66,66,66,66,66,66,66,66,66,66,66,66,66,66,66,66,66,66,66,66,66,66,66,66,66,66,66,66,66,66,66,66,66,66,66,66,66,66,66,66,66,66,66,66,66,66,66,66,66,66,66,66,66,66,66,66,66,66,66,66,66,66,66,66,66,66,66,66,66,66,66,66,66,66,66,66,66,66,66,66,66,66,66,66,66,66,66,66,66,66,66,66,66,66,66,66,66,66,66,66,66,66,66,66,66,66,66,66,66,66,66,66,66,66,66,66,66,66,66,66,66,66,66,66,66,66,66],"card_choices":[{"not_picked":["Outmaneuver","Caltrops"],"picked":"Footwork","floor":1.0},{"not_picked":["Blur","Dagger Spray","Riddle With Holes","MostiFishMod:PerfectParry","PiercingWail"],"picked":"SKIP","floor":2.0},{"not_picked":["Poisoned Stab","MostiFishMod:PoisonShield","Eviscerate","Infinite Blades"],"picked":"Bouncing Flask","floor":3.0},{"not_picked":["Underhanded Strike","Dash","Cloak And Dagger","MostiFishMod:InvigoratingSolution","Dagger Spray"],"picked":"SKIP","floor":5.0},{"not_picked":["MostiFishMod:Neurotoxin","Malaise","Doppelganger","MostiFishMod:Wind"],"picked":"After Image","floor":7.0},{"not_picked":["Grand Finale","Doppelganger","MostiFishMod:Dislodge","MostiFishMod:FullyArmed"],"picked":"MostiFishMod:WinterMarkForm","floor":10.0},{"not_picked":["MostiFishMod:HiddenBlade","Unload","MostiFishMod:AdrenalineArouse","MostiFishMod:GrandStart","Envenom"],"picked":"SKIP","floor":12.0},{"not_picked":["Deflect","Quick Slash","All Out Attack","Underhanded Strike"],"picked":"Backflip","floor":14.0},{"not_picked":["Dagger Throw","Flying Knee","Deflect","PiercingWail","Prepared"],"picked":"SKIP","floor":18.0},{"not_picked":["MostiFishMod:PerfectParry","MostiFishMod:InvigoratingSolution","Heel Hook","Quick Slash","Infinite Blades"],"picked":"SKIP","floor":19.0},{"not_picked":["Cloak And Dagger","Deflect","Slice+1","Bullet Time"],"picked":"Blade Dance","floor":20.0},{"not_picked":["Adrenaline+1","MostiFishMod:SpreadingSpore+1","MostiFishMod:Opportunism+1","MostiFishMod:WinterMarkForm"],"picked":"After Image","floor":23.0},{"not_picked":["After Image","Wraith Form v2","Burst+1","Venomology+1","MostiFishMod:ShivMaster"],"picked":"SKIP","floor":25.0},{"not_picked":["Dodge and Roll+1","Dash","Flechettes+1","Sucker Punch"],"picked":"Backflip+1","floor":29.0},{"not_picked":["Night Terror+1","MostiFishMod:Dislodge+1","Envenom","Corpse Explosion+1","Grand Finale"],"picked":"SKIP","floor":31.0},{"not_picked":["Cloak And Dagger+1","Flying Knee","Dagger Throw+1","Caltrops","Dodge and Roll+1"],"picked":"SKIP","floor":35.0},{"not_picked":["Bane","PiercingWail+1","Leg Sweep+1","MostiFishMod:PerfectParry+1","Acrobatics+1"],"picked":"SKIP","floor":36.0},{"not_picked":["Dagger Spray","Dagger Throw","Infinite Blades","Tools of the Trade","Cloak And Dagger+1"],"picked":"SKIP","floor":37.0},{"not_picked":["Prepared+1","Noxious Fumes","Backflip+1","Deadly Poison+1","Finisher"],"picked":"SKIP","floor":41.0},{"not_picked":["Burst+1","Doppelganger+1","MostiFishMod:WinterMarkForm","Tools of the Trade","MostiFishMod:Listen+1"],"picked":"SKIP","floor":42.0},{"not_picked":["After Image","MostiFishMod:ShivMaster","MostiFishMod:Confrontation+1","MostiFishMod:Listen+1","Unload+1"],"picked":"SKIP","floor":45.0},{"not_picked":["Corpse Explosion+1","Venomology+1","After Image","Wraith Form v2","MostiFishMod:Dislodge+1"],"picked":"SKIP","floor":47.0},{"not_picked":["Slice+1","Dodge and Roll+1","Backflip+1","Deflect+1","Corpse Explosion+1"],"picked":"SKIP","floor":48},{"not_picked":["Noxious Fumes","MostiFishMod:PoisonShield+1","Dagger Throw+1","PiercingWail+1","Acrobatics+1"],"picked":"SKIP","floor":53},{"not_picked":["Caltrops","Poisoned Stab+1","Underhanded Strike+1","Tactician+1","Sucker Punch+1"],"picked":"SKIP","floor":54},{"not_picked":["Dodge and Roll+1","MostiFishMod:PoisonShield+1","Poisoned Stab+1","Flying Knee+1","Footwork"],"picked":"SKIP","floor":55},{"not_picked":["MostiFishMod:Confrontation+1","MostiFishMod:FullyArmed+1","Adrenaline+1","MostiFishMod:Opportunism+1","Burst+1"],"picked":"SKIP","floor":58},{"not_picked":["Grand Finale+1","Unload+1","Venomology+1","MostiFishMod:Neurotoxin","Tools of the Trade"],"picked":"SKIP","floor":64},{"not_picked":["Finisher+1","Eviscerate+1","Flying Knee+1","Deflect+1","Flechettes+1"],"picked":"SKIP","floor":65},{"not_picked":["MostiFishMod:SpreadingSpore+1","After Image","Corpse Explosion+1","Doppelganger+1","Night Terror+1"],"picked":"SKIP","floor":66},{"not_picked":["Infinite Blades","Bane+1","Dagger Throw+1","Choke+1","PiercingWail+1"],"picked":"SKIP","floor":70},{"not_picked":["Setup+1","Poisoned Stab+1","Tactician+1","Dagger Throw+1","Blade Dance+1"],"picked":"SKIP","floor":71},{"not_picked":["MostiFishMod:Wind+1","MostiFishMod:SpreadingSpore+1","MostiFishMod:FullyArmed+1","Venomology+1","MostiFishMod:Dislodge+1"],"picked":"SKIP","floor":75},{"not_picked":["MostiFishMod:Dislodge+1","Adrenaline+1","Night Terror+1","MostiFishMod:GrandStart+1","MostiFishMod:FullyArmed+1"],"picked":"SKIP","floor":77},{"not_picked":["Wraith Form v2+1","MostiFishMod:Wind+1","MostiFishMod:SpreadingSpore+1","MostiFishMod:AdrenalineArouse+1","MostiFishMod:Neurotoxin+1"],"picked":"SKIP","floor":78},{"not_picked":["Deadly Poison+1","Dodge and Roll+1","Storm of Steel+1","Flying Knee+1","Bane+1"],"picked":"SKIP","floor":80},{"not_picked":["Phantasmal Killer+1","MostiFishMod:LethalBlade+1","MostiFishMod:Confrontation+1","Corpse Explosion+1","A Thousand Cuts+1"],"picked":"SKIP","floor":81},{"not_picked":["Dagger Spray+1","Sucker Punch+1","Masterful Stab+1","Backflip+1","Terror+1"],"picked":"SKIP","floor":82},{"not_picked":["Deadly Poison+1","Outmaneuver+1","PiercingWail+1","Blade Dance+1","Dagger Throw+1"],"picked":"SKIP","floor":87},{"not_picked":["Outmaneuver+1","Slice+1","Tactician+1","Underhanded Strike+1","Cloak And Dagger+1"],"picked":"SKIP","floor":89},{"not_picked":["MostiFishMod:InvigoratingSolution+1","All Out Attack+1","A Thousand Cuts+1","Masterful Stab+1"],"picked":"MostiFishMod:VineMother","floor":91},{"not_picked":["Catalyst+1","Expertise+1","Quick Slash+1","Bane+1","Blade Dance+1"],"picked":"SKIP","floor":92},{"not_picked":["MostiFishMod:Dislodge+1","Phantasmal Killer+1","MostiFishMod:AdrenalineArouse+1","MostiFishMod:Opportunism+1","MostiFishMod:Confrontation+1"],"picked":"SKIP","floor":93},{"not_picked":["MostiFishMod:WinterMarkForm+1","MostiFishMod:Neurotoxin+1","Glass Knife+1","Adrenaline+1","Unload+1"],"picked":"SKIP","floor":95},{"not_picked":["Wraith Form v2+1","MostiFishMod:FullyArmed+1","MostiFishMod:HiddenBlade+1","MostiFishMod:Listen+1"],"picked":"MostiFishMod:LethalBlade+1","floor":97},{"not_picked":["MostiFishMod:SpreadingSpore+1","MostiFishMod:LethalBlade+1","MostiFishMod:Listen+1","MostiFishMod:AdrenalineArouse+1","MostiFishMod:WinterMarkForm+1"],"picked":"SKIP","floor":99},{"not_picked":["Dagger Spray+1","MostiFishMod:PerfectParry+1","Quick Slash+1","Backflip+1","Slice+1"],"picked":"SKIP","floor":105},{"not_picked":["MostiFishMod:PreservedThorns+1","Acrobatics+1","Dagger Throw+1","Finisher+1","Cloak And Dagger+1"],"picked":"SKIP","floor":107},{"not_picked":["Prepared+1","Underhanded Strike+1","MostiFishMod:Opportunism+1","Caltrops","Flying Knee+1"],"picked":"SKIP","floor":108},{"not_picked":["Outmaneuver+1","Deflect+1","MostiFishMod:PoisonShield+1","MostiFishMod:PerfectParry+1","Sucker Punch+1"],"picked":"SKIP","floor":109},{"not_picked":["MostiFishMod:Confrontation+1","Envenom+1","Venomology+1","Night Terror+1","Unload+1"],"picked":"SKIP","floor":110},{"not_picked":["MostiFishMod:SpreadingSpore+1","A Thousand Cuts+1","Phantasmal Killer+1","Corpse Explosion+1","Venomology+1"],"picked":"SKIP","floor":112},{"not_picked":["MostiFishMod:Listen+1","Glass Knife+1","Adrenaline+1","MostiFishMod:Opportunism+1"],"picked":"MostiFishMod:GrandStart+1","floor":113},{"not_picked":["MostiFishMod:LethalBlade+1","Glass Knife+1","Corpse Explosion+1","Tools of the Trade+1","Doppelganger+1"],"picked":"SKIP","floor":115},{"not_picked":["Backflip+1","Poisoned Stab+1","Escape Plan+1","Slice+1","Predator+1"],"picked":"SKIP","floor":122},{"not_picked":["Deflect+1","Blade Dance+1","Distraction+1","Dodge and Roll+1","Dagger Spray+1"],"picked":"SKIP","floor":123},{"not_picked":["MostiFishMod:HiddenBlade+1","Burst+1","MostiFishMod:Neurotoxin+1","Wraith Form v2+1","Corpse Explosion+1"],"picked":"SKIP","floor":127},{"not_picked":["Slice+1","Concentrate+1","Outmaneuver+1","Bane+1","MostiFishMod:PreservedThorns+1"],"picked":"SKIP","floor":128},{"not_picked":["Venomology+1","MostiFishMod:ShivMaster+1","MostiFishMod:Wind+1","MostiFishMod:Listen+1","MostiFishMod:Confrontation+1"],"picked":"SKIP","floor":129},{"not_picked":["MostiFishMod:Neurotoxin+1","MostiFishMod:LethalBlade+1","Glass Knife+1","Wraith Form v2+1","MostiFishMod:WinterMarkForm+1"],"picked":"SKIP","floor":130},{"not_picked":["Prepared+1","Deflect+1","Cloak And Dagger+1","Deadly Poison+1","Poisoned Stab+1"],"picked":"SKIP","floor":131},{"not_picked":["Wraith Form v2+1","Glass Knife+1","MostiFishMod:Listen+1","MostiFishMod:SpreadingSpore+1","Die Die Die+1"],"picked":"SKIP","floor":133},{"not_picked":["MostiFishMod:FrostNova+1","All Out Attack+1","Dagger Throw+1","Dash+1","Poisoned Stab+1"],"picked":"SKIP","floor":135},{"not_picked":["Flechettes+1","Outmaneuver+1","Slice+1","MostiFishMod:PerfectParry+1","Deflect+1"],"picked":"SKIP","floor":139},{"not_picked":["Flying Knee+1","Prepared+1","Blade Dance+1","Bane+1","Dagger Throw+1"],"picked":"SKIP","floor":141}],"player_experience":1606927,"relics_obtained":[{"floor":1.0,"key":"SynthV:TestCard"},{"floor":7.0,"key":"Dream Catcher"},{"floor":9.0,"key":"Eternal Feather"},{"floor":10.0,"key":"CombinedTypeHook"},{"floor":12.0,"key":"Turnip"},{"floor":23.0,"key":"Toxic Egg 2"},{"floor":25.0,"key":"Shuriken"},{"floor":31.0,"key":"Matryoshka"},{"floor":38.0,"key":"MostiFishMod:Haymaker"},{"floor":42.0,"key":"Ancient Tea Set"},{"floor":43.0,"key":"Art of War"},{"floor":43.0,"key":"Toy Ornithopter"},{"floor":44.0,"key":"Bronze Scales"},{"floor":44.0,"key":"SynthV:C4"},{"floor":45.0,"key":"Molten Egg 2"},{"floor":46.0,"key":"StoneCalendar"},{"floor":47.0,"key":"Lizard Tail"},{"floor":61,"key":"Ornamental Fan"}],"event_choices":[{"damage_healed":0.0,"max_hp_gain":0.0,"max_hp_loss":0.0,"gold_gain":0.0,"event_name":"Scrap Ooze","player_choice":"Success","floor":4.0,"gold_loss":0.0,"damage_taken":5.0,"relics_obtained":["Bird Faced Urn"]},{"cards_removed":["Strike_G"],"damage_healed":0.0,"max_hp_gain":0.0,"max_hp_loss":0.0,"gold_gain":0.0,"event_name":"The Cleric","player_choice":"Card Removal","floor":8.0,"gold_loss":75.0,"damage_taken":0.0},{"damage_healed":0.0,"max_hp_gain":0.0,"max_hp_loss":0.0,"gold_gain":30.0,"event_name":"Dead Adventurer","player_choice":"Searched \u00273\u0027 times","floor":13.0,"gold_loss":0.0,"damage_taken":0.0,"relics_obtained":["Juzu Bracelet"]},{"cards_removed":["Bouncing Flask"],"damage_healed":0.0,"max_hp_gain":0.0,"max_hp_loss":0.0,"gold_gain":0.0,"event_name":"Purifier","player_choice":"Purged","floor":21.0,"gold_loss":0.0,"damage_taken":0.0},{"damage_healed":0.0,"max_hp_gain":0.0,"max_hp_loss":0.0,"gold_gain":0.0,"event_name":"Drug Dealer","player_choice":"Inject Mutagens","floor":22.0,"gold_loss":0.0,"damage_taken":0.0,"relics_obtained":["MutagenicStrength"]},{"damage_healed":0.0,"max_hp_gain":0.0,"max_hp_loss":0.0,"gold_gain":0.0,"event_name":"Ghosts","player_choice":"Ignored","floor":28.0,"gold_loss":0.0,"damage_taken":0.0},{"damage_healed":0.0,"max_hp_gain":0.0,"max_hp_loss":0.0,"gold_gain":0.0,"event_name":"MindBloom","player_choice":"Fight","floor":38.0,"gold_loss":0.0,"damage_taken":0.0},{"damage_healed":0.0,"max_hp_gain":0.0,"max_hp_loss":0.0,"gold_gain":0.0,"event_name":"Mysterious Sphere","player_choice":"Fight","floor":46.0,"gold_loss":0.0,"damage_taken":0.0},{"cards_removed":["Strike_G"],"damage_healed":0,"gold_gain":0,"player_choice":"Forget","damage_taken":0,"max_hp_gain":0,"max_hp_loss":0,"event_name":"Living Wall","floor":57,"gold_loss":0},{"cards_removed":["Defend_G"],"damage_healed":0,"gold_gain":0,"player_choice":"Card Removal","damage_taken":0,"max_hp_gain":0,"max_hp_loss":0,"event_name":"Wheel of Change","floor":60,"gold_loss":0},{"damage_healed":0,"gold_gain":0,"player_choice":"Trade","damage_taken":0,"relics_obtained":["SsserpentHead"],"max_hp_gain":0,"max_hp_loss":0,"event_name":"FaceTrader","floor":63,"gold_loss":0},{"damage_healed":0,"gold_gain":275,"player_choice":"Desecrate","damage_taken":0,"max_hp_gain":0,"max_hp_loss":0,"event_name":"Golden Shrine","floor":73,"gold_loss":0,"cards_obtained":["Regret"]},{"damage_healed":0,"gold_gain":0,"player_choice":"Read","damage_taken":0,"max_hp_gain":0,"max_hp_loss":0,"event_name":"The Library","floor":83,"gold_loss":0,"cards_obtained":["MostiFishMod:PreservedThorns"]},{"damage_healed":0,"gold_gain":0,"player_choice":"Fight","damage_taken":0,"max_hp_gain":0,"max_hp_loss":0,"event_name":"Mysterious Sphere","floor":88,"gold_loss":0},{"cards_removed":["Blade Dance"],"damage_healed":0,"gold_gain":0,"player_choice":"Removal","damage_taken":0,"max_hp_gain":0,"max_hp_loss":0,"event_name":"Designer","floor":90,"gold_loss":110},{"damage_healed":0,"gold_gain":0,"player_choice":"Paid","damage_taken":0,"relics_obtained":["Red Mask"],"max_hp_gain":0,"max_hp_loss":0,"event_name":"Tomb of Lord Red Mask","floor":100,"gold_loss":195},{"cards_removed":["MostiFishMod:PreservedThorns"],"damage_healed":0,"gold_gain":0,"player_choice":"Card Removal","damage_taken":0,"max_hp_gain":0,"max_hp_loss":0,"event_name":"The Cleric","floor":106,"gold_loss":75},{"damage_healed":0,"gold_gain":0,"player_choice":"Success","damage_taken":11,"relics_obtained":["The Specimen"],"max_hp_gain":0,"max_hp_loss":0,"event_name":"Scrap Ooze","floor":117,"gold_loss":0},{"cards_removed":["Defend_G"],"damage_healed":0,"gold_gain":0,"player_choice":"Card Removal","damage_taken":7,"max_hp_gain":0,"max_hp_loss":0,"event_name":"Golden Wing","floor":118,"gold_loss":0},{"cards_removed":["Defend_G"],"damage_healed":0,"gold_gain":0,"player_choice":"Elegance","damage_taken":0,"max_hp_gain":0,"max_hp_loss":0,"event_name":"Back to Basics","floor":124,"gold_loss":0},{"damage_healed":0,"gold_gain":0,"player_choice":"Gave Potion","damage_taken":0,"relics_obtained":["SentryEyes"],"max_hp_gain":0,"max_hp_loss":0,"event_name":"WeMeetAgain","floor":125,"gold_loss":0},{"damage_healed":0,"gold_gain":0,"player_choice":"Ignored","damage_taken":0,"max_hp_gain":0,"max_hp_loss":0,"event_name":"Vampires","floor":132,"gold_loss":0},{"cards_removed":["MostiFishMod:GrandStart"],"damage_healed":0,"gold_gain":0,"player_choice":"Removed Attack","damage_taken":0,"max_hp_gain":0,"max_hp_loss":0,"event_name":"Falling","floor":140,"gold_loss":0},{"damage_healed":0,"gold_gain":222,"player_choice":"Wore Mask","damage_taken":0,"max_hp_gain":0,"max_hp_loss":0,"event_name":"Tomb of Lord Red Mask","floor":143,"gold_loss":0}],"is_beta":false,"boss_relics":[{"not_picked":["HoveringKite","Snecko Eye"],"picked":"SlaversCollar"},{"not_picked":["BloodWine","ChiXiaoBlade"],"picked":"GreenFoldingFan"},{"not_picked":["FeatherPendant","HereWithMe"],"picked":"RhineFirstAidKit"},{"not_picked":["Snecko Eye","Black Star"],"picked":"TimeKeys"},{"not_picked":["EE1DDrone","RhineCircuit"],"picked":"WristBlade"},{"not_picked":["FixedStarFall","Calling Bell"],"picked":"Tiny House"},{"not_picked":["PatriotShield","Velvet Choker"],"picked":"Philosopher\u0027s Stone"},{"not_picked":["EE1DDrone","HereWithMe"],"picked":"Sozu"}],"items_purged_floors":[11,30,39,56,72,74,94,116,126],"is_endless":true,"potions_floor_spawned":[3,7,13,14,16,20,23,25,38,41,45,47,48,51,55,64,65,68,71,77,78,80,81,88,91,99,102,103,109,110,112,120,122,127,130,131,135,137,141],"killed_by":"Reptomancer","ascension_level":20}}