{"host":"z4nt7tdd4gjrinn7","time":1614230705,"event":{"mods":["100% Spire Juice","BaseMod","Minty Spire (QoL Compilation)","StSLib"],"gold_per_floor":[116,116,126,301,317,317,351,369,448,448,462,462,462,474,474,572,572,586,602,602,615,206,206,224,224,292,292,303,303,39,39,39,39,39],"floor_reached":33,"language":"ENG","playtime":1645,"items_purged":[],"score":247,"play_id":"da7a00c0-8c67-42e2-8a4e-b4fac55bafe5","local_time":"20210225002505","is_ascension_mode":false,"campfire_choices":[{"data":"Glacier","floor":6,"key":"SMITH"},{"floor":12,"key":"REST"},{"floor":15,"key":"REST"},{"floor":23,"key":"REST"},{"floor":25,"key":"REST"},{"floor":27,"key":"REST"},{"data":"Electrodynamics","floor":29,"key":"SMITH"},{"floor":32,"key":"REST"}],"circlet_count":0,"master_deck":["Strike_B","Strike_B","Strike_B","Strike_B","Defend_B","Defend_B","Defend_B","Defend_B","Zap","Dualcast","Sweeping Beam+1","Ball Lightning","Glacier+1","Redo","Redo","Leap","Stack","Electrodynamics+1","Static Discharge","Melter","Storm","Defragment+1"],"relics":["Cracked Core","NeowsBlessing","Pocketwatch","Ornamental Fan","Toy Ornithopter","SlaversCollar","Singing Bowl","TheAbacus","The Courier","Membership Card","Strawberry","Oddly Smooth Stone"],"acts_visited":["Exordium","TheCity"],"potions_floor_usage":[7,16,16,30,33,33,33,33],"damage_taken":[{"damage":0,"enemies":"Jaw Worm","floor":1,"turns":1},{"damage":0,"enemies":"Small Slimes","floor":3,"turns":1},{"damage":0,"enemies":"2 Louse","floor":5,"turns":1},{"damage":23,"enemies":"Lagavulin","floor":7,"turns":6},{"damage":5,"enemies":"Looter","floor":8,"turns":3},{"damage":13,"enemies":"3 Louse","floor":11,"turns":2},{"damage":0,"enemies":"Large Slime","floor":14,"turns":3},{"damage":31,"enemies":"The Guardian","floor":16,"turns":12},{"damage":5,"enemies":"Chosen","floor":18,"turns":4},{"damage":13,"enemies":"3 Byrds","floor":19,"turns":4},{"damage":18,"enemies":"3 Cultists","floor":21,"turns":4},{"damage":15,"enemies":"Cultist and Chosen","floor":24,"turns":5},{"damage":9,"enemies":"Sentry and Sphere","floor":28,"turns":3},{"damage":101,"enemies":"Champ","floor":33,"turns":11}],"seed_played":"-3582884043339959636","potions_obtained":[{"floor":3,"key":"Dexterity Potion"},{"floor":7,"key":"Strength Potion"},{"floor":11,"key":"AttackPotion"},{"floor":16,"key":"Explosive Potion"},{"floor":18,"key":"EntropicBrew"},{"floor":19,"key":"SkillPotion"}],"is_trial":false,"path_per_floor":["M","?","M","?","M","R","E","M","T","?","M","R","?","M","R","B",null,"M","M","?","M","$","R","M","R","T","R","M","R","$","?","R","B"],"character_chosen":"DEFECT","items_purchased":["Singing Bowl","TheAbacus","Fruit Juice","Membership Card","Strawberry"],"campfire_rested":6,"item_purchase_floors":[22,22,30,30,30],"current_hp_per_floor":[75,75,75,75,75,75,52,47,47,40,27,49,42,42,64,43,75,70,57,57,39,39,61,46,68,68,75,68,68,85,85,89,0,0],"gold":39,"neow_bonus":"THREE_ENEMY_KILL","is_daily":false,"chose_seed":false,"campfire_upgraded":2,"win_rate":0.0,"timestamp":1614230705,"path_taken":["M","?","M","?","M","R","E","M","T","?","M","R","?","M","R","BOSS","M","M","?","M","$","R","M","R","T","R","M","R","$","?","R","BOSS"],"items_purchased_type":["Relic","Relic","Potion","Relic","Relic"],"build_version":"2020-12-22","purchased_purges":0,"victory":false,"max_hp_per_floor":[75,75,75,75,75,75,75,75,75,75,75,75,75,75,75,75,75,75,75,75,75,75,75,75,75,75,75,77,77,89,89,89,89,89],"card_choices":[{"not_picked":["Steam","Beam Cell"],"picked":"Sweeping Beam","floor":1},{"not_picked":["Skim","Rip and Tear"],"picked":"Ball Lightning","floor":3},{"not_picked":["Hologram","Tempest"],"picked":"Glacier","floor":5},{"not_picked":["Reprogram","Streamline"],"picked":"Redo","floor":7},{"not_picked":["Hologram","Streamline"],"picked":"Redo","floor":8},{"not_picked":["Redo","Beam Cell"],"picked":"Leap","floor":11},{"not_picked":["Meteor Strike","Hologram"],"picked":"Stack","floor":14},{"not_picked":["Creative AI","Meteor Strike"],"picked":"Electrodynamics","floor":16},{"not_picked":["Steam+1","Redo+1"],"picked":"Static Discharge","floor":18},{"not_picked":["Cold Snap","Redo"],"picked":"Melter","floor":19},{"not_picked":["Ball Lightning","Sweeping Beam"],"picked":"Storm","floor":21},{"not_picked":["Scrape+1","Hello World"],"picked":"Defragment+1","floor":24},{"not_picked":["Consume","Rebound","Hologram"],"picked":"Singing Bowl","floor":28}],"player_experience":244070,"relics_obtained":[{"floor":7,"key":"Pocketwatch"},{"floor":9,"key":"Ornamental Fan"},{"floor":26,"key":"The Courier"}],"event_choices":[{"damage_healed":0,"gold_gain":0,"player_choice":"Grow","damage_taken":0,"max_hp_gain":0,"max_hp_loss":0,"event_name":"Living Wall","floor":2,"gold_loss":0,"cards_upgraded":["Sweeping Beam"]},{"damage_healed":0,"gold_gain":175,"player_choice":"AGREE","damage_taken":0,"max_hp_gain":0,"max_hp_loss":0,"event_name":"Liars Game","floor":4,"gold_loss":0,"cards_obtained":["Doubt"]},{"cards_removed":["Doubt"],"damage_healed":0,"gold_gain":0,"player_choice":"Card Removal","damage_taken":7,"max_hp_gain":0,"max_hp_loss":0,"event_name":"Golden Wing","floor":10,"gold_loss":0},{"damage_healed":0,"gold_gain":0,"player_choice":"Success","damage_taken":7,"relics_obtained":["Toy Ornithopter"],"max_hp_gain":0,"max_hp_loss":0,"event_name":"Scrap Ooze","floor":13,"gold_loss":0},{"damage_healed":0,"gold_gain":0,"player_choice":"Ignored","damage_taken":0,"max_hp_gain":0,"max_hp_loss":0,"event_name":"Vampires","floor":20,"gold_loss":0},{"damage_healed":0,"gold_gain":0,"player_choice":"Opened","damage_taken":0,"relics_obtained":["Oddly Smooth Stone"],"max_hp_gain":0,"max_hp_loss":0,"event_name":"The Mausoleum","floor":31,"gold_loss":0}],"is_beta":false,"boss_relics":[{"not_picked":["Runic Pyramid","Velvet Choker"],"picked":"SlaversCollar"}],"items_purged_floors":[],"is_endless":false,"potions_floor_spawned":[3,7,11,16,18,19,28],"killed_by":"Champ","ascension_level":0}}