{"host":"ocllwaoi18j60ltd","time":1614252868,"event":{"mods":["BaseMod","DeckTracker","Minty Spire (QoL Compilation)","Permanent Neow","Quick Restart","StSLib","SuperFastMode"],"gold_per_floor":[111,123,140,158,72,72,112,112,112,133,175,23,60,87,87,170,224,243,76,100,118,138,138,138,171,171,171,171,171,188,88,88,169,169,186,66,46,71,83,83,83],"floor_reached":40,"language":"KOR","playtime":1219,"items_purged":["Strike_B","Self Repair","Static Discharge","Sweeping Beam"],"score":852,"play_id":"d630a3c4-9ea9-44b6-b482-53fccd4806ee","local_time":"20210225203428","is_ascension_mode":true,"campfire_choices":[{"data":"Multi-Cast","floor":6.0,"key":"SMITH"},{"floor":8.0,"key":"REST"},{"data":"Darkness","floor":15.0,"key":"SMITH"},{"data":"Turbo","floor":23.0,"key":"SMITH"},{"floor":27.0,"key":"REST"},{"data":"Fusion","floor":28.0,"key":"SMITH"},{"floor":29.0,"key":"REST"},{"data":"Dualcast","floor":32.0,"key":"SMITH"}],"circlet_count":0,"master_deck":["AscendersBane","Dualcast+1","Coolheaded","Doom and Gloom","Ball Lightning","Multi-Cast+1","Reboot","Darkness+1","BootSequence","Self Repair","Hologram","Conserve Battery","Seek","Ball Lightning","Glacier","Buffer+1","Rebound+1","Redo","Reinforced Body","Turbo+1","Compile Driver","Fusion+1","Seek","Capacitor+1"],"relics":["Cracked Core","CeramicFish","Cables","Dead Branch","The Courier","Pandora\u0027s Box","Bottled Lightning","WingedGreaves","Sozu"],"acts_visited":["Exordium","TheCity","TheBeyond"],"potions_floor_usage":[],"damage_taken":[{"damage":0.0,"enemies":"Cultist","floor":1.0,"turns":3.0},{"damage":3.0,"enemies":"2 Louse","floor":2.0,"turns":4.0},{"damage":0.0,"enemies":"Small Slimes","floor":3.0,"turns":3.0},{"damage":6.0,"enemies":"Red Slaver","floor":4.0,"turns":3.0},{"damage":33.0,"enemies":"Gremlin Nob","floor":7.0,"turns":4.0},{"damage":0.0,"enemies":"Gremlin Gang","floor":10.0,"turns":1.0},{"damage":20.0,"enemies":"3 Sentries","floor":11.0,"turns":5.0},{"damage":11.0,"enemies":"Gremlin Nob","floor":13.0,"turns":3.0},{"damage":10.0,"enemies":"Blue Slaver","floor":14.0,"turns":4.0},{"damage":8.0,"enemies":"Hexaghost","floor":16.0,"turns":7.0},{"damage":27.0,"enemies":"2 Thieves","floor":18.0,"turns":4.0},{"damage":4.0,"enemies":"3 Byrds","floor":20.0,"turns":2.0},{"damage":5.0,"enemies":"Snake Plant","floor":22.0,"turns":5.0},{"damage":34.0,"enemies":"Book of Stabbing","floor":25.0,"turns":5.0},{"damage":1.0,"enemies":"Shelled Parasite and Fungi","floor":30.0,"turns":3.0},{"damage":51.0,"enemies":"Automaton","floor":33.0,"turns":7.0},{"damage":0.0,"enemies":"Orb Walker","floor":35.0,"turns":2.0},{"damage":9.0,"enemies":"3 Shapes","floor":38.0,"turns":4.0},{"damage":27.0,"enemies":"3 Darklings","floor":39.0,"turns":4.0},{"damage":42,"enemies":"Giant Head","floor":40,"turns":8}],"seed_played":"5631291202870032718","potions_obtained":[{"floor":4.0,"key":"FocusPotion"},{"floor":7.0,"key":"Swift Potion"},{"floor":10.0,"key":"Regen Potion"},{"floor":16.0,"key":"LiquidBronze"},{"floor":18.0,"key":"LiquidBronze"},{"floor":20.0,"key":"ColorlessPotion"},{"floor":33.0,"key":"PotionOfCapacity"}],"is_trial":false,"path_per_floor":["M","M","M","M","$","R","E","R","T","M","E","$","E","M","R","B",null,"M","$","M","?","M","R","?","E","T","R","R","R","M","$","R","B",null,"M","$","?","M","M","E"],"character_chosen":"DEFECT","items_purchased":["Multi-Cast","Self Repair","Redo","Reinforced Body"],"campfire_rested":3,"item_purchase_floors":[5,12,19,19],"current_hp_per_floor":[64,61,61,55,55,55,22,43,43,43,37,37,33,30,30,29,61,48,48,44,44,39,39,39,12,12,33,33,54,60,60,60,16,57,64,64,64,62,42,0,0],"gold":83,"neow_bonus":"TRANSFORM_CARD","is_daily":false,"chose_seed":false,"campfire_upgraded":5,"win_rate":0.0,"timestamp":1614252868,"path_taken":["M","M","M","M","?","R","E","R","T","M","E","$","E","M","R","BOSS","M","$","M","?","M","R","?","E","T","R","R","R","M","$","R","BOSS","M","?","?","M","?","E"],"items_purchased_type":["Card","Card","Card","Card"],"build_version":"2020-12-22","purchased_purges":4,"victory":false,"max_hp_per_floor":[71,71,71,71,71,71,71,71,71,71,71,71,71,71,71,71,71,71,71,71,71,71,71,71,71,71,71,71,71,71,71,71,71,71,71,71,71,71,71,71,71],"card_choices":[{"not_picked":["Compile Driver","Coolheaded"],"picked":"Sweeping Beam","floor":1.0},{"not_picked":["Beam Cell","Go for the Eyes"],"picked":"Doom and Gloom","floor":2.0},{"not_picked":["Turbo","Cold Snap"],"picked":"Ball Lightning","floor":3.0},{"not_picked":["Leap","Beam Cell","Tempest"],"picked":"SKIP","floor":4.0},{"not_picked":["Amplify","Leap"],"picked":"Reboot","floor":7.0},{"not_picked":["Undo","Recycle"],"picked":"Darkness","floor":10.0},{"not_picked":["Steam","Consume"],"picked":"BootSequence","floor":11.0},{"not_picked":["Streamline","Turbo"],"picked":"Hologram","floor":13.0},{"not_picked":["Sunder","Hologram"],"picked":"Conserve Battery","floor":14.0},{"not_picked":["All For One","Thunder Strike"],"picked":"Seek","floor":16.0},{"not_picked":["Self Repair","Defragment"],"picked":"Rebound+1","floor":18.0},{"not_picked":["Stack","Hologram"],"picked":"Turbo","floor":20.0},{"not_picked":["Barrage","Scrape","Streamline"],"picked":"SKIP","floor":22.0},{"not_picked":["Leap","Sweeping Beam","Conserve Battery"],"picked":"SKIP","floor":25.0},{"not_picked":["Leap","Sweeping Beam","Conserve Battery"],"picked":"SKIP","floor":25.0},{"not_picked":["Go for the Eyes","Cold Snap","Streamline"],"picked":"SKIP","floor":30.0},{"not_picked":["Thunder Strike","Meteor Strike"],"picked":"Seek","floor":33.0},{"not_picked":["Steam Power+1","Stack","Hologram"],"picked":"SKIP","floor":35.0},{"not_picked":["Redo","Aggregate"],"picked":"Capacitor+1","floor":38.0},{"not_picked":["Rip and Tear","Rebound","Go for the Eyes"],"picked":"SKIP","floor":39.0}],"player_experience":587809,"relics_obtained":[{"floor":7.0,"key":"CeramicFish"},{"floor":9.0,"key":"Cables"},{"floor":11.0,"key":"Dead Branch"},{"floor":13.0,"key":"The Courier"},{"floor":25.0,"key":"Bottled Lightning"},{"floor":26.0,"key":"WingedGreaves"}],"event_choices":[{"damage_healed":0.0,"max_hp_gain":0.0,"max_hp_loss":0.0,"gold_gain":0.0,"cards_transformed":["Zap","Force Field"],"event_name":"Drug Dealer","player_choice":"Became Test Subject","floor":21.0,"gold_loss":0.0,"damage_taken":0.0,"cards_obtained":["Compile Driver","Fusion"]},{"damage_healed":0.0,"max_hp_gain":0.0,"max_hp_loss":0.0,"gold_gain":0.0,"event_name":"Accursed Blacksmith","player_choice":"Forge","floor":24.0,"gold_loss":0.0,"damage_taken":0.0,"cards_upgraded":["Buffer"]},{"damage_healed":0.0,"max_hp_gain":0.0,"max_hp_loss":0.0,"gold_gain":0.0,"event_name":"The Woman in Blue","player_choice":"Bought 1 Potion","floor":37.0,"gold_loss":0.0,"damage_taken":0.0}],"is_beta":false,"boss_relics":[{"not_picked":["SacredBark","Cursed Key"],"picked":"Pandora\u0027s Box"},{"not_picked":["Tiny House","Philosopher\u0027s Stone"],"picked":"Sozu"}],"items_purged_floors":[12,19,31,36],"is_endless":false,"potions_floor_spawned":[4,7,10,16,18,20,33,35,39],"killed_by":"Giant Head","ascension_level":20}}