{"host":"oehe2dxjvdgux73m","time":1614262807,"event":{"mods":["AchievementEnabler","BaseMod","Colored Map","Colored Powertips","DeckTracker","Keyboard Shortcuts","Minty Spire (QoL Compilation)","Permanent Neow","Quick Restart","StSLib","SuperFastMode"],"gold_per_floor":[109,109,70,70,89,89,99,129,176,176,176,176],"floor_reached":11,"language":"KOR","playtime":158,"items_purged":[],"score":142,"play_id":"0ac35a50-5aba-4f41-96f8-59ac07c850c6","local_time":"20210225232007","is_ascension_mode":true,"campfire_choices":[{"data":"Blade Dance","floor":6.0,"key":"SMITH"},{"data":"Tactician","floor":10.0,"key":"SMITH"}],"circlet_count":0,"master_deck":["AscendersBane","Strike_G","Strike_G","Strike_G","Strike_G+1","Strike_G+1","Defend_G","Defend_G","Defend_G","Defend_G","Defend_G","Survivor","Neutralize","Blade Dance+1","Masterful Stab","Caltrops","Neutralize","PiercingWail","Tactician+1","Dagger Throw"],"relics":["Ring of the Snake","Blood Vial","Strawberry"],"acts_visited":["Exordium"],"potions_floor_usage":[11],"damage_taken":[{"damage":2.0,"enemies":"Jaw Worm","floor":1.0,"turns":4.0},{"damage":0.0,"enemies":"2 Louse","floor":5.0,"turns":2.0},{"damage":1.0,"enemies":"Cultist","floor":7.0,"turns":3.0},{"damage":8.0,"enemies":"Gremlin Nob","floor":8.0,"turns":3.0},{"damage":47,"enemies":"Lagavulin","floor":11,"turns":8}],"seed_played":"4334395629930348980","potions_obtained":[{"floor":1.0,"key":"FearPotion"},{"floor":7.0,"key":"Block Potion"}],"is_trial":false,"path_per_floor":["M","?","$","?","M","R","M","E","T","R","E"],"character_chosen":"THE_SILENT","items_purchased":["Caltrops"],"campfire_rested":0,"item_purchase_floors":[3],"current_hp_per_floor":[57,37,37,37,37,37,36,28,35,35,0,0],"gold":176,"neow_bonus":"THREE_CARDS","is_daily":false,"chose_seed":false,"campfire_upgraded":2,"win_rate":0.0,"timestamp":1614262807,"path_taken":["M","?","$","?","?","R","M","E","T","R","E"],"items_purchased_type":["Card"],"build_version":"2020-12-22","purchased_purges":0,"victory":false,"max_hp_per_floor":[66,66,66,66,66,66,66,66,73,73,73,73],"card_choices":[{"not_picked":["Outmaneuver","Deadly Poison"],"picked":"Blade Dance","floor":0.0},{"not_picked":["Endless Agony","Deflect"],"picked":"Masterful Stab","floor":1.0},{"not_picked":["Outmaneuver","Flying Knee"],"picked":"PiercingWail","floor":5.0},{"not_picked":["Outmaneuver","Prepared"],"picked":"Tactician","floor":7.0},{"not_picked":["Sucker Punch","Quick Slash"],"picked":"Dagger Throw","floor":8.0}],"player_experience":505109,"relics_obtained":[{"floor":8.0,"key":"Blood Vial"},{"floor":9.0,"key":"Strawberry"}],"event_choices":[{"damage_healed":0.0,"max_hp_gain":0.0,"max_hp_loss":0.0,"gold_gain":0.0,"event_name":"Shining Light","player_choice":"Entered Light","floor":2.0,"gold_loss":0.0,"damage_taken":20.0,"cards_upgraded":["Strike_G","Strike_G"]},{"damage_healed":0.0,"max_hp_gain":0.0,"max_hp_loss":0.0,"gold_gain":0.0,"event_name":"Match and Keep!","player_choice":"1 cards matched","floor":4.0,"gold_loss":0.0,"damage_taken":0.0,"cards_obtained":["Neutralize"]}],"is_beta":false,"boss_relics":[],"items_purged_floors":[],"is_endless":false,"potions_floor_spawned":[1,7],"killed_by":"Lagavulin","ascension_level":20}}