{"host":"5ffrjkuvgrxgllwx","time":1614277013,"event":{"mods":["AchievementEnabler","BaseMod","Colored Map","Colored Powertips","Minty Spire (QoL Compilation)","Quick Restart","Rare Cards Sparkle","StSLib","everything is the same but u backflip on backflip"],"gold_per_floor":[110,110,35,35,45,75,75,89,112,112,112,112,112,156,156,251,251,271,271,32,45,68,68,81,81,81,95,135,135,135,153,153,153,153],"floor_reached":33,"language":"ENG","playtime":1074,"items_purged":["Strike_R"],"score":555,"play_id":"0fd831b1-e93d-462e-b927-1a956b108c0e","local_time":"20210225131653","is_ascension_mode":true,"campfire_choices":[{"data":"Metallicize","floor":10.0,"key":"SMITH"},{"data":"Power Through","floor":13.0,"key":"SMITH"},{"floor":15.0,"key":"REST"},{"floor":23.0,"key":"REST"},{"floor":25.0,"key":"REST"},{"floor":32,"key":"REST"}],"circlet_count":0,"master_deck":["AscendersBane","Strike_R","Strike_R","Strike_R","Defend_R","Defend_R","Defend_R","Defend_R","Bash","Uppercut+1","Metallicize+1","Power Through+1","Thunderclap","Cleave","Demon Form","Anger","Mayhem","Armaments","Flex","Twin Strike"],"relics":["Burning Blood","NeowsBlessing","Bag of Preparation","Magic Flower","Omamori","Golden Idol","Anchor","Busted Crown","Shovel","Vajra","FaceOfCleric"],"acts_visited":["Exordium","TheCity"],"potions_floor_usage":[29,31],"damage_taken":[{"damage":0.0,"enemies":"Jaw Worm","floor":1.0,"turns":1.0},{"damage":0.0,"enemies":"Cultist","floor":5.0,"turns":1.0},{"damage":0.0,"enemies":"Gremlin Nob","floor":6.0,"turns":1.0},{"damage":4.0,"enemies":"Small Slimes","floor":8.0,"turns":4.0},{"damage":33.0,"enemies":"3 Sentries","floor":14.0,"turns":13.0},{"damage":47.0,"enemies":"The Guardian","floor":16.0,"turns":18.0},{"damage":12.0,"enemies":"Shell Parasite","floor":18.0,"turns":7.0},{"damage":33.0,"enemies":"2 Thieves","floor":21.0,"turns":5.0},{"damage":31.0,"enemies":"Sentry and Sphere","floor":22.0,"turns":6.0},{"damage":37.0,"enemies":"Snake Plant","floor":24.0,"turns":5.0},{"damage":29.0,"enemies":"Shelled Parasite and Fungi","floor":27.0,"turns":6.0},{"damage":26.0,"enemies":"Gremlin Leader","floor":28.0,"turns":8.0},{"damage":11,"enemies":"Sentry and Sphere","floor":29,"turns":3},{"damage":11,"enemies":"Snake Plant","floor":31,"turns":5},{"damage":39,"enemies":"Automaton","floor":33,"turns":4}],"seed_played":"5699362084472730691","potions_obtained":[{"floor":1.0,"key":"Explosive Potion"},{"floor":6.0,"key":"SmokeBomb"},{"floor":16.0,"key":"Regen Potion"},{"floor":21.0,"key":"BlessingOfTheForge"},{"floor":27.0,"key":"Dexterity Potion"},{"floor":28.0,"key":"Swift Potion"}],"is_trial":false,"path_per_floor":["M","?","$","?","M","E","T","M","T","R","?","?","R","E","R","B",null,"M","T","$","M","M","R","M","R","T","M","E","M","?","M","R","B"],"character_chosen":"IRONCLAD","items_purchased":["Mayhem","Armaments"],"campfire_rested":4,"item_purchase_floors":[20,20],"current_hp_per_floor":[74,79,79,79,80,80,80,80,80,80,52,52,52,28,52,14,64,80,80,80,56,34,58,30,54,54,34,17,15,15,15,39,0,0],"gold":153,"neow_bonus":"THREE_ENEMY_KILL","is_daily":false,"chose_seed":false,"campfire_upgraded":2,"win_rate":0.0,"timestamp":1614277013,"path_taken":["M","?","$","?","?","E","?","M","T","R","?","?","R","E","R","BOSS","M","?","?","M","M","R","M","R","T","M","E","?","?","?","R","BOSS"],"items_purchased_type":["Card","Card"],"build_version":"2020-12-22","purchased_purges":1,"victory":false,"max_hp_per_floor":[75,80,80,80,80,80,80,80,80,80,80,80,80,80,80,80,80,80,80,80,80,80,80,80,80,80,80,80,80,80,81,81,81,81],"card_choices":[{"not_picked":["Burning Pact","Cleave"],"picked":"Uppercut","floor":1.0},{"not_picked":["Wild Strike","Shrug It Off"],"picked":"Metallicize","floor":5.0},{"not_picked":["Clash","Flame Barrier"],"picked":"Power Through","floor":6.0},{"not_picked":["Carnage","Pommel Strike"],"picked":"Thunderclap","floor":8.0},{"not_picked":["Sword Boomerang","Wild Strike"],"picked":"Cleave","floor":14.0},{"not_picked":["Juggernaut","Bludgeon"],"picked":"Demon Form","floor":16.0},{"not_picked":[],"picked":"Anger","floor":18.0},{"not_picked":["Searing Blow"],"picked":"SKIP","floor":21.0},{"not_picked":[],"picked":"Flex","floor":22.0},{"not_picked":[],"picked":"Twin Strike","floor":24.0},{"not_picked":["Entrench"],"picked":"SKIP","floor":27.0},{"not_picked":["Dark Embrace"],"picked":"SKIP","floor":28.0},{"not_picked":["Wild Strike"],"picked":"SKIP","floor":31}],"player_experience":1406792,"relics_obtained":[{"floor":6.0,"key":"Bag of Preparation"},{"floor":7.0,"key":"Magic Flower"},{"floor":9.0,"key":"Omamori"},{"floor":14.0,"key":"Anchor"},{"floor":26.0,"key":"Shovel"},{"floor":28.0,"key":"Vajra"}],"event_choices":[{"damage_healed":0.0,"max_hp_gain":5.0,"max_hp_loss":0.0,"gold_gain":0.0,"event_name":"Big Fish","player_choice":"Donut","floor":2.0,"gold_loss":0.0,"damage_taken":0.0},{"damage_healed":0.0,"max_hp_gain":0.0,"max_hp_loss":0.0,"gold_gain":0.0,"event_name":"Accursed Blacksmith","player_choice":"Forge","floor":4.0,"gold_loss":0.0,"damage_taken":0.0,"cards_upgraded":["Uppercut"]},{"damage_healed":0.0,"max_hp_gain":0.0,"max_hp_loss":0.0,"gold_gain":0.0,"event_name":"Golden Idol","player_choice":"Take Damage","floor":11.0,"gold_loss":0.0,"damage_taken":28.0,"relics_obtained":["Golden Idol"]},{"cards_removed":["Strike_R"],"damage_healed":0.0,"max_hp_gain":0.0,"max_hp_loss":0.0,"gold_gain":0.0,"event_name":"Wheel of Change","player_choice":"Card Removal","floor":12.0,"gold_loss":0.0,"damage_taken":0.0},{"damage_healed":0,"gold_gain":0,"player_choice":"Trade","damage_taken":0,"relics_obtained":["FaceOfCleric"],"max_hp_gain":0,"max_hp_loss":0,"event_name":"FaceTrader","floor":30,"gold_loss":0}],"is_beta":false,"boss_relics":[{"not_picked":["Cursed Key","Snecko Eye"],"picked":"Busted Crown"}],"items_purged_floors":[3],"is_endless":false,"potions_floor_spawned":[1,6,16,21,27,28],"killed_by":"Automaton","ascension_level":17}}