{"host":"g40mznrtwxqyj1ow","time":1614284678,"event":{"mods":["BaseMod","BetterRewards","Colored Map","Conspire","Hermit","Highlight Path","Hubris","Marisa????????","Minty Spire (QoL Compilation)","Replay The Spire","Robot Space Explorer","Shop Mod","StSLib","The Bug Knight","The Construct","The Cursed","The Jungle","The Marked","The Mystic","The Necromancer","The Runesmith","The Servant 0.9.4","[IsaacMod]????"],"gold_per_floor":[109,74,93,93,127,127,155,175,175,209,220,238,238,138,138,235,235,248,102,202,219,237,271,271,3,3,35,35,35,50,75,75,177,177,196,196,296,296,296,316,335,367,367,393,393,418,448,398,413,413,413,424,424],"floor_reached":52,"language":"ENG","playtime":12685,"items_purged":["Strike_R","Strike_R","Strike_R"],"score":1171,"play_id":"b796dd0c-ad91-4d7f-aa0e-fefc12087977","local_time":"20210225212438","is_ascension_mode":true,"campfire_choices":[{"data":"DoctorFetus","floor":6,"key":"SMITH"},{"floor":13,"key":"REST"},{"data":"Armaments","floor":15,"key":"SMITH"},{"data":"Inflame","floor":24,"key":"SMITH"},{"floor":32,"key":"REST"},{"floor":43,"key":"REST"},{"floor":51,"key":"REST"}],"circlet_count":0,"master_deck":["Strike_R","Defend_R+1","Defend_R+1","Defend_R","Defend_R+1","Bash+1","DoctorFetus+1","Rampage+1","Shrug It Off","Body Slam+1","Body Slam+1","Armaments+1","Inflame+1","ReplayReversal","hubris:StunningStrike","Flame Barrier+1","Feed","Pot Of Greed+1","Pot Of Greed+1","Reckless Charge+1","Iron Wave+1","Flame Barrier+1","Feed+1","conspire:Purge","Pot Of Greed","Reaper","conspire:SpireCoStock"],"relics":["Burning Blood","HushsDoor","DeathBook","ClockworkSouvenir","Vajra","construct:RocketBooster","hubris:Towel","PillsDrop","hubris:ChampionShield","hubris:BottledRain","Mummified Hand","Philosopher\u0027s Stone","Grinning Jar","Whetstone","Tiny Chest","HowToJump","hubris:TenFootPole","War Paint","Mark of Pain","Gambling Chip","Mercury Hourglass","Onion Ring","conspire:Dentures","Orichalcum","TheBean"],"acts_visited":["Exordium","Exordium","TheBeyond"],"potions_floor_usage":[7,10,10,16,16,23,42,44,44,52],"damage_taken":[{"damage":1,"enemies":"Cultist","floor":1,"turns":3},{"damage":2,"enemies":"Jaw Worm","floor":3,"turns":3},{"damage":27,"enemies":"conspire:MimicChest","floor":5,"turns":5},{"damage":8,"enemies":"Gremlin Nob","floor":7,"turns":3},{"damage":0,"enemies":"Small Slimes","floor":8,"turns":3},{"damage":28,"enemies":"Lagavulin","floor":10,"turns":6},{"damage":0,"enemies":"2 Fungi Beasts","floor":11,"turns":1},{"damage":18,"enemies":"Exordium Wildlife","floor":12,"turns":3},{"damage":9,"enemies":"The Guardian","floor":16,"turns":8},{"damage":6,"enemies":"theJungle:5_Spyders","floor":18,"turns":5},{"damage":21,"enemies":"theJungle:GiantWrat","floor":21,"turns":5},{"damage":7,"enemies":"theJungle:SlimyTreeVines","floor":22,"turns":7},{"damage":49,"enemies":"theJungle:2_Phrogs","floor":23,"turns":8},{"damage":8,"enemies":"theJungle:Cassacara","floor":27,"turns":5},{"damage":0,"enemies":"theJungle:Lyon","floor":30,"turns":3},{"damage":13,"enemies":"theJungle:MamaSnecko","floor":31,"turns":5},{"damage":22,"enemies":"theJungle:FunGuy","floor":33,"turns":11},{"damage":22,"enemies":"3 Darklings","floor":35,"turns":4},{"damage":7,"enemies":"Orb Walker","floor":40,"turns":2},{"damage":10,"enemies":"Maw","floor":41,"turns":8},{"damage":46,"enemies":"Nemesis","floor":42,"turns":7},{"damage":42,"enemies":"Giant Head","floor":44,"turns":8},{"damage":8,"enemies":"Nemesis","floor":47,"turns":6},{"damage":19,"enemies":"Spire Growth","floor":49,"turns":5},{"damage":75,"enemies":"Donu and Deca","floor":52,"turns":6}],"seed_played":"443173873830367698","potions_obtained":[{"floor":3,"key":"Fruit Juice"},{"floor":5,"key":"Dexterity Potion"},{"floor":8,"key":"EntropicBrew"},{"floor":22,"key":"ColorlessPotion"},{"floor":30,"key":"EssenceOfSteel"},{"floor":31,"key":"BloodPotion"},{"floor":44,"key":"BlessingOfTheForge"}],"is_trial":false,"path_per_floor":["M","?","M","?","?","R","E","M","T","E","M","M","R","$","R","B",null,"M","$","?","M","M","E","R","$","T","E","$","?","M","E","R","B",null,"M","T","?","PTL","PTL","M","M","E","R","E","T","T","E","?","M","?","R","B"],"character_chosen":"IRONCLAD","items_purchased":["Rampage","ClockworkSouvenir","Vajra","construct:RocketBooster","Shrug It Off","Grinning Jar","Tiny Chest"],"campfire_rested":4,"item_purchase_floors":[0,0,0,0,0,19,25],"current_hp_per_floor":[29,49,53,53,32,32,35,41,41,19,25,13,38,38,38,35,73,76,76,76,61,69,26,26,26,26,24,24,24,30,23,50,38,81,65,65,65,65,65,64,60,23,52,44,44,44,42,42,36,36,65,0,0],"gold":424,"neow_bonus":"","is_daily":false,"chose_seed":false,"campfire_upgraded":3,"win_rate":0.0,"timestamp":1614284678,"path_taken":["M","?","M","?","?","R","E","M","T","E","M","?","R","$","R","BOSS","M","$","?","M","M","E","R","?","T","E","$","?","M","E","R","BOSS","M","?","?","PTL","PTL","M","M","E","R","E","T","?","E","?","?","?","R","BOSS"],"items_purchased_type":["Card","Relic","Relic","Relic","Card","Relic","Relic"],"build_version":"2020-12-22","purchased_purges":3,"victory":false,"max_hp_per_floor":[80,80,80,80,80,80,85,85,85,85,85,85,85,85,85,85,85,88,88,88,88,91,91,91,91,91,91,91,91,91,91,91,95,95,95,95,95,95,95,95,95,98,98,98,98,98,98,98,98,98,98,98,98],"card_choices":[{"not_picked":[],"picked":"DoctorFetus","floor":0},{"not_picked":["Battle Trance","Inflame"],"picked":"Body Slam","floor":1},{"not_picked":["Power Through","Berserk"],"picked":"Body Slam","floor":3},{"not_picked":["Rage","Wild Strike"],"picked":"Bomb","floor":5},{"not_picked":["Sword Boomerang","Bloodletting"],"picked":"Armaments","floor":7},{"not_picked":["Sword Boomerang","True Grit"],"picked":"Inflame","floor":8},{"not_picked":["Shockwave","Clash","ReplayReversal"],"picked":"SKIP","floor":10},{"not_picked":["Shockwave","Clash"],"picked":"ReplayReversal","floor":10},{"not_picked":["Clash","Perfected Strike"],"picked":"hubris:StunningStrike","floor":11},{"not_picked":["hubris:CleavingFinish","Flex"],"picked":"Flame Barrier","floor":12},{"not_picked":["Impervious","Bludgeon"],"picked":"Feed","floor":16},{"not_picked":["Shrug It Off","Perfected Strike+1","Headbutt"],"picked":"SKIP","floor":18},{"not_picked":["Pommel Strike","Twin Strike","Shockwave"],"picked":"SKIP","floor":21},{"not_picked":["Thunderclap","Body Slam","Anger"],"picked":"SKIP","floor":22},{"not_picked":["Combust+1","Shockwave","Rampage"],"picked":"SKIP","floor":23},{"not_picked":["Hemogenesis","hubris:CleavingFinish","Clash"],"picked":"SKIP","floor":27},{"not_picked":["Metallicize","ReplayTheSpireMod:Strike From Hell"],"picked":"Iron Wave+1","floor":30},{"not_picked":["Iron Wave","Fire Breathing"],"picked":"Flame Barrier+1","floor":31},{"not_picked":["Eclipse","Demon Form"],"picked":"Feed","floor":33},{"not_picked":["Abandon+1","Rage+1","Havoc+1"],"picked":"SKIP","floor":35},{"not_picked":["Uppercut+1","Reckless Charge"],"picked":"conspire:Purge","floor":37},{"not_picked":["Perfected Strike","Heavy Blade+1","Clothesline+1"],"picked":"SKIP","floor":40},{"not_picked":["Whirlwind","Cleave","Clash+1"],"picked":"SKIP","floor":41},{"not_picked":["Inflame+1","Metallicize"],"picked":"Reaper","floor":42},{"not_picked":["Thunderclap+1","Second Wind+1","Clash"],"picked":"SKIP","floor":44},{"not_picked":["Rampage","Shockwave","Anger+1"],"picked":"SKIP","floor":47},{"not_picked":["Armaments","Thunderclap+1","Seeing Red"],"picked":"SKIP","floor":49}],"player_experience":517710,"relics_obtained":[{"floor":5,"key":"PillsDrop"},{"floor":7,"key":"hubris:ChampionShield"},{"floor":9,"key":"hubris:BottledRain"},{"floor":10,"key":"Mummified Hand"},{"floor":23,"key":"Whetstone"},{"floor":26,"key":"HowToJump"},{"floor":27,"key":"hubris:TenFootPole"},{"floor":31,"key":"War Paint"},{"floor":36,"key":"Gambling Chip"},{"floor":42,"key":"Mercury Hourglass"},{"floor":44,"key":"Onion Ring"},{"floor":45,"key":"conspire:Dentures"},{"floor":46,"key":"Orichalcum"},{"floor":47,"key":"TheBean"}],"event_choices":[{"damage_healed":20,"gold_gain":0,"player_choice":"Healed","damage_taken":0,"max_hp_gain":0,"max_hp_loss":0,"event_name":"The Cleric","floor":2,"gold_loss":35},{"damage_healed":0,"gold_gain":0,"cards_transformed":["Strike_R"],"player_choice":"Transformed","damage_taken":0,"max_hp_gain":0,"max_hp_loss":0,"event_name":"Transmorgrifier","floor":29,"gold_loss":0,"cards_obtained":["Reckless Charge"]},{"damage_healed":0,"gold_gain":0,"player_choice":"Invest 1","damage_taken":0,"max_hp_gain":0,"max_hp_loss":0,"event_name":"conspire:Investor","floor":48,"gold_loss":0}],"is_beta":false,"boss_relics":[{"not_picked":["Busted Crown","Replay:Drink Me"],"picked":"Philosopher\u0027s Stone"},{"not_picked":[]},{"not_picked":["Kintsugi","conspire:SlowCooker"],"picked":"Mark of Pain"},{"not_picked":[]}],"items_purged_floors":[0,14,25],"is_endless":false,"potions_floor_spawned":[3,5,8,12,22,30,31,41,44],"killed_by":"Donu and Deca","ascension_level":9}}