{"host":"gm50ke85n5jz306u","time":1614215060,"event":{"mods":["AchievementEnabler","AlwaysNeverKeys","Aspiration","BaseMod","Beaked The Cultist","Bestiary","Better Altar","Better Match","Better Note","Better Sensory Stone","Better Skull","Better Third Choice","Better Vampires","Better-Laid Plans","BetterRewards","Colored Powertips","Curses Come First","DNKmod","Defuse TimeMaze Blight","Disable Question Mark Monsters","Displayed Cursed Tome","Downfall","Emptier Cage","Extra Virgin Snecko Oil","Filter the Spire","Friendly Minions","Gremlin Skip","Hermit","Hubris","Hyrulean Relics","Ironclad Rager","Koishi","Lobotomy","Marisa????????","Marked Mod","Minty Spire (QoL Compilation)","Permanent Neow","Poor People Problems","Quick Restart","Reimu??????","Relic Filter Mod","Relic Sorter","Remove Card Discount Mod","Reorder Act Four","Replay The Spire","Shop Mod","StSLib","Synergy Search","Td1madao Mod","The Administrix","The Animator","The Blue Laboratory","The Bug Knight","The Construct","The Cursed","The Disciple","The Hierophant","The Necromancer","The Runesmith","The Senshi","The Servant 0.9.4","Thieving Mod","Transform Curses","WarShipGirlsR/????R mod"],"gold_per_floor":[10015,10033,10033,10043,10060,10060,9400,8640,8694,8305,8305,8380,8380,8380,8380,8478,8478,8495,8495,7787,7787,7800,7800,7813,7845,7869,7882,7882,7909,7920,7136,7136,7239,7239,7254,7254,6689,6704,6704,6730,6171,6198,6198,6224,6224,5462,5462,5482,5482,5482],"floor_reached":51,"language":"ENG","playtime":3675,"items_purged":["Bash","Strike_R","Strike_R","Defend_R","Strike_R+1","Strike_R+1","Strike_R","Double Tap","Infernal Blade","Life Link+1","Run Through+1"],"score":1261,"play_id":"afe5e61a-858a-4884-9b92-736c5004932b","local_time":"20210225020420","is_ascension_mode":true,"campfire_choices":[{"data":"Life Link","floor":6.0,"key":"SMITH"},{"data":"Metallicize","floor":11.0,"key":"SMITH"},{"data":"Metallicize","floor":13.0,"key":"SMITH"},{"data":"Shrug It Off","floor":15.0,"key":"SMITH"},{"data":"Juggernaut","floor":23.0,"key":"SMITH"},{"data":"Entrench","floor":28.0,"key":"SMITH"},{"data":"1","floor":32.0,"key":"LIFT"},{"data":"2","floor":45.0,"key":"LIFT"},{"data":"Metallicize","floor":49.0,"key":"SMITH"}],"circlet_count":0,"master_deck":["Defend_R","Defend_R","Juggernaut+1","Metallicize+1","Iron Wave+1","Metallicize+1","Shrug It Off+1","Flash of Steel+1","Twin Strike","Sword Boomerang+1","Twin Strike","Entrench+1","Demon Form","Body Slam","Metallicize+1","Master of Strategy","Headbutt+1","Apotheosis+1","Power Through"],"relics":["Burning Blood","ReplayTheSpireMod:Ninjato","aspiration:Lifesprig","Incense Burner","Replay:Accelerometer","hubris:IronBody","ReplayTheSpireMod:Lightbulb","Onion Ring","MerchantsRug","Champion Belt","Mummified Hand","Gremlin Horn","Red Skull","Calipers","Bag of Marbles","Frozen Eye","Girya","Lantern","SlaversCollar","hubris:Icosahedron","Coffee Dripper","Whetstone","Replay:PocketPolymizer","Chameleon Ring","Replay:Bottled Steam","Replay:Bottled Snecko","Replay:Wax Seal","Juzu Bracelet","Replay:Bottled Eggs","hubris:TinFlute","Golden Egg","ReplayFunnel","HandDrill"],"acts_visited":["Exordium","TheCity","TheBeyond"],"potions_floor_usage":[],"damage_taken":[{"damage":7.0,"enemies":"2 Louse","floor":1.0,"turns":3.0},{"damage":5.0,"enemies":"Cultist","floor":2.0,"turns":4.0},{"damage":5.0,"enemies":"Jaw Worm","floor":4.0,"turns":5.0},{"damage":10.0,"enemies":"2 Fungi Beasts","floor":5.0,"turns":4.0},{"damage":2.0,"enemies":"The Guardian","floor":16.0,"turns":8.0},{"damage":2.0,"enemies":"Spheric Guardian","floor":18.0,"turns":4.0},{"damage":0.0,"enemies":"3 Byrds","floor":22.0,"turns":4.0},{"damage":10.0,"enemies":"Centurion and Healer","floor":24.0,"turns":4.0},{"damage":4.0,"enemies":"Book of Stabbing","floor":25.0,"turns":4.0},{"damage":1.0,"enemies":"Cultist and Chosen","floor":27.0,"turns":4.0},{"damage":0.0,"enemies":"Gremlin Leader","floor":29.0,"turns":4.0},{"damage":5.0,"enemies":"Chosen and Byrds","floor":30.0,"turns":3.0},{"damage":0.0,"enemies":"Champ","floor":33.0,"turns":9.0},{"damage":0.0,"enemies":"3 Shapes","floor":35.0,"turns":2.0},{"damage":0.0,"enemies":"Orb Walker","floor":38.0,"turns":3.0},{"damage":7.0,"enemies":"Nemesis","floor":40.0,"turns":4.0},{"damage":0.0,"enemies":"R_Hoarder","floor":42.0,"turns":4.0},{"damage":0.0,"enemies":"beaked:SuperParasite","floor":44.0,"turns":3.0},{"damage":7.0,"enemies":"3 Darklings","floor":48.0,"turns":3.0},{"damage":0,"enemies":"Time Eater","floor":50,"turns":5}],"seed_played":"3388820599266767611","potions_obtained":[{"floor":2.0,"key":"blueLaboratory:BottleOfVodka"},{"floor":5.0,"key":"blueLaboratory:SavagePotion"}],"is_trial":false,"path_per_floor":["M","M","?","M","M","R","$","$","T","$","R","?","R","T","R","B",null,"M","?","$","?","M","R","M","E","T","M","R","E","M","$","R","B",null,"M","?","$","M","?","E","$","E","T","E","R","$","?","M","R","B",null],"character_chosen":"IRONCLAD","items_purchased":["Red Skull","Onion Ring","Iron Wave","MerchantsRug","Fire Potion","Weak Potion","Metallicize","Shrug It Off","Champion Belt","Gremlin Horn","Flash of Steel","Lantern","hubris:IronBody","Incense Burner","Replay:Accelerometer","Thunderclap","Twin Strike","blueLaboratory:BottledHope","blueLaboratory:BottledHope","Girya","Frozen Eye","ReplayTheSpireMod:Ninjato","blueLaboratory:IronCompound","Elixir","Replay:Bottled Steam","Replay:Bottled Snecko","Body Slam","Metallicize","aspiration:Lifesprig","Bag of Marbles","Master of Strategy","Golden Egg","ReplayFunnel","HandDrill","Headbutt","Apotheosis"],"campfire_rested":0,"item_purchase_floors":[7,7,7,7,7,7,8,8,8,8,8,10,10,20,20,20,20,20,20,31,31,31,31,31,37,37,37,41,41,41,41,46,46,46,46,46],"current_hp_per_floor":[79,80,80,80,76,76,76,76,76,76,76,65,65,65,65,69,80,80,4,4,80,80,80,76,78,78,80,80,80,80,80,80,80,80,80,80,80,80,80,79,79,80,80,80,80,80,80,79,79,80],"gold":5482,"neow_bonus":"ONE_RANDOM_RARE_CARD","is_daily":false,"chose_seed":false,"campfire_upgraded":7,"win_rate":0.0,"timestamp":1614215060,"path_taken":["M","M","?","?","M","R","?","$","T","$","R","?","R","?","R","BOSS","M","?","$","?","M","R","M","E","T","?","R","E","M","$","R","BOSS","M","?","$","M","?","E","$","E","T","E","R","$","?","M","R","BOSS"],"items_purchased_type":["Relic","Relic","Card","Relic","Potion","Potion","Card","Card","Relic","Relic","Card","Card","Relic","Relic","Relic","Card","Card","Potion","Potion","Relic","Relic","Relic","Potion","Potion","Relic","Relic","Card","Card","Relic","Relic","Card","Relic","Relic","Relic","Card","Card"],"build_version":"2020-12-22","purchased_purges":11,"victory":true,"max_hp_per_floor":[80,80,80,80,80,80,80,80,80,80,80,80,80,80,80,80,80,80,80,80,80,80,80,80,80,80,80,80,80,80,80,80,80,80,80,80,80,80,80,80,80,80,80,80,80,80,80,80,80,80],"card_choices":[{"not_picked":["Pommel Strike","Headbutt"],"picked":"Thunderclap","floor":1.0},{"not_picked":["Sever Soul","ReplayReversal"],"picked":"Battle Trance","floor":2.0},{"not_picked":["Battle Trance","Flex"],"picked":"Life Link","floor":4.0},{"not_picked":["Perfected Strike","Shrug It Off"],"picked":"Metallicize","floor":5.0},{"not_picked":["Heavy Blade","Carnage"],"picked":"Run Through","floor":18.0},{"not_picked":["Dropkick+1","ReplayTheSpireMod:Stacked"],"picked":"Sword Boomerang","floor":22.0},{"not_picked":["Thunderclap","Havoc"],"picked":"Twin Strike","floor":24.0},{"not_picked":["ReplayTheSpireMod:Strike From Hell","Life Link+1"],"picked":"Double Tap","floor":25.0},{"not_picked":["Twin Strike","Second Wind"],"picked":"Entrench","floor":27.0},{"not_picked":["ReplayTheSpireMod:Strike From Hell","Twin Strike","Burning Pact+1"],"picked":"SKIP","floor":29.0},{"not_picked":["True Grit","Thunderclap","Armaments"],"picked":"SKIP","floor":30.0},{"not_picked":["Immolate","Hemogenesis"],"picked":"Demon Form","floor":33.0},{"not_picked":["Thunderclap","Feel No Pain","Pommel Strike+1"],"picked":"SKIP","floor":35.0},{"not_picked":["Evolve","Cleave+1","Heavy Blade+1"],"picked":"SKIP","floor":38.0},{"not_picked":["Anger","Defy Death+1","Infernal Blade+1"],"picked":"SKIP","floor":40.0},{"not_picked":["Replay:Undeath\u0027s Touch+1","Clothesline+1","Spot Weakness"],"picked":"SKIP","floor":42.0},{"not_picked":["Whirlwind+1","Havoc","Life Link+1"],"picked":"SKIP","floor":44.0},{"not_picked":["Warcry","Demon Form","Evolve+1"],"picked":"SKIP","floor":48.0}],"player_experience":443027,"relics_obtained":[{"floor":9.0,"key":"Whetstone"},{"floor":14.0,"key":"Replay:PocketPolymizer"},{"floor":25.0,"key":"Mummified Hand"},{"floor":26.0,"key":"ReplayTheSpireMod:Lightbulb"},{"floor":29.0,"key":"Chameleon Ring"},{"floor":40.0,"key":"Replay:Wax Seal"},{"floor":42.0,"key":"Juzu Bracelet"},{"floor":43.0,"key":"Replay:Bottled Eggs"},{"floor":44.0,"key":"hubris:TinFlute"}],"event_choices":[{"damage_healed":0.0,"max_hp_gain":0.0,"max_hp_loss":0.0,"gold_gain":0.0,"event_name":"WeMeetAgain","player_choice":"Gave Potion","floor":3.0,"gold_loss":0.0,"damage_taken":0.0,"relics_obtained":["Calipers"]},{"damage_healed":0.0,"max_hp_gain":0.0,"max_hp_loss":0.0,"gold_gain":75.0,"event_name":"betterThird:BetterGoop","player_choice":"Gold","floor":12.0,"gold_loss":0.0,"damage_taken":11.0},{"damage_healed":0.0,"max_hp_gain":0.0,"max_hp_loss":0.0,"gold_gain":0.0,"event_name":"betterSkull:BetterSkull","player_choice":"UP UP UP UP UP ","floor":19.0,"gold_loss":0.0,"damage_taken":86.0,"cards_upgraded":["Strike_R","Flash of Steel","Run Through","Iron Wave","ReplayTheSpireMod:Muscle Training"],"relics_obtained":[]},{"cards_removed":["Battle Trance"],"damage_healed":76.0,"max_hp_gain":0.0,"max_hp_loss":0.0,"gold_gain":0.0,"event_name":"Bonfire Elementals","player_choice":"Offered Uncommon","floor":21.0,"gold_loss":0.0,"damage_taken":0.0},{"cards_removed":["Thunderclap"],"damage_healed":0.0,"max_hp_gain":0.0,"max_hp_loss":0.0,"gold_gain":0.0,"event_name":"Falling","player_choice":"Removed Attack","floor":36.0,"gold_loss":0.0,"damage_taken":0.0}],"is_beta":false,"boss_relics":[{"not_picked":["Abe\u0027s Treasure","Astrolabe"],"picked":"SlaversCollar"},{"not_picked":["aspiration:RunicSpoon","RedLine:ReiMu"],"picked":"Coffee Dripper"}],"items_purged_floors":[7,7,7,8,20,20,20,31,31,37,37],"is_endless":false,"potions_floor_spawned":[2,5,25,29,33,38,42],"ascension_level":4}}