{"host":"y13mj1mxwnd5xx1x","time":1614238079,"event":{"mods":["AchievementEnabler","BaseMod","Minty Spire (QoL Compilation)"],"gold_per_floor":[114,134,148,148,163,189,202,202,202,202,235,246,259,291,291,392,392,410,410,410,488,68,68,82,82,82,82,82],"floor_reached":27,"language":"ENG","playtime":1394,"items_purged":["Strike_R"],"score":280,"play_id":"d6cbfa40-9b1b-4360-9a96-de0d09f0028d","local_time":"20210225012759","is_ascension_mode":true,"campfire_choices":[{"data":"Heavy Blade","floor":8,"key":"SMITH"},{"data":"Inflame","floor":10,"key":"SMITH"},{"floor":15,"key":"REST"},{"floor":23,"key":"REST"}],"circlet_count":0,"master_deck":["Strike_R","Strike_R","Defend_R","Defend_R","Defend_R","Defend_R","Bash","Thunderclap","Inflame+1","Fire Breathing","Armaments+1","Heavy Blade+1","Sword Boomerang","Hemokinesis","Demon Form","Disarm","Impervious","Clothesline+1","Necronomicurse","Apotheosis","True Grit","Burning Pact","Shrug It Off"],"relics":["Burning Blood","Tiny Chest","Ornamental Fan","FossilizedHelix","The Courier","Empty Cage","Necronomicon","Blue Candle","Art of War","Kunai"],"acts_visited":["Exordium","TheCity"],"potions_floor_usage":[12],"damage_taken":[{"damage":14,"enemies":"2 Louse","floor":1,"turns":2},{"damage":0,"enemies":"Cultist","floor":2,"turns":4},{"damage":0,"enemies":"Small Slimes","floor":3,"turns":3},{"damage":4,"enemies":"Exordium Wildlife","floor":5,"turns":4},{"damage":22,"enemies":"3 Sentries","floor":6,"turns":6},{"damage":1,"enemies":"Looter","floor":7,"turns":4},{"damage":28,"enemies":"Gremlin Nob","floor":11,"turns":4},{"damage":0,"enemies":"Gremlin Gang","floor":12,"turns":3},{"damage":6,"enemies":"2 Fungi Beasts","floor":13,"turns":3},{"damage":22,"enemies":"3 Sentries","floor":14,"turns":6},{"damage":15,"enemies":"Slime Boss","floor":16,"turns":6},{"damage":50,"enemies":"3 Byrds","floor":18,"turns":7},{"damage":8,"enemies":"Shell Parasite","floor":24,"turns":4},{"damage":48,"enemies":"Sentry and Sphere","floor":27,"turns":7}],"seed_played":"6111582950236746375","potions_obtained":[{"floor":1,"key":"Dexterity Potion"},{"floor":2,"key":"Energy Potion"},{"floor":5,"key":"PowerPotion"},{"floor":12,"key":"Dexterity Potion"}],"is_trial":false,"path_per_floor":["M","M","M","?","M","E","M","R","T","R","E","M","M","E","R","B",null,"M","?","?","T","$","R","M","?","T","M"],"character_chosen":"IRONCLAD","items_purchased":["Apotheosis","True Grit","Burning Pact","Shrug It Off","Art of War"],"campfire_rested":2,"item_purchase_floors":[22,22,22,22,22],"current_hp_per_floor":[72,78,80,80,80,64,69,69,69,69,47,53,53,37,61,52,80,36,36,20,20,20,44,42,42,42,0,0],"gold":82,"neow_bonus":"THREE_CARDS","is_daily":false,"chose_seed":false,"campfire_upgraded":2,"win_rate":0.0,"timestamp":1614238079,"path_taken":["M","M","M","?","M","E","?","R","T","R","E","M","M","E","R","BOSS","M","?","?","?","$","R","M","?","T","?"],"items_purchased_type":["Card","Card","Card","Card","Relic"],"build_version":"2020-12-22","purchased_purges":1,"victory":false,"max_hp_per_floor":[80,80,80,80,80,80,80,80,80,80,80,80,80,80,80,80,80,80,80,80,80,80,80,80,80,80,80,80],"card_choices":[{"not_picked":["True Grit","Fire Breathing"],"picked":"Thunderclap","floor":0},{"not_picked":["Evolve","Perfected Strike"],"picked":"Inflame","floor":1},{"not_picked":["Pommel Strike","Clash"],"picked":"Fire Breathing","floor":2},{"not_picked":["Clash","Sword Boomerang"],"picked":"Armaments","floor":3},{"not_picked":["Twin Strike","Clash"],"picked":"Heavy Blade","floor":5},{"not_picked":["Rupture","Feel No Pain"],"picked":"Sword Boomerang","floor":6},{"not_picked":["Headbutt","Armaments","Anger"],"picked":"SKIP","floor":7},{"not_picked":["Body Slam","Dropkick"],"picked":"Hemokinesis","floor":11},{"not_picked":["Armaments","True Grit"],"picked":"Demon Form","floor":12},{"not_picked":["Sever Soul","Ghostly Armor"],"picked":"Disarm","floor":13},{"not_picked":["Juggernaut","Thunderclap","Perfected Strike"],"picked":"SKIP","floor":14},{"not_picked":["Exhume","Demon Form"],"picked":"Impervious","floor":16},{"not_picked":["Flex","Fire Breathing"],"picked":"Clothesline+1","floor":18},{"not_picked":["Thunderclap","Anger","Clash"],"picked":"SKIP","floor":24}],"player_experience":213334,"relics_obtained":[{"floor":6,"key":"Tiny Chest"},{"floor":9,"key":"Ornamental Fan"},{"floor":11,"key":"FossilizedHelix"},{"floor":14,"key":"The Courier"},{"floor":20,"key":"Necronomicon"},{"floor":21,"key":"Blue Candle"},{"floor":26,"key":"Kunai"}],"event_choices":[{"damage_healed":0,"gold_gain":0,"player_choice":"Upgraded","damage_taken":0,"max_hp_gain":0,"max_hp_loss":0,"event_name":"Upgrade Shrine","floor":4,"gold_loss":0,"cards_upgraded":["Armaments"]},{"damage_healed":0,"gold_gain":0,"player_choice":"Ignored","damage_taken":0,"max_hp_gain":0,"max_hp_loss":0,"event_name":"The Mausoleum","floor":19,"gold_loss":0},{"damage_healed":0,"gold_gain":0,"player_choice":"Obtained Book","damage_taken":16,"max_hp_gain":0,"max_hp_loss":0,"event_name":"Cursed Tome","floor":20,"gold_loss":0},{"damage_healed":0,"gold_gain":0,"player_choice":"0 cards matched","damage_taken":0,"max_hp_gain":0,"max_hp_loss":0,"event_name":"Match and Keep!","floor":25,"gold_loss":0,"cards_obtained":[]}],"is_beta":false,"boss_relics":[{"not_picked":["Runic Cube","Runic Dome"],"picked":"Empty Cage"}],"items_purged_floors":[22],"is_endless":false,"potions_floor_spawned":[1,2,5,12,24],"killed_by":"Sentry and Sphere","ascension_level":4}}