{"host":"dl909bjyolgrn2uw","time":1614290433,"event":{"mods":["2.2 Compatiblity","AchievementEnabler","BaseMod","Bestiary","Better Altar","Better Note","Better Sensory Stone","Better Skull","Better Vampires","Colored Powertips","Curses Come First","Disable Question Mark Monsters","Displayed Cursed Tome","Downfall","Emptier Cage","Minty Spire (QoL Compilation)","Permanent Neow","Quick Restart","Rare Cards Sparkle","Relic Stats","Shop Mod","Spicy Shops","StSLib","SuperFastMode","Transform Curses"],"gold_per_floor":[0,11,161,175,175,194,217,234,234,234,272,298,298,342,367,478,478,478,500,528,557,569,578,605,643,652,652,676,702,724,11,32,139,139,139,167,193,220,29,73,123,151,174,209,227,271,71,125,153,153],"floor_reached":51,"language":"ENG","playtime":4554,"items_purged":["downfall:Bewildered","downfall:Malfunctioning"],"score":909,"play_id":"b4a9a3c5-e80c-42b5-8fd1-cf9a493321ea","local_time":"20210225160033","is_ascension_mode":true,"campfire_choices":[{"data":"hexamod:Sear","floor":1.0,"key":"SMITH"},{"data":"hexamod:Float","floor":10.0,"key":"SMITH"},{"data":"hexamod:GhostShield","floor":13.0,"key":"SMITH"},{"data":"hexamod:SuperheatedStrike","floor":18.0,"key":"SMITH"},{"floor":35,"key":"RECALL"},{"data":"Guardian:DecasProtection","floor":47,"key":"SMITH"}],"circlet_count":0,"master_deck":["hexamod:Strike+1","hexamod:Strike","hexamod:Strike+1","hexamod:Strike","hexamod:Defend","hexamod:Defend+1","hexamod:Defend+1","hexamod:Defend+1","hexamod:Sear+1","hexamod:Float+1","hexamod:FastForward+1","downfall:Icky","hexamod:GhostShield+1","hexamod:EmpoweredFlame+1","hexamod:GhostShield","hexamod:PowerFromBeyond+1","hexamod:NightmareGuise+1","hexamod:SuperheatedStrike+1","hexamod:UnleashSpirits","hexamod:NightmareGuise+1","hexamod:WildfireWeapon+1","hexamod:ThermalTransfer+1","Guardian:DecasProtection+1","hexamod:HeatCrush+1","hexamod:GhostLash+1","hexamod:GhostLash+1","hexamod:FlamesFromBeyond+1","hexamod:SixthSeal","hexamod:InspiringFlames+1","hexamod:PhantomCloak+1","hexamod:FirstSeal","hexamod:NightmareGuise+1","PanicButton+1","hexamod:InspiringFlames+1","Parasite","hexamod:SpectralSpark+1","hexamod:WildfireWeapon","hexamod:Hexaguard+1","hexamod:Hexaguard+1","hexamod:PhantomCloak+1"],"relics":["hexamod:SpiritBrand","TungstenRod","Bronze Scales","PreservedInsect","CeramicFish","War Paint","Coffee Dripper","Centennial Puzzle","hexamod:MatchstickCase","sneckomod:BabySnecko","Darkstone Periapt","Oddly Smooth Stone","Eternal Feather","Toxic Egg 2","Black Star","Dead Branch","Strawberry","Pantograph","Orichalcum","Ginger","Unceasing Top","The Courier","Gremlin Horn","downfall:HeartBlessingRed","downfall:HeartBlessingGreen","StoneCalendar"],"acts_visited":["Exordium","TheCity","TheBeyond"],"potions_floor_usage":[33,33,33,42,48,50],"damage_taken":[{"damage":0.0,"enemies":"Jaw Worm","floor":2.0,"turns":3.0},{"damage":0.0,"enemies":"2 Louse","floor":4.0,"turns":3.0},{"damage":0.0,"enemies":"Cultist","floor":6.0,"turns":4.0},{"damage":4.0,"enemies":"3 Louse","floor":8.0,"turns":3.0},{"damage":6.0,"enemies":"Lagavulin","floor":11.0,"turns":7.0},{"damage":0.0,"enemies":"2 Fungi Beasts","floor":12.0,"turns":3.0},{"damage":11.0,"enemies":"3 Sentries","floor":14.0,"turns":7.0},{"damage":0.0,"enemies":"Lots of Slimes","floor":15.0,"turns":4.0},{"damage":2.0,"enemies":"IC_STATUS_ARCHETYPE","floor":16.0,"turns":7.0},{"damage":0.0,"enemies":"Chosen","floor":19.0,"turns":4.0},{"damage":0.0,"enemies":"downfall:LooterAlt2","floor":20.0,"turns":5.0},{"damage":0.0,"enemies":"Shelled Parasite and Fungi","floor":21.0,"turns":5.0},{"damage":9.0,"enemies":"Snake Plant","floor":22.0,"turns":3.0},{"damage":1.0,"enemies":"Gremlin Leader","floor":25.0,"turns":5.0},{"damage":8.0,"enemies":"Sentry and Sphere","floor":28.0,"turns":7.0},{"damage":0.0,"enemies":"Book of Stabbing","floor":29.0,"turns":4.0},{"damage":0.0,"enemies":"Shelled Parasite and Fungi","floor":30.0,"turns":5.0},{"damage":0.0,"enemies":"downfall:FleeingMerchant","floor":31.0,"turns":4.0},{"damage":11.0,"enemies":"Centurion and Healer","floor":32.0,"turns":5.0},{"damage":7,"enemies":"SI_MIRROR_ARCHETYPE","floor":33,"turns":11},{"damage":20,"enemies":"3 Darklings","floor":36,"turns":4},{"damage":0,"enemies":"Orb Walker","floor":37,"turns":4},{"damage":0,"enemies":"Maw","floor":38,"turns":7},{"damage":0,"enemies":"downfall:FleeingMerchant","floor":39,"turns":4},{"damage":5,"enemies":"Nemesis","floor":40,"turns":7},{"damage":16,"enemies":"Writhing Mass","floor":42,"turns":6},{"damage":0,"enemies":"3 Darklings","floor":43,"turns":7},{"damage":17,"enemies":"Giant Head","floor":44,"turns":7},{"damage":0,"enemies":"Sphere and 2 Shapes","floor":45,"turns":5},{"damage":36,"enemies":"Reptomancer","floor":46,"turns":8},{"damage":29,"enemies":"2 Orb Walkers","floor":48,"turns":5},{"damage":0,"enemies":"Spire Growth","floor":49,"turns":4},{"damage":9,"enemies":"WA_ARCHETYPE_DIVINITY","floor":50,"turns":10}],"seed_played":"8431931493356254138","potions_obtained":[{"floor":2.0,"key":"hexamod:EctoCoolerPotion"},{"floor":8.0,"key":"PowerPotion"},{"floor":14.0,"key":"Strength Potion"},{"floor":19.0,"key":"Dexterity Potion"},{"floor":20.0,"key":"BlessingOfTheForge"},{"floor":25.0,"key":"SpeedPotion"},{"floor":27.0,"key":"CultistPotion"},{"floor":27.0,"key":"SkillPotion"},{"floor":29.0,"key":"PowerPotion"},{"floor":37,"key":"hexamod:InfernoChargePotion"},{"floor":42,"key":"bronze:BurnAndBuffPotion"},{"floor":44,"key":"hexamod:InfernoChargePotion"},{"floor":45,"key":"champ:CounterPotion"},{"floor":46,"key":"hexamod:DoubleChargePotion"},{"floor":49,"key":"Ancient Potion"}],"is_trial":false,"path_per_floor":["R","M","?","M","T","M","T","M","?","R","E","M","R","E","M","B",null,"R","M","M","M","M","?","T","E","?","?","M","E","M","$","M","B",null,"R","M","M","M","$","E","T","M","M","E","M","E","R","?","M","B",null],"character_chosen":"THE_SPIRIT","items_purchased":["Oddly Smooth Stone","Eternal Feather","Toxic Egg 2","Dead Branch","PanicButton+1"],"campfire_rested":0,"item_purchase_floors":[31,31,31,39,39],"current_hp_per_floor":[70,70,70,70,70,70,70,66,66,66,60,60,60,49,49,47,70,70,70,70,70,61,61,61,60,60,60,52,52,52,52,41,34,70,70,50,50,50,57,66,66,63,70,60,67,38,59,37,44,60],"gold":153,"neow_bonus":"ONE_RARE_RELIC","is_daily":false,"chose_seed":false,"campfire_upgraded":5,"win_rate":0.0,"timestamp":1614290433,"path_taken":["R","M","?","M","?","M","T","M","?","R","E","M","R","E","M","BOSS","R","M","M","M","M","?","T","E","?","?","M","E","M","$","M","BOSS","R","M","M","M","?","E","T","M","M","E","M","E","R","?","M","BOSS"],"items_purchased_type":["Relic","Relic","Relic","Relic","Card"],"build_version":"2020-12-22","purchased_purges":2,"victory":true,"max_hp_per_floor":[70,70,70,70,70,70,70,70,70,70,70,70,70,70,70,70,70,70,70,70,70,70,70,70,70,70,70,70,70,70,70,70,70,70,70,70,70,70,70,77,77,83,83,83,83,83,83,83,83,83],"relic_stats":{"Darkstone Periapt":6,"Gremlin Horn":[1,1],"counters":[33,177],"CeramicFish":243,"Dead Branch":[85],"Eternal Feather":21,"StoneCalendar":[52],"PreservedInsect":478,"Ginger":[12],"War Paint":["hexamod:PowerFromBeyond","hexamod:Defend"],"Orichalcum":[18],"Centennial Puzzle":[33],"Bronze Scales":[453],"Pantograph":25,"Black Star":3,"obtain_stats":[{"Darkstone Periapt":29,"Gremlin Horn":46,"CeramicFish":11,"downfall:HeartBlessingGreen":47,"StoneCalendar":48,"Ginger":44,"Centennial Puzzle":24,"Strawberry":40,"Pantograph":40,"Toxic Egg 2":31,"hexamod:SpiritBrand":0,"downfall:HeartBlessingRed":47,"Dead Branch":39,"Oddly Smooth Stone":31,"Eternal Feather":31,"PreservedInsect":7,"The Courier":46,"War Paint":14,"Orichalcum":41,"hexamod:MatchstickCase":25,"sneckomod:BabySnecko":26,"Bronze Scales":5,"Coffee Dripper":17,"Black Star":34,"TungstenRod":0,"Unceasing Top":44},{"Darkstone Periapt":16,"Gremlin Horn":30,"CeramicFish":5,"downfall:HeartBlessingGreen":30,"StoneCalendar":31,"Ginger":28,"Centennial Puzzle":13,"Strawberry":25,"Pantograph":25,"Toxic Egg 2":18,"hexamod:SpiritBrand":0,"downfall:HeartBlessingRed":30,"Dead Branch":24,"Oddly Smooth Stone":18,"Eternal Feather":18,"PreservedInsect":3,"The Courier":30,"War Paint":7,"Orichalcum":25,"hexamod:MatchstickCase":14,"sneckomod:BabySnecko":14,"Bronze Scales":2,"Coffee Dripper":9,"Black Star":20,"TungstenRod":0,"Unceasing Top":28},{"Darkstone Periapt":74,"Gremlin Horn":158,"CeramicFish":20,"downfall:HeartBlessingGreen":158,"StoneCalendar":163,"Ginger":145,"Centennial Puzzle":58,"Strawberry":125,"Pantograph":125,"Toxic Egg 2":83,"hexamod:SpiritBrand":0,"downfall:HeartBlessingRed":158,"Dead Branch":118,"Oddly Smooth Stone":83,"Eternal Feather":83,"PreservedInsect":10,"The Courier":158,"War Paint":30,"Orichalcum":125,"hexamod:MatchstickCase":63,"sneckomod:BabySnecko":63,"Bronze Scales":6,"Coffee Dripper":41,"Black Star":99,"TungstenRod":0,"Unceasing Top":145}],"TungstenRod":40,"Unceasing Top":[0]},"card_choices":[{"not_picked":["hexamod:AdvancingGuard","hexamod:Rewind"],"picked":"hexamod:FastForward","floor":2.0},{"not_picked":["hexamod:ChargedBarrage","hexamod:HeatMetal"],"picked":"hexamod:GhostShield","floor":4.0},{"not_picked":["hexamod:ShieldOfDarkness","hexamod:ExtraCrispy"],"picked":"hexamod:EmpoweredFlame","floor":6.0},{"not_picked":["hexamod:SwordOfDarkness","hexamod:AdvancingGuard","hexamod:RadiantFlame"],"picked":"SKIP","floor":8.0},{"not_picked":["hexamod:SpectersWail","hexamod:CatchUp"],"picked":"hexamod:GhostShield","floor":11.0},{"not_picked":["hexamod:SuperheatedStrike","hexamod:SwordOfDarkness"],"picked":"hexamod:PowerFromBeyond","floor":12.0},{"not_picked":["hexamod:SpectralAdrenaline","hexamod:SoulSteal"],"picked":"hexamod:NightmareGuise","floor":14.0},{"not_picked":["hexamod:TurnItUp","hexamod:RecurringNightmare"],"picked":"hexamod:SuperheatedStrike","floor":15.0},{"not_picked":["hexamod:GhostflameInferno","hexamod:UnlimitedPower"],"picked":"hexamod:UnleashSpirits","floor":16.0},{"not_picked":["hexamod:HauntingEcho","hexamod:Haunt+1"],"picked":"hexamod:NightmareGuise+1","floor":19.0},{"not_picked":["hexamod:AdvancingGuard","hexamod:HauntingEcho+1"],"picked":"hexamod:WildfireWeapon","floor":20.0},{"not_picked":["hexamod:Again+1","hexamod:SwordOfDarkness"],"picked":"hexamod:ThermalTransfer+1","floor":21.0},{"not_picked":["hexamod:RadiantFlame","hexamod:SpectersWail","hexamod:NecessarySacrifice+1"],"picked":"SKIP","floor":22.0},{"not_picked":["hexamod:InspiringFlames","hexamod:HeatShield"],"picked":"hexamod:HeatCrush+1","floor":25.0},{"not_picked":["hexamod:HeatShield","hexamod:GhostflameBarrier"],"picked":"hexamod:GhostLash","floor":28.0},{"not_picked":["hexamod:AdvancingGuard","hexamod:CatchUp","hexamod:SkipABeat"],"picked":"SKIP","floor":29.0},{"not_picked":["hexamod:HauntingEcho+1","hexamod:TimeWarp"],"picked":"hexamod:GhostLash","floor":30.0},{"not_picked":["hexamod:SpectersWail","hexamod:Firestarter+1","hexamod:BacktrackSmack"],"picked":"SKIP","floor":31.0},{"not_picked":["hexamod:HeatMetal","hexamod:FastForward+1"],"picked":"hexamod:FlamesFromBeyond+1","floor":32.0},{"not_picked":["hexamod:SearingWound+1","hexamod:VolcanoVisage"],"picked":"hexamod:SixthSeal","floor":33},{"not_picked":["hexamod:SuperheatedStrike+1","hexamod:FastForward+1"],"picked":"hexamod:InspiringFlames+1","floor":36},{"not_picked":["hexamod:RetreatToShadows+1","hexamod:FlamesFromBeyond+1"],"picked":"hexamod:PhantomCloak","floor":37},{"not_picked":["hexamod:BacktrackSmack+1","hexamod:SuperheatedStrike+1"],"picked":"hexamod:FirstSeal","floor":38},{"not_picked":["hexamod:SpectersWail+1","hexamod:SecondSeal"],"picked":"hexamod:NightmareGuise+1","floor":39},{"not_picked":["hexamod:AdvancingGuard+1","hexamod:GiftsFromTheDead"],"picked":"hexamod:InspiringFlames+1","floor":40},{"not_picked":["hexamod:InspiringFlames+1","hexamod:GhostLash","hexamod:ShieldOfDarkness+1"],"picked":"SKIP","floor":42},{"not_picked":["hexamod:HeatMetal","hexamod:BurningTouch+1"],"picked":"hexamod:SpectralSpark+1","floor":43},{"not_picked":["hexamod:ThirdSeal","hexamod:SecondSeal"],"picked":"hexamod:WildfireWeapon","floor":44},{"not_picked":["hexamod:HauntingEcho+1","hexamod:SpectralSpark+1","hexamod:AdvancingGuard+1"],"picked":"SKIP","floor":45},{"not_picked":["hexamod:EmpoweredFlame","hexamod:FirstSeal"],"picked":"hexamod:Hexaguard+1","floor":46},{"not_picked":["hexamod:NecessarySacrifice+1","hexamod:NightmareStrike"],"picked":"hexamod:Hexaguard+1","floor":48},{"not_picked":["hexamod:BurningTouch+1","hexamod:InspiringFlames+1"],"picked":"hexamod:PhantomCloak+1","floor":49}],"player_experience":555055,"relics_obtained":[{"floor":5.0,"key":"Bronze Scales"},{"floor":7.0,"key":"PreservedInsect"},{"floor":11.0,"key":"CeramicFish"},{"floor":14.0,"key":"War Paint"},{"floor":24.0,"key":"Centennial Puzzle"},{"floor":25.0,"key":"hexamod:MatchstickCase"},{"floor":29.0,"key":"Darkstone Periapt"},{"floor":40,"key":"Strawberry"},{"floor":40,"key":"Pantograph"},{"floor":41,"key":"Orichalcum"},{"floor":44,"key":"Ginger"},{"floor":44,"key":"Unceasing Top"},{"floor":46,"key":"The Courier"},{"floor":46,"key":"Gremlin Horn"},{"floor":48,"key":"StoneCalendar"}],"event_choices":[{"cards_removed":["hexamod:PowerFromBeyond"],"damage_healed":0.0,"max_hp_gain":0.0,"max_hp_loss":0.0,"gold_gain":0.0,"event_name":"betterNote:BetterNote","player_choice":"Take \u0026 Give","floor":23.0,"gold_loss":0.0,"damage_taken":0.0,"cards_obtained":["Guardian:DecasProtection"]},{"damage_healed":0.0,"max_hp_gain":0.0,"max_hp_loss":0.0,"gold_gain":0.0,"event_name":"Lab","player_choice":"Got Potions","floor":27.0,"gold_loss":0.0,"damage_taken":0.0},{"damage_healed":0,"gold_gain":0,"player_choice":"Fight","damage_taken":0,"max_hp_gain":0,"max_hp_loss":0,"event_name":"Mysterious Sphere","floor":48,"gold_loss":0}],"is_beta":false,"boss_relics":[{"not_picked":["Tiny House","Calling Bell"],"picked":"Coffee Dripper"},{"not_picked":["Runic Dome","Sozu"],"picked":"Black Star"}],"items_purged_floors":[31,39],"is_endless":false,"potions_floor_spawned":[2,8,14,15,19,20,25,29,37,42,44,45,46,49],"ascension_level":1}}