{"host":"3n5xmnb54n2y5mb4","time":1614214924,"event":{"mods":["BaseMod","Colored Map","Colored Powertips","Minty Spire (QoL Compilation)","Permanent Neow","StSLib","Unceasing Turn Reminder","everything is the same but u backflip on backflip"],"gold_per_floor":[119,134,134,134,59,92,92,119,146,166,184,219,219,237,237,311,311,326,343,343,343,343],"floor_reached":21,"language":"ENG","playtime":892,"items_purged":["Strike_R"],"score":328,"play_id":"47643cf3-0137-4d9c-880a-8757170b8249","local_time":"20210224200204","is_ascension_mode":true,"campfire_choices":[{"floor":7,"key":"REST"},{"floor":15,"key":"REST"}],"circlet_count":0,"master_deck":["AscendersBane","Strike_R+1","Strike_R+1","Strike_R+1","Strike_R+1","Defend_R+1","Defend_R+1","Defend_R+1","Defend_R+1","Bash","Demon Form+1","Body Slam","Whirlwind","Anger","Armaments","Barricade","Shockwave","Havoc","Inflame","Juggernaut","Armaments+1"],"relics":["Burning Blood","Anchor","Charon\u0027s Ashes","Dream Catcher","Vajra","Philosopher\u0027s Stone"],"acts_visited":["Exordium","TheCity"],"potions_floor_usage":[16,16],"damage_taken":[{"damage":6,"enemies":"Cultist","floor":1,"turns":3},{"damage":2,"enemies":"Jaw Worm","floor":2,"turns":3},{"damage":60,"enemies":"3 Sentries","floor":6,"turns":6},{"damage":10,"enemies":"Lagavulin","floor":8,"turns":4},{"damage":0,"enemies":"Small Slimes","floor":10,"turns":2},{"damage":0,"enemies":"Exordium Wildlife","floor":11,"turns":2},{"damage":37,"enemies":"Gremlin Nob","floor":12,"turns":5},{"damage":6,"enemies":"2 Fungi Beasts","floor":14,"turns":3},{"damage":25,"enemies":"Hexaghost","floor":16,"turns":7},{"damage":36,"enemies":"Spheric Guardian","floor":18,"turns":4},{"damage":34,"enemies":"2 Thieves","floor":19,"turns":5},{"damage":9,"enemies":"Snake Plant","floor":21,"turns":2}],"seed_played":"-491775862111295107","potions_obtained":[{"floor":6,"key":"Weak Potion"},{"floor":8,"key":"Swift Potion"}],"is_trial":false,"path_per_floor":["M","M","?","?","$","E","R","E","T","M","M","E","?","M","R","B",null,"M","M","?","M"],"character_chosen":"IRONCLAD","items_purchased":[],"campfire_rested":2,"item_purchase_floors":[],"current_hp_per_floor":[72,76,76,76,76,22,46,42,42,48,54,23,23,23,47,28,67,37,9,9,0,0],"gold":343,"neow_bonus":"ONE_RANDOM_RARE_CARD","is_daily":false,"chose_seed":false,"campfire_upgraded":0,"win_rate":0.0,"timestamp":1614214924,"path_taken":["M","M","?","?","?","E","R","E","T","M","?","E","?","M","R","BOSS","M","M","?","M"],"items_purchased_type":[],"build_version":"2020-12-22","purchased_purges":1,"victory":false,"max_hp_per_floor":[80,80,80,80,80,80,80,80,80,80,80,80,80,80,80,80,80,80,80,80,80,80],"card_choices":[{"not_picked":["Thunderclap","Searing Blow"],"picked":"Body Slam","floor":1},{"not_picked":["Armaments","Blood for Blood"],"picked":"Whirlwind","floor":2},{"not_picked":["Hemokinesis","Flex"],"picked":"Anger","floor":6},{"not_picked":["Pommel Strike","Dropkick"],"picked":"Armaments","floor":8},{"not_picked":["Anger","Clash"],"picked":"Barricade","floor":10},{"not_picked":["Shrug It Off","Headbutt"],"picked":"Shockwave","floor":11},{"not_picked":["Burning Pact","True Grit"],"picked":"Havoc","floor":12},{"not_picked":["Flex","Disarm"],"picked":"Inflame","floor":14},{"not_picked":["Bludgeon","Fiend Fire"],"picked":"Juggernaut","floor":16},{"not_picked":["Flex","Thunderclap+1","Headbutt"],"picked":"SKIP","floor":18},{"not_picked":["Shockwave","Uppercut"],"picked":"Armaments+1","floor":19}],"player_experience":1027197,"relics_obtained":[{"floor":6,"key":"Anchor"},{"floor":8,"key":"Charon\u0027s Ashes"},{"floor":9,"key":"Dream Catcher"},{"floor":12,"key":"Vajra"}],"event_choices":[{"damage_healed":0,"gold_gain":0,"player_choice":"Ignored","damage_taken":0,"max_hp_gain":0,"max_hp_loss":0,"event_name":"Liars Game","floor":3,"gold_loss":0},{"damage_healed":0,"gold_gain":0,"player_choice":"Grow","damage_taken":0,"max_hp_gain":0,"max_hp_loss":0,"event_name":"Living Wall","floor":4,"gold_loss":0,"cards_upgraded":["Demon Form"]},{"damage_healed":0,"gold_gain":0,"player_choice":"Fled","damage_taken":0,"max_hp_gain":0,"max_hp_loss":0,"event_name":"Scrap Ooze","floor":13,"gold_loss":0},{"damage_healed":0,"gold_gain":0,"player_choice":"Simplicity","damage_taken":0,"max_hp_gain":0,"max_hp_loss":0,"event_name":"Back to Basics","floor":20,"gold_loss":0,"cards_upgraded":["Strike_R","Strike_R","Strike_R","Strike_R","Defend_R","Defend_R","Defend_R","Defend_R"]}],"is_beta":false,"boss_relics":[{"not_picked":["Runic Cube","Calling Bell"],"picked":"Philosopher\u0027s Stone"}],"items_purged_floors":[5],"is_endless":false,"potions_floor_spawned":[6,8,10,11,14],"killed_by":"Snake Plant","ascension_level":13}}