{"host":"whe4vf9w0yuhsr02","time":1614250169,"event":{"mods":["AchievementEnabler","Act Like it!","BaseMod","Better Altar","Better Match","Better Note","Better Sensory Stone","Better Skull","Better Third Choice","Colored Map","Dark Map","Friendly Minions","Highlight Path","Hubris","Library of Ruina","Library of Ruina Extra","Lobotomy","LobotomyExtend","Minty Spire (QoL Compilation)","Poor People Problems","Quick Restart","Replay The Spire","StSLib","everything is the same but u backflip on backflip"],"gold_per_floor":[115,390,18,37,61,99,99,99,99,115,171,239,263,291,291,420,420,420,420,30,30,63,112,112,168,180,224,236,308,260,313,325,345,345],"floor_reached":33,"language":"ENG","playtime":1140,"items_purged":["Regret","LightAttack"],"score":536,"play_id":"9fcc647f-65af-4897-9654-b24f8121d7e5","local_time":"20210225124929","is_ascension_mode":true,"campfire_choices":[{"floor":8.0,"key":"REST"},{"floor":15.0,"key":"REST"},{"floor":24.0,"key":"REST"},{"floor":28,"key":"REST"},{"floor":32,"key":"DIG"}],"circlet_count":0,"master_deck":["Dodge","LightDefense","LightAttack","LightAttack","LightDefense","LightDefense","LightDefense+1","ChargeAndCover","FocusedStrikes","hubris:Sloth","EmotionalTurbulence","FlyingSword+1","Observe","DeepDrag","IronWall","TraceOfFumes","RhinoRam+1","SilentMist","Parry2","CleanUp","Multislash","Multislash","SweepTheBackstreets","QuickSuppression+1","Punishment","RepressedFlesh"],"relics":["PageOfLibrarian","LetterFromLob","Replay:Bandana","Smiling Mask","Golden Idol","Pen Nib","Strawberry","Gremlin Food","Busted Crown","Bird Faced Urn","Dream Catcher","MawBank","hubris:CrystalStatue","hubris:Spice","PageOfTodaysShyLook","Anchor"],"acts_visited":["TheCity"],"potions_floor_usage":[27,27,33],"damage_taken":[{"damage":4.0,"enemies":"Cultist","floor":1.0,"turns":3.0},{"damage":6.0,"enemies":"2 Louse","floor":4.0,"turns":3.0},{"damage":0.0,"enemies":"Small Slimes","floor":5.0,"turns":3.0},{"damage":23.0,"enemies":"3 Sentries","floor":6.0,"turns":10.0},{"damage":11.0,"enemies":"Looter","floor":10.0,"turns":4.0},{"damage":17.0,"enemies":"Lagavulin","floor":11.0,"turns":5.0},{"damage":0.0,"enemies":"Exordium Wildlife","floor":14.0,"turns":3.0},{"damage":8.0,"enemies":"Hexaghost","floor":16.0,"turns":9.0},{"damage":15.0,"enemies":"2 Thieves","floor":22.0,"turns":4.0},{"damage":52.0,"enemies":"Gremlin Leader","floor":23.0,"turns":7.0},{"damage":31.0,"enemies":"Slavers","floor":25.0,"turns":7.0},{"damage":12,"enemies":"Shell Parasite","floor":27,"turns":2},{"damage":28,"enemies":"Gremlin Leader","floor":29,"turns":6},{"damage":25,"enemies":"Book of Stabbing","floor":31,"turns":7},{"damage":22,"enemies":"KingOfGreed","floor":33,"turns":3}],"seed_played":"-8771191332357930614","potions_obtained":[{"floor":1.0,"key":"Explosive Potion"},{"floor":6.0,"key":"DistilledChaos"},{"floor":10.0,"key":"Fire Potion"},{"floor":14.0,"key":"SteroidPotion"},{"floor":22.0,"key":"Venom Potion"},{"floor":31,"key":"Swift Potion"}],"is_trial":false,"path_per_floor":["M","?","$","M","M","E","?","R","T","M","E","?","T","M","R","B",null,"M","?","$","?","M","E","R","E","T","M","R","E","?","E","R_BF","B"],"character_chosen":"Librarian","items_purchased":["Replay:Bandana","Observe","Multislash","Bird Faced Urn"],"campfire_rested":4,"item_purchase_floors":[3,3,20,20],"current_hp_per_floor":[50,50,50,44,44,21,21,41,41,30,28,28,28,32,57,49,77,77,77,77,77,68,22,47,22,22,13,38,27,27,11,11,0,0],"gold":345,"neow_bonus":"THREE_RARE_CARDS","is_daily":false,"chose_seed":false,"campfire_upgraded":0,"win_rate":0.0,"timestamp":1614250169,"path_taken":["M","?","$","M","?","E","?","R","T","M","E","?","?","M","R","BOSS","M","?","$","?","M","E","R","E","T","M","R","E","?","E","R_BF","BOSS"],"items_purchased_type":["Relic","Card","Card","Relic"],"build_version":"2020-12-22","purchased_purges":2,"victory":false,"max_hp_per_floor":[62,62,62,62,74,74,69,69,69,71,78,78,78,86,86,86,86,86,86,86,86,86,86,86,86,86,86,86,94,94,94,94,94,94],"card_choices":[{"not_picked":["EnergyBeam","UnforgettableMelody"],"picked":"EmotionalTurbulence","floor":0.0},{"not_picked":["Standoff","SmokingPipe","Faith","SharpSwipe","InhaleSmoke","MultiHit","EnergyCycle","EndlessBattle"],"picked":"FlyingSword","floor":1.0},{"not_picked":["Overcharge","DarkCloud","HandleRequest","AutonomousRush","DriedUp","NonstopAssault","PreparedMind","BiAn"],"picked":"DeepDrag","floor":4.0},{"not_picked":["BulkyImpact","Pound","StrongStrike","QuickAttack","BiAn","Standoff","SunsetBlade","EndlessBattle"],"picked":"IronWall","floor":5.0},{"not_picked":["StrikeDown","ButterflySlash","Rewind","MultiHit","ToWhereThePrescriptPoints","ConcentratedFire","YourShield","RagingStormLove"],"picked":"TraceOfFumes","floor":6.0},{"not_picked":["SpearedSweep","EnergyShield","MultiBlock","BayonetCombat","Quickness","SuppressingShot","BulkyImpact","Pound"],"picked":"RhinoRam","floor":10.0},{"not_picked":["SkitterAway","HandleRequest","FendThisOffIfYouCan","MultiHit","SinglePointStab","EndlessBattle","BlowItUp","Laceration"],"picked":"SilentMist","floor":11.0},{"not_picked":["FieryDragonSlash","CombatPreparation","JiaoTu","ViolentFlame","SkitterAway","Standoff","EmotionalTurbulence","AutomatedMovement"],"picked":"Parry2","floor":14.0},{"not_picked":["MirageStorm","GroundSmash"],"picked":"CleanUp","floor":16.0},{"not_picked":["DesperateStruggle","SuppressingShot","Thrust","Struggle","StructuralAnalysis","PreemptiveStrike","FlamingDragonFist"],"picked":"SKIP","floor":22.0},{"not_picked":["FocusFire","PreemptiveStrike","FleetFootsteps","Gigigig","YoureAHindrance+1","Laceration","WildCard"],"picked":"SKIP","floor":23.0},{"not_picked":["WildCard","KeepItFresh+1","SomberProcuration","StrikeDown+1","EnergyShield","FrontalAssault"],"picked":"SweepTheBackstreets","floor":25.0},{"not_picked":["ElectricShock","DarkCloud","FleetEdge","WillOfThePrescript","Clone","Rewind"],"picked":"QuickSuppression+1","floor":27},{"not_picked":["ICanCookAnything+1","SmokingPipe+1","ReadyUp+1","WillOfThePrescript","Rewind","MultiBlock"],"picked":"Punishment","floor":28},{"not_picked":["FleetEdge","VioletBlade","FlyingSword","FieryDragonSlash","SnakeSlit","FlamingDragonFist"],"picked":"RepressedFlesh","floor":29},{"not_picked":["BackstreetsDash","EnergyStrike","SearingSword","Pound","Parry2","SuanNi","NightInTheBackstreets"],"picked":"SKIP","floor":31}],"player_experience":524283,"relics_obtained":[{"floor":1.0,"key":"LetterFromLob"},{"floor":6.0,"key":"Smiling Mask"},{"floor":9.0,"key":"Pen Nib"},{"floor":11.0,"key":"Strawberry"},{"floor":13.0,"key":"Gremlin Food"},{"floor":23.0,"key":"Dream Catcher"},{"floor":25.0,"key":"MawBank"},{"floor":26.0,"key":"hubris:CrystalStatue"},{"floor":29,"key":"hubris:Spice"},{"floor":31,"key":"PageOfTodaysShyLook"},{"floor":32,"key":"Anchor"}],"event_choices":[{"damage_healed":0.0,"max_hp_gain":0.0,"max_hp_loss":0.0,"gold_gain":275.0,"event_name":"Golden Shrine","player_choice":"Desecrate","floor":2.0,"gold_loss":0.0,"damage_taken":0.0,"cards_obtained":["Regret"]},{"damage_healed":0.0,"max_hp_gain":0.0,"max_hp_loss":5.0,"gold_gain":0.0,"event_name":"Golden Idol","player_choice":"Lose Max HP","floor":7.0,"gold_loss":0.0,"damage_taken":0.0,"relics_obtained":["Golden Idol"]},{"damage_healed":0.0,"max_hp_gain":0.0,"max_hp_loss":0.0,"gold_gain":68.0,"event_name":"Golden Wing","player_choice":"Gained Gold","floor":12.0,"gold_loss":0.0,"damage_taken":0.0},{"damage_healed":0.0,"max_hp_gain":0.0,"max_hp_loss":0.0,"gold_gain":0.0,"event_name":"Ghosts","player_choice":"Ignored","floor":21.0,"gold_loss":0.0,"damage_taken":0.0}],"is_beta":false,"boss_relics":[{"not_picked":["ReplayTheSpireMod:DimensionalGlitch","Replay:Grab Bag"],"picked":"Busted Crown"}],"items_purged_floors":[3,20],"is_endless":false,"potions_floor_spawned":[1,6,10,14,22,31],"killed_by":"KingOfGreed","ascension_level":8}}