{"host":"1ot21gvocus9hpzo","time":1614288454,"event":{"mods":["BaseMod","Colored Map","Colored Powertips","Infinite Spire","Minty Spire (QoL Compilation)","StSLib"],"gold_per_floor":[115,190,206,219,219,219,252,252,252,252,262,272,272,287,287,362,362,282,282,292,207,76,76,109,109,109,109,120,132,144,144,144,144,144],"floor_reached":33,"language":"ENG","playtime":1547,"items_purged":["Clash"],"score":530,"play_id":"e93b17aa-ad3c-4424-94b4-2eead6fc26e7","local_time":"20210225132734","is_ascension_mode":true,"campfire_choices":[{"data":"Limit Break","floor":6,"key":"SMITH"},{"floor":8,"key":"REST"},{"data":"Armaments","floor":15,"key":"SMITH"},{"data":"Juggernaut","floor":23,"key":"SMITH"},{"floor":27,"key":"REST"},{"floor":32,"key":"REST"}],"circlet_count":0,"master_deck":["AscendersBane","Strike_R+1","Strike_R+1","Strike_R+1","Strike_R+1","Defend_R+1","Defend_R+1","Defend_R+1","Defend_R+1","Bash","Cleave","Limit Break+1","Shrug It Off","True Grit","Carnage","Heavy Blade","infinitespire:Menacing","Armaments+1","Juggernaut+1","Rage","Power Through","Shrug It Off","Fire Breathing","Body Slam","True Grit","Decay"],"relics":["Burning Blood","Incense Burner","infinitespire:BottledMercury","Runic Pyramid","PreservedInsect","StrikeDummy","Self Forming Clay"],"acts_visited":["Exordium","TheCity"],"potions_floor_usage":[16,16,24,33,33],"damage_taken":[{"damage":7,"enemies":"Small Slimes","floor":1,"turns":4},{"damage":4,"enemies":"Jaw Worm","floor":3,"turns":3},{"damage":2,"enemies":"2 Louse","floor":4,"turns":2},{"damage":56,"enemies":"Gremlin Nob","floor":7,"turns":5},{"damage":3,"enemies":"2 Fungi Beasts","floor":11,"turns":4},{"damage":4,"enemies":"Blue Slaver","floor":12,"turns":4},{"damage":0,"enemies":"Looter","floor":14,"turns":2},{"damage":1,"enemies":"The Guardian","floor":16,"turns":14},{"damage":24,"enemies":"2 Thieves","floor":18,"turns":5},{"damage":6,"enemies":"Chosen","floor":20,"turns":6},{"damage":43,"enemies":"Book of Stabbing","floor":24,"turns":7},{"damage":16,"enemies":"Shelled Parasite and Fungi","floor":28,"turns":9},{"damage":18,"enemies":"Snake Plant","floor":29,"turns":7},{"damage":0,"enemies":"Centurion and Healer","floor":30,"turns":8},{"damage":92,"enemies":"Collector","floor":33,"turns":8}],"seed_played":"-8811243514963313380","potions_obtained":[{"floor":1,"key":"SpeedPotion"},{"floor":4,"key":"infinitespire:BlackPotion"},{"floor":12,"key":"FearPotion"},{"floor":16,"key":"EntropicBrew"},{"floor":30,"key":"Regen Potion"}],"is_trial":false,"path_per_floor":["M","?","M","M","?","R","E","R","T","?","M","M","?","M","R","B",null,"M","?","M","?","$","R","E","?","T","R","M","M","M","?","R","B"],"character_chosen":"IRONCLAD","items_purchased":["Shrug It Off"],"campfire_rested":3,"item_purchase_floors":[22],"current_hp_per_floor":[67,56,58,62,62,62,12,34,34,39,42,44,24,30,30,35,69,51,51,51,51,51,51,14,14,14,38,28,16,22,22,46,0,0],"gold":144,"neow_bonus":"THREE_CARDS","is_daily":false,"chose_seed":false,"campfire_upgraded":3,"win_rate":0.0,"timestamp":1614288454,"path_taken":["M","?","M","M","?","R","E","R","T","?","M","M","?","M","R","BOSS","M","?","M","?","$","R","E","?","T","R","M","M","?","?","R","BOSS"],"items_purchased_type":["Card"],"build_version":"2020-12-22","purchased_purges":1,"victory":false,"max_hp_per_floor":[75,75,75,75,75,75,75,75,75,80,80,80,80,80,80,80,80,80,80,80,80,80,80,80,80,80,80,80,80,80,80,80,80,80],"card_choices":[{"not_picked":["Havoc","Shockwave"],"picked":"Cleave","floor":0},{"not_picked":["Clothesline","Sword Boomerang"],"picked":"Clash","floor":1},{"not_picked":["Sentinel","Anger"],"picked":"Limit Break","floor":3},{"not_picked":["Iron Wave","Clash"],"picked":"Shrug It Off","floor":4},{"not_picked":["Second Wind","Blood for Blood"],"picked":"True Grit","floor":7},{"not_picked":["Spot Weakness","Pummel"],"picked":"Carnage","floor":11},{"not_picked":["Clothesline","Reckless Charge"],"picked":"Heavy Blade","floor":12},{"not_picked":["infinitespire:SealOfDarkness+","infinitespire:Execution"],"picked":"infinitespire:Menacing","floor":13},{"not_picked":["Heavy Blade","Dark Embrace"],"picked":"Armaments","floor":14},{"not_picked":["Reaper","Corruption"],"picked":"Juggernaut","floor":16},{"not_picked":["Warcry","Clash"],"picked":"Rage","floor":18},{"not_picked":["Headbutt","Perfected Strike"],"picked":"Power Through","floor":20},{"not_picked":["Shrug It Off","Thunderclap"],"picked":"Fire Breathing","floor":24},{"not_picked":["Twin Strike","Clash+1"],"picked":"True Grit","floor":28},{"not_picked":["Rampage","Evolve","Perfected Strike"],"picked":"SKIP","floor":29},{"not_picked":["Combust","Double Tap","Hemokinesis"],"picked":"SKIP","floor":30}],"player_experience":3871051,"relics_obtained":[{"floor":7,"key":"Incense Burner"},{"floor":9,"key":"infinitespire:BottledMercury"},{"floor":24,"key":"StrikeDummy"},{"floor":26,"key":"Self Forming Clay"}],"event_choices":[{"damage_healed":0,"gold_gain":75,"player_choice":"Gather Gold","damage_taken":11,"max_hp_gain":0,"max_hp_loss":0,"event_name":"World of Goop","floor":2,"gold_loss":0},{"damage_healed":0,"gold_gain":0,"player_choice":"Donut","damage_taken":0,"max_hp_gain":5,"max_hp_loss":0,"event_name":"Big Fish","floor":10,"gold_loss":0},{"damage_healed":0,"gold_gain":0,"player_choice":"Simplicity","damage_taken":0,"max_hp_gain":0,"max_hp_loss":0,"event_name":"Back to Basics","floor":19,"gold_loss":0,"cards_upgraded":["Strike_R","Strike_R","Strike_R","Strike_R","Defend_R","Defend_R","Defend_R","Defend_R"]},{"damage_healed":0,"gold_gain":0,"player_choice":"Obtained Relic","damage_taken":0,"relics_obtained":["PreservedInsect"],"max_hp_gain":0,"max_hp_loss":0,"event_name":"Addict","floor":21,"gold_loss":85},{"damage_healed":0,"gold_gain":0,"player_choice":"Read","damage_taken":0,"max_hp_gain":0,"max_hp_loss":0,"event_name":"The Library","floor":25,"gold_loss":0,"cards_obtained":["Body Slam"]},{"damage_healed":0,"gold_gain":0,"player_choice":"Smashed Altar","damage_taken":0,"max_hp_gain":0,"max_hp_loss":0,"event_name":"Forgotten Altar","floor":31,"gold_loss":0,"cards_obtained":["Decay"]}],"is_beta":false,"boss_relics":[{"not_picked":["Ectoplasm","Runic Dome"],"picked":"Runic Pyramid"}],"items_purged_floors":[22],"is_endless":false,"potions_floor_spawned":[1,4,7,12,16,24,29,30],"killed_by":"Collector","ascension_level":20}}