{"host":"y4fuci1jk2rsxnep","time":1614273170,"event":{"mods":["AchievementEnabler","BaseMod","Colored Powertips","Custom Start","Defuse TimeMaze Blight","Dio Mod","Downfall","Hermit","Hero for Fun","Hubris","Hunter ??","Infinite Spire","Minty Spire (QoL Compilation)","Quick Restart","Reliquary","Remove Card Discount Mod","Replay The Spire","StSLib","The Blackbeard","The Bug Knight","The Mystic","The Runesmith"],"gold_per_floor":[115,130,148,72,92,92,92],"floor_reached":6,"language":"ENG","playtime":372,"items_purged":["hermit:Defend_Hermit","hermit:Defend_Hermit"],"score":46,"play_id":"534514f6-0dd7-4e12-9229-788726f36870","local_time":"20210225181250","is_ascension_mode":true,"campfire_choices":[],"circlet_count":0,"master_deck":["hermit:Strike_Hermit","hermit:Strike_Hermit","hermit:Strike_Hermit","hermit:Strike_Hermit","hermit:Defend_Hermit","hermit:Defend_Hermit","hermit:Snapshot","hermit:Covet","hermit:Gambit","hermit:HoleUp","hermit:WideOpen","hermit:HoleUp","hermit:Determination","hermit:BodyArmor"],"relics":["hermit:Momento"],"acts_visited":["Exordium"],"potions_floor_usage":[],"damage_taken":[{"damage":6,"enemies":"Cultist","floor":1,"turns":4},{"damage":1,"enemies":"2 Louse","floor":2,"turns":4},{"damage":12,"enemies":"Jaw Worm","floor":3,"turns":2},{"damage":38,"enemies":"Gremlin Gang","floor":5,"turns":5},{"damage":22,"enemies":"Gremlin Nob","floor":6,"turns":4}],"seed_played":"-6566736384840333393","potions_obtained":[{"floor":1,"key":"Elixir"},{"floor":2,"key":"BlessingOfTheForge"}],"is_trial":false,"path_per_floor":["M","M","M","$","M","E"],"character_chosen":"HERMIT","items_purchased":["hermit:Determination"],"campfire_rested":0,"item_purchase_floors":[4],"current_hp_per_floor":[69,68,56,56,18,0,0],"gold":92,"neow_bonus":"ONE_RANDOM_RARE_CARD","is_daily":false,"chose_seed":false,"campfire_upgraded":0,"win_rate":0.0,"timestamp":1614273170,"path_taken":["M","?","M","$","M","E"],"items_purchased_type":["Card"],"build_version":"2020-12-22","purchased_purges":2,"victory":false,"max_hp_per_floor":[75,75,75,75,75,75,75],"card_choices":[{"not_picked":["hermit:Manifest","hermit:Roulette"],"picked":"hermit:HoleUp","floor":1},{"not_picked":["hermit:Headshot","hermit:Desperado"],"picked":"hermit:WideOpen","floor":2},{"not_picked":["hermit:Snipe","hermit:Maintenance"],"picked":"hermit:HoleUp","floor":3},{"not_picked":["hermit:Coalescence","hermit:LowProfile"],"picked":"hermit:BodyArmor","floor":5}],"player_experience":711964,"relics_obtained":[],"event_choices":[],"is_beta":false,"boss_relics":[],"items_purged_floors":[4,4],"is_endless":false,"potions_floor_spawned":[1,2],"killed_by":"Gremlin Nob","ascension_level":4}}