{"host":"gm50ke85n5jz306u","time":1614226636,"event":{"mods":["AchievementEnabler","AlwaysNeverKeys","Aspiration","BaseMod","Beaked The Cultist","Bestiary","Better Altar","Better Match","Better Note","Better Sensory Stone","Better Skull","Better Third Choice","Better Vampires","Better-Laid Plans","BetterRewards","Colored Powertips","Curses Come First","DNKmod","Defuse TimeMaze Blight","Disable Question Mark Monsters","Displayed Cursed Tome","Downfall","Emptier Cage","Extra Virgin Snecko Oil","Filter the Spire","Friendly Minions","Gremlin Skip","Hermit","Hubris","Hyrulean Relics","Ironclad Rager","Koishi","Lobotomy","Marisa????????","Marked Mod","Minty Spire (QoL Compilation)","Permanent Neow","Poor People Problems","Quick Restart","Reimu??????","Relic Filter Mod","Relic Sorter","Remove Card Discount Mod","Reorder Act Four","Replay The Spire","Shop Mod","StSLib","Synergy Search","Td1madao Mod","The Administrix","The Animator","The Blue Laboratory","The Bug Knight","The Construct","The Cursed","The Disciple","The Hierophant","The Necromancer","The Runesmith","The Senshi","The Servant 0.9.4","Thieving Mod","Transform Curses","WarShipGirlsR/????R mod"],"gold_per_floor":[10011,10026,9014,9014,9037,9080,8477,8490,8490,8490,8507,8533,8533,8552,8552,8657,8684,8698,8716,8716,8726,7894,7894,7894,7894,7894,7924,7287,7386,7386,6930,6930,7035,7135,7160,7160,7169,7169],"floor_reached":37,"language":"ENG","playtime":1735,"items_purged":["Bash","Strike_R","Strike_R","Strike_R","Strike_R","Strike_R","Pommel Strike","Sickly","animator:Curse_GriefSeed","hubris:Wrath","Twin Strike","Ghostly Armor+1","Pommel Strike"],"score":603,"play_id":"659a9c5a-5987-4502-851a-a9b5f1b484b8","local_time":"20210225051716","is_ascension_mode":true,"campfire_choices":[{"data":"Headbutt","floor":13.0,"key":"SMITH"},{"data":"Rampage","floor":15.0,"key":"SMITH"},{"data":"Apotheosis","floor":23,"key":"SMITH"},{"data":"Feed","floor":24,"key":"SMITH"},{"data":"Body Slam","floor":30,"key":"SMITH"},{"data":"Metallicize","floor":32,"key":"SMITH"}],"circlet_count":0,"master_deck":["Defend_R","Defend_R","Defend_R","Headbutt+1","Sword Boomerang","Dramatic Entrance+1","Mayhem+1","Pommel Strike+1","Pommel Strike","Rampage+1","Body Slam+1","Feed+1","Apotheosis+1","Spot Weakness","Finesse","Metallicize+1","Iron Wave","Barricade","Shrug It Off+1","Wraith"],"relics":["Burning Blood","Kunai","HollowMod:LifeEnderRelic","Happy Flower","Pondfish Scales","HandDrill","Bird Faced Urn","Orichalcum","hubris:FunFungus","Centennial Puzzle","Onion Ring","MerchantsRug","WingedGreaves","Vajra","CeramicFish","Guide Book","Bronze Scales","Toy Ornithopter","Replay:Ancient Bell","Bag of Marbles","Pear","Orrery","Potion Belt","hubris:Potato","Replay:Wanted Poster"],"acts_visited":["Exordium","TheCity","TheBeyond"],"potions_floor_usage":[],"damage_taken":[{"damage":2.0,"enemies":"2 Louse","floor":1.0,"turns":4.0},{"damage":7.0,"enemies":"Jaw Worm","floor":2.0,"turns":3.0},{"damage":0.0,"enemies":"Small Slimes","floor":5.0,"turns":2.0},{"damage":25.0,"enemies":"Lagavulin","floor":6.0,"turns":4.0},{"damage":8.0,"enemies":"Red Slaver","floor":8.0,"turns":3.0},{"damage":3.0,"enemies":"Blue Slaver","floor":11.0,"turns":2.0},{"damage":1.0,"enemies":"2 Fungi Beasts","floor":12.0,"turns":2.0},{"damage":2.0,"enemies":"Large Slime","floor":14.0,"turns":3.0},{"damage":28.0,"enemies":"Hexaghost","floor":16.0,"turns":6.0},{"damage":3.0,"enemies":"Spheric Guardian","floor":18.0,"turns":3.0},{"damage":12.0,"enemies":"2 Thieves","floor":19.0,"turns":2.0},{"damage":22.0,"enemies":"Snake Plant","floor":21.0,"turns":2.0},{"damage":28,"enemies":"Slavers","floor":27,"turns":3},{"damage":43,"enemies":"Collector","floor":33,"turns":8},{"damage":0,"enemies":"3 Shapes","floor":35,"turns":2},{"damage":0,"enemies":"3 Shapes","floor":37,"turns":1}],"seed_played":"-6499135595458724414","potions_obtained":[{"floor":2.0,"key":"Weak Potion"},{"floor":11.0,"key":"hexamod:SoulburnPotion"},{"floor":18.0,"key":"Ancient Potion"}],"is_trial":false,"path_per_floor":["M","M","$","?","M","E","$","M","T","T","M","M","R","M","R","B",null,"M","M","?","M","$","R","R","R","T","E","$","?","R","$","R","B",null,"M","?","?"],"character_chosen":"IRONCLAD","items_purchased":["Vajra","CeramicFish","Dramatic Entrance","Mayhem","Guide Book","MerchantsRug","Pommel Strike+1","Weak Potion","blueLaboratory:HummingbirdPotion","Kunai","Bronze Scales","HandDrill","Twin Strike","Block Potion","Orichalcum","Bird Faced Urn","Pommel Strike","Apotheosis","Spot Weakness","Finesse","Happy Flower","hubris:FunFungus","Ancient Potion","Orrery","Potion Belt","hubris:Potato"],"campfire_rested":0,"item_purchase_floors":[3,3,3,3,3,3,3,3,3,7,7,7,7,7,22,22,22,22,22,22,28,28,28,28,31,31],"current_hp_per_floor":[71,70,70,70,76,57,57,55,55,55,58,63,63,67,67,45,93,99,96,96,80,80,80,80,80,80,60,60,60,60,60,60,27,91,103,103,103,103],"gold":7169,"neow_bonus":"TWENTY_PERCENT_HP_BONUS","is_daily":false,"chose_seed":false,"campfire_upgraded":6,"win_rate":0.0,"timestamp":1614226636,"path_taken":["M","M","$","?","M","E","$","M","T","?","M","M","R","M","R","BOSS","M","M","?","M","$","R","R","R","T","E","$","?","R","$","R","BOSS","M","?","?"],"items_purchased_type":["Relic","Relic","Card","Card","Relic","Relic","Card","Potion","Potion","Relic","Relic","Relic","Card","Potion","Relic","Relic","Card","Card","Card","Card","Relic","Relic","Potion","Relic","Relic","Relic"],"build_version":"2020-12-22","purchased_purges":13,"victory":false,"max_hp_per_floor":[96,96,96,96,96,96,96,96,96,96,96,96,96,96,96,96,106,109,112,112,112,112,112,112,112,112,112,112,112,112,112,112,112,112,116,116,116,116],"card_choices":[{"not_picked":["True Grit","Spot Weakness"],"picked":"Headbutt","floor":1.0},{"not_picked":["Pummel","Searing Blow"],"picked":"Sword Boomerang","floor":2.0},{"not_picked":["Replay:Undeath\u0027s Touch","Clothesline"],"picked":"Pommel Strike","floor":5.0},{"not_picked":["Thunderclap","Power Through"],"picked":"Pommel Strike","floor":6.0},{"not_picked":["ReplayTheSpireMod:LeadingStrike","ReplayTheSpireMod:Limb From Limb","Infernal Blade"],"picked":"SKIP","floor":8.0},{"not_picked":["hubris:CleavingFinish","Clash","Exhume"],"picked":"SKIP","floor":11.0},{"not_picked":["Thunderclap","Evolve"],"picked":"Rampage","floor":12.0},{"not_picked":["Clothesline","Disarm"],"picked":"Body Slam","floor":14.0},{"not_picked":["Offering","Brutality"],"picked":"Feed","floor":16.0},{"not_picked":["Normality","CurseOfTheBell"],"picked":"Sickly","floor":17.0},{"not_picked":["ReplayTheSpireMod:Compounding Headache","animator:Curse_Greed"],"picked":"animator:Curse_GriefSeed","floor":17.0},{"not_picked":["Pain","hubris:Gluttony"],"picked":"hubris:Wrath","floor":17.0},{"not_picked":["True Grit","Flex","Defy Death"],"picked":"SKIP","floor":18.0},{"not_picked":["Combust","Rage","Warcry+1"],"picked":"SKIP","floor":19.0},{"not_picked":["Burning Pact","ReplayReversal","Anger+1"],"picked":"SKIP","floor":21.0},{"not_picked":["Flame Barrier","Evolve","Warcry"],"picked":"SKIP","floor":27},{"not_picked":["Seeing Red","Wild Strike+1"],"picked":"Ghostly Armor+1","floor":28},{"not_picked":["Run Through","ReplayReversal"],"picked":"Metallicize","floor":28},{"not_picked":["Warcry","Exhume"],"picked":"Iron Wave","floor":28},{"not_picked":["Juggernaut","Bludgeon"],"picked":"Barricade","floor":33},{"not_picked":["Replay:Undeath\u0027s Touch","Reckless Charge+1"],"picked":"Shrug It Off+1","floor":35}],"player_experience":453056,"relics_obtained":[{"floor":6.0,"key":"Pondfish Scales"},{"floor":9.0,"key":"HollowMod:LifeEnderRelic"},{"floor":10.0,"key":"Toy Ornithopter"},{"floor":26,"key":"Onion Ring"},{"floor":27,"key":"Centennial Puzzle"}],"event_choices":[{"damage_healed":0.0,"max_hp_gain":0.0,"max_hp_loss":0.0,"gold_gain":0.0,"event_name":"betterThird:BetterSerpent","player_choice":"Ignored","floor":4.0,"gold_loss":0.0,"damage_taken":9014.0},{"damage_healed":0.0,"max_hp_gain":0.0,"max_hp_loss":0.0,"gold_gain":0.0,"event_name":"betterNote:BetterNote","player_choice":"Ignored","floor":20.0,"gold_loss":0.0,"damage_taken":0.0,"cards_obtained":["Apotheosis"]},{"damage_healed":0,"gold_gain":99,"player_choice":"Steal","damage_taken":0,"max_hp_gain":0,"max_hp_loss":0,"event_name":"betterThird:BetterNest","floor":29,"gold_loss":0},{"cards_removed":["Defend_R"],"damage_healed":0,"gold_gain":0,"player_choice":"Removed Skill","damage_taken":0,"max_hp_gain":0,"max_hp_loss":0,"event_name":"Falling","floor":36,"gold_loss":0},{"damage_healed":0,"gold_gain":0,"player_choice":"Ignored","damage_taken":0,"max_hp_gain":0,"max_hp_loss":0,"event_name":"OrinTheCat","floor":37,"gold_loss":0}],"is_beta":false,"boss_relics":[{"not_picked":["Sozu","hubris:VirtuousBlindfold"],"picked":"Replay:Ancient Bell"},{"not_picked":["Boot","Juzu Bracelet"],"picked":"Bag of Marbles"},{"not_picked":["Iron Hammer","Self Forming Clay"],"picked":"Pear"},{"not_picked":["aspiration:DSix","FossilizedHelix"],"picked":"WingedGreaves"},{"not_picked":["Tiny House","Kintsugi"],"picked":"Replay:Wanted Poster"}],"items_purged_floors":[3,3,3,3,3,3,7,22,22,22,22,28,28],"is_endless":false,"potions_floor_spawned":[2,8,11,14,18,19],"killed_by":"3 Shapes","ascension_level":6}}