{"host":"dn6kke80v5f7isus","time":1614219652,"event":{"mods":["AchievementEnabler","Act Like it!","Bard","BaseMod","Colored Powertips","Custom Start","Defuse TimeMaze Blight","Energized Spire","Gremlin Skip","Highlight Path","Hubris","Infinite Spire","Marisa????????","Marked Mod","Minty Spire (QoL Compilation)","Quick Restart","Rare Cards Sparkle","Reliquary","Replay The Spire","StSLib","The Administrix","The Servant 0.9.4","Uncapped","Unceasing Turn Reminder"],"gold_per_floor":[112,287,301,8800,8880,8914,8617,8297,8297,8297,8310,8320,8320,8336,8336,8431,8431,8443,8443,8443,8454,7951,7721,7721,7737,7737,7737,7737,7737,7737,7756,7756,7861,7861,7880,7892,7903,7639,7656,7684,7703,7730,7754,7763,7559,7559,7559,7572,7572,7572],"floor_reached":51,"language":"ENG","playtime":3640,"items_purged":["Delirium"],"score":877,"play_id":"6c32b4e7-9b00-4664-8342-873398bb1be3","local_time":"20210224212052","is_ascension_mode":false,"campfire_choices":[{"data":"AdministrixMod:FaithfulFlames","floor":13.0,"key":"SMITH"},{"floor":15.0,"key":"DIG"},{"data":"infinitespire:TheBestDefense","floor":24.0,"key":"SMITH"},{"data":"ReplayTheSpireMod:Echoes of Time","floor":27.0,"key":"SMITH"},{"data":"AdministrixMod:RegentEdict","floor":32.0,"key":"SMITH"},{"data":"AdministrixMod:GirlsDoItBetter","floor":47.0,"key":"SMITH"},{"data":"AdministrixMod:ShadowPlay","floor":49.0,"key":"SMITH"}],"circlet_count":0,"master_deck":["AdministrixMod:Strike_Administrix+1","AdministrixMod:RedCloak+1","AdministrixMod:Defend_Administrix+1","AdministrixMod:BlueCloak+1","AdministrixMod:SipOfSparks+1","AdministrixMod:FaithfulFlames+1","AdministrixMod:ShadowPlay+1","AdministrixMod:ImmortalGrace","ReplayTheSpireMod:Echoes of Time+1","Ghostly","Ghostly","Ghostly","Ghostly","Ghostly","AdministrixMod:RegentEdict+1","infinitespire:TheBestDefense+1","AdministrixMod:TouchOfCinnabar+1","AdministrixMod:Transition+1","AdministrixMod:GirlsDoItBetter+1","AdministrixMod:RegentEdict+1","AdministrixMod:ImmortalPurity+2","AdministrixMod:ImmortalGrace+1","AdministrixMod:CastOffRegrets+1","AdministrixMod:ImmortalPurity+1","AdministrixMod:XianArts+1","Master of Strategy"],"relics":["AdministrixMod:ConductorRitualBaton","NeowsBlessing","Membership Card","FossilizedHelix","Thread and Needle","MealTicket","Bronze Scales","Mummified Hand","Lee\u0027s Waffle","Bottled Tornado","Frozen Egg 2","Iron Hammer","PreservedInsect","Honey Jar","Philosopher\u0027s Stone","reliquary:ExpiredCoupon","Counterbalance","Strange Spoon","infinitespire:Golems Mask","hubris:Stopwatch","reliquary:Buckler","reliquary:FingerTrap","hubris:TenFootPole","CeramicFish","Akabeko","Golden Egg","Replay:Lucky Slots","hubris:Towel"],"acts_visited":["Exordium","TheCity","TheBeyond"],"potions_floor_usage":[],"damage_taken":[{"damage":0.0,"enemies":"2 Louse","floor":1.0,"turns":1.0},{"damage":0.0,"enemies":"Jaw Worm","floor":3.0,"turns":1.0},{"damage":0.0,"enemies":"Gremlin Nob","floor":6.0,"turns":1.0},{"damage":0.0,"enemies":"Small Slimes","floor":11.0,"turns":2.0},{"damage":0.0,"enemies":"Blue Slaver","floor":12.0,"turns":2.0},{"damage":0.0,"enemies":"Exordium Wildlife","floor":14.0,"turns":3.0},{"damage":4.0,"enemies":"Fading Forest","floor":16.0,"turns":11.0},{"damage":0.0,"enemies":"Chosen","floor":18.0,"turns":2.0},{"damage":0.0,"enemies":"3 Byrds","floor":21.0,"turns":2.0},{"damage":0.0,"enemies":"Shelled Parasite and Fungi","floor":25.0,"turns":3.0},{"damage":0.0,"enemies":"3 Cultists","floor":31.0,"turns":4.0},{"damage":0.0,"enemies":"Automaton","floor":33.0,"turns":6.0},{"damage":0.0,"enemies":"3 Darklings","floor":35.0,"turns":4.0},{"damage":1.0,"enemies":"3 Shapes","floor":36.0,"turns":4.0},{"damage":0.0,"enemies":"Maw","floor":37.0,"turns":5.0},{"damage":0.0,"enemies":"Writhing Mass","floor":39.0,"turns":4.0},{"damage":0.0,"enemies":"Nightmare","floor":40.0,"turns":5.0},{"damage":0.0,"enemies":"4 Shapes","floor":41.0,"turns":4.0},{"damage":0.0,"enemies":"3 Darklings","floor":42.0,"turns":3.0},{"damage":0.0,"enemies":"Transient","floor":48.0,"turns":5.0},{"damage":0.0,"enemies":"Donu and Deca","floor":50.0,"turns":6.0}],"seed_played":"8788175241284124481","potions_obtained":[{"floor":3.0,"key":"Energy Potion"},{"floor":6.0,"key":"Adrenaline Potion"},{"floor":16.0,"key":"Adrenaline Potion"},{"floor":18.0,"key":"Languid Potion"},{"floor":21.0,"key":"AdministrixMod:AttunementTonic"},{"floor":25.0,"key":"Reflective Coating"},{"floor":37.0,"key":"Toxic Potion"},{"floor":41.0,"key":"Adrenaline Potion"},{"floor":42.0,"key":"Cursed Concoction"}],"is_trial":false,"path_per_floor":["M","?","M","$","?","E","$","$","T","?","M","M","R","M","R","B",null,"M","AVR","?","M","?","$","R","M","T","R","?","?","?","M","R","B",null,"M","M","M","$","M","NM","M","M","T","?","$","?","R","M","R","B",null],"character_chosen":"TheAdministrix","items_purchased":["Membership Card","Fruit Juice","FossilizedHelix","Thread and Needle","Bronze Scales","Mummified Hand","Flashbang","Lee\u0027s Waffle","Bottled Tornado","Frozen Egg 2","Counterbalance","Strange Spoon","reliquary:Buckler","reliquary:FingerTrap","hubris:TenFootPole","AdministrixMod:CastOffRegrets+1","Golden Egg","Replay:Lucky Slots"],"campfire_rested":0,"item_purchase_floors":[4,4,4,4,7,7,7,8,8,8,23,23,38,38,38,38,45,45],"current_hp_per_floor":[65,65,65,170,170,170,170,177,177,177,177,177,177,177,177,173,177,177,177,88,88,88,88,88,88,88,88,88,88,88,88,88,88,88,88,87,87,88,88,88,88,88,88,88,88,88,88,88,88,88],"gold":7572,"neow_bonus":"THREE_ENEMY_KILL","is_daily":false,"chose_seed":false,"campfire_upgraded":6,"win_rate":0.0,"timestamp":1614219652,"path_taken":["M","?","M","$","?","E","?","$","T","?","M","M","R","M","R","BOSS","M","AVR","?","M","?","$","R","?","T","R","?","?","?","?","R","BOSS","M","M","M","$","M","NM","M","M","T","?","$","?","R","M","R","BOSS"],"items_purchased_type":["Relic","Potion","Relic","Relic","Relic","Relic","Potion","Relic","Relic","Relic","Relic","Relic","Relic","Relic","Relic","Card","Relic","Relic"],"build_version":"2020-12-22","purchased_purges":1,"victory":true,"max_hp_per_floor":[65,65,65,170,170,170,170,177,177,177,177,177,177,177,177,177,177,177,177,88,88,88,88,88,88,88,88,88,88,88,88,88,88,88,88,88,88,88,88,88,88,88,88,88,88,88,88,88,88,88],"card_choices":[{"not_picked":["AdministrixMod:NoblePath","AdministrixMod:ReachToHeaven","AdministrixMod:SyncreticPlunge"],"picked":"SKIP","floor":1.0},{"not_picked":["AdministrixMod:Metempsychosis","AdministrixMod:PlateOfAntiquity"],"picked":"AdministrixMod:SipOfSparks","floor":3.0},{"not_picked":["AdministrixMod:BloodBargain","AdministrixMod:PassageOfAges"],"picked":"AdministrixMod:FaithfulFlames","floor":6.0},{"not_picked":["AdministrixMod:SealAway","AdministrixMod:FuneraryRites","AdministrixMod:Convergence+1"],"picked":"SKIP","floor":11.0},{"not_picked":["AdministrixMod:CrackingPangu","AdministrixMod:BloodBargain","AdministrixMod:PassageOfAges"],"picked":"SKIP","floor":12.0},{"not_picked":["AdministrixMod:RegentEdict","AdministrixMod:RisingSunPrince"],"picked":"AdministrixMod:ShadowPlay","floor":14.0},{"not_picked":["AdministrixMod:LightOfYourLife","AdministrixMod:ShadowPlay","AdministrixMod:Transition"],"picked":"AdministrixMod:ImmortalGrace","floor":18.0},{"not_picked":["AdministrixMod:HiddenPower+1","AdministrixMod:Overdrive","AdministrixMod:Wuji+1"],"picked":"AdministrixMod:RegentEdict","floor":21.0},{"not_picked":["infinitespire:Fortify","ReplayTheSpireMod:??????????????????????"],"picked":"infinitespire:TheBestDefense","floor":22.0},{"not_picked":["AdministrixMod:Overdrive+1","AdministrixMod:QuietConspiracy","AdministrixMod:MixOfMercury"],"picked":"AdministrixMod:TouchOfCinnabar+1","floor":25.0},{"not_picked":["AdministrixMod:DiversionaryTactic","AdministrixMod:BloodlessSapphire","AdministrixMod:ExtolVirtue"],"picked":"AdministrixMod:Transition+1","floor":31.0},{"not_picked":["AdministrixMod:HopeInTheDark","AdministrixMod:Mastermind","AdministrixMod:BattleforgedBonds"],"picked":"AdministrixMod:GirlsDoItBetter","floor":33.0},{"not_picked":["AdministrixMod:Convergence+1","AdministrixMod:Untouchable+1","AdministrixMod:RebukeDesires"],"picked":"AdministrixMod:RegentEdict+1","floor":35.0},{"not_picked":["AdministrixMod:TrickOfTheLight+1","AdministrixMod:QuietConspiracy+1","AdministrixMod:CenturiesAscent"],"picked":"AdministrixMod:ImmortalPurity+1","floor":36.0},{"not_picked":["AdministrixMod:LuminaryPath","AdministrixMod:SyncreticSurge+1","AdministrixMod:Transition"],"picked":"AdministrixMod:ImmortalGrace","floor":37.0},{"not_picked":["AdministrixMod:Convergence+1","AdministrixMod:NoblePath+1","AdministrixMod:ShadowPlay","AdministrixMod:SealAway+1"],"picked":"SKIP","floor":39.0},{"not_picked":["AdministrixMod:ChooseYourEnd","AdministrixMod:TouchOfCinnabar","AdministrixMod:FuneraryRites","AdministrixMod:LuminaryPath"],"picked":"SKIP","floor":40.0},{"not_picked":["AdministrixMod:SealAway","AdministrixMod:TrickOfTheLight+1","AdministrixMod:HiddenPower+1"],"picked":"AdministrixMod:ImmortalPurity+1","floor":41.0},{"not_picked":["AdministrixMod:DiversionaryTactic","AdministrixMod:ExtolVirtue+1","AdministrixMod:FuneraryRites"],"picked":"AdministrixMod:XianArts+1","floor":42.0},{"not_picked":["ReplayTheSpireMod:Brewmster+1","Replay:Bootleg Shield Generator","ReplayTheSpireMod:Necrogeddon"],"picked":"Master of Strategy","floor":44.0},{"not_picked":["AdministrixMod:FuneraryRites","AdministrixMod:QuietConspiracy","AdministrixMod:HiddenPower+1","AdministrixMod:NewWardrobe"],"picked":"SKIP","floor":48.0}],"player_experience":488509,"relics_obtained":[{"floor":6.0,"key":"MealTicket"},{"floor":9.0,"key":"Iron Hammer"},{"floor":15.0,"key":"PreservedInsect"},{"floor":26.0,"key":"infinitespire:Golems Mask"},{"floor":40.0,"key":"CeramicFish"},{"floor":43.0,"key":"Akabeko"}],"event_choices":[{"damage_healed":0.0,"max_hp_gain":0.0,"max_hp_loss":0.0,"gold_gain":175.0,"event_name":"Liars Game","player_choice":"AGREE","floor":2.0,"gold_loss":0.0,"damage_taken":0.0,"cards_obtained":["Doubt"]},{"damage_healed":0.0,"max_hp_gain":0.0,"max_hp_loss":0.0,"gold_gain":0.0,"event_name":"The Cleric","player_choice":"Leave","floor":10.0,"gold_loss":0.0,"damage_taken":0.0},{"damage_healed":0.0,"max_hp_gain":0.0,"max_hp_loss":89.0,"gold_gain":0.0,"event_name":"Ghosts","player_choice":"Became a Ghost","floor":20.0,"gold_loss":0.0,"damage_taken":0.0,"cards_obtained":["Ghostly","Ghostly","Ghostly","Ghostly","Ghostly"]},{"damage_healed":0.0,"max_hp_gain":0.0,"max_hp_loss":0.0,"gold_gain":0.0,"event_name":"Vampires","player_choice":"Ignored","floor":29.0,"gold_loss":0.0,"damage_taken":0.0},{"damage_healed":0.0,"max_hp_gain":0.0,"max_hp_loss":0.0,"gold_gain":0.0,"event_name":"Beggar","player_choice":"Ignored","floor":30.0,"gold_loss":0.0,"damage_taken":0.0},{"damage_healed":0.0,"max_hp_gain":0.0,"max_hp_loss":0.0,"gold_gain":0.0,"event_name":"SensoryStone","player_choice":"Memory 1","floor":44.0,"gold_loss":0.0,"damage_taken":0.0}],"is_beta":false,"boss_relics":[{"not_picked":["hubris:VirtuousBlindfold","Black Star"],"picked":"Honey Jar"},{"not_picked":["energizedSpire:StickyHand","reliquary:Craggleroot"],"picked":"hubris:Stopwatch"}],"items_purged_floors":[7],"is_endless":false,"potions_floor_spawned":[3,6,16,18,21,25,37,41,42],"ascension_level":0}}