{"host":"x1qj4d8ympd5jdqh","time":1614259623,"event":{"mods":["AchievementEnabler","AlwaysNeverKeys","BaseMod","Colored Map","Custom Start","DeckTracker","Highlight Path","Minty Spire (QoL Compilation)","StSLib","SuperFastMode"],"gold_per_floor":[109,126,143,154,79,79,93,124,124,124,134,169,81,93,93,171,171,181,81,131,76,126,126,159,159,227,227,258,258,293,312,312,386,386,401,421,421,431,449,478,478,31,55,74,74,74,74,88,88,88,88,88,88,88,115,115,115],"floor_reached":56,"language":"KOR","playtime":2062,"items_purged":["Defend_P","Strike_P","Strike_P"],"score":1990,"play_id":"fb2e8701-eef0-4d20-ad2b-dac75a26334e","local_time":"20210225222703","is_ascension_mode":true,"campfire_choices":[{"data":"Eruption","floor":6.0,"key":"SMITH"},{"floor":10.0,"key":"REST"},{"data":"Adaptation","floor":15.0,"key":"SMITH"},{"floor":23.0,"key":"REST"},{"data":"Ragnarok","floor":25.0,"key":"SMITH"},{"data":"MentalFortress","floor":27.0,"key":"SMITH"},{"floor":32.0,"key":"REST"},{"data":"CrushJoints","floor":41.0,"key":"SMITH"},{"floor":47.0,"key":"RECALL"},{"data":"Meditate","floor":49.0,"key":"SMITH"},{"data":"Vigilance","floor":53.0,"key":"SMITH"}],"circlet_count":0,"master_deck":["AscendersBane","Defend_P","Eruption+1","Vigilance+1","WheelKick+1","FollowUp","Ragnarok+1","EmptyBody","Adaptation+1","MentalFortress+1","DeusExMachina","EmptyFist+1","Brilliance+1","WheelKick","Meditate+1","Omniscience","Worship","CrushJoints+1","DevaForm","EmptyMind+1"],"relics":["PureWater","Pen Nib","Gremlin Horn","Sundial","Snecko Eye","Bag of Preparation","Bottled Tornado","Damaru","Whetstone","Sozu","Eternal Feather","Happy Flower","Medical Kit","Mercury Hourglass"],"acts_visited":["Exordium","TheCity","TheBeyond","TheEnding"],"potions_floor_usage":[],"damage_taken":[{"damage":0.0,"enemies":"Jaw Worm","floor":1.0,"turns":3.0},{"damage":0.0,"enemies":"Cultist","floor":2.0,"turns":2.0},{"damage":3.0,"enemies":"Small Slimes","floor":3.0,"turns":3.0},{"damage":8.0,"enemies":"2 Fungi Beasts","floor":4.0,"turns":4.0},{"damage":3.0,"enemies":"3 Louse","floor":7.0,"turns":3.0},{"damage":27.0,"enemies":"Lagavulin","floor":8.0,"turns":5.0},{"damage":0.0,"enemies":"Lots of Slimes","floor":11.0,"turns":2.0},{"damage":8.0,"enemies":"Gremlin Nob","floor":12.0,"turns":3.0},{"damage":12.0,"enemies":"Large Slime","floor":14.0,"turns":4.0},{"damage":14.0,"enemies":"Hexaghost","floor":16.0,"turns":7.0},{"damage":46.0,"enemies":"3 Byrds","floor":18.0,"turns":5.0},{"damage":0.0,"enemies":"Slavers","floor":24.0,"turns":3.0},{"damage":0.0,"enemies":"Gremlin Leader","floor":28.0,"turns":3.0},{"damage":3.0,"enemies":"Book of Stabbing","floor":30.0,"turns":3.0},{"damage":0.0,"enemies":"2 Thieves","floor":31.0,"turns":2.0},{"damage":4.0,"enemies":"Automaton","floor":33.0,"turns":3.0},{"damage":0.0,"enemies":"3 Darklings","floor":35.0,"turns":2.0},{"damage":0.0,"enemies":"Orb Walker","floor":36.0,"turns":1.0},{"damage":0.0,"enemies":"Writhing Mass","floor":38.0,"turns":1.0},{"damage":27.0,"enemies":"4 Shapes","floor":39.0,"turns":3.0},{"damage":0.0,"enemies":"Giant Head","floor":40.0,"turns":3.0},{"damage":8.0,"enemies":"Transient","floor":44.0,"turns":6.0},{"damage":0.0,"enemies":"Spire Growth","floor":48.0,"turns":2.0},{"damage":23.0,"enemies":"Time Eater","floor":50.0,"turns":5.0},{"damage":16.0,"enemies":"Donu and Deca","floor":51.0,"turns":4.0},{"damage":37.0,"enemies":"Shield and Spear","floor":55.0,"turns":5.0},{"damage":13,"enemies":"The Heart","floor":56,"turns":2}],"seed_played":"8535353442580708687","potions_obtained":[{"floor":2.0,"key":"SpeedPotion"},{"floor":4.0,"key":"Strength Potion"},{"floor":7.0,"key":"Swift Potion"},{"floor":16.0,"key":"Energy Potion"},{"floor":28.0,"key":"StancePotion"},{"floor":30.0,"key":"EntropicBrew"}],"is_trial":false,"path_per_floor":["M","M","M","M","$","R","M","E","T","R","M","E","$","M","R","B",null,"M","$","?","$","?","R","E","R","T","R","E","?","E","M","R","B",null,"M","M","?","M","M","E","R","$","T","M","$","?","R","M","R","B","B",null,"R","$","E","B"],"character_chosen":"WATCHER","items_purchased":["Adaptation","FearPotion","Happy Flower","Medical Kit"],"campfire_rested":3,"item_purchase_floors":[13,21,42,42],"current_hp_per_floor":[61,61,58,50,50,50,47,20,20,40,40,32,32,20,20,6,53,7,7,7,7,7,27,27,27,27,27,27,27,24,24,44,40,61,61,61,61,61,34,34,46,46,46,38,38,38,47,47,56,33,17,55,64,64,27,14,14],"gold":115,"neow_bonus":"THREE_CARDS","is_daily":false,"chose_seed":false,"campfire_upgraded":7,"win_rate":0.0,"timestamp":1614259623,"path_taken":["M","M","M","M","$","R","M","E","T","R","M","E","$","M","R","BOSS","M","$","?","?","?","R","E","R","T","R","E","?","E","M","R","BOSS","M","M","?","?","M","E","R","$","T","M","$","?","R","M","R","BOSS","BOSS","R","$","E","BOSS"],"items_purchased_type":["Card","Potion","Relic","Relic"],"build_version":"2020-12-22","purchased_purges":3,"victory":false,"max_hp_per_floor":[68,68,68,68,68,68,68,68,68,68,68,68,68,68,68,68,68,68,68,68,68,68,68,68,68,68,68,68,68,68,68,68,68,68,68,68,68,68,68,68,68,68,68,68,68,68,68,68,68,68,68,68,68,68,68,68,68],"card_choices":[{"not_picked":["FlurryOfBlows","FlyingSleeves"],"picked":"WheelKick","floor":0.0},{"not_picked":["Crescendo","Vengeance","Prostrate"],"picked":"SKIP","floor":1.0},{"not_picked":["FlyingSleeves","EmptyBody","FlurryOfBlows"],"picked":"SKIP","floor":2.0},{"not_picked":["ForeignInfluence","Fasting2","Wallop"],"picked":"SKIP","floor":3.0},{"not_picked":["WaveOfTheHand","SignatureMove","PathToVictory"],"picked":"SKIP","floor":4.0},{"not_picked":["PathToVictory","Weave"],"picked":"FollowUp","floor":7.0},{"not_picked":["Protect","LikeWater"],"picked":"Ragnarok","floor":8.0},{"not_picked":["SashWhip","FollowUp"],"picked":"EmptyBody","floor":11.0},{"not_picked":["FlurryOfBlows","Brilliance","BattleHymn"],"picked":"SKIP","floor":12.0},{"not_picked":["FlurryOfBlows","Consecrate"],"picked":"MentalFortress","floor":14.0},{"not_picked":["Alpha","Wish"],"picked":"DeusExMachina","floor":16.0},{"not_picked":["ReachHeaven","SandsOfTime","SashWhip+1"],"picked":"SKIP","floor":18.0},{"not_picked":["CrushJoints","Vengeance"],"picked":"EmptyFist+1","floor":24.0},{"not_picked":["EmptyFist+1","Devotion","SashWhip"],"picked":"SKIP","floor":28.0},{"not_picked":["FlurryOfBlows+1","Adaptation"],"picked":"Meditate","floor":30.0},{"not_picked":["Protect","SpiritShield","DeceiveReality"],"picked":"SKIP","floor":31.0},{"not_picked":["Brilliance","SpiritShield"],"picked":"Omniscience","floor":33.0},{"not_picked":["BowlingBash","Crescendo"],"picked":"Worship","floor":35.0},{"not_picked":["Study","Collect"],"picked":"CrushJoints","floor":36.0},{"not_picked":["ClearTheMind","Worship+1","CrushJoints"],"picked":"SKIP","floor":38.0},{"not_picked":["Adaptation","Halt","FlyingSleeves"],"picked":"SKIP","floor":39.0},{"not_picked":["DevaForm","JustLucky","FollowUp"],"picked":"SKIP","floor":40.0},{"not_picked":["JustLucky","FollowUp"],"picked":"DevaForm","floor":40.0},{"not_picked":["Evaluate+1","Nirvana+1","Consecrate"],"picked":"SKIP","floor":44.0},{"not_picked":["MasterReality","Protect","JustLucky"],"picked":"SKIP","floor":48.0},{"not_picked":["EmptyFist","CarveReality+1"],"picked":"EmptyMind+1","floor":55.0}],"player_experience":1327683,"relics_obtained":[{"floor":8.0,"key":"Pen Nib"},{"floor":9.0,"key":"Gremlin Horn"},{"floor":12.0,"key":"Sundial"},{"floor":24.0,"key":"Bag of Preparation"},{"floor":26.0,"key":"Bottled Tornado"},{"floor":28.0,"key":"Damaru"},{"floor":30.0,"key":"Whetstone"},{"floor":40.0,"key":"Eternal Feather"},{"floor":55.0,"key":"Mercury Hourglass"}],"event_choices":[{"damage_healed":0.0,"max_hp_gain":0.0,"max_hp_loss":0.0,"gold_gain":50.0,"event_name":"Golden Shrine","player_choice":"Pray","floor":20.0,"gold_loss":0.0,"damage_taken":0.0},{"damage_healed":0.0,"max_hp_gain":0.0,"max_hp_loss":0.0,"gold_gain":50.0,"event_name":"Nest","player_choice":"Stole From Cult","floor":22.0,"gold_loss":0.0,"damage_taken":0.0},{"damage_healed":0.0,"max_hp_gain":0.0,"max_hp_loss":0.0,"gold_gain":0.0,"cards_transformed":["Strike_P","Strike_P"],"event_name":"Drug Dealer","player_choice":"Became Test Subject","floor":29.0,"gold_loss":0.0,"damage_taken":0.0,"cards_obtained":["Brilliance","WheelKick"]},{"cards_removed":["Defend_P"],"damage_healed":0.0,"max_hp_gain":0.0,"max_hp_loss":0.0,"gold_gain":0.0,"event_name":"Bonfire Elementals","player_choice":"Offered Basic","floor":37.0,"gold_loss":0.0,"damage_taken":0.0},{"cards_removed":["Defend_P"],"damage_healed":0.0,"max_hp_gain":0.0,"max_hp_loss":0.0,"gold_gain":0.0,"event_name":"Falling","player_choice":"Removed Skill","floor":46.0,"gold_loss":0.0,"damage_taken":0.0}],"is_beta":false,"boss_relics":[{"not_picked":["Calling Bell","Velvet Choker"],"picked":"Snecko Eye"},{"not_picked":["Empty Cage","Black Star"],"picked":"Sozu"}],"items_purged_floors":[5,19,42],"is_endless":false,"potions_floor_spawned":[2,4,7,8,16,28,30,36,38,40,48],"killed_by":"The Heart","ascension_level":20}}