{"host":"ovcza0gnr2tscsgg","time":1614286341,"event":{"mods":["BaseMod","Colored Powertips","Marisa£®ÏF”Í°°ƒß¿Ì…≥£©","Minty Spire (QoL Compilation)","StSLib","The Bug Knight","UnlockEverythingMod","noobMod"],"gold_per_floor":[110,125,125,141,141,179,199,214,214,228,228,80,30,48,48,168,168,181,181,280,37,37,37,75,94,117,133,154,194,194,217,217,348,348,369,384,408,408,427,427,483,516,516,540,162,201,265,298,298,298],"floor_reached":51,"language":"ZHS","playtime":2234,"items_purged":["Defend_B","Regret"],"score":1461,"play_id":"14aedd8f-0506-4948-8aba-c2ef6b25c667","local_time":"20210226045221","is_ascension_mode":true,"campfire_choices":[{"data":"Capacitor","floor":11,"key":"SMITH"},{"data":"Zap","floor":15,"key":"SMITH"},{"data":"Creative AI","floor":23,"key":"SMITH"},{"data":"Echo Form","floor":30,"key":"SMITH"},{"data":"Heatsinks","floor":32,"key":"SMITH"},{"data":"Amplify","floor":40,"key":"SMITH"},{"data":"Double Energy","floor":49,"key":"SMITH"}],"circlet_count":0,"master_deck":["Zap+1","Ball Lightning","Sweeping Beam","Capacitor+1","Steam Power","Skim","Heatsinks+1","Creative AI+1","Static Discharge","Barrage","Meteor Strike","Core Surge","Echo Form+1","Core Surge","Rebound","White Noise","Ball Lightning","Amplify+1","White Noise","Electrodynamics","Double Energy+1","Echo Form","Heatsinks","Storm+1","Rainbow","White Noise","White Noise"],"relics":["Cracked Core","ice","NeowsBlessing","Golden Idol","FossilizedHelix","Ancient Tea Set","Lantern","Pandora\u0027s Box","Symbiotic Virus","Singing Bowl","Boot","Cables","Runic Pyramid","CatCart","CaptainsWheel","HollowMod:LifeEnderRelic","Mummified Hand","Bottled Flame","Torii","Darkstone Periapt"],"acts_visited":["Exordium","TheCity","TheBeyond"],"potions_floor_usage":[16,16,50],"damage_taken":[{"damage":0,"enemies":"Cultist","floor":1,"turns":1},{"damage":0,"enemies":"Jaw Worm","floor":2,"turns":1},{"damage":0,"enemies":"2 Louse","floor":4,"turns":1},{"damage":47,"enemies":"3 Sentries","floor":6,"turns":7},{"damage":16,"enemies":"Blue Slaver","floor":7,"turns":4},{"damage":6,"enemies":"Looter","floor":8,"turns":3},{"damage":6,"enemies":"2 Fungi Beasts","floor":10,"turns":3},{"damage":23,"enemies":"Large Slime","floor":14,"turns":5},{"damage":38,"enemies":"Hexaghost","floor":16,"turns":8},{"damage":16,"enemies":"Chosen","floor":18,"turns":3},{"damage":37,"enemies":"Book of Stabbing","floor":24,"turns":3},{"damage":12,"enemies":"Shell Parasite","floor":25,"turns":2},{"damage":12,"enemies":"Cultist and Chosen","floor":27,"turns":3},{"damage":0,"enemies":"Shelled Parasite and Fungi","floor":28,"turns":3},{"damage":0,"enemies":"Gremlin Leader","floor":29,"turns":2},{"damage":14,"enemies":"Centurion and Healer","floor":31,"turns":3},{"damage":28,"enemies":"Collector","floor":33,"turns":3},{"damage":18,"enemies":"3 Shapes","floor":35,"turns":2},{"damage":0,"enemies":"Orb Walker","floor":36,"turns":2},{"damage":16,"enemies":"Jaw Worm Horde","floor":37,"turns":2},{"damage":16,"enemies":"Writhing Mass","floor":39,"turns":2},{"damage":0,"enemies":"Orin","floor":41,"turns":3},{"damage":0,"enemies":"Nemesis","floor":42,"turns":3},{"damage":0,"enemies":"Transient","floor":44,"turns":4},{"damage":0,"enemies":"Giant Head","floor":46,"turns":4},{"damage":0,"enemies":"2 Orb Walkers","floor":47,"turns":1},{"damage":0,"enemies":"Reptomancer","floor":48,"turns":1},{"damage":0,"enemies":"Donu and Deca","floor":50,"turns":1}],"seed_played":"-4174369870172649446","potions_obtained":[{"floor":1,"key":"Energy Potion"},{"floor":6,"key":"ColorlessPotion"},{"floor":14,"key":"PotionOfCapacity"},{"floor":16,"key":"Block Potion"},{"floor":18,"key":"LiquidMemories"}],"is_trial":false,"path_per_floor":["M","M","?","M","?","E","M","M","T","M","R","$","?","M","R","B",null,"M","?","?","$","?","R","E","M","T","M","M","E","R","M","R","B",null,"M","M","M","?","M","R","?","E","T","M","$","E","?","E","R","B",null],"character_chosen":"DEFECT","items_purchased":["Heatsinks","Symbiotic Virus","Mummified Hand","White Noise"],"campfire_rested":0,"item_purchase_floors":[12,21,45,45],"current_hp_per_floor":[68,68,50,50,50,3,59,53,53,47,47,47,47,24,24,78,91,75,75,75,75,75,75,38,26,26,16,109,111,111,104,104,105,112,98,108,105,105,104,104,118,118,118,149,149,161,163,165,165,165],"gold":298,"neow_bonus":"THREE_ENEMY_KILL","is_daily":false,"chose_seed":false,"campfire_upgraded":7,"win_rate":0.0,"timestamp":1614286341,"path_taken":["M","?","?","M","?","E","M","M","T","M","R","$","?","M","R","BOSS","M","?","?","$","?","R","E","M","T","M","M","E","R","M","R","BOSS","M","M","M","?","M","R","?","E","T","M","$","E","?","E","R","BOSS"],"items_purchased_type":["Card","Relic","Relic","Card"],"build_version":"2020-12-22","purchased_purges":2,"victory":true,"max_hp_per_floor":[75,75,75,75,75,75,77,79,79,82,82,82,82,83,83,95,95,97,97,97,97,97,97,102,104,104,108,109,111,111,111,111,114,114,116,117,117,117,118,118,118,122,122,149,149,161,163,165,165,165],"card_choices":[{"not_picked":["Reinforced Body","Gash"],"picked":"Ball Lightning","floor":1},{"not_picked":["Leap","Barrage","Self Repair"],"picked":"SKIP","floor":2},{"not_picked":["Redo","Sunder"],"picked":"Sweeping Beam","floor":4},{"not_picked":["Scrape","Redo"],"picked":"Capacitor","floor":6},{"not_picked":["Core Surge","Streamline"],"picked":"Steam Power","floor":7},{"not_picked":["Steam","Streamline"],"picked":"Skim","floor":8},{"not_picked":["Stack","Barrage","Self Repair"],"picked":"SKIP","floor":10},{"not_picked":["Coolheaded","Doom and Gloom","Compile Driver"],"picked":"SKIP","floor":14},{"not_picked":["Meteor Strike","Seek"],"picked":"Creative AI","floor":16},{"not_picked":["Tempest","Go for the Eyes"],"picked":"Rebound","floor":18},{"not_picked":["Go for the Eyes+1","BootSequence+1"],"picked":"White Noise","floor":24},{"not_picked":["Go for the Eyes","Steam"],"picked":"Ball Lightning","floor":25},{"not_picked":["Leap","FTL","Coolheaded+1"],"picked":"Singing Bowl","floor":27},{"not_picked":["Darkness","Turbo"],"picked":"Amplify","floor":28},{"not_picked":["Sweeping Beam+1","Hologram+1","Genetic Algorithm"],"picked":"Singing Bowl","floor":29},{"not_picked":["Tempest","Go for the Eyes"],"picked":"White Noise","floor":31},{"not_picked":["Reboot","Hyperbeam"],"picked":"Electrodynamics","floor":33},{"not_picked":["Cold Snap+1","Steam+1","Streamline+1"],"picked":"Singing Bowl","floor":35},{"not_picked":["Rebound","Gash+1"],"picked":"Double Energy","floor":36},{"not_picked":["Coolheaded","Gash"],"picked":"Echo Form","floor":37},{"not_picked":["BootSequence+1","Redo"],"picked":"Heatsinks","floor":39},{"not_picked":["Darkness+1","Go for the Eyes"],"picked":"Storm+1","floor":41},{"not_picked":["Undo","Beam Cell+1"],"picked":"Rainbow","floor":42},{"not_picked":["Compile Driver","Beam Cell"],"picked":"White Noise","floor":44},{"not_picked":["Gash+1","Barrage+1","FTL+1"],"picked":"Singing Bowl","floor":46},{"not_picked":["Go for the Eyes+1","Lockon+1","Sweeping Beam+1"],"picked":"Singing Bowl","floor":47},{"not_picked":["Barrage","Leap","Steam+1"],"picked":"Singing Bowl","floor":48}],"player_experience":161740,"relics_obtained":[{"floor":6,"key":"Ancient Tea Set"},{"floor":9,"key":"Lantern"},{"floor":24,"key":"Singing Bowl"},{"floor":26,"key":"Boot"},{"floor":29,"key":"Cables"},{"floor":41,"key":"CatCart"},{"floor":42,"key":"CaptainsWheel"},{"floor":43,"key":"HollowMod:LifeEnderRelic"},{"floor":46,"key":"Bottled Flame"},{"floor":47,"key":"Torii"},{"floor":48,"key":"Darkstone Periapt"}],"event_choices":[{"damage_healed":0,"gold_gain":0,"player_choice":"Take Damage","damage_taken":18,"relics_obtained":["Golden Idol"],"max_hp_gain":0,"max_hp_loss":0,"event_name":"Golden Idol","floor":3,"gold_loss":0},{"damage_healed":0,"gold_gain":0,"player_choice":"Box","damage_taken":0,"relics_obtained":["FossilizedHelix"],"max_hp_gain":0,"max_hp_loss":0,"event_name":"Big Fish","floor":5,"gold_loss":0,"cards_obtained":["Regret"]},{"cards_removed":["Defend_B"],"damage_healed":0,"gold_gain":0,"player_choice":"Card Removal","damage_taken":0,"max_hp_gain":0,"max_hp_loss":0,"event_name":"The Cleric","floor":13,"gold_loss":50},{"damage_healed":0,"gold_gain":0,"player_choice":"Ignored","damage_taken":0,"max_hp_gain":0,"max_hp_loss":0,"event_name":"Vampires","floor":19,"gold_loss":0},{"damage_healed":0,"gold_gain":99,"player_choice":"Stole From Cult","damage_taken":0,"max_hp_gain":0,"max_hp_loss":0,"event_name":"Nest","floor":20,"gold_loss":0},{"cards_removed":["Dualcast"],"damage_healed":0,"gold_gain":0,"player_choice":"Elegance","damage_taken":0,"max_hp_gain":0,"max_hp_loss":0,"event_name":"Back to Basics","floor":22,"gold_loss":0},{"damage_healed":0,"gold_gain":0,"player_choice":"Ignored","damage_taken":0,"max_hp_gain":0,"max_hp_loss":0,"event_name":"Tomb of Lord Red Mask","floor":38,"gold_loss":0},{"damage_healed":0,"gold_gain":0,"player_choice":"Fight","damage_taken":0,"max_hp_gain":0,"max_hp_loss":0,"event_name":"OrinTheCat","floor":41,"gold_loss":0},{"damage_healed":0,"gold_gain":0,"player_choice":"Fight","damage_taken":0,"max_hp_gain":0,"max_hp_loss":0,"event_name":"Mysterious Sphere","floor":47,"gold_loss":0}],"is_beta":false,"boss_relics":[{"not_picked":["Busted Crown","Cursed Key"],"picked":"Pandora\u0027s Box"},{"not_picked":["SacredBark","Fusion Hammer"],"picked":"Runic Pyramid"}],"items_purged_floors":[12,45],"is_endless":false,"potions_floor_spawned":[1,6,14,16,18,24,25,29,35,39,44,47],"ascension_level":9}}