{"host":"dtipo12tscmg0mau","time":1614226557,"event":{"mods":["AchievementEnabler","BaseMod","Colored Map","Colored Powertips","Minty Spire (QoL Compilation)","Quick Restart","Random Character Button","StSLib","SuperFastMode"],"gold_per_floor":[112,124,143,143,21,56,56,71,119,119,44,44,69,79,79,177,177,188,103,119,119,119,119,194,194,248,577,589,619,619,631,631,735,735,755,755,771,39,0,0,33,33,33,59,59,71,71,103,103,103],"floor_reached":51,"language":"ENG","playtime":4298,"items_purged":["Strike_R"],"score":904,"play_id":"a2623f30-139f-4a06-a48b-c19ee5a38b3e","local_time":"20210224231557","is_ascension_mode":true,"campfire_choices":[{"data":"Pommel Strike","floor":7,"key":"SMITH"},{"data":"Inflame","floor":10,"key":"SMITH"},{"data":"Anger","floor":12,"key":"SMITH"},{"data":"Bash","floor":15,"key":"SMITH"},{"floor":23,"key":"REST"},{"floor":25,"key":"REST"},{"floor":30,"key":"REST"},{"floor":32,"key":"REST"},{"floor":40,"key":"REST"},{"floor":42,"key":"REST"},{"floor":45,"key":"REST"},{"floor":47,"key":"REST"},{"floor":49,"key":"REST"}],"circlet_count":0,"master_deck":["Strike_R+1","Strike_R+1","Strike_R+1","Strike_R+1","Defend_R+1","Defend_R+1","Defend_R+1","Defend_R+1","Bash+1","Carnage","Anger+1","Cleave","Thunderclap","Shrug It Off+1","Pommel Strike+1","Inflame+1","Carnage","Cleave","Demon Form","Ghostly Armor+1","Anger+1","Seeing Red","Offering","Inflame","Dramatic Entrance","Battle Trance","Rupture","Ghostly Armor+1","Flex+1"],"relics":["Burning Blood","NeowsBlessing","Shuriken","Toy Ornithopter","Tiny Chest","PreservedInsect","Black Star","Vajra","Blue Candle","Boot","Old Coin","Smiling Mask","War Paint","Pocketwatch","Fusion Hammer","Turnip","Mummified Hand","Red Mask","Bag of Preparation","Pen Nib","Singing Bowl","Self Forming Clay","Juzu Bracelet","Magic Flower","Regal Pillow"],"acts_visited":["Exordium","TheCity","TheBeyond"],"potions_floor_usage":[13,16,29,33,33,33,37,50],"damage_taken":[{"damage":0,"enemies":"Jaw Worm","floor":1,"turns":1},{"damage":0,"enemies":"2 Louse","floor":2,"turns":1},{"damage":0,"enemies":"Small Slimes","floor":3,"turns":1},{"damage":23,"enemies":"3 Sentries","floor":6,"turns":5},{"damage":3,"enemies":"Blue Slaver","floor":8,"turns":3},{"damage":27,"enemies":"Gremlin Nob","floor":13,"turns":4},{"damage":0,"enemies":"3 Louse","floor":14,"turns":1},{"damage":44,"enemies":"The Guardian","floor":16,"turns":8},{"damage":39,"enemies":"Shell Parasite","floor":18,"turns":5},{"damage":31,"enemies":"2 Thieves","floor":20,"turns":3},{"damage":28,"enemies":"Gremlin Leader","floor":27,"turns":5},{"damage":12,"enemies":"3 Cultists","floor":28,"turns":4},{"damage":33,"enemies":"Slavers","floor":29,"turns":4},{"damage":24,"enemies":"Snake Plant","floor":31,"turns":3},{"damage":82,"enemies":"Collector","floor":33,"turns":8},{"damage":11,"enemies":"3 Shapes","floor":35,"turns":2},{"damage":22,"enemies":"Orb Walker","floor":37,"turns":3},{"damage":17,"enemies":"Giant Head","floor":41,"turns":6},{"damage":22,"enemies":"Reptomancer","floor":44,"turns":4},{"damage":2,"enemies":"3 Darklings","floor":46,"turns":2},{"damage":6,"enemies":"Giant Head","floor":48,"turns":4},{"damage":54,"enemies":"Time Eater","floor":50,"turns":9}],"seed_played":"7716535732932412988","potions_obtained":[{"floor":3,"key":"Regen Potion"},{"floor":8,"key":"SkillPotion"},{"floor":20,"key":"BlessingOfTheForge"},{"floor":28,"key":"SteroidPotion"},{"floor":29,"key":"Strength Potion"},{"floor":31,"key":"Regen Potion"},{"floor":33,"key":"ColorlessPotion"},{"floor":37,"key":"Fruit Juice"},{"floor":46,"key":"CultistPotion"}],"is_trial":false,"path_per_floor":["M","M","M","?","$","E","R","M","T","R","$","R","E","M","R","B",null,"M","?","M","?","?","R","T","R","T","E","M","E","R","M","R","B",null,"M","?","M","$","?","R","E","R","T","E","R","M","R","E","R","B",null],"character_chosen":"IRONCLAD","items_purchased":["Thunderclap","Shrug It Off","BloodPotion","Rupture","Turnip","Mummified Hand","FearPotion","Explosive Potion"],"campfire_rested":9,"item_purchase_floors":[5,5,5,38,38,38,38,38],"current_hp_per_floor":[80,80,80,62,62,45,45,48,48,48,48,48,44,50,50,17,80,47,47,22,22,22,46,46,70,70,48,42,36,60,42,66,10,80,75,75,69,69,69,85,74,85,85,69,85,87,87,87,87,44],"gold":103,"neow_bonus":"THREE_ENEMY_KILL","is_daily":false,"chose_seed":false,"campfire_upgraded":4,"win_rate":0.0,"timestamp":1614226557,"path_taken":["M","M","M","?","?","E","R","M","T","R","$","R","E","M","R","BOSS","M","?","M","?","?","R","?","R","T","E","M","E","R","M","R","BOSS","M","?","M","$","?","R","E","R","T","E","R","M","R","E","R","BOSS"],"items_purchased_type":["Card","Card","Potion","Card","Relic","Relic","Potion","Potion"],"build_version":"2020-12-22","purchased_purges":1,"victory":true,"max_hp_per_floor":[80,80,80,80,80,80,80,80,80,80,80,80,80,80,80,80,80,80,80,80,80,80,80,80,80,80,80,80,80,80,80,80,80,80,80,80,85,85,85,85,85,85,85,85,85,87,87,87,87,87],"card_choices":[{"not_picked":["Perfected Strike","Anger"],"picked":"Carnage","floor":1},{"not_picked":["Disarm","Battle Trance"],"picked":"Anger","floor":2},{"not_picked":["Barricade","Battle Trance"],"picked":"Cleave","floor":3},{"not_picked":["Disarm","Sword Boomerang"],"picked":"Pommel Strike","floor":6},{"not_picked":["Thunderclap","True Grit"],"picked":"Inflame","floor":8},{"not_picked":["Pummel","Sever Soul"],"picked":"Carnage","floor":13},{"not_picked":["Blood for Blood","Burning Pact"],"picked":"Cleave","floor":14},{"not_picked":["Impervious","Limit Break"],"picked":"Demon Form","floor":16},{"not_picked":["Sentinel","Sword Boomerang","True Grit"],"picked":"SKIP","floor":18},{"not_picked":["Whirlwind","Blood for Blood","Headbutt"],"picked":"SKIP","floor":20},{"not_picked":["Disarm+1","Shrug It Off"],"picked":"Ghostly Armor+1","floor":27},{"not_picked":["Burning Pact","Perfected Strike"],"picked":"Anger+1","floor":28},{"not_picked":["Clash","Corruption"],"picked":"Seeing Red","floor":29},{"not_picked":["Iron Wave","Clash","Whirlwind+1"],"picked":"SKIP","floor":31},{"not_picked":["Fiend Fire","Reaper"],"picked":"Offering","floor":33},{"not_picked":["Pommel Strike","Perfected Strike"],"picked":"Inflame","floor":35},{"not_picked":["Deep Breath","Good Instincts"],"picked":"Dramatic Entrance","floor":36},{"not_picked":["Clothesline","Shockwave"],"picked":"Battle Trance","floor":37},{"not_picked":["Exhume","Iron Wave","Fire Breathing"],"picked":"SKIP","floor":41},{"not_picked":["Iron Wave+1","Fire Breathing+1"],"picked":"Ghostly Armor+1","floor":44},{"not_picked":["Thunderclap","Entrench","Armaments+1"],"picked":"Singing Bowl","floor":46},{"not_picked":["Feel No Pain","Wild Strike+1"],"picked":"Flex+1","floor":48}],"player_experience":175342,"relics_obtained":[{"floor":6,"key":"Toy Ornithopter"},{"floor":9,"key":"Tiny Chest"},{"floor":13,"key":"PreservedInsect"},{"floor":24,"key":"Blue Candle"},{"floor":26,"key":"Boot"},{"floor":27,"key":"Old Coin"},{"floor":27,"key":"Smiling Mask"},{"floor":29,"key":"War Paint"},{"floor":29,"key":"Pocketwatch"},{"floor":41,"key":"Bag of Preparation"},{"floor":41,"key":"Pen Nib"},{"floor":43,"key":"Singing Bowl"},{"floor":44,"key":"Self Forming Clay"},{"floor":44,"key":"Juzu Bracelet"},{"floor":48,"key":"Magic Flower"},{"floor":48,"key":"Regal Pillow"}],"event_choices":[{"damage_healed":0,"gold_gain":0,"player_choice":"Success","damage_taken":18,"relics_obtained":["Shuriken"],"max_hp_gain":0,"max_hp_loss":0,"event_name":"Scrap Ooze","floor":4,"gold_loss":0},{"damage_healed":0,"gold_gain":0,"player_choice":"Obtained Relic","damage_taken":0,"relics_obtained":["Vajra"],"max_hp_gain":0,"max_hp_loss":0,"event_name":"Addict","floor":19,"gold_loss":85},{"damage_healed":0,"gold_gain":0,"player_choice":"Ignored","damage_taken":0,"max_hp_gain":0,"max_hp_loss":0,"event_name":"Cursed Tome","floor":21,"gold_loss":0},{"damage_healed":0,"gold_gain":0,"player_choice":"Simplicity","damage_taken":0,"max_hp_gain":0,"max_hp_loss":0,"event_name":"Back to Basics","floor":22,"gold_loss":0,"cards_upgraded":["Strike_R","Strike_R","Strike_R","Strike_R","Defend_R","Defend_R","Defend_R","Defend_R"]},{"damage_healed":0,"gold_gain":0,"player_choice":"Memory 1","damage_taken":0,"max_hp_gain":0,"max_hp_loss":0,"event_name":"SensoryStone","floor":36,"gold_loss":0},{"damage_healed":0,"gold_gain":0,"player_choice":"Paid","damage_taken":0,"relics_obtained":["Red Mask"],"max_hp_gain":0,"max_hp_loss":0,"event_name":"Tomb of Lord Red Mask","floor":39,"gold_loss":39}],"is_beta":false,"boss_relics":[{"not_picked":["Ectoplasm","Runic Dome"],"picked":"Black Star"},{"not_picked":["Coffee Dripper","Runic Cube"],"picked":"Fusion Hammer"}],"items_purged_floors":[11],"is_endless":false,"potions_floor_spawned":[3,8,20,28,29,31,33,37,41,46,48],"ascension_level":2}}