{"host":"8yon5n5je7lh4vc0","time":1614268773,"event":{"mods":["AchievementEnabler","BaseMod","BetterRewards","Downfall","Gold Saver","Good Game Mod","Highlight Path","Hubris","Infinite Spire","Minty Spire (QoL Compilation)","Permanent Neow","Quick Restart","Remilia（蕾米莉亚）","Remove Card Discount Mod","Replay The Spire","Shop Mod","Spicy Shops","StSLib","SuperFastMode","TestMod","The Animator","Thieving Mod","UnlockEverythingMod","篝火指南"],"gold_per_floor":[1106,1123,1123,1134,1149,353,353,388,404,423,12,24,51,65,78,153,153,53,70,70,345,356,216,240,256,290,22,56,76,76,174,185,259,259,59,74,68,78,78,110,110,110,144,158,170,181,194,208,220,220,220,255,95,95,95,95],"floor_reached":57,"language":"ZHS","playtime":5111,"items_purged":["Strike_G","Defend_G","Strike_G","Strike_G","Strike_G","Strike_G","Defend_G","Defend_G","Die Die Die","Neutralize","bronze:Repulsor","Hidden Blade","Acrobatics","Accuracy","Magnetism+1"],"score":2724,"play_id":"82e9bb6e-df8a-455f-9f99-6db0ee4297ab","local_time":"20210225235933","is_ascension_mode":true,"campfire_choices":[{"floor":18,"key":"RECALL"},{"data":"Magnetism","floor":30,"key":"SMITH"},{"floor":35,"key":"DIG"},{"data":"HalloweenModCandy","floor":42,"key":"SMITH"},{"data":"After Image","floor":54,"key":"SMITH"}],"circlet_count":0,"master_deck":["AscendersBane","ReplayTheSpireMod:Tripwire","HalloweenModCandy","HalloweenModTrick","HalloweenModTrick","HalloweenModTrick","HalloweenModTrick","HalloweenModTrick","HalloweenModTrick","After Image+1","HalloweenModCandy+1","HalloweenModGhostCostume","HalloweenModCandy+1","HalloweenModCandy","HalloweenModGhostCostume+1","Lust_TH","Regret","HalloweenModTrick","ReplayTheSpireMod:Splinters","HalloweenModCandy+1","HalloweenModGhostCostume","HalloweenModCandy+1","HalloweenModTrick","Pain","HalloweenModTrick","HalloweenModGhostCostume","HalloweenModGhostCostume","hubris:Compulsion"],"relics":["Ring of the Snake","testmod-TestBox","REME:ComplimentaryCards","HalloweenModHalloween","Blue Candle","hubris:HerbalPaste","Replay:Baseball","testmod-Justice","MerchantsRug","Sling","Singing Bowl","Quantum Egg","Blue Doll","testmod-IWantAll","Snack Pack","Boot","Honey Jar","downfall:HeartBlessingBlue","ReplayTheSpireMod:CursedCoin","hubris:TinFlute","ReplayTheSpireMod:TigerMarble","testmod-OneHitWonder","Ornamental Fan","Shuriken","testmod-Prudence","downfall:HeartBlessingRed","downfall:HeartBlessingGreen","Sundial","Pen Nib","Centennial Puzzle","Toy Ornithopter","testmod-TurbochargingSystem","testmod-AssaultLearning"],"acts_visited":["Exordium","TheCity","TheBeyond","TheEnding"],"potions_floor_usage":[10,11,13,16,16,43,50],"damage_taken":[{"damage":1,"enemies":"Cultist","floor":2,"turns":4},{"damage":5,"enemies":"Jaw Worm","floor":4,"turns":6},{"damage":1,"enemies":"2 Louse","floor":5,"turns":2},{"damage":37,"enemies":"Gremlin Nob","floor":8,"turns":4},{"damage":17,"enemies":"Exordium Thugs","floor":9,"turns":2},{"damage":4,"enemies":"Blue Slaver","floor":10,"turns":2},{"damage":10,"enemies":"downfall:FleeingMerchant","floor":11,"turns":5},{"damage":3,"enemies":"Exordium Wildlife","floor":12,"turns":2},{"damage":8,"enemies":"downfall:FleeingMerchant","floor":13,"turns":3},{"damage":5,"enemies":"Large Slime","floor":14,"turns":3},{"damage":13,"enemies":"Lots of Slimes","floor":15,"turns":3},{"damage":2,"enemies":"SI_SHIV_ARCHETYPE","floor":16,"turns":4},{"damage":1,"enemies":"Chosen","floor":19,"turns":4},{"damage":7,"enemies":"Shell Parasite","floor":22,"turns":3},{"damage":4,"enemies":"Centurion and Healer","floor":25,"turns":1},{"damage":8,"enemies":"Nightmare","floor":26,"turns":7},{"damage":1,"enemies":"Slavers","floor":28,"turns":1},{"damage":3,"enemies":"Snake Plant","floor":29,"turns":1},{"damage":4,"enemies":"Sentry and Sphere","floor":32,"turns":1},{"damage":9,"enemies":"WA_ARCHETYPE_CALM","floor":33,"turns":4},{"damage":9,"enemies":"3 Shapes","floor":36,"turns":1},{"damage":1,"enemies":"3 Darklings","floor":38,"turns":1},{"damage":7,"enemies":"Nightmare","floor":40,"turns":1},{"damage":19,"enemies":"Nemesis","floor":43,"turns":3},{"damage":12,"enemies":"Transient","floor":44,"turns":2},{"damage":5,"enemies":"Jaw Worm Horde","floor":45,"turns":1},{"damage":9,"enemies":"Maw","floor":46,"turns":1},{"damage":6,"enemies":"Spire Growth","floor":47,"turns":2},{"damage":5,"enemies":"3 Darklings","floor":48,"turns":1},{"damage":2,"enemies":"Jaw Worm Horde","floor":49,"turns":1},{"damage":47,"enemies":"DF_ARCHETYPE_ORBS","floor":50,"turns":3},{"damage":13,"enemies":"downfall:CharBossMerchant","floor":52,"turns":1},{"damage":15,"enemies":"downfall:NeowBoss","floor":55,"turns":4},{"damage":39,"enemies":"downfall:NeowBossFinal","floor":56,"turns":5}],"seed_played":"-3456099449776843590","potions_obtained":[{"floor":4,"key":"Adrenaline Potion"},{"floor":5,"key":"SneckoOil"},{"floor":10,"key":"Fire Potion"},{"floor":12,"key":"BlessingOfTheForge"},{"floor":14,"key":"Regen Potion"},{"floor":22,"key":"ColorlessPotion"},{"floor":26,"key":"Swift Potion"},{"floor":28,"key":"Poison Potion"},{"floor":33,"key":"Explosive Potion"},{"floor":47,"key":"Swift Potion"},{"floor":52,"key":"Fire Potion"}],"is_trial":false,"path_per_floor":["R","M","?","M","M","R","T","E","M","M","$","M","$","M","M","B",null,"R","M","?","?","M","R","T","M","NM","R","E","M","R","?","M","B",null,"R","M","?","M","?","NM","T","R","E","M","M","M","M","M","M","B",null,"E","$","R","B","B",null],"character_chosen":"THE_SILENT","items_purchased":["Juzu Bracelet","hubris:HerbalPaste","Replay:Baseball","testmod-Justice","ReplayTheSpireMod:Tripwire","Deflect","MerchantsRug","Sling","hubris:TenFootPole","Magnetism","Singing Bowl","After Image","Blue Doll","testmod-IWantAll","Snack Pack","Boot","ReplayTheSpireMod:CursedCoin","hubris:TinFlute","Ornamental Fan","testmod-AssaultLearning"],"campfire_rested":0,"item_purchase_floors":[1,1,1,1,1,1,1,6,6,6,6,11,11,11,13,13,23,23,27,53],"current_hp_per_floor":[59,64,66,65,66,66,66,30,20,19,27,31,32,42,46,68,68,78,78,78,78,80,80,80,78,81,81,83,86,86,92,96,98,98,98,102,102,106,106,110,110,110,108,118,122,126,128,134,136,103,128,137,137,137,138,138],"gold":95,"neow_bonus":"ONE_RANDOM_RARE_CARD","is_daily":false,"chose_seed":false,"campfire_upgraded":3,"win_rate":0.0,"timestamp":1614268773,"path_taken":["R","M","?","M","M","R","T","E","M","M","$","M","?","M","M","BOSS","R","M","?","?","?","R","T","M","NM","R","E","M","R","?","M","BOSS","R","M","?","M","?","NM","T","R","E","M","M","M","?","M","M","BOSS","E","$","R","BOSS","BOSS"],"items_purchased_type":["Relic","Relic","Relic","Relic","Card","Card","Relic","Relic","Relic","Card","Relic","Card","Relic","Relic","Relic","Relic","Relic","Relic","Relic","Relic"],"build_version":"2020-12-22","purchased_purges":15,"victory":true,"max_hp_per_floor":[66,66,66,66,66,66,66,66,66,66,66,66,66,66,66,68,68,78,78,78,78,80,80,80,80,82,82,84,86,86,92,96,98,98,98,102,102,106,106,110,110,110,114,118,122,126,130,134,136,136,136,138,138,138,138,138],"card_choices":[{"not_picked":["HalloweenModGhostCostume","HalloweenModTrick"],"picked":"HalloweenModCandy","floor":2},{"not_picked":["HalloweenModGhostCostume","HalloweenModCandy"],"picked":"HalloweenModTrick","floor":4},{"not_picked":["HalloweenModCandy","HalloweenModGhostCostume"],"picked":"HalloweenModTrick","floor":5},{"not_picked":["HalloweenModGhostCostume","HalloweenModCandy"],"picked":"HalloweenModTrick","floor":8},{"not_picked":["HalloweenModGhostCostume","HalloweenModCandy"],"picked":"HalloweenModTrick","floor":9},{"not_picked":["HalloweenModGhostCostume","HalloweenModCandy"],"picked":"HalloweenModTrick","floor":10},{"not_picked":["HalloweenModGhostCostume","HalloweenModCandy"],"picked":"HalloweenModTrick","floor":11},{"not_picked":["HalloweenModGhostCostume","HalloweenModTrick"],"picked":"HalloweenModCandy","floor":12},{"not_picked":["HalloweenModTrick","HalloweenModCandy"],"picked":"HalloweenModGhostCostume","floor":13},{"not_picked":["HalloweenModGhostCostume","HalloweenModTrick"],"picked":"HalloweenModCandy","floor":14},{"not_picked":["HalloweenModGhostCostume","HalloweenModTrick"],"picked":"HalloweenModCandy","floor":15},{"not_picked":["HalloweenModCandy","HalloweenModTrick","HalloweenModGhostCostume"],"picked":"Singing Bowl","floor":16},{"not_picked":["HalloweenModCandy","HalloweenModTrick+1","HalloweenModTrick"],"picked":"HalloweenModGhostCostume+1","floor":19},{"not_picked":["HalloweenModCandy","HalloweenModTrick","HalloweenModGhostCostume","HalloweenModTrick"],"picked":"Singing Bowl","floor":22},{"not_picked":["HalloweenModTrick+1","HalloweenModCandy","HalloweenModGhostCostume"],"picked":"HalloweenModCandy+1","floor":25},{"not_picked":["HalloweenModCandy","HalloweenModTrick+1","HalloweenModGhostCostume","HalloweenModTrick"],"picked":"Singing Bowl","floor":26},{"not_picked":["HalloweenModTrick","HalloweenModCandy","HalloweenModGhostCostume","HalloweenModCandy"],"picked":"Singing Bowl","floor":28},{"not_picked":["HalloweenModTrick","HalloweenModGhostCostume","HalloweenModCandy","HalloweenModGhostCostume+1"],"picked":"Singing Bowl","floor":29},{"not_picked":["Dagger Spray","Poisoned Stab","Dodge and Roll","Hidden Blade"],"picked":"Singing Bowl","floor":31},{"not_picked":["Prepared","Poison Darts","Predator","Acrobatics"],"picked":"Singing Bowl","floor":31},{"not_picked":["Deadly Poison","Draining Mist","Accuracy","Prepared"],"picked":"Singing Bowl","floor":31},{"not_picked":["HalloweenModCandy","HalloweenModTrick","HalloweenModGhostCostume","HalloweenModTrick"],"picked":"Singing Bowl","floor":32},{"not_picked":["HalloweenModCandy","HalloweenModTrick","HalloweenModGhostCostume","HalloweenModTrick"],"picked":"Singing Bowl","floor":32},{"not_picked":["HalloweenModCandy","HalloweenModTrick","HalloweenModGhostCostume","HalloweenModGhostCostume+1"],"picked":"Singing Bowl","floor":33},{"not_picked":["HalloweenModCandy","HalloweenModTrick","HalloweenModGhostCostume","HalloweenModCandy+1"],"picked":"Singing Bowl","floor":36},{"not_picked":["HalloweenModCandy","HalloweenModTrick","HalloweenModGhostCostume","HalloweenModCandy+1"],"picked":"Singing Bowl","floor":36},{"not_picked":["HalloweenModGhostCostume","HalloweenModTrick","HalloweenModCandy","HalloweenModCandy+1"],"picked":"Singing Bowl","floor":38},{"not_picked":["HalloweenModGhostCostume","HalloweenModTrick","HalloweenModCandy","HalloweenModCandy+1"],"picked":"Singing Bowl","floor":38},{"not_picked":["HalloweenModTrick","HalloweenModCandy","HalloweenModGhostCostume","HalloweenModGhostCostume"],"picked":"Singing Bowl","floor":40},{"not_picked":["HalloweenModTrick","HalloweenModCandy","HalloweenModGhostCostume","HalloweenModGhostCostume"],"picked":"Singing Bowl","floor":40},{"not_picked":["HalloweenModGhostCostume","HalloweenModCandy","HalloweenModTrick+1","HalloweenModTrick"],"picked":"Singing Bowl","floor":43},{"not_picked":["HalloweenModGhostCostume","HalloweenModCandy","HalloweenModTrick+1","HalloweenModTrick"],"picked":"Singing Bowl","floor":43},{"not_picked":["HalloweenModCandy","HalloweenModGhostCostume","HalloweenModTrick","HalloweenModTrick+1"],"picked":"Singing Bowl","floor":44},{"not_picked":["HalloweenModCandy","HalloweenModGhostCostume","HalloweenModTrick","HalloweenModTrick+1"],"picked":"Singing Bowl","floor":44},{"not_picked":["HalloweenModCandy+1","HalloweenModTrick+1","HalloweenModGhostCostume","HalloweenModTrick"],"picked":"Singing Bowl","floor":45},{"not_picked":["HalloweenModCandy+1","HalloweenModTrick+1","HalloweenModGhostCostume","HalloweenModTrick"],"picked":"Singing Bowl","floor":45},{"not_picked":["HalloweenModTrick","HalloweenModCandy","HalloweenModGhostCostume","HalloweenModGhostCostume+1"],"picked":"Singing Bowl","floor":46},{"not_picked":["HalloweenModTrick","HalloweenModCandy","HalloweenModGhostCostume","HalloweenModGhostCostume+1"],"picked":"Singing Bowl","floor":46},{"not_picked":["HalloweenModGhostCostume","HalloweenModCandy","HalloweenModTrick","HalloweenModGhostCostume"],"picked":"Singing Bowl","floor":47},{"not_picked":["HalloweenModGhostCostume","HalloweenModCandy","HalloweenModTrick","HalloweenModGhostCostume"],"picked":"Singing Bowl","floor":47},{"not_picked":["HalloweenModCandy","HalloweenModGhostCostume+1","HalloweenModTrick+1","HalloweenModCandy"],"picked":"Singing Bowl","floor":48},{"not_picked":["HalloweenModCandy","HalloweenModGhostCostume+1","HalloweenModTrick+1","HalloweenModCandy"],"picked":"Singing Bowl","floor":48},{"not_picked":["HalloweenModGhostCostume","HalloweenModTrick","HalloweenModCandy","HalloweenModTrick"],"picked":"Singing Bowl","floor":49},{"not_picked":["HalloweenModTrick+1","HalloweenModCandy","HalloweenModGhostCostume+1","HalloweenModCandy"],"picked":"Singing Bowl","floor":52}],"player_experience":36285,"relics_obtained":[{"floor":8,"key":"Quantum Egg"},{"floor":24,"key":"ReplayTheSpireMod:TigerMarble"},{"floor":26,"key":"testmod-OneHitWonder"},{"floor":28,"key":"Shuriken"},{"floor":35,"key":"Sundial"},{"floor":40,"key":"Pen Nib"},{"floor":41,"key":"Centennial Puzzle"},{"floor":43,"key":"Toy Ornithopter"},{"floor":52,"key":"testmod-TurbochargingSystem"}],"event_choices":[{"cards_removed":["Deflect"],"damage_healed":5,"gold_gain":0,"player_choice":"Offered Common","damage_taken":0,"max_hp_gain":0,"max_hp_loss":0,"event_name":"Bonfire Elementals","floor":3,"gold_loss":0},{"cards_removed":["Deflect"],"damage_healed":5,"gold_gain":0,"player_choice":"Offered Special","damage_taken":0,"max_hp_gain":0,"max_hp_loss":0,"event_name":"Bonfire Elementals","floor":3,"gold_loss":0}],"is_beta":false,"boss_relics":[{"not_picked":["testmod-DeterminationOfClimber","testmod-SaigiyounoYou"],"picked":"Honey Jar"},{"not_picked":["hubris:VirtuousBlindfold","Black Star"],"picked":"testmod-Prudence"}],"items_purged_floors":[1,1,6,11,11,11,23,23,27,27,27,37,37,37,53],"is_endless":false,"potions_floor_spawned":[4,5,10,12,14,15,22,26,28,33,36,40,44,47,49,52],"ascension_level":20}}