{"host":"ormi09wwzv7sq47a","time":1614285548,"event":{"mods":["2.2 Compatiblity","AchievementEnabler","Act Like it!","BaseMod","Bestiary","Better Altar","Better Note","Better Sensory Stone","Better Silent Start","Better Skull","Better Third Choice","Better Vampires","BetterRewards","Block Reminder","Card Forge","Colored Map","Colored Powertips","Curses Come First","Downfall","Highlight Path","Minty Spire (QoL Compilation)","Permanent Neow","Quick Restart","Rare Cards Sparkle","Relic Stats","Shop Mod","StSLib","The Jungle"],"gold_per_floor":[75,75,107,32,72,107,157,157,157,200,241,241,267,267,267,370,370,410,410,430,444,509,537,537,537,561,601,601,24,34,121,121,252,252,267,404,414,414,414,414,444,444,444,444,493,165,212,212,212,237,237,237,28,80,80,80],"floor_reached":55,"language":"ENG","playtime":4813,"items_purged":["Strike_P","Defend_P","Defend_P"],"score":1845,"play_id":"5d90372b-7961-446e-af2e-f810904e74d5","local_time":"20210225173908","is_ascension_mode":true,"campfire_choices":[{"data":"HandOfGreed","floor":8.0,"key":"SMITH"},{"data":"Prostrate","floor":12.0,"key":"SMITH"},{"data":"Wish","floor":15.0,"key":"SMITH"},{"data":"Ragnarok","floor":24,"key":"SMITH"},{"data":"Prostrate","floor":28,"key":"SMITH"},{"data":"Mayhem","floor":32,"key":"SMITH"},{"data":"Prostrate","floor":40,"key":"SMITH"},{"data":"MasterReality","floor":42,"key":"SMITH"},{"data":"Eruption","floor":44,"key":"SMITH"},{"floor":49,"key":"RECALL"},{"data":"DevaForm","floor":52,"key":"SMITH"}],"circlet_count":0,"master_deck":["AscendersBane","Eruption+1","Vigilance+1","HandOfGreed+1","Bandage Up+1","SandsOfTime+1","Mayhem+1","Dark Shackles","Swivel","Conclude+1","EmptyBody","Prostrate+1","Protect","ThirdEye","Wish+1","Ragnarok+1","ReachHeaven+1","ReachHeaven+1","Brilliance+1","Prostrate+1","Sanctity+1","Evaluate","SpiritShield+1","Wish+1","DeceiveReality+1","MasterReality+1","ClearTheMind+1","Prostrate+1","Madness","Madness","Collect+1","BattleHymn","Dark Shackles","Wallop+1","DevaForm+1","DeusExMachina","Worship"],"relics":["PureWater","Hammer of Thor","Seething Fire","Anvil of the Gods","bronze:DonusWashers","Akabeko","Du-Vu Doll","War Paint","Thread and Needle","Centennial Puzzle","Anchor","Mercury Hourglass","Nunchaku","Astrolabe","Darkstone Periapt","Orichalcum","Bag of Preparation","DollysMirror","PreservedInsect","Kunai","expansioncontent:StudyCardRelic","Ice Cream","Happy Flower","Whetstone","Letter Opener","Lantern"],"acts_visited":["Exordium","Exordium","TheBeyond","TheEnding"],"potions_floor_usage":[18,22,37,47,50,50,54,55],"damage_taken":[{"damage":0.0,"enemies":"2 Louse","floor":1.0,"turns":2.0},{"damage":0.0,"enemies":"Jaw Worm","floor":3.0,"turns":3.0},{"damage":0.0,"enemies":"Cultist","floor":5.0,"turns":3.0},{"damage":0.0,"enemies":"2 Fungi Beasts","floor":6.0,"turns":2.0},{"damage":0.0,"enemies":"Gremlin Nob","floor":7.0,"turns":3.0},{"damage":0.0,"enemies":"Exordium Thugs","floor":10.0,"turns":3.0},{"damage":0.0,"enemies":"Blue Slaver","floor":11.0,"turns":4.0},{"damage":0.0,"enemies":"Lagavulin","floor":13.0,"turns":6.0},{"damage":47.0,"enemies":"The Guardian","floor":16.0,"turns":10.0},{"damage":0,"enemies":"theJungle:GiantWrat","floor":18,"turns":3},{"damage":1,"enemies":"Shell Parasite","floor":20,"turns":3},{"damage":1,"enemies":"theJungle:Lyon","floor":21,"turns":4},{"damage":0,"enemies":"theJungle:2_Snecko_Cultists","floor":22,"turns":4},{"damage":0,"enemies":"theJungle:MamaSnecko","floor":23,"turns":2},{"damage":0,"enemies":"Snake Plant","floor":27,"turns":2},{"damage":0,"enemies":"theJungle:Lyon","floor":30,"turns":2},{"damage":0,"enemies":"theJungle:2_Phrogs","floor":31,"turns":4},{"damage":18,"enemies":"theJungle:FunGuy","floor":33,"turns":13},{"damage":0,"enemies":"3 Darklings","floor":35,"turns":5},{"damage":1,"enemies":"2 Orb Walkers","floor":36,"turns":5},{"damage":0,"enemies":"3 Shapes","floor":37,"turns":1},{"damage":3,"enemies":"Giant Head","floor":41,"turns":5},{"damage":0,"enemies":"Writhing Mass","floor":45,"turns":3},{"damage":0,"enemies":"Spire Growth","floor":47,"turns":4},{"damage":44,"enemies":"Donu and Deca","floor":50,"turns":10},{"damage":13,"enemies":"Shield and Spear","floor":54,"turns":5},{"damage":63,"enemies":"The Heart","floor":55,"turns":6}],"seed_played":"-1513566735293124287","potions_obtained":[{"floor":3.0,"key":"SteroidPotion"},{"floor":5.0,"key":"champ:CounterPotion"},{"floor":7.0,"key":"champ:CounterPotion"},{"floor":11.0,"key":"SkillPotion"},{"floor":16.0,"key":"Energy Potion"},{"floor":21,"key":"LiquidMemories"},{"floor":22,"key":"SmokeBomb"},{"floor":27,"key":"SteroidPotion"},{"floor":33,"key":"Block Potion"},{"floor":41,"key":"champ:CounterPotion"},{"floor":47,"key":"champ:CounterPotion"},{"floor":54,"key":"Regen Potion"}],"is_trial":false,"path_per_floor":["M","?","M","?","M","M","E","R","T","M","M","R","E","?","R","B",null,"M","?","M","M","M","E","R","?","T","M","R","$","M","E","R","B",null,"M","?","M","?","?","R","E","R","T","R","M","$","M","?","R","B",null,"R","$","E","B"],"character_chosen":"WATCHER","items_purchased":["bronze:DonusWashers","Akabeko","HandOfGreed","Bandage Up","SandsOfTime","War Paint","Centennial Puzzle","Mayhem","Dark Shackles","BowlingBash","Swivel","FearPotion","Bag of Preparation","DollysMirror","PreservedInsect","Letter Opener","Dark Shackles","DeusExMachina","hexamod:SoulburnPotion"],"campfire_rested":0,"item_purchase_floors":[0,0,0,0,0,0,0,0,0,0,0,0,29,29,29,46,46,53,53],"current_hp_per_floor":[25,18,24,24,30,36,42,42,42,48,54,54,60,42,42,1,51,57,57,56,61,67,67,67,67,67,68,68,68,68,68,68,53,64,68,68,68,68,56,56,59,59,59,59,65,65,68,51,51,13,54,54,54,47,0,0],"gold":80,"neow_bonus":"","is_daily":false,"chose_seed":false,"campfire_upgraded":10,"win_rate":0.0,"timestamp":1614285548,"path_taken":["M","?","M","?","M","M","E","R","T","?","M","R","E","?","R","BOSS","M","?","M","M","?","E","R","?","T","M","R","$","M","E","R","BOSS","M","?","M","?","?","R","E","R","T","R","M","$","M","?","R","BOSS","R","$","E","BOSS"],"items_purchased_type":["Relic","Relic","Card","Card","Card","Relic","Relic","Card","Card","Card","Card","Potion","Relic","Relic","Relic","Relic","Card","Card","Potion"],"build_version":"2020-12-22","purchased_purges":3,"victory":false,"max_hp_per_floor":[68,68,68,68,68,68,68,68,68,68,68,68,68,68,68,68,68,68,68,68,68,68,68,68,68,68,68,68,68,68,68,68,68,68,68,68,68,68,68,68,68,68,68,68,68,68,68,68,68,68,68,68,68,68,68,68],"relic_stats":{"Darkstone Periapt":0,"Happy Flower":[9],"counters":[59,288],"Astrolabe":["ReachHeaven","ReachHeaven","Brilliance"],"PreservedInsect":263,"Bag of Preparation":[24],"Whetstone":["SandsOfTime","Conclude"],"Letter Opener":[125],"War Paint":["Bandage Up","Vigilance"],"Orichalcum":[54],"Mercury Hourglass":[276],"Centennial Puzzle":[27],"Nunchaku":[13],"Kunai":[9],"obtain_stats":[{"Darkstone Periapt":23,"Ice Cream":36,"Regal Pillow":45,"Lantern":54,"Melange":8,"Yang":6,"Hammer of Thor":0,"CloakClasp":0,"Bag of Preparation":29,"expansioncontent:StudyCardRelic":34,"Whetstone":43,"Ancient Tea Set":44,"Sozu":17,"Centennial Puzzle":0,"Nunchaku":14,"HornCleat":21,"Mummified Hand":9,"DollysMirror":29,"Kunai":31,"bronze:DonusWashers":0,"Happy Flower":41,"Blue Candle":19,"Astrolabe":17,"Oddly Smooth Stone":24,"Thread and Needle":0,"champ:DeflectingBracers":0,"PreservedInsect":29,"theJungle:SpiritDisease":30,"Seething Fire":0,"Letter Opener":46,"War Paint":0,"Orichalcum":26,"Question Card":14,"Akabeko":0,"Mercury Hourglass":13,"Du-Vu Doll":0,"CaptainsWheel":29,"Anchor":7,"Shuriken":11,"Anvil of the Gods":0,"HolyWater":34,"Bottled Lightning":54,"PureWater":0,"TungstenRod":38,"Meat on the Bone":11},{"Darkstone Periapt":46,"Ice Cream":52,"Regal Pillow":28,"Lantern":58,"Melange":12,"Yang":11,"Hammer of Thor":0,"CloakClasp":7,"Bag of Preparation":47,"expansioncontent:StudyCardRelic":50,"Whetstone":54,"Ancient Tea Set":27,"Sozu":16,"Centennial Puzzle":32,"Nunchaku":40,"HornCleat":17,"Mummified Hand":12,"DollysMirror":47,"Kunai":49,"bronze:DonusWashers":32,"Happy Flower":54,"Blue Candle":17,"Astrolabe":41,"Oddly Smooth Stone":18,"Thread and Needle":32,"champ:DeflectingBracers":7,"PreservedInsect":47,"theJungle:SpiritDisease":20,"Seething Fire":0,"Letter Opener":55,"War Paint":32,"Orichalcum":46,"Question Card":15,"Akabeko":32,"Mercury Hourglass":40,"Du-Vu Doll":32,"CaptainsWheel":20,"Anchor":37,"Shuriken":4,"Anvil of the Gods":0,"HolyWater":22,"Bottled Lightning":31,"PureWater":0,"TungstenRod":25,"Meat on the Bone":13},{"Darkstone Periapt":223,"Ice Cream":254,"Regal Pillow":141,"Lantern":282,"Melange":49,"Yang":44,"Hammer of Thor":0,"CloakClasp":30,"Bag of Preparation":225,"expansioncontent:StudyCardRelic":244,"Whetstone":260,"Ancient Tea Set":134,"Sozu":71,"Centennial Puzzle":171,"Nunchaku":197,"HornCleat":75,"Mummified Hand":49,"DollysMirror":225,"Kunai":231,"bronze:DonusWashers":171,"Happy Flower":260,"Blue Candle":75,"Astrolabe":207,"Oddly Smooth Stone":81,"Thread and Needle":171,"champ:DeflectingBracers":30,"PreservedInsect":225,"theJungle:SpiritDisease":93,"Seething Fire":0,"Letter Opener":263,"War Paint":171,"Orichalcum":223,"Question Card":63,"Akabeko":171,"Mercury Hourglass":197,"Du-Vu Doll":171,"CaptainsWheel":93,"Anchor":184,"Shuriken":14,"Anvil of the Gods":0,"HolyWater":107,"Bottled Lightning":159,"PureWater":0,"TungstenRod":123,"Meat on the Bone":54}]},"card_choices":[{"not_picked":["WreathOfFlame","Perseverance"],"picked":"Conclude","floor":1.0},{"not_picked":["EmptyFist","CutThroughFate"],"picked":"EmptyBody","floor":3.0},{"not_picked":["EmptyFist","LikeWater"],"picked":"Prostrate","floor":5.0},{"not_picked":["ReachHeaven","ClearTheMind","InnerPeace"],"picked":"SKIP","floor":6.0},{"not_picked":["Crescendo","Consecrate"],"picked":"Protect","floor":7.0},{"not_picked":["Crescendo","PathToVictory"],"picked":"ThirdEye","floor":10.0},{"not_picked":["BowlingBash","FollowUp","EmptyBody"],"picked":"SKIP","floor":11.0},{"not_picked":["BattleHymn","Evaluate"],"picked":"Wish","floor":13.0},{"not_picked":["Judgement","DeusExMachina"],"picked":"Ragnarok","floor":16.0},{"not_picked":["SignatureMove+1","WindmillStrike+1"],"picked":"Prostrate","floor":18},{"not_picked":["Protect","Prostrate"],"picked":"Sanctity+1","floor":20},{"not_picked":["FearNoEvil","Consecrate"],"picked":"Evaluate","floor":21},{"not_picked":["Evaluate","Fasting2","Consecrate"],"picked":"SKIP","floor":22},{"not_picked":["Halt+1","Weave"],"picked":"SpiritShield","floor":23},{"not_picked":["PathToVictory","CrushJoints","Wallop"],"picked":"SKIP","floor":27},{"not_picked":["BowlingBash+1","CutThroughFate","JustLucky"],"picked":"SKIP","floor":30},{"not_picked":["SashWhip","Collect"],"picked":"DeceiveReality+1","floor":31},{"not_picked":["Omniscience","Scrawl"],"picked":"MasterReality","floor":33},{"not_picked":["DeceiveReality","FlyingSleeves"],"picked":"ClearTheMind+1","floor":35},{"not_picked":["JustLucky","ClearTheMind"],"picked":"Prostrate","floor":37},{"not_picked":["Vengeance","EmptyFist"],"picked":"Collect+1","floor":41},{"not_picked":["Crescendo","FollowUp"],"picked":"BattleHymn","floor":45},{"not_picked":["WaveOfTheHand","CutThroughFate+1"],"picked":"Wallop+1","floor":47},{"not_picked":["Protect","Consecrate+1"],"picked":"Worship","floor":54}],"player_experience":1173172,"relics_obtained":[{"floor":7.0,"key":"Anchor"},{"floor":13.0,"key":"Mercury Hourglass"},{"floor":23,"key":"Darkstone Periapt"},{"floor":26,"key":"Orichalcum"},{"floor":31,"key":"Kunai"},{"floor":36,"key":"Ice Cream"},{"floor":41,"key":"Happy Flower"},{"floor":43,"key":"Whetstone"},{"floor":54,"key":"Lantern"}],"event_choices":[{"cards_removed":["Strike_P"],"damage_healed":0.0,"max_hp_gain":0.0,"max_hp_loss":0.0,"gold_gain":0.0,"event_name":"Golden Wing","player_choice":"Card Removal","floor":2.0,"gold_loss":0.0,"damage_taken":7.0},{"cards_removed":["Strike_P"],"damage_healed":0.0,"max_hp_gain":0.0,"max_hp_loss":0.0,"gold_gain":0.0,"event_name":"The Cleric","player_choice":"Card Removal","floor":4.0,"gold_loss":75.0,"damage_taken":0.0},{"damage_healed":0.0,"max_hp_gain":0.0,"max_hp_loss":0.0,"gold_gain":1.0,"event_name":"betterThird:BetterScrap","player_choice":"Relic ","floor":14.0,"gold_loss":0.0,"damage_taken":18.0,"cards_obtained":["Blur"]},{"damage_healed":0,"gold_gain":0,"player_choice":"0 cards matched","damage_taken":0,"max_hp_gain":0,"max_hp_loss":0,"event_name":"Match and Keep!","floor":19,"gold_loss":0,"cards_obtained":[]},{"damage_healed":0,"gold_gain":0,"player_choice":"Forge","damage_taken":0,"max_hp_gain":0,"max_hp_loss":0,"event_name":"Accursed Blacksmith","floor":25,"gold_loss":0,"cards_upgraded":["SpiritShield"]},{"damage_healed":0,"gold_gain":0,"player_choice":"Fight","damage_taken":0,"max_hp_gain":0,"max_hp_loss":0,"event_name":"Mysterious Sphere","floor":36,"gold_loss":0},{"cards_removed":["BowlingBash"],"damage_healed":0,"gold_gain":0,"player_choice":"Removed Attack","damage_taken":0,"max_hp_gain":0,"max_hp_loss":0,"event_name":"Falling","floor":38,"gold_loss":0},{"damage_healed":0,"gold_gain":0,"player_choice":"Embrace Madness","damage_taken":12,"max_hp_gain":0,"max_hp_loss":0,"event_name":"Winding Halls","floor":39,"gold_loss":0,"cards_obtained":["Madness","Madness"]},{"damage_healed":0,"gold_gain":3,"player_choice":"2","damage_taken":0,"max_hp_gain":0,"max_hp_loss":17,"event_name":"betterStone:BetterStone","floor":48,"gold_loss":0}],"is_beta":false,"boss_relics":[{"not_picked":["Pandora\u0027s Box","Busted Crown"],"picked":"Astrolabe"},{"not_picked":["Runic Dome","Velvet Choker"],"picked":"expansioncontent:StudyCardRelic"}],"items_purged_floors":[0,0,29],"is_endless":false,"potions_floor_spawned":[3,5,7,11,16,21,22,27,33,41,47,54],"killed_by":"The Heart","ascension_level":15}}