{"host":"5ffrjkuvgrxgllwx","time":1614283108,"event":{"mods":["AchievementEnabler","BaseMod","Colored Map","Colored Powertips","Minty Spire (QoL Compilation)","Quick Restart","Rare Cards Sparkle","StSLib","everything is the same but u backflip on backflip"],"gold_per_floor":[115,133,145,162,0,0,31,31,31,46,81,100,22,41,41,115,115,133,13,13,26,26,26,26,26,26],"floor_reached":25,"language":"ENG","playtime":813,"items_purged":[],"score":405,"play_id":"5831292e-d0b3-4e78-b2b8-01fe77b1252f","local_time":"20210225145828","is_ascension_mode":true,"campfire_choices":[{"data":"A Thousand Cuts","floor":6.0,"key":"SMITH"},{"floor":15.0,"key":"REST"},{"floor":23.0,"key":"REST"}],"circlet_count":0,"master_deck":["AscendersBane","Strike_G","Strike_G","Strike_G","Defend_G","Defend_G","Defend_G","Defend_G","Defend_G","Survivor","Neutralize","Infinite Blades","Poisoned Stab","Poisoned Stab","Sucker Punch","A Thousand Cuts+1","Poisoned Stab","Venomology","Noxious Fumes","Noxious Fumes","Night Terror","Cloak And Dagger","Choke","Footwork","Decay","Leg Sweep","Corpse Explosion"],"relics":["Ring of the Snake","NeowsBlessing","Pocketwatch","FossilizedHelix","Bottled Flame","SacredBark"],"acts_visited":["Exordium","TheCity"],"potions_floor_usage":[25],"damage_taken":[{"damage":0.0,"enemies":"Cultist","floor":1.0,"turns":1.0},{"damage":0.0,"enemies":"Jaw Worm","floor":2.0,"turns":1.0},{"damage":0.0,"enemies":"2 Louse","floor":3.0,"turns":1.0},{"damage":9.0,"enemies":"Blue Slaver","floor":4.0,"turns":5.0},{"damage":7.0,"enemies":"Gremlin Nob","floor":7.0,"turns":4.0},{"damage":0.0,"enemies":"Looter","floor":10.0,"turns":3.0},{"damage":7.0,"enemies":"3 Sentries","floor":11.0,"turns":6.0},{"damage":5.0,"enemies":"Exordium Thugs","floor":12.0,"turns":5.0},{"damage":4.0,"enemies":"Gremlin Gang","floor":14.0,"turns":5.0},{"damage":21.0,"enemies":"The Guardian","floor":16.0,"turns":9.0},{"damage":27.0,"enemies":"Shell Parasite","floor":18.0,"turns":6.0},{"damage":24.0,"enemies":"2 Thieves","floor":21.0,"turns":4.0},{"damage":30,"enemies":"Slavers","floor":25,"turns":2}],"seed_played":"3404556185188488907","potions_obtained":[{"floor":1.0,"key":"GhostInAJar"},{"floor":7.0,"key":"PowerPotion"},{"floor":10.0,"key":"Fire Potion"}],"is_trial":false,"path_per_floor":["M","M","M","M","$","R","E","$","T","M","E","M","$","M","R","B",null,"M","$","?","M","?","R","$","E"],"character_chosen":"THE_SILENT","items_purchased":["A Thousand Cuts","Noxious Fumes","Choke","Footwork"],"campfire_rested":2,"item_purchase_floors":[5,13,19,19],"current_hp_per_floor":[59,59,59,50,50,50,43,43,43,43,36,31,31,27,46,25,56,29,29,29,5,5,24,24,0,0],"gold":26,"neow_bonus":"THREE_ENEMY_KILL","is_daily":false,"chose_seed":false,"campfire_upgraded":1,"win_rate":0.0,"timestamp":1614283108,"path_taken":["M","M","M","M","?","R","E","?","T","?","E","M","$","M","R","BOSS","M","?","?","M","?","R","?","E"],"items_purchased_type":["Card","Card","Card","Card"],"build_version":"2020-12-22","purchased_purges":0,"victory":false,"max_hp_per_floor":[66,66,66,66,66,66,66,66,66,66,66,66,66,66,66,66,66,66,66,66,66,66,66,66,66,66],"card_choices":[{"not_picked":["Underhanded Strike","PiercingWail"],"picked":"Infinite Blades","floor":1.0},{"not_picked":["Reflex","Prepared"],"picked":"Poisoned Stab","floor":2.0},{"not_picked":["Backflip","Finisher"],"picked":"Poisoned Stab","floor":3.0},{"not_picked":["Prepared","Dodge and Roll"],"picked":"Sucker Punch","floor":4.0},{"not_picked":["Sucker Punch","Outmaneuver"],"picked":"Poisoned Stab","floor":7.0},{"not_picked":["Masterful Stab","Dagger Throw","Blur"],"picked":"SKIP","floor":10.0},{"not_picked":["Well Laid Plans","Deflect"],"picked":"Venomology","floor":11.0},{"not_picked":["Concentrate","Distraction","Flying Knee"],"picked":"SKIP","floor":12.0},{"not_picked":["Dagger Spray","Expertise"],"picked":"Noxious Fumes","floor":14.0},{"not_picked":["Burst","Tools of the Trade"],"picked":"Night Terror","floor":16.0},{"not_picked":["Setup","Quick Slash"],"picked":"Cloak And Dagger","floor":18.0},{"not_picked":["Cloak And Dagger","PiercingWail","Eviscerate"],"picked":"SKIP","floor":21.0}],"player_experience":1412600,"relics_obtained":[{"floor":7.0,"key":"Pocketwatch"},{"floor":9.0,"key":"FossilizedHelix"},{"floor":11.0,"key":"Bottled Flame"}],"event_choices":[{"damage_healed":0.0,"max_hp_gain":0.0,"max_hp_loss":0.0,"gold_gain":0.0,"event_name":"Forgotten Altar","player_choice":"Smashed Altar","floor":20.0,"gold_loss":0.0,"damage_taken":0.0,"cards_obtained":["Decay"]},{"damage_healed":0.0,"max_hp_gain":0.0,"max_hp_loss":0.0,"gold_gain":0.0,"cards_transformed":["Strike_G","Strike_G"],"event_name":"Drug Dealer","player_choice":"Became Test Subject","floor":22.0,"gold_loss":0.0,"damage_taken":0.0,"cards_obtained":["Leg Sweep","Corpse Explosion"]}],"is_beta":false,"boss_relics":[{"not_picked":["Coffee Dripper","SlaversCollar"],"picked":"SacredBark"}],"items_purged_floors":[],"is_endless":false,"potions_floor_spawned":[1,7,10],"killed_by":"Slavers","ascension_level":18}}