{"host":"06x7ibqulglyn97c","time":1614235739,"event":{"mods":["AchievementEnabler","BaseMod","Minty Spire (QoL Compilation)","Rare Cards Sparkle","Relic Sorter","Relic Stats","StSLib","The Awakened One except there are too many feathers"],"gold_per_floor":[119,119,119,132,62,62,76,90,90,190,201,215,215,231,231,231,231],"floor_reached":16,"language":"ENG","playtime":816,"items_purged":[],"score":354,"play_id":"afa4867c-a572-4380-b789-cd7c1d8168e8","local_time":"20210225064859","is_ascension_mode":true,"campfire_choices":[{"data":"Zap","floor":6.0,"key":"SMITH"},{"floor":13.0,"key":"REST"},{"floor":15.0,"key":"REST"}],"circlet_count":0,"master_deck":["Strike_B","Strike_B","Strike_B","Strike_B","Defend_B","Defend_B","Defend_B","Defend_B","Zap+1","Dualcast","Amplify","Cold Snap","Ball Lightning","Storm","Genetic Algorithm","Cold Snap"],"relics":["Cracked Core","Singing Bowl"],"acts_visited":["Exordium"],"potions_floor_usage":[],"damage_taken":[{"damage":4.0,"enemies":"Jaw Worm","floor":1.0,"turns":4.0},{"damage":1.0,"enemies":"2 Louse","floor":4.0,"turns":3.0},{"damage":0.0,"enemies":"Cultist","floor":7.0,"turns":3.0},{"damage":0.0,"enemies":"3 Louse","floor":8.0,"turns":1.0},{"damage":43.0,"enemies":"Exordium Thugs","floor":11.0,"turns":4.0},{"damage":5.0,"enemies":"Blue Slaver","floor":12.0,"turns":2.0},{"damage":9.0,"enemies":"2 Fungi Beasts","floor":14.0,"turns":3.0},{"damage":61.0,"enemies":"The Guardian","floor":16.0,"turns":14.0}],"seed_played":"7291175842531497978","potions_obtained":[{"floor":3.0,"key":"DistilledChaos"},{"floor":3.0,"key":"ColorlessPotion"},{"floor":3.0,"key":"ColorlessPotion"},{"floor":7.0,"key":"Explosive Potion"},{"floor":8.0,"key":"FocusPotion"},{"floor":14.0,"key":"SpeedPotion"}],"is_trial":false,"path_per_floor":["M","?","?","M","$","R","M","M","T","?","M","M","R","M","R","B"],"character_chosen":"DEFECT","items_purchased":["Storm"],"campfire_rested":2,"item_purchase_floors":[5],"current_hp_per_floor":[64,69,69,68,68,68,68,68,68,68,27,22,46,39,64,3,3],"gold":231,"neow_bonus":"ONE_RANDOM_RARE_CARD","is_daily":false,"chose_seed":false,"campfire_upgraded":1,"win_rate":0.0,"timestamp":1614235739,"path_taken":["M","?","?","?","$","R","M","M","T","?","M","M","R","M","R","BOSS","BOSS"],"items_purchased_type":["Card"],"build_version":"2020-12-22","purchased_purges":0,"victory":false,"max_hp_per_floor":[75,80,80,80,80,80,80,80,80,80,82,82,82,84,84,84,84],"relic_stats":{"Singing Bowl":4,"counters":[8,34],"obtain_stats":[{"Singing Bowl":9,"Cracked Core":0},{"Singing Bowl":4,"Cracked Core":0},{"Singing Bowl":11,"Cracked Core":0}]},"card_choices":[{"not_picked":["Compile Driver","Coolheaded"],"picked":"Cold Snap","floor":1.0},{"not_picked":["Chaos","Stack"],"picked":"Ball Lightning","floor":4.0},{"not_picked":["Stack","Multi-Cast","FTL"],"picked":"SKIP","floor":7.0},{"not_picked":["Go for the Eyes","Stack"],"picked":"Genetic Algorithm","floor":8.0},{"not_picked":["Loop","Hologram","Reprogram"],"picked":"Singing Bowl","floor":11.0},{"not_picked":["Sunder","Streamline"],"picked":"Cold Snap","floor":12.0},{"not_picked":["Aggregate","Sweeping Beam","Compile Driver"],"picked":"Singing Bowl","floor":14.0}],"player_experience":693431,"relics_obtained":[{"floor":9.0,"key":"Singing Bowl"}],"event_choices":[{"damage_healed":0.0,"max_hp_gain":5.0,"max_hp_loss":0.0,"gold_gain":0.0,"event_name":"Big Fish","player_choice":"Donut","floor":2.0,"gold_loss":0.0,"damage_taken":0.0},{"damage_healed":0.0,"max_hp_gain":0.0,"max_hp_loss":0.0,"gold_gain":0.0,"event_name":"Lab","player_choice":"Got Potions","floor":3.0,"gold_loss":0.0,"damage_taken":0.0},{"damage_healed":0.0,"max_hp_gain":0.0,"max_hp_loss":0.0,"gold_gain":100.0,"event_name":"Wheel of Change","player_choice":"Gold","floor":10.0,"gold_loss":0.0,"damage_taken":0.0}],"is_beta":false,"boss_relics":[],"items_purged_floors":[],"is_endless":false,"potions_floor_spawned":[7,8,14],"killed_by":"The Guardian","ascension_level":9}}