{"host":"lmshf3swj20gmdor","time":1614229119,"event":{"mods":["2.2 Compatiblity","BaseMod","Conspire","Downfall","Googly Eyes","Hubris","Minty Spire (QoL Compilation)","Replay The Spire","Spikes Relics","StSLib","Synergy Search","The Servant 0.9.4"],"gold_per_floor":[118,129,129,129,139,170,170,182,264,297,297,310,337,354,354,456,456,474,399,399,416,435,435,467,467,494,494,494,494],"floor_reached":28,"language":"ENG","playtime":1084,"items_purged":[],"score":297,"play_id":"b5b2a9d4-97e0-49d8-a770-fcaad73b572e","local_time":"20210225045839","is_ascension_mode":true,"campfire_choices":[{"data":"Unruled","floor":7,"key":"SMITH"},{"floor":11,"key":"REST"},{"floor":15,"key":"REST"},{"data":"LightFlow","floor":23,"key":"SMITH"},{"data":"BestPractice","floor":25,"key":"SMITH"}],"circlet_count":0,"master_deck":["Strike_S","Strike_S","Strike_S","Defend_S","Defend_S","Defend_S","Defend_S","KidneyShot","Exchange","Secret Weapon","DoubleEdge+1","Defy","Unruled+1","BestPractice+1","Rearm","Gouge","Moondial","Ricochet","LightFlow+1","SurpressingFire+1","RitualDagger"],"relics":["Uniform","Ring of Misfortune","ReplayTheSpireMod:Ninjato","RollingBoulder","Toy Ornithopter","Busted Crown","Mango","Ancient Tea Set","Enchiridion"],"acts_visited":["Exordium","TheCity"],"potions_floor_usage":[6,10,13,16,16,24],"damage_taken":[{"damage":5,"enemies":"Jaw Worm","floor":1,"turns":5},{"damage":15,"enemies":"2 Louse","floor":2,"turns":3},{"damage":3,"enemies":"Small Slimes","floor":5,"turns":3},{"damage":12,"enemies":"3 Sentries","floor":6,"turns":7},{"damage":10,"enemies":"Blue Slaver","floor":8,"turns":4},{"damage":9,"enemies":"Gremlin Nob","floor":10,"turns":3},{"damage":4,"enemies":"Looter","floor":12,"turns":3},{"damage":10,"enemies":"3 Sentries","floor":13,"turns":5},{"damage":0,"enemies":"3 Louse","floor":14,"turns":2},{"damage":19,"enemies":"The Guardian","floor":16,"turns":7},{"damage":1,"enemies":"3 Byrds","floor":18,"turns":4},{"damage":20,"enemies":"Shell Parasite","floor":21,"turns":4},{"damage":4,"enemies":"Cultist and Chosen","floor":22,"turns":5},{"damage":22,"enemies":"Slavers","floor":24,"turns":4},{"damage":12,"enemies":"Replay:Snechameleon","floor":28,"turns":1}],"seed_played":"-4869487334730953862","potions_obtained":[{"floor":1,"key":"EssenceOfSteel"},{"floor":5,"key":"PowerPotion"},{"floor":12,"key":"Explosive Potion"},{"floor":13,"key":"hexamod:SoulburnPotion"},{"floor":14,"key":"LiquidMemories"},{"floor":22,"key":"Adrenaline Potion"}],"is_trial":false,"path_per_floor":["M","M","?","?","M","E","R","M","T","E","R","M","E","M","R","B",null,"M","?","?","M","M","R","E","R","T","?","E"],"character_chosen":"THE_SERVANT","items_purchased":[],"campfire_rested":2,"item_purchase_floors":[],"current_hp_per_floor":[54,39,39,39,36,24,24,14,14,5,22,18,8,8,25,16,59,58,58,52,32,28,28,25,25,25,9,0,0],"gold":494,"neow_bonus":"RANDOM_COLORLESS_2","is_daily":false,"chose_seed":false,"campfire_upgraded":3,"win_rate":0.0,"timestamp":1614229119,"path_taken":["M","M","?","?","M","E","R","M","T","E","R","M","E","M","R","BOSS","M","?","?","M","M","R","E","R","T","?","E"],"items_purchased_type":[],"build_version":"2020-12-22","purchased_purges":0,"victory":false,"max_hp_per_floor":[59,59,59,59,59,59,59,59,59,59,59,59,59,59,59,59,59,59,59,59,59,59,59,73,73,73,73,73,73],"card_choices":[{"not_picked":["Poisoned Strike","Mayhem"],"picked":"Secret Weapon","floor":0},{"not_picked":["MoonPhase","WasteNot"],"picked":"DoubleEdge","floor":1},{"not_picked":["Replace","Read"],"picked":"Defy","floor":2},{"not_picked":["Ricochet","Rearm"],"picked":"Unruled","floor":5},{"not_picked":["Alleviate","Collapse"],"picked":"BestPractice","floor":6},{"not_picked":["TimeWarp","Defy"],"picked":"Rearm","floor":8},{"not_picked":["BestPractice","FastForward"],"picked":"Gouge","floor":10},{"not_picked":["Unruled","BottledTime"],"picked":"Moondial","floor":12},{"not_picked":["Rewind","Manipulate"],"picked":"Ricochet","floor":13},{"not_picked":["Snipe","Gouge","BottledTime"],"picked":"SKIP","floor":14},{"not_picked":["KillingDoll","Dilation"],"picked":"LightFlow","floor":16},{"not_picked":[],"picked":"SurpressingFire+1","floor":18},{"not_picked":["WasteNot+1"],"picked":"SKIP","floor":21},{"not_picked":["WasteNot"],"picked":"SKIP","floor":22},{"not_picked":["Gouge"],"picked":"SKIP","floor":24}],"player_experience":840221,"relics_obtained":[{"floor":3,"key":"Ring of Misfortune"},{"floor":9,"key":"ReplayTheSpireMod:Ninjato"},{"floor":10,"key":"RollingBoulder"},{"floor":13,"key":"Toy Ornithopter"},{"floor":24,"key":"Mango"},{"floor":26,"key":"Ancient Tea Set"},{"floor":27,"key":"Enchiridion"}],"event_choices":[{"damage_healed":0,"gold_gain":0,"player_choice":"Grow","damage_taken":0,"max_hp_gain":0,"max_hp_loss":0,"event_name":"Living Wall","floor":4,"gold_loss":0,"cards_upgraded":["DoubleEdge"]},{"cards_removed":["Strike_S"],"damage_healed":0,"gold_gain":0,"player_choice":"Gave Gold","damage_taken":0,"max_hp_gain":0,"max_hp_loss":0,"event_name":"Beggar","floor":19,"gold_loss":75},{"damage_healed":0,"gold_gain":0,"player_choice":"Joined the Cult","damage_taken":6,"max_hp_gain":0,"max_hp_loss":0,"event_name":"Nest","floor":20,"gold_loss":0,"cards_obtained":["RitualDagger"]},{"damage_healed":0,"gold_gain":0,"player_choice":"Obtained Book","damage_taken":16,"max_hp_gain":0,"max_hp_loss":0,"event_name":"Cursed Tome","floor":27,"gold_loss":0}],"is_beta":false,"boss_relics":[{"not_picked":["Kintsugi","Astrolabe"],"picked":"Busted Crown"}],"items_purged_floors":[],"is_endless":false,"potions_floor_spawned":[1,5,12,13,14,22],"killed_by":"Replay:Snechameleon","ascension_level":3}}