{"host":"61r95uy0hn86b9iu","time":1614226530,"event":{"mods":["AchievementEnabler","BaseMod","Better Vampires","BetterRewards","Colored Powertips","Hubris","Minty Spire (QoL Compilation)","Shop Mod","StSLib"],"gold_per_floor":[110,75,152,152,152,179,2,35,109,109,109,109,190,200,200,271,271,289,289,301,301,301,336,7,7,26,26,26,26,26,104,104,121,145,170,187,201,201,201,225,225,225,225,241,241,241,241,241,241,70,104,104,104],"floor_reached":53,"language":"ENG","playtime":2766,"items_purged":["Strike_B","Strike_B","Strike_B"],"score":2296,"play_id":"ef41d051-788b-4324-bf6a-f67489a9fada","local_time":"20210224221530","is_ascension_mode":true,"campfire_choices":[{"floor":10.0,"key":"REST"},{"floor":12.0,"key":"REST"},{"floor":15.0,"key":"REST"},{"floor":22.0,"key":"REST"},{"data":"Defragment","floor":29.0,"key":"SMITH"},{"floor":31.0,"key":"REST"},{"floor":40.0,"key":"REST"},{"floor":43.0,"key":"RECALL"},{"floor":46.0,"key":"REST"},{"floor":50.0,"key":"REST"}],"circlet_count":0,"master_deck":["AscendersBane","Strike_B","Defend_B","Defend_B","Defend_B","Defend_B","Zap","Dualcast","Capacitor","Sunder","Conserve Battery","Apotheosis+1","Secret Weapon","Beam Cell","Leap","Barrage","Defragment","Electrodynamics","Tempest","Buffer","Defragment+1","Loop","Buffer","Echo Form","Flash of Steel","Leap"],"relics":["Cracked Core","PreservedInsect","CaptainsWheel","hubris:CuriousFeather","MerchantsRug","Bronze Scales","DataDisk","Happy Flower","hubris:Teleporter","hubris:MysteriousPyramids","SlaversCollar","Nunchaku","Vajra","Omamori","Inserter","Toy Ornithopter","Lizard Tail","Bag of Preparation","Pen Nib","Oddly Smooth Stone","Lantern"],"acts_visited":["Exordium","TheCity","TheBeyond","TheEnding"],"potions_floor_usage":[53],"damage_taken":[{"damage":8.0,"enemies":"2 Louse","floor":1.0,"turns":2.0},{"damage":10.0,"enemies":"3 Sentries","floor":6.0,"turns":3.0},{"damage":19.0,"enemies":"Gremlin Nob","floor":8.0,"turns":4.0},{"damage":10.0,"enemies":"Small Slimes","floor":14.0,"turns":2.0},{"damage":26.0,"enemies":"Slime Boss","floor":16.0,"turns":8.0},{"damage":12.0,"enemies":"2 Thieves","floor":18.0,"turns":3.0},{"damage":0.0,"enemies":"Spheric Guardian","floor":20.0,"turns":3.0},{"damage":10.0,"enemies":"Book of Stabbing","floor":23.0,"turns":4.0},{"damage":15.0,"enemies":"Shelled Parasite and Fungi","floor":27.0,"turns":5.0},{"damage":56.0,"enemies":"Automaton","floor":32.0,"turns":7.0},{"damage":0.0,"enemies":"3 Shapes","floor":34.0,"turns":4.0},{"damage":0.0,"enemies":"Mind Bloom Boss Battle","floor":36.0,"turns":5.0},{"damage":22.0,"enemies":"Orb Walker","floor":37.0,"turns":3.0},{"damage":1.0,"enemies":"Transient","floor":38.0,"turns":6.0},{"damage":32.0,"enemies":"3 Darklings","floor":45.0,"turns":4.0},{"damage":46.0,"enemies":"Donu and Deca","floor":47.0,"turns":6.0},{"damage":0.0,"enemies":"hubris:GrandSnecko","floor":48.0,"turns":10.0},{"damage":86.0,"enemies":"Shield and Spear","floor":52.0,"turns":6.0},{"damage":111,"enemies":"The Heart","floor":53,"turns":6}],"seed_played":"1117797060631646177","potions_obtained":[{"floor":8.0,"key":"ColorlessPotion"},{"floor":16.0,"key":"SkillPotion"},{"floor":20.0,"key":"FearPotion"},{"floor":27.0,"key":"FocusPotion"},{"floor":34.0,"key":"Weak Potion"},{"floor":36.0,"key":"CultistPotion"},{"floor":52.0,"key":"DuplicationPotion"}],"is_trial":false,"path_per_floor":["M","?","?","?","T","E","$","E","T","R","?","R","T","M","R","B",null,"M","T","M","?","R","E","$","T","M","?","R","?","R","B",null,"M","T","?","M","M","?","R","T","?","R","T","M","R","B","B",null,"R","$","E","B"],"character_chosen":"DEFECT","items_purchased":["MealTicket","Capacitor","PreservedInsect","Sunder","Conserve Battery","MerchantsRug","Apotheosis","Tiny Chest","Beam Cell","Defragment","Happy Flower","Defragment","Strawberry","Oddly Smooth Stone","FairyPotion"],"campfire_rested":8,"item_purchase_floors":[0,0,0,0,0,0,0,0,0,7,7,24,24,51,51],"current_hp_per_floor":[14,31,31,36,36,26,41,22,22,44,44,66,66,56,76,50,70,58,58,58,58,76,66,83,83,68,68,68,68,83,27,69,69,69,69,47,51,51,75,75,83,83,83,51,75,34,34,71,83,83,24,0,0],"gold":104,"neow_bonus":"","is_daily":false,"chose_seed":false,"campfire_upgraded":1,"win_rate":0.0,"timestamp":1614226530,"path_taken":["M","?","?","?","?","E","$","E","T","R","?","R","?","?","R","BOSS","M","?","M","?","R","E","$","T","M","?","R","?","R","BOSS","M","?","?","M","M","?","R","T","?","R","?","M","R","BOSS","BOSS","R","$","E","BOSS"],"items_purchased_type":["Relic","Card","Relic","Card","Card","Relic","Card","Relic","Card","Card","Relic","Card","Relic","Relic","Potion"],"build_version":"2020-12-22","purchased_purges":3,"victory":false,"max_hp_per_floor":[71,71,71,76,76,76,76,76,76,76,76,76,76,76,76,76,76,76,76,76,76,76,76,83,83,83,83,83,83,83,83,83,83,83,83,83,83,83,83,83,83,83,83,83,83,83,83,83,83,83,83,83,83],"card_choices":[{"not_picked":["Barrage","Double Energy"],"picked":"Leap","floor":1.0},{"not_picked":["Conserve Battery","Chill"],"picked":"Barrage","floor":6.0},{"not_picked":["Reprogram","Gash","Genetic Algorithm"],"picked":"SKIP","floor":8.0},{"not_picked":["Beam Cell","Skim","Hologram"],"picked":"SKIP","floor":14.0},{"not_picked":["All For One","hubris:SpecializedCircuitry"],"picked":"Electrodynamics","floor":16.0},{"not_picked":["Coolheaded+1","Skim+1","Beam Cell"],"picked":"SKIP","floor":18.0},{"not_picked":["Streamline","Rebound"],"picked":"Tempest","floor":20.0},{"not_picked":["Sunder","Conserve Battery+1"],"picked":"Buffer","floor":23.0},{"not_picked":["Hologram","Storm"],"picked":"Loop","floor":27.0},{"not_picked":["Amplify","Thunder Strike"],"picked":"Echo Form","floor":32.0},{"not_picked":["Compile Driver+1","Cold Snap","Go for the Eyes+1"],"picked":"SKIP","floor":34.0},{"not_picked":["Hello World","Sweeping Beam","Redo"],"picked":"SKIP","floor":37.0},{"not_picked":["Undo","Cold Snap+1","Streamline"],"picked":"SKIP","floor":38.0},{"not_picked":["PanicButton","Jack Of All Trades"],"picked":"Flash of Steel","floor":39.0},{"not_picked":["hubris:SpecializedCircuitry","Cold Snap","Hello World+1"],"picked":"SKIP","floor":45.0},{"not_picked":["Go for the Eyes","Gash+1"],"picked":"Leap","floor":52.0}],"player_experience":3406418,"relics_obtained":[{"floor":5.0,"key":"Bronze Scales"},{"floor":6.0,"key":"DataDisk"},{"floor":8.0,"key":"hubris:Teleporter"},{"floor":13.0,"key":"hubris:MysteriousPyramids"},{"floor":19.0,"key":"Nunchaku"},{"floor":23.0,"key":"Vajra"},{"floor":25.0,"key":"Omamori"},{"floor":35.0,"key":"Toy Ornithopter"},{"floor":36.0,"key":"Lizard Tail"},{"floor":41.0,"key":"Bag of Preparation"},{"floor":44.0,"key":"Pen Nib"},{"floor":52.0,"key":"Lantern"}],"event_choices":[{"damage_healed":17.0,"max_hp_gain":0.0,"max_hp_loss":0.0,"gold_gain":0.0,"event_name":"The Cleric","player_choice":"Healed","floor":2.0,"gold_loss":35.0,"damage_taken":0.0},{"damage_healed":0.0,"max_hp_gain":0.0,"max_hp_loss":0.0,"gold_gain":77.0,"event_name":"Golden Wing","player_choice":"Gained Gold","floor":3.0,"gold_loss":0.0,"damage_taken":0.0},{"damage_healed":0.0,"max_hp_gain":5.0,"max_hp_loss":0.0,"gold_gain":0.0,"event_name":"Big Fish","player_choice":"Donut","floor":4.0,"gold_loss":0.0,"damage_taken":0.0},{"damage_healed":0.0,"max_hp_gain":0.0,"max_hp_loss":0.0,"gold_gain":0.0,"event_name":"Cursed Tome","player_choice":"Ignored","floor":21.0,"gold_loss":0.0,"damage_taken":0.0},{"damage_healed":0.0,"max_hp_gain":0.0,"max_hp_loss":0.0,"gold_gain":0.0,"event_name":"Ghosts","player_choice":"Ignored","floor":28.0,"gold_loss":0.0,"damage_taken":0.0},{"damage_healed":0.0,"max_hp_gain":0.0,"max_hp_loss":0.0,"gold_gain":0.0,"event_name":"Duplicator","player_choice":"Copied","floor":30.0,"gold_loss":0.0,"damage_taken":0.0,"cards_obtained":["Buffer"]},{"damage_healed":0.0,"max_hp_gain":0.0,"max_hp_loss":0.0,"gold_gain":0.0,"event_name":"MindBloom","player_choice":"Fight","floor":36.0,"gold_loss":0.0,"damage_taken":0.0},{"damage_healed":0.0,"max_hp_gain":0.0,"max_hp_loss":0.0,"gold_gain":0.0,"event_name":"SensoryStone","player_choice":"Memory 1","floor":39.0,"gold_loss":0.0,"damage_taken":0.0},{"damage_healed":17.0,"max_hp_gain":0.0,"max_hp_loss":0.0,"gold_gain":0.0,"event_name":"Winding Halls","player_choice":"Writhe","floor":42.0,"gold_loss":0.0,"damage_taken":0.0,"cards_obtained":["Writhe"]}],"is_beta":false,"boss_relics":[{"not_picked":["hubris:VirtuousBlindfold","hubris:HollowSoul"],"picked":"SlaversCollar"},{"not_picked":["hubris:GrandSneckoEye","hubris:ScarierMask"],"picked":"Inserter"}],"items_purged_floors":[0,7,24],"is_endless":false,"potions_floor_spawned":[8,16,20,27,34,36,52],"killed_by":"The Heart","ascension_level":20}}