{"host":"og21o26alpnbwmz8","time":1614284830,"event":{"mods":["2.2 Compatiblity","Act Like it!","Aspiration","BaseMod","Conspire","Downfall","Gensokyo","Halation","Hermit","Hubris","Jedi Mod","Mimic Mod","Minty Spire (QoL Compilation)","Pale of the Ancients","Reliquary","Replay The Spire","Shop Mod","Spikes Relics","StSLib","The Alterego","The Animator","The Blue Laboratory","The Bug Knight","The Clintock","The Construct","Waifu the Spire","Yuri Mod"],"gold_per_floor":[199,211,227,239,252,277,304,318,218,238,238,76,76,76,88,187,187,187,202,1,1,13,13,67,77,77,97,108,138,152,182,199,302,302,202,217,230,115,115,115,115],"floor_reached":39,"language":"ENG","playtime":2092,"items_purged":["champ:Strike","champ:Strike"],"score":452,"play_id":"3b193354-7767-490e-afc5-27ed69bc062d","local_time":"20210225152710","is_ascension_mode":false,"campfire_choices":[{"data":"champ:Execute","floor":1,"key":"SMITH"},{"data":"champ:FanOfKnives","floor":9,"key":"SMITH"},{"data":"champ:Taunt","floor":11,"key":"SMITH"},{"data":"champ:AdrenalArmor","floor":13,"key":"SMITH"},{"data":"champ:BerserkersShout","floor":18,"key":"SMITH"},{"data":"champ:AdrenalArmor","floor":23,"key":"SMITH"},{"data":"champ:Improvising","floor":26,"key":"SMITH"},{"floor":35,"key":"RECALL"}],"circlet_count":0,"master_deck":["champ:Strike","champ:Strike","champ:Defend","champ:Defend","champ:Defend","champ:Defend","champ:Execute+1","champ:Taunt+1","champ:FanOfKnives+1","champ:AdrenalArmor+1","champ:BerserkersShout+1","champ:AdrenalArmor+1","champ:EnchantCrown","champ:Improvising+1","champ:EnGarde+1","expansioncontent:DashGenerateEvil+1","champ:BerserkersShout+1","champ:BerserkerStyle","champ:Endure","champ:MurderStrike","champ:RecklessLeap+1"],"relics":["champ:ChampionCrown","reliquary:QuartzCube","reliquary:TuningFork","downfall:HeartBlessingGreen","reliquary:Ember","Darkstone Periapt","Lantern","sneckomod:SneckoTalon","downfall:HeartBlessingBlue"],"acts_visited":["Exordium","TheCity","TheBeyond"],"potions_floor_usage":[16],"damage_taken":[{"damage":25,"enemies":"Cultist","floor":2,"turns":5},{"damage":10,"enemies":"2 Louse","floor":3,"turns":2},{"damage":5,"enemies":"Small Slimes","floor":4,"turns":3},{"damage":25,"enemies":"conspire:2 RoseBushes","floor":5,"turns":6},{"damage":50,"enemies":"HollowMod:MossKnight","floor":6,"turns":8},{"damage":21,"enemies":"3 Louse","floor":8,"turns":4},{"damage":20,"enemies":"downfall:LooterAlt","floor":10,"turns":5},{"damage":30,"enemies":"downfall:FleeingMerchant","floor":12,"turns":4},{"damage":30,"enemies":"2 Fungi Beasts","floor":15,"turns":3},{"damage":140,"enemies":"IC_STATUS_ARCHETYPE","floor":16,"turns":9},{"damage":109,"enemies":"Shell Parasite","floor":19,"turns":7},{"damage":55,"enemies":"downfall:FleeingMerchant","floor":20,"turns":4},{"damage":60,"enemies":"conspire:FuzzyDice","floor":22,"turns":5},{"damage":84,"enemies":"conspire:HollyBat","floor":25,"turns":7},{"damage":31,"enemies":"Cultist and Chosen","floor":27,"turns":6},{"damage":49,"enemies":"Snake Plant","floor":28,"turns":4},{"damage":85,"enemies":"conspire:SneckoGhost","floor":29,"turns":7},{"damage":106,"enemies":"conspire:HollyBat","floor":30,"turns":6},{"damage":108,"enemies":"conspire:Head Lice","floor":31,"turns":5},{"damage":111,"enemies":"Centurion and Healer","floor":32,"turns":6},{"damage":147,"enemies":"WA_ARCHETYPE_CALM","floor":33,"turns":9},{"damage":86,"enemies":"Orb Walker","floor":36,"turns":5},{"damage":74,"enemies":"3 Shapes","floor":37,"turns":6},{"damage":57,"enemies":"downfall:FleeingMerchant","floor":38,"turns":4},{"damage":89,"enemies":"Spire Growth","floor":39,"turns":3}],"seed_played":"3394024857926526084","potions_obtained":[{"floor":2,"key":"champ:TechniquePotion"},{"floor":4,"key":"blueLaboratory:BottleOfRum"},{"floor":5,"key":"champ:TechniquePotion"},{"floor":16,"key":"blueLaboratory:BottledHope"},{"floor":25,"key":"blueLaboratory:ImpenetrablePotion"}],"is_trial":false,"path_per_floor":["R","M","M","M","M","E","T","M","R","M","R","$","R","?","M","B",null,"R","M","$","?","M","R","T","M","R","M","M","E","M","E","M","B",null,"R","M","M","$","M"],"character_chosen":"THE_CHAMP","items_purchased":["champ:BerserkersShout","champ:AdrenalArmor","expansioncontent:DashGenerateEvil"],"campfire_rested":0,"item_purchase_floors":[12,12,20],"current_hp_per_floor":[90,90,90,90,90,90,90,89,89,89,89,89,89,89,89,64,90,90,86,81,81,81,81,81,72,72,90,86,77,70,67,67,90,90,100,87,85,83,0,0,0],"gold":115,"neow_bonus":"HUNDRED_GOLD","is_daily":false,"chose_seed":false,"campfire_upgraded":7,"win_rate":0.0,"timestamp":1614284830,"path_taken":["R","M","M","M","M","E","T","M","R","?","R","$","R","?","M","BOSS","R","M","$","?","M","R","T","M","R","M","?","E","M","E","M","BOSS","R","M","M","$","M"],"items_purchased_type":["Card","Card","Card"],"build_version":"2020-12-22","purchased_purges":2,"victory":false,"max_hp_per_floor":[90,90,90,90,90,90,90,90,90,90,90,90,90,90,90,90,90,90,90,90,90,90,90,90,90,90,90,90,90,90,90,90,90,90,100,100,100,100,100,100,100],"card_choices":[{"not_picked":["champ:Backstep","champ:BladeFlurry","champ:ViciousMockery"],"picked":"SKIP","floor":2},{"not_picked":["champ:BringItOn","champ:DefensiveShout"],"picked":"champ:FanOfKnives","floor":3},{"not_picked":["champ:EnGarde","champ:StanceDance"],"picked":"champ:AdrenalArmor","floor":4},{"not_picked":["champ:FanOfKnives","champ:TornadoPunch","champ:BladeFlurry"],"picked":"SKIP","floor":5},{"not_picked":["champ:LastStand","champ:BladeFlurry","champ:ShieldWall"],"picked":"SKIP","floor":6},{"not_picked":["champ:Backstep","champ:FanOfKnives","champ:SetATrap"],"picked":"SKIP","floor":8},{"not_picked":["champ:DefensiveShout","champ:BladeFlurry","champ:ViciousMockery"],"picked":"SKIP","floor":10},{"not_picked":["champ:GladiatorStyle","champ:FancyFootwork","champ:SkillfulDodge"],"picked":"SKIP","floor":12},{"not_picked":["champ:BerserkersShout","champ:StanceDance"],"picked":"champ:EnchantCrown","floor":15},{"not_picked":["champ:HoldFirm","champ:SteelEdge"],"picked":"champ:Improvising","floor":16},{"not_picked":["champ:DefensiveStyle+1","champ:BladeFlurry+1","champ:ShieldSlam"],"picked":"SKIP","floor":19},{"not_picked":["champ:PreciseThrust+1","champ:Encircle"],"picked":"champ:EnGarde+1","floor":20},{"not_picked":["champ:AdrenalArmor","champ:BringItOn+1","champ:DefensiveShout"],"picked":"SKIP","floor":22},{"not_picked":["champ:BladeFlurry","champ:SwordSigil"],"picked":"champ:BerserkersShout+1","floor":25},{"not_picked":["champ:Circumvent+1","champ:CrownThrow+1","champ:ShieldSlam"],"picked":"SKIP","floor":27},{"not_picked":["champ:ArenaPreparation","champ:FancyFootwork","champ:StanceDance"],"picked":"SKIP","floor":28},{"not_picked":["champ:VampiricStrike","champ:BladeFlurry","champ:DefensiveStyle"],"picked":"SKIP","floor":29},{"not_picked":["champ:PerfectedStrike","champ:BerserkersShout","champ:StanceDance"],"picked":"SKIP","floor":30},{"not_picked":["champ:PerfectedStrike+1","champ:BerserkersShout"],"picked":"champ:BerserkerStyle","floor":31},{"not_picked":["champ:TornadoPunch","champ:StanceDance"],"picked":"champ:Endure","floor":32},{"not_picked":["champ:EnchantCrown","champ:DancingMaster"],"picked":"champ:MurderStrike","floor":33},{"not_picked":["champ:RapidStrikes+1","champ:FanOfKnives"],"picked":"champ:RecklessLeap+1","floor":36},{"not_picked":["champ:ShieldSlam","champ:SwordSigil","champ:StanceDance+1"],"picked":"SKIP","floor":37},{"not_picked":["champ:PerfectedStrike+1","champ:FlashCut","champ:FanOfKnives"],"picked":"SKIP","floor":38}],"player_experience":461007,"relics_obtained":[{"floor":6,"key":"reliquary:QuartzCube"},{"floor":7,"key":"reliquary:TuningFork"},{"floor":29,"key":"Darkstone Periapt"},{"floor":31,"key":"Lantern"}],"event_choices":[{"damage_healed":0,"gold_gain":0,"player_choice":"Forge","damage_taken":0,"max_hp_gain":0,"max_hp_loss":0,"event_name":"Accursed Blacksmith","floor":21,"gold_loss":0,"cards_upgraded":["expansioncontent:DashGenerateEvil"]}],"is_beta":false,"boss_relics":[{"not_picked":["aspiration:RitualDagger","Tiny House"],"picked":"reliquary:Ember"},{"not_picked":["conspire:RunicOctahedron","conspire:RoyalGoblet"],"picked":"sneckomod:SneckoTalon"}],"items_purged_floors":[12,38],"is_endless":false,"potions_floor_spawned":[2,4,5,8,16,25,28,29,33,36,37],"killed_by":"Spire Growth","ascension_level":0}}