{"host":"kh6fvhxn285ncg0o","time":1614243609,"event":{"mods":["Act Like it!","BaseMod","Colored Map","Friendly Minions","Keyboard Shortcuts","Minty Spire (QoL Compilation)","Quick Restart","Relic Stats","StSLib","SuperFastMode","UnlockEverythingMod"],"gold_per_floor":[115,135,135,155,166,166,194,194,194,247,247,290,305,344,344,440,440,459,168,168,118,118,118,149,167,191,191,232,232,265,265,265,355,355,376,112,128,53,53,53,53,93,116,135,160,194,210,253,253,253,253,253,253,7,40,40],"floor_reached":57,"language":"KOR","playtime":1900,"items_purged":["Strike_R","Strike_R","Strike_R","Bash","Infernal Blade"],"score":3528,"play_id":"e463d38a-efb4-4428-b0f3-ac3558a9d048","local_time":"20210225180009","is_ascension_mode":true,"campfire_choices":[{"data":"Armaments","floor":6.0,"key":"SMITH"},{"data":"Juggernaut","floor":11.0,"key":"SMITH"},{"data":"True Grit","floor":15.0,"key":"SMITH"},{"data":"Dark Embrace","floor":23.0,"key":"SMITH"},{"data":"Power Through","floor":27.0,"key":"SMITH"},{"floor":32.0,"key":"REST"},{"data":"Second Wind","floor":40.0,"key":"SMITH"},{"floor":49,"key":"RECALL"},{"data":"Body Slam","floor":53,"key":"SMITH"}],"circlet_count":0,"master_deck":["AscendersBane","Defend_R","Defend_R","Defend_R","Defend_R","Juggernaut+1","True Grit+1","Armaments+1","Ghostly Armor+1","Seeing Red+1","Metallicize","Body Slam+1","Dark Embrace+1","Entrench","Second Wind+1","Power Through+1","Warcry+1","Impervious+1","Battle Trance+1","Burning Pact+1","Evolve"],"relics":["Burning Blood","Dream Catcher","Golden Idol","Bronze Scales","Nunchaku","InkBottle","Gremlin Horn","Sozu","Membership Card","War Paint","Akabeko","Toy Ornithopter","Toxic Egg 2","Letter Opener","Coffee Dripper","FossilizedHelix","Question Card","Omamori","Ancient Tea Set","Torii","Blue Candle"],"acts_visited":["Exordium","TheCity","TheBeyond","TheEnding"],"potions_floor_usage":[],"damage_taken":[{"damage":9.0,"enemies":"Jaw Worm","floor":1.0,"turns":3.0},{"damage":6.0,"enemies":"Cultist","floor":2.0,"turns":4.0},{"damage":4.0,"enemies":"Small Slimes","floor":4.0,"turns":3.0},{"damage":3.0,"enemies":"Exordium Wildlife","floor":5.0,"turns":3.0},{"damage":7.0,"enemies":"3 Sentries","floor":7.0,"turns":7.0},{"damage":10.0,"enemies":"Lagavulin","floor":12.0,"turns":7.0},{"damage":0.0,"enemies":"2 Fungi Beasts","floor":13.0,"turns":4.0},{"damage":18.0,"enemies":"3 Sentries","floor":14.0,"turns":10.0},{"damage":0.0,"enemies":"Hexaghost","floor":16.0,"turns":8.0},{"damage":11.0,"enemies":"Shell Parasite","floor":18.0,"turns":6.0},{"damage":31.0,"enemies":"Slavers","floor":24.0,"turns":5.0},{"damage":0.0,"enemies":"3 Byrds","floor":25.0,"turns":2.0},{"damage":14.0,"enemies":"Book of Stabbing","floor":28.0,"turns":4.0},{"damage":29.0,"enemies":"Slavers","floor":30.0,"turns":2.0},{"damage":9.0,"enemies":"Collector","floor":33.0,"turns":3.0},{"damage":0.0,"enemies":"Orb Walker","floor":35.0,"turns":2.0},{"damage":0.0,"enemies":"3 Darklings","floor":37.0,"turns":3.0},{"damage":0.0,"enemies":"Nemesis","floor":42.0,"turns":4.0},{"damage":0.0,"enemies":"4 Shapes","floor":44.0,"turns":4.0},{"damage":21.0,"enemies":"Writhing Mass","floor":45.0,"turns":5.0},{"damage":0.0,"enemies":"Giant Head","floor":46.0,"turns":4.0},{"damage":0.0,"enemies":"Transient","floor":47.0,"turns":6.0},{"damage":0,"enemies":"Nemesis","floor":48,"turns":3},{"damage":0,"enemies":"Awakened One","floor":50,"turns":5},{"damage":4,"enemies":"Time Eater","floor":51,"turns":8},{"damage":0,"enemies":"Shield and Spear","floor":55,"turns":3},{"damage":0,"enemies":"The Heart","floor":56,"turns":7}],"seed_played":"-7647103874700166862","potions_obtained":[{"floor":1.0,"key":"FairyPotion"},{"floor":2.0,"key":"SkillPotion"},{"floor":5.0,"key":"ColorlessPotion"},{"floor":13.0,"key":"AttackPotion"},{"floor":14.0,"key":"SneckoOil"}],"is_trial":false,"path_per_floor":["M","M","?","M","M","R","E","?","T","T","R","E","M","E","R","B",null,"M","$","?","$","?","R","E","M","T","R","E","?","E","T","R","B",null,"M","$","M","$","?","R","?","E","T","M","M","E","M","E","R","B","B",null,"R","$","E","B",null],"character_chosen":"IRONCLAD","items_purchased":["Membership Card","Dark Embrace","Entrench","FossilizedHelix","Impervious+1","Torii"],"campfire_rested":1,"item_purchase_floors":[19,19,19,36,36,54],"current_hp_per_floor":[65,65,65,67,68,68,67,44,44,44,44,40,46,34,34,40,61,56,56,56,56,56,56,31,37,37,37,29,29,26,26,46,43,62,68,68,68,68,68,68,68,68,68,68,53,59,65,68,68,68,68,68,68,68,68,68],"gold":40,"neow_bonus":"TRANSFORM_TWO_CARDS","is_daily":false,"chose_seed":false,"campfire_upgraded":7,"win_rate":0.0,"timestamp":1614243609,"path_taken":["M","M","?","M","?","R","E","?","T","?","R","E","M","E","R","BOSS","M","$","?","$","?","R","E","M","T","R","E","?","E","?","R","BOSS","M","$","M","$","?","R","?","E","T","M","?","E","M","E","R","BOSS","BOSS","R","$","E","BOSS"],"items_purchased_type":["Relic","Card","Card","Relic","Card","Relic"],"build_version":"2020-12-22","purchased_purges":5,"victory":true,"max_hp_per_floor":[68,68,68,68,68,68,68,68,68,68,68,68,68,68,68,68,68,68,68,68,68,68,68,68,68,68,68,68,68,68,68,68,68,68,68,68,68,68,68,68,68,68,68,68,68,68,68,68,68,68,68,68,68,68,68,68],"relic_stats":{"Gremlin Horn":[12,17],"Torii":0,"counters":[27,125],"Golden Idol":196,"Blue Candle":[0],"Letter Opener":[400],"War Paint":["Ghostly Armor","Seeing Red"],"Question Card":7,"Burning Blood":119,"Sozu":5,"Dream Catcher":1,"Nunchaku":[10],"Bronze Scales":[446],"obtain_stats":[{"Gremlin Horn":14,"Torii":54,"Golden Idol":8,"Blue Candle":55,"Omamori":46,"Letter Opener":31,"War Paint":24,"Question Card":42,"Ancient Tea Set":48,"Burning Blood":0,"Akabeko":26,"Sozu":17,"Dream Catcher":7,"Nunchaku":10,"Bronze Scales":9,"Coffee Dripper":34,"Membership Card":19,"Toxic Egg 2":30,"InkBottle":12,"Toy Ornithopter":28,"FossilizedHelix":36},{"Gremlin Horn":8,"Torii":25,"Golden Idol":5,"Blue Candle":26,"Omamori":21,"Letter Opener":14,"War Paint":11,"Question Card":18,"Ancient Tea Set":23,"Burning Blood":0,"Akabeko":12,"Sozu":9,"Dream Catcher":5,"Nunchaku":5,"Bronze Scales":5,"Coffee Dripper":15,"Membership Card":10,"Toxic Egg 2":14,"InkBottle":6,"Toy Ornithopter":13,"FossilizedHelix":16},{"Gremlin Horn":41,"Torii":115,"Golden Idol":20,"Blue Candle":118,"Omamori":93,"Letter Opener":68,"War Paint":60,"Question Card":80,"Ancient Tea Set":102,"Burning Blood":0,"Akabeko":62,"Sozu":49,"Dream Catcher":20,"Nunchaku":20,"Bronze Scales":20,"Coffee Dripper":71,"Membership Card":55,"Toxic Egg 2":68,"InkBottle":27,"Toy Ornithopter":66,"FossilizedHelix":73}],"InkBottle":[38],"Toy Ornithopter":0},"card_choices":[{"not_picked":["Reckless Charge","Headbutt"],"picked":"True Grit","floor":1.0},{"not_picked":["Bloodletting","Seeing Red"],"picked":"Armaments","floor":2.0},{"not_picked":["Clothesline","Wild Strike"],"picked":"Ghostly Armor","floor":4.0},{"not_picked":["Wild Strike","Rampage"],"picked":"Seeing Red","floor":5.0},{"not_picked":["Anger","Clash","True Grit"],"picked":"SKIP","floor":7.0},{"not_picked":["Anger","Infernal Blade"],"picked":"Metallicize","floor":13.0},{"not_picked":["Carnage","Reaper","Armaments"],"picked":"SKIP","floor":14.0},{"not_picked":["Carnage","Reaper","Armaments"],"picked":"SKIP","floor":14.0},{"not_picked":["Reckless Charge","Flex"],"picked":"Body Slam","floor":18.0},{"not_picked":["Perfected Strike","Intimidate"],"picked":"Power Through","floor":24.0},{"not_picked":["Sever Soul","Fire Breathing"],"picked":"Fiend Fire","floor":28.0},{"not_picked":["Clothesline","Double Tap+1"],"picked":"Warcry+1","floor":30.0},{"not_picked":["Rupture+1","Sword Boomerang","Rage+1"],"picked":"SKIP","floor":35.0},{"not_picked":["Havoc+1","Perfected Strike"],"picked":"Battle Trance+1","floor":37.0},{"not_picked":["Clash","Armaments+1"],"picked":"Burning Pact+1","floor":42.0},{"not_picked":["Thunderclap+1","Iron Wave","True Grit+1","Sentinel+1"],"picked":"SKIP","floor":44.0},{"not_picked":["Flex+1","Iron Wave","Cleave","Ghostly Armor+1"],"picked":"SKIP","floor":45.0},{"not_picked":["Battle Trance+1","Reckless Charge+1","True Grit+1","Sword Boomerang"],"picked":"SKIP","floor":46.0},{"not_picked":["Sword Boomerang","Shockwave+1","Wild Strike","Burning Pact+1"],"picked":"SKIP","floor":47},{"not_picked":["Reaper","Metallicize","Battle Trance+1","Juggernaut"],"picked":"SKIP","floor":48},{"not_picked":["Bloodletting+1","Double Tap+1","Power Through+1"],"picked":"Evolve","floor":55}],"player_experience":1527740,"relics_obtained":[{"floor":7.0,"key":"Dream Catcher"},{"floor":9.0,"key":"Bronze Scales"},{"floor":10.0,"key":"Nunchaku"},{"floor":12.0,"key":"InkBottle"},{"floor":14.0,"key":"Gremlin Horn"},{"floor":24.0,"key":"War Paint"},{"floor":26.0,"key":"Akabeko"},{"floor":28.0,"key":"Toy Ornithopter"},{"floor":30.0,"key":"Toxic Egg 2"},{"floor":31.0,"key":"Letter Opener"},{"floor":42.0,"key":"Question Card"},{"floor":46.0,"key":"Omamori"},{"floor":48,"key":"Ancient Tea Set"},{"floor":55,"key":"Blue Candle"}],"event_choices":[{"damage_healed":0.0,"max_hp_gain":0.0,"max_hp_loss":0.0,"gold_gain":0.0,"event_name":"Match and Keep!","player_choice":"0 cards matched","floor":3.0,"gold_loss":0.0,"damage_taken":0.0,"cards_obtained":[]},{"damage_healed":0.0,"max_hp_gain":0.0,"max_hp_loss":0.0,"gold_gain":0.0,"event_name":"Golden Idol","player_choice":"Take Damage","floor":8.0,"gold_loss":0.0,"damage_taken":23.0,"relics_obtained":["Golden Idol"]},{"damage_healed":0.0,"max_hp_gain":0.0,"max_hp_loss":0.0,"gold_gain":0.0,"event_name":"Cursed Tome","player_choice":"Ignored","floor":20.0,"gold_loss":0.0,"damage_taken":0.0},{"damage_healed":0.0,"max_hp_gain":0.0,"max_hp_loss":0.0,"gold_gain":0.0,"event_name":"The Library","player_choice":"Read","floor":22.0,"gold_loss":0.0,"damage_taken":0.0,"cards_obtained":["Second Wind"]},{"damage_healed":0.0,"max_hp_gain":0.0,"max_hp_loss":0.0,"gold_gain":0.0,"event_name":"The Mausoleum","player_choice":"Ignored","floor":29.0,"gold_loss":0.0,"damage_taken":0.0},{"cards_removed":["Fiend Fire"],"damage_healed":0.0,"max_hp_gain":0.0,"max_hp_loss":0.0,"gold_gain":0.0,"event_name":"Falling","player_choice":"Removed Attack","floor":39.0,"gold_loss":0.0,"damage_taken":0.0},{"damage_healed":0.0,"max_hp_gain":0.0,"max_hp_loss":0.0,"gold_gain":0.0,"event_name":"SecretPortal","player_choice":"Ignored","floor":41.0,"gold_loss":0.0,"damage_taken":0.0}],"is_beta":false,"boss_relics":[{"not_picked":["Runic Cube","SlaversCollar"],"picked":"Sozu"},{"not_picked":["Cursed Key","Astrolabe"],"picked":"Coffee Dripper"}],"items_purged_floors":[19,21,36,38,54],"is_endless":false,"potions_floor_spawned":[1,2,5,13,14,33,35,42,46,55],"ascension_level":20}}