{"host":"3c8ytfy490czj03c","time":1614218537,"event":{"mods":["BaseMod","Colored Map","Colored Powertips","Downfall","Minty Spire (QoL Compilation)","StSLib"],"gold_per_floor":[99,114,114,129,129,129,129,229,38,188,71,71,71,101,116,116,116,116],"floor_reached":16,"language":"ENG","playtime":884,"items_purged":["downfall:Icky"],"score":171,"play_id":"becf1ca5-147a-41ae-8801-4d1b742dfbe4","local_time":"20210224180217","daily_mods":["Specialized","Flight","downfall:WorldOfGoo"],"is_ascension_mode":false,"campfire_choices":[{"data":"sneckomod:SnekBite","floor":1,"key":"SMITH"},{"data":"sneckomod:RainOfDice","floor":6,"key":"SMITH"},{"floor":12,"key":"REST"},{"data":"sneckomod:Unknown","floor":13,"key":"SMITH"}],"circlet_count":0,"master_deck":["sneckomod:Strike","sneckomod:Strike","sneckomod:Strike","sneckomod:Defend","sneckomod:Defend","sneckomod:Defend","sneckomod:TailWhip","sneckomod:SnekBite+1","sneckomod:Unknown+1","sneckomod:Unknown","sneckomod:Cheat","sneckomod:Cheat","sneckomod:Cheat","sneckomod:Cheat","sneckomod:Cheat","sneckomod:RainOfDice+1","sneckomod:DiceBlock","sneckomod:IronFang","sneckomod:SnakeSap","sneckomod:IronFang","sneckomod:WideSting"],"relics":["sneckomod:SneckoSoul","CaptainsWheel","Pear","Bag of Preparation","Nunchaku"],"acts_visited":["Exordium"],"potions_floor_usage":[16],"damage_taken":[{"damage":4,"enemies":"2 Louse","floor":2,"turns":3},{"damage":11,"enemies":"Small Slimes","floor":4,"turns":4},{"damage":5,"enemies":"downfall:FleeingMerchant","floor":9,"turns":4},{"damage":10,"enemies":"downfall:FleeingMerchant","floor":11,"turns":4},{"damage":0,"enemies":"3 Sentries","floor":14,"turns":6},{"damage":0,"enemies":"Jaw Worm","floor":15,"turns":3},{"damage":110,"enemies":"WA_ARCHETYPE_RETAIN","floor":16,"turns":10}],"seed_played":"3523290589944034342","potions_obtained":[{"floor":4,"key":"DuplicationPotion"}],"is_trial":false,"path_per_floor":["R","M","?","M","?","R","T","?","$","?","$","R","R","E","M","B"],"character_chosen":"THE_SNECKO","items_purchased":["Bag of Preparation","sneckomod:IronFang","sneckomod:IronFang"],"campfire_rested":1,"item_purchase_floors":[9,9,11],"current_hp_per_floor":[90,86,91,80,73,73,83,83,78,78,68,99,99,99,99,0,0,0],"gold":116,"neow_bonus":"","is_daily":true,"chose_seed":false,"campfire_upgraded":3,"win_rate":0.0,"timestamp":1614218537,"path_taken":["R","M","?","M","?","R","T","?","?","?","$","R","R","E","M","BOSS"],"items_purchased_type":["Relic","Card","Card"],"build_version":"2020-12-22","purchased_purges":1,"victory":false,"max_hp_per_floor":[90,90,95,95,95,95,105,105,105,105,105,105,105,105,105,105,105,105],"card_choices":[{"not_picked":["sneckomod:DiceCrush","sneckomod:UnknownBlock"],"picked":"sneckomod:RainOfDice","floor":2},{"not_picked":["sneckomod:UnknownBlock","sneckomod:UnknownX","sneckomod:UnknownDraw"],"picked":"SKIP","floor":4},{"not_picked":["sneckomod:ImprovisedGuard","sneckomod:DangerNoodle"],"picked":"sneckomod:DiceBlock","floor":9},{"not_picked":["sneckomod:SoulRoll","sneckomod:UnknownCommonAttack"],"picked":"sneckomod:SnakeSap","floor":11},{"not_picked":["sneckomod:QuickMove","sneckomod:UnknownCommonSkill"],"picked":"sneckomod:WideSting","floor":14},{"not_picked":["sneckomod:SerpentIdol","sneckomod:UnknownCommonSkill","sneckomod:Unknown0Cost"],"picked":"SKIP","floor":15}],"player_experience":240817,"relics_obtained":[{"floor":7,"key":"Pear"},{"floor":14,"key":"Nunchaku"}],"event_choices":[{"damage_healed":0,"gold_gain":0,"player_choice":"Donut","damage_taken":0,"max_hp_gain":5,"max_hp_loss":0,"event_name":"Big Fish","floor":3,"gold_loss":0},{"damage_healed":0,"gold_gain":0,"player_choice":"Success","damage_taken":7,"relics_obtained":["CaptainsWheel"],"max_hp_gain":0,"max_hp_loss":0,"event_name":"Scrap Ooze","floor":5,"gold_loss":0}],"is_beta":false,"boss_relics":[],"items_purged_floors":[11],"is_endless":false,"potions_floor_spawned":[4],"killed_by":"WA_ARCHETYPE_RETAIN","ascension_level":0}}