{"host":"qx22gp6oc7p3276t","time":1614294751,"event":{"mods":["AchievementEnabler","BaseMod","Colored Map","Colored Powertips","Minty Spire (QoL Compilation)","Relic Sorter","StSLib","UnlockEverythingMod"],"gold_per_floor":[119,130,70,84,9,35,46,46,46,74,91,39,61,26,26,122,122,137,157,82,82,99,99,128,147,172,183,183,183,183,196,196,299,299,317,15,26,26,26,26,53,85,121,144,186,198,223,61,61,61],"floor_reached":51,"language":"ENG","playtime":2713,"items_purged":["Defend_G","Distraction"],"score":821,"play_id":"fb53cc15-1341-437c-86d1-4b669a53abc5","local_time":"20210226001231","is_ascension_mode":true,"campfire_choices":[{"floor":8,"key":"REST"},{"data":"Cloak And Dagger","floor":15,"key":"SMITH"},{"data":"Acrobatics","floor":23,"key":"SMITH"},{"data":"Malaise","floor":29,"key":"SMITH"},{"data":"J.A.X.","floor":32,"key":"SMITH"},{"data":"Dramatic Entrance","floor":40,"key":"SMITH"},{"data":"Adrenaline","floor":46,"key":"SMITH"},{"floor":49,"key":"REST"}],"circlet_count":0,"master_deck":["Survivor","Neutralize","Cloak And Dagger+1","Dash","All Out Attack","PiercingWail","Backstab","Poisoned Stab","Deadly Poison","Malaise+1","Accuracy","Deadly Poison+1","Adrenaline+1","Backstab","Dagger Spray","Slice","Dagger Spray","Catalyst","Flechettes","Cloak And Dagger+1","Acrobatics+1","Cloak And Dagger+1","Dodge and Roll+1","J.A.X.+1","Acrobatics+1","Tools of the Trade","Backflip","Dramatic Entrance+1","Well Laid Plans+1","Cloak And Dagger+1","Magnetism","Backstab"],"relics":["Ring of the Snake","Bronze Scales","Bag of Preparation","Singing Bowl","PreservedInsect","Dream Catcher","Odd Mushroom","Pandora\u0027s Box","Orichalcum","War Paint","Cursed Key","Omamori","MawBank","Centennial Puzzle","Lantern"],"acts_visited":["Exordium","TheCity","TheBeyond"],"potions_floor_usage":[13,19,50,50],"damage_taken":[{"damage":2,"enemies":"Small Slimes","floor":1,"turns":3},{"damage":0,"enemies":"Cultist","floor":2,"turns":3},{"damage":1,"enemies":"Jaw Worm","floor":4,"turns":4},{"damage":31,"enemies":"Gremlin Nob","floor":6,"turns":6},{"damage":8,"enemies":"2 Fungi Beasts","floor":7,"turns":4},{"damage":10,"enemies":"3 Sentries","floor":10,"turns":5},{"damage":0,"enemies":"Looter","floor":11,"turns":2},{"damage":8,"enemies":"The Mushroom Lair","floor":13,"turns":2},{"damage":14,"enemies":"Hexaghost","floor":16,"turns":7},{"damage":0,"enemies":"3 Byrds","floor":18,"turns":2},{"damage":0,"enemies":"Spheric Guardian","floor":19,"turns":1},{"damage":19,"enemies":"Snake Plant","floor":22,"turns":4},{"damage":3,"enemies":"Gremlin Leader","floor":24,"turns":3},{"damage":1,"enemies":"3 Cultists","floor":25,"turns":5},{"damage":0,"enemies":"Shelled Parasite and Fungi","floor":27,"turns":5},{"damage":5,"enemies":"Centurion and Healer","floor":31,"turns":5},{"damage":42,"enemies":"Collector","floor":33,"turns":7},{"damage":3,"enemies":"3 Darklings","floor":35,"turns":2},{"damage":3,"enemies":"Orb Walker","floor":37,"turns":2},{"damage":6,"enemies":"Reptomancer","floor":41,"turns":4},{"damage":11,"enemies":"4 Shapes","floor":42,"turns":4},{"damage":3,"enemies":"3 Darklings","floor":44,"turns":3},{"damage":22,"enemies":"Nemesis","floor":45,"turns":5},{"damage":3,"enemies":"Sphere and 2 Shapes","floor":47,"turns":1},{"damage":71,"enemies":"Donu and Deca","floor":50,"turns":7}],"seed_played":"-1093142009430235529","potions_obtained":[{"floor":6,"key":"FairyPotion"},{"floor":7,"key":"AttackPotion"},{"floor":13,"key":"CunningPotion"},{"floor":19,"key":"CultistPotion"},{"floor":27,"key":"Strength Potion"},{"floor":31,"key":"Weak Potion"}],"is_trial":false,"path_per_floor":["M","M","?","M","$","E","M","R","T","E","M","$","?","?","R","B",null,"M","M","?","?","M","R","E","M","T","M","?","R","?","M","R","B",null,"M","$","M","?","?","R","E","M","T","M","E","R","M","$","R","B",null],"character_chosen":"THE_SILENT","items_purchased":["Poisoned Stab","Backflip","Omamori","Magnetism"],"campfire_rested":2,"item_purchase_floors":[12,36,36,48],"current_hp_per_floor":[68,68,68,67,67,36,28,49,49,39,41,41,33,51,51,37,72,74,74,74,74,55,55,52,51,51,53,53,53,53,48,48,6,76,75,75,74,68,68,68,62,53,53,52,30,30,29,29,56,27],"gold":61,"neow_bonus":"RANDOM_COMMON_RELIC","is_daily":false,"chose_seed":false,"campfire_upgraded":6,"win_rate":0.0,"timestamp":1614294751,"path_taken":["M","M","?","M","?","E","?","R","T","E","M","?","?","?","R","BOSS","M","M","?","?","M","R","E","M","T","?","?","R","?","M","R","BOSS","M","$","M","?","?","R","E","M","T","?","E","R","M","?","R","BOSS"],"items_purchased_type":["Card","Card","Relic","Card"],"build_version":"2020-12-22","purchased_purges":2,"victory":true,"max_hp_per_floor":[70,70,70,70,70,70,70,70,70,70,72,72,72,72,72,72,72,74,74,74,74,74,74,74,74,74,76,76,76,76,76,76,76,76,78,78,80,84,84,84,84,86,86,88,88,88,90,90,90,90],"card_choices":[{"not_picked":["Dagger Throw","Flying Knee"],"picked":"Cloak And Dagger","floor":1},{"not_picked":["Predator","Prepared"],"picked":"Dash","floor":2},{"not_picked":["Setup","Backflip"],"picked":"Distraction","floor":4},{"not_picked":["Masterful Stab","Leg Sweep"],"picked":"All Out Attack","floor":6},{"not_picked":["Cloak And Dagger","Deflect"],"picked":"PiercingWail","floor":7},{"not_picked":["Slice","Setup"],"picked":"Backstab","floor":10},{"not_picked":["Cloak And Dagger","Acrobatics","Underhanded Strike"],"picked":"Singing Bowl","floor":11},{"not_picked":["Skewer","Endless Agony"],"picked":"Deadly Poison","floor":13},{"not_picked":["Phantasmal Killer","Adrenaline"],"picked":"Malaise","floor":16},{"not_picked":["Blade Dance","Poisoned Stab+1","Terror"],"picked":"Singing Bowl","floor":18},{"not_picked":["Calculated Gamble","Endless Agony"],"picked":"Flechettes","floor":19},{"not_picked":["Flechettes","PiercingWail"],"picked":"Acrobatics","floor":22},{"not_picked":["Backstab","Deflect"],"picked":"Cloak And Dagger+1","floor":24},{"not_picked":["Acrobatics","Predator"],"picked":"Dodge and Roll","floor":25},{"not_picked":["Dagger Throw","Deadly Poison","Blade Dance"],"picked":"Singing Bowl","floor":27},{"not_picked":["Unload","Flying Knee"],"picked":"Acrobatics+1","floor":31},{"not_picked":["Corpse Explosion","Envenom"],"picked":"Tools of the Trade","floor":33},{"not_picked":["Calculated Gamble+1","Flying Knee","Eviscerate"],"picked":"Singing Bowl","floor":35},{"not_picked":["Flying Knee","Deadly Poison+1","Poisoned Stab"],"picked":"Singing Bowl","floor":37},{"not_picked":["PanicButton","Metamorphosis","Violence"],"picked":"Singing Bowl","floor":38},{"not_picked":["Magnetism","The Bomb"],"picked":"Dramatic Entrance","floor":38},{"not_picked":["Swift Strike","Secret Technique","Dark Shackles"],"picked":"Singing Bowl","floor":38},{"not_picked":["Backflip+1","Outmaneuver"],"picked":"Well Laid Plans+1","floor":41},{"not_picked":["Blur+1","Sucker Punch+1","All Out Attack+1"],"picked":"Singing Bowl","floor":42},{"not_picked":["Flechettes","Well Laid Plans+1","Sucker Punch"],"picked":"Singing Bowl","floor":44},{"not_picked":["Backflip","Setup+1"],"picked":"Cloak And Dagger+1","floor":45},{"not_picked":["Eviscerate","Dagger Spray+1","Dagger Throw"],"picked":"Singing Bowl","floor":47},{"not_picked":["Flying Knee","Poisoned Stab"],"picked":"Backstab","floor":49}],"player_experience":434176,"relics_obtained":[{"floor":6,"key":"Singing Bowl"},{"floor":9,"key":"PreservedInsect"},{"floor":10,"key":"Dream Catcher"},{"floor":13,"key":"Odd Mushroom"},{"floor":24,"key":"Orichalcum"},{"floor":26,"key":"War Paint"},{"floor":41,"key":"MawBank"},{"floor":43,"key":"Centennial Puzzle"},{"floor":45,"key":"Lantern"}],"event_choices":[{"damage_healed":0,"gold_gain":0,"player_choice":"Paid Gold","damage_taken":0,"relics_obtained":["Bag of Preparation"],"max_hp_gain":0,"max_hp_loss":0,"event_name":"WeMeetAgain","floor":3,"gold_loss":60},{"damage_healed":0,"gold_gain":0,"player_choice":"Fought Mushrooms","damage_taken":0,"max_hp_gain":0,"max_hp_loss":0,"event_name":"Mushrooms","floor":13,"gold_loss":0},{"damage_healed":18,"gold_gain":0,"player_choice":"Healed","damage_taken":0,"max_hp_gain":0,"max_hp_loss":0,"event_name":"The Cleric","floor":14,"gold_loss":35},{"cards_removed":["Concentrate"],"damage_healed":0,"gold_gain":0,"player_choice":"Gave Gold","damage_taken":0,"max_hp_gain":0,"max_hp_loss":0,"event_name":"Beggar","floor":20,"gold_loss":75},{"damage_healed":0,"gold_gain":0,"player_choice":"Copied","damage_taken":0,"max_hp_gain":0,"max_hp_loss":0,"event_name":"Duplicator","floor":21,"gold_loss":0,"cards_obtained":["Cloak And Dagger"]},{"damage_healed":0,"gold_gain":0,"player_choice":"Ignored","damage_taken":0,"max_hp_gain":0,"max_hp_loss":0,"event_name":"Vampires","floor":28,"gold_loss":0},{"damage_healed":0,"gold_gain":0,"player_choice":"Obtain J.A.X.","damage_taken":0,"max_hp_gain":0,"max_hp_loss":0,"event_name":"Drug Dealer","floor":30,"gold_loss":0,"cards_obtained":["J.A.X."]},{"damage_healed":0,"gold_gain":0,"player_choice":"Memory 3","damage_taken":10,"max_hp_gain":0,"max_hp_loss":0,"event_name":"SensoryStone","floor":38,"gold_loss":0},{"damage_healed":0,"gold_gain":0,"player_choice":"0 cards matched","damage_taken":0,"max_hp_gain":0,"max_hp_loss":0,"event_name":"Match and Keep!","floor":39,"gold_loss":0,"cards_obtained":[]}],"is_beta":false,"boss_relics":[{"not_picked":["Coffee Dripper","Runic Dome"],"picked":"Pandora\u0027s Box"},{"not_picked":["Calling Bell","Tiny House"],"picked":"Cursed Key"}],"items_purged_floors":[5,36],"is_endless":false,"potions_floor_spawned":[6,7,13,19,27,31,35,42],"ascension_level":1}}