{"host":"syozzdlzcqop4jia","time":1614294815,"event":{"mods":["AchievementEnabler","BaseMod","Colored Map","Colored Powertips","Minty Spire (QoL Compilation)","Quick Restart"],"gold_per_floor":[109,125,145,162,179,192,192,192],"floor_reached":7,"language":"ENG","playtime":386,"items_purged":[],"score":52,"play_id":"a1dc5336-2c9d-453e-add3-ffc895b1d4a8","local_time":"20210226001335","is_ascension_mode":true,"campfire_choices":[],"circlet_count":0,"master_deck":["Strike_B","Strike_B","Strike_B","Strike_B","Defend_B","Defend_B","Defend_B","Zap","Dualcast","Redo","Capacitor","Ball Lightning","Self Repair","Ball Lightning","Defragment","Defragment"],"relics":["Cracked Core"],"acts_visited":["Exordium"],"potions_floor_usage":[],"damage_taken":[{"damage":1,"enemies":"Cultist","floor":1,"turns":3},{"damage":11,"enemies":"2 Louse","floor":2,"turns":3},{"damage":7,"enemies":"Jaw Worm","floor":3,"turns":3},{"damage":28,"enemies":"Lots of Slimes","floor":4,"turns":3},{"damage":7,"enemies":"Large Slime","floor":5,"turns":4},{"damage":31,"enemies":"Exordium Thugs","floor":6,"turns":4},{"damage":11,"enemies":"Gremlin Nob","floor":7,"turns":2}],"seed_played":"315234644502183149","potions_obtained":[{"floor":2,"key":"BlessingOfTheForge"},{"floor":3,"key":"Ancient Potion"},{"floor":4,"key":"PotionOfCapacity"}],"is_trial":false,"path_per_floor":["M","M","M","M","M","M","E"],"character_chosen":"DEFECT","items_purchased":[],"campfire_rested":0,"item_purchase_floors":[],"current_hp_per_floor":[74,63,56,35,35,11,0,0],"gold":192,"neow_bonus":"TRANSFORM_CARD","is_daily":false,"chose_seed":false,"campfire_upgraded":0,"win_rate":0.0,"timestamp":1614294815,"path_taken":["M","M","M","M","?","M","E"],"items_purchased_type":[],"build_version":"2020-12-22","purchased_purges":0,"victory":false,"max_hp_per_floor":[75,75,75,75,75,75,75,75],"card_choices":[{"not_picked":["Turbo","Blizzard"],"picked":"Capacitor","floor":1},{"not_picked":["Auto Shields","Undo"],"picked":"Ball Lightning","floor":2},{"not_picked":["Streamline","Go for the Eyes"],"picked":"Self Repair","floor":3},{"not_picked":["Go for the Eyes","Sweeping Beam"],"picked":"Ball Lightning","floor":4},{"not_picked":["Compile Driver","Steam"],"picked":"Defragment","floor":5},{"not_picked":["Gash","All For One"],"picked":"Defragment","floor":6}],"player_experience":739495,"relics_obtained":[],"event_choices":[],"is_beta":false,"boss_relics":[],"items_purged_floors":[],"is_endless":false,"potions_floor_spawned":[2,3,4],"killed_by":"Gremlin Nob","ascension_level":2}}