{"host":"iv24d026eac8pm4e","time":1614268912,"event":{"mods":["BaseMod","Minty Spire (QoL Compilation)"],"gold_per_floor":[119,139,153,170,320,320,295,295,318,342,342,342,342,342],"floor_reached":13,"language":"ENG","playtime":288,"items_purged":[],"score":142,"play_id":"fd85cfab-3787-4b18-b6d9-b780038a42bf","local_time":"20210225080152","is_ascension_mode":true,"campfire_choices":[{"data":"Defragment","floor":6,"key":"SMITH"},{"data":"Zap","floor":11,"key":"SMITH"}],"circlet_count":0,"master_deck":["AscendersBane","Strike_B","Strike_B","Strike_B","Defend_B","Defend_B","Defend_B","Defend_B","Zap+1","Dualcast","Barrage","Glacier","Core Surge","Defragment+1","Doubt","Genetic Algorithm","Blizzard","Rip and Tear"],"relics":["Cracked Core","Golden Idol","Potion Belt"],"acts_visited":["Exordium"],"potions_floor_usage":[4,7],"damage_taken":[{"damage":0,"enemies":"2 Louse","floor":1,"turns":3},{"damage":0,"enemies":"Small Slimes","floor":2,"turns":3},{"damage":2,"enemies":"Jaw Worm","floor":3,"turns":3},{"damage":0,"enemies":"Exordium Wildlife","floor":4,"turns":4},{"damage":6,"enemies":"Exordium Thugs","floor":7,"turns":4},{"damage":15,"enemies":"Blue Slaver","floor":10,"turns":4},{"damage":23,"enemies":"Gremlin Nob","floor":13,"turns":3}],"seed_played":"-5009278457507948685","potions_obtained":[{"floor":1,"key":"LiquidMemories"},{"floor":2,"key":"LiquidBronze"},{"floor":4,"key":"PowerPotion"},{"floor":10,"key":"SpeedPotion"}],"is_trial":false,"path_per_floor":["M","M","M","M","?","R","M","?","T","M","R","?","E"],"character_chosen":"DEFECT","items_purchased":[],"campfire_rested":0,"item_purchase_floors":[],"current_hp_per_floor":[71,71,69,69,69,69,63,36,36,21,21,21,0,0],"gold":342,"neow_bonus":"TEN_PERCENT_HP_BONUS","is_daily":false,"chose_seed":false,"campfire_upgraded":2,"win_rate":0.0,"timestamp":1614268912,"path_taken":["M","M","M","M","?","R","M","?","T","M","R","?","E"],"items_purchased_type":[],"build_version":"2020-12-22","purchased_purges":0,"victory":false,"max_hp_per_floor":[78,78,78,78,78,78,78,78,78,78,78,78,78,78],"card_choices":[{"not_picked":["Recycle","Compile Driver"],"picked":"Barrage","floor":1},{"not_picked":["Heatsinks","Turbo"],"picked":"Glacier","floor":2},{"not_picked":["Streamline","Consume"],"picked":"Core Surge","floor":3},{"not_picked":["Capacitor","Steam"],"picked":"Defragment","floor":4},{"not_picked":["Ball Lightning","Compile Driver"],"picked":"Genetic Algorithm","floor":7},{"not_picked":["Leap","Fission"],"picked":"Blizzard","floor":10}],"player_experience":2625924,"relics_obtained":[{"floor":9,"key":"Potion Belt"}],"event_choices":[{"damage_healed":0,"gold_gain":150,"player_choice":"AGREE","damage_taken":0,"max_hp_gain":0,"max_hp_loss":0,"event_name":"Liars Game","floor":5,"gold_loss":0,"cards_obtained":["Doubt"]},{"damage_healed":0,"gold_gain":0,"player_choice":"Take Damage","damage_taken":27,"relics_obtained":["Golden Idol"],"max_hp_gain":0,"max_hp_loss":0,"event_name":"Golden Idol","floor":8,"gold_loss":0},{"damage_healed":0,"gold_gain":0,"cards_transformed":["Strike_B"],"player_choice":"Change","damage_taken":0,"max_hp_gain":0,"max_hp_loss":0,"event_name":"Living Wall","floor":12,"gold_loss":0,"cards_obtained":["Rip and Tear"]}],"is_beta":false,"boss_relics":[],"items_purged_floors":[],"is_endless":false,"potions_floor_spawned":[1,2,4,10],"killed_by":"Gremlin Nob","ascension_level":17}}