{"host":"mvhzznpw3ffw85pv","time":1614252138,"event":{"mods":["AchievementEnabler","BaseMod","Bestiary","Block Reminder","Colored Map","Highlight Path","Minty Spire (QoL Compilation)","Relic Stats"],"gold_per_floor":[114,130,55,55,73,73,103,103,103,103,135,135,147,175,175,252,252,270,123,140,140,153,186,202,202,202,202,220,23,34,66,66,139,139,157,177,222,33,44,77,77,112,200,224,236,273,360,390,402,414,426,438,80,111,111],"floor_reached":56,"language":"ENG","playtime":4221,"items_purged":["Strike_R","Strike_R","Strike_R","Strike_R"],"score":2222,"play_id":"3371eca4-c198-45cf-beb9-4e5d2d0024d4","local_time":"20210225062218","is_ascension_mode":true,"campfire_choices":[{"data":"Shrug It Off","floor":6,"key":"SMITH"},{"data":"Battle Trance","floor":10,"key":"SMITH"},{"floor":12,"key":"REST"},{"data":"Fire Breathing","floor":15,"key":"SMITH"},{"data":"Second Wind","floor":25,"key":"SMITH"},{"data":"Sentinel","floor":27,"key":"SMITH"},{"data":"Shrug It Off","floor":32,"key":"SMITH"},{"data":"Impervious","floor":41,"key":"SMITH"},{"data":"Exhume","floor":45,"key":"SMITH"},{"floor":49,"key":"RECALL"},{"data":"Evolve","floor":52,"key":"SMITH"}],"circlet_count":0,"master_deck":["AscendersBane","Strike_R","Defend_R","Defend_R+1","Defend_R","Defend_R","Bash+1","Shrug It Off+1","Immolate+1","Battle Trance+1","Fire Breathing+1","Second Wind+1","Exhume+1","Sentinel+1","Shrug It Off+1","True Grit","Evolve+1","Power Through+1","Barricade+1","Impervious+1","Feel No Pain+1","Offering"],"relics":["Burning Blood","Tiny Chest","Blue Candle","Matryoshka","StoneCalendar","Singing Bowl","Mark of Pain","Akabeko","Meat on the Bone","Frozen Egg 2","The Courier","Coffee Dripper","Turnip","Bronze Scales","Bird Faced Urn","MawBank","Blood Vial","White Beast Statue","InkBottle","Lantern","Eternal Feather"],"acts_visited":["Exordium","TheCity","TheBeyond","TheEnding"],"potions_floor_usage":[16,23,37,55],"damage_taken":[{"damage":1,"enemies":"Jaw Worm","floor":1,"turns":5},{"damage":7,"enemies":"Small Slimes","floor":2,"turns":4},{"damage":0,"enemies":"Cultist","floor":5,"turns":4},{"damage":27,"enemies":"Lagavulin","floor":7,"turns":6},{"damage":31,"enemies":"Gremlin Nob","floor":11,"turns":5},{"damage":7,"enemies":"Large Slime","floor":13,"turns":5},{"damage":11,"enemies":"3 Sentries","floor":14,"turns":4},{"damage":26,"enemies":"The Guardian","floor":16,"turns":12},{"damage":0,"enemies":"Chosen","floor":18,"turns":4},{"damage":9,"enemies":"3 Byrds","floor":20,"turns":3},{"damage":13,"enemies":"Snecko","floor":22,"turns":7},{"damage":1,"enemies":"Book of Stabbing","floor":23,"turns":6},{"damage":17,"enemies":"Snake Plant","floor":24,"turns":3},{"damage":14,"enemies":"Centurion and Healer","floor":28,"turns":6},{"damage":9,"enemies":"Shelled Parasite and Fungi","floor":30,"turns":5},{"damage":0,"enemies":"Gremlin Leader","floor":31,"turns":6},{"damage":0,"enemies":"Automaton","floor":33,"turns":10},{"damage":4,"enemies":"3 Shapes","floor":35,"turns":2},{"damage":9,"enemies":"3 Darklings","floor":36,"turns":5},{"damage":17,"enemies":"2 Orb Walkers","floor":37,"turns":4},{"damage":6,"enemies":"Sphere and 2 Shapes","floor":39,"turns":5},{"damage":1,"enemies":"Nemesis","floor":40,"turns":7},{"damage":0,"enemies":"Giant Head","floor":42,"turns":10},{"damage":22,"enemies":"Transient","floor":44,"turns":5},{"damage":21,"enemies":"Nemesis","floor":46,"turns":7},{"damage":0,"enemies":"Writhing Mass","floor":48,"turns":6},{"damage":15,"enemies":"Time Eater","floor":50,"turns":15},{"damage":6,"enemies":"Shield and Spear","floor":54,"turns":5},{"damage":6,"enemies":"The Heart","floor":55,"turns":11}],"seed_played":"-6432944688744527690","potions_obtained":[{"floor":11,"key":"ColorlessPotion"},{"floor":14,"key":"LiquidBronze"},{"floor":18,"key":"DuplicationPotion"},{"floor":23,"key":"Swift Potion"},{"floor":39,"key":"Energy Potion"}],"is_trial":false,"path_per_floor":["M","M","$","?","M","R","E","?","T","R","E","R","M","E","R","B",null,"M","$","M","?","M","E","M","R","T","R","M","$","M","E","R","B",null,"M","M","?","$","M","E","R","E","T","M","R","E","T","M","R","B",null,"R","$","E","B",null],"character_chosen":"IRONCLAD","items_purchased":["Shrug It Off","Barricade+1","Feel No Pain+1","Bronze Scales","Offering","Lantern"],"campfire_rested":1,"item_purchase_floors":[19,29,38,38,53,53],"current_hp_per_floor":[73,72,72,57,63,63,42,42,42,42,17,39,38,35,35,15,62,68,68,65,65,58,65,56,56,56,56,50,50,61,69,69,75,84,88,87,78,78,80,87,87,99,99,89,89,86,86,104,104,98,103,103,103,107,107],"gold":111,"neow_bonus":"UPGRADE_CARD","is_daily":false,"chose_seed":false,"campfire_upgraded":9,"win_rate":0.0,"timestamp":1614252138,"path_taken":["M","M","$","?","M","R","E","?","T","R","E","R","M","E","R","BOSS","M","$","M","?","M","E","M","R","T","R","M","$","M","E","R","BOSS","M","M","?","$","M","E","R","E","T","M","R","E","?","?","R","BOSS","R","$","E","BOSS"],"items_purchased_type":["Card","Card","Card","Relic","Card","Relic"],"build_version":"2020-12-22","purchased_purges":4,"victory":true,"max_hp_per_floor":[75,75,75,75,75,75,75,75,75,75,75,75,75,77,77,77,77,77,77,77,77,77,79,81,81,81,81,83,83,85,87,87,87,87,89,91,93,93,95,97,97,99,99,101,101,103,103,105,105,105,105,105,105,107,107],"relic_stats":{"Singing Bowl":32,"counters":[29,177],"Blue Candle":[0],"StoneCalendar":[309],"Eternal Feather":0,"MawBank":132,"Burning Blood":162,"Blood Vial":7,"Bronze Scales":[330],"Bird Faced Urn":[38],"Tiny Chest":1,"Turnip":[7],"obtain_stats":[{"Lantern":53,"Singing Bowl":14,"Blue Candle":8,"StoneCalendar":11,"Eternal Feather":54,"The Courier":31,"Frozen Egg 2":26,"MawBank":42,"Burning Blood":0,"Akabeko":23,"White Beast Statue":46,"Blood Vial":43,"Matryoshka":9,"Bronze Scales":38,"Bird Faced Urn":40,"Tiny Chest":7,"Mark of Pain":17,"Turnip":37,"Coffee Dripper":34,"InkBottle":47,"Meat on the Bone":26},{"Lantern":27,"Singing Bowl":7,"Blue Candle":4,"StoneCalendar":5,"Eternal Feather":28,"The Courier":16,"Frozen Egg 2":13,"MawBank":23,"Burning Blood":0,"Akabeko":12,"White Beast Statue":25,"Blood Vial":23,"Matryoshka":4,"Bronze Scales":20,"Bird Faced Urn":22,"Tiny Chest":4,"Mark of Pain":8,"Turnip":20,"Coffee Dripper":17,"InkBottle":25,"Meat on the Bone":13},{"Lantern":161,"Singing Bowl":33,"Blue Candle":19,"StoneCalendar":24,"Eternal Feather":166,"The Courier":85,"Frozen Egg 2":68,"MawBank":128,"Burning Blood":0,"Akabeko":65,"White Beast Statue":140,"Blood Vial":128,"Matryoshka":19,"Bronze Scales":106,"Bird Faced Urn":118,"Tiny Chest":19,"Mark of Pain":45,"Turnip":106,"Coffee Dripper":95,"InkBottle":140,"Meat on the Bone":68}],"InkBottle":[9],"Meat on the Bone":12},"card_choices":[{"not_picked":["Clothesline","Clash"],"picked":"Shrug It Off","floor":1},{"not_picked":["Pummel","Clothesline"],"picked":"Immolate","floor":2},{"not_picked":["Wild Strike","Thunderclap","Dark Embrace"],"picked":"SKIP","floor":5},{"not_picked":["Iron Wave","Dark Embrace"],"picked":"Battle Trance","floor":7},{"not_picked":["Blood for Blood","Evolve"],"picked":"Fire Breathing","floor":11},{"not_picked":["Twin Strike","Headbutt"],"picked":"Second Wind","floor":13},{"not_picked":["Havoc","Pummel","Iron Wave"],"picked":"Singing Bowl","floor":14},{"not_picked":["Demon Form","Offering"],"picked":"Exhume","floor":16},{"not_picked":["Second Wind","Metallicize"],"picked":"Sentinel","floor":18},{"not_picked":["Iron Wave","Warcry"],"picked":"True Grit","floor":20},{"not_picked":["Flame Barrier","Evolve"],"picked":"Power Through+1","floor":22},{"not_picked":["Sever Soul","Flame Barrier","Body Slam+1"],"picked":"Singing Bowl","floor":23},{"not_picked":["Havoc","Rage","True Grit"],"picked":"Singing Bowl","floor":24},{"not_picked":["Heavy Blade","Headbutt+1","Havoc+1"],"picked":"Singing Bowl","floor":28},{"not_picked":["Perfected Strike+1","Battle Trance+1","Searing Blow"],"picked":"Singing Bowl","floor":30},{"not_picked":["Headbutt","Warcry","Blood for Blood"],"picked":"Singing Bowl","floor":31},{"not_picked":["Juggernaut+1","Offering"],"picked":"Impervious","floor":33},{"not_picked":["Bloodletting+1","Sword Boomerang","Rage"],"picked":"Singing Bowl","floor":35},{"not_picked":["Headbutt","Perfected Strike","Pommel Strike+1"],"picked":"Singing Bowl","floor":36},{"not_picked":["Clash","Body Slam+1","Infernal Blade"],"picked":"Singing Bowl","floor":37},{"not_picked":["Carnage","Warcry","Rupture+1"],"picked":"Singing Bowl","floor":39},{"not_picked":["Whirlwind","Flame Barrier","Sentinel"],"picked":"Singing Bowl","floor":40},{"not_picked":["Infernal Blade","Anger","Cleave+1"],"picked":"Singing Bowl","floor":42},{"not_picked":["Demon Form+1","Flex","Pommel Strike+1"],"picked":"Singing Bowl","floor":44},{"not_picked":["Sever Soul+1","Metallicize+1","Evolve+1"],"picked":"Singing Bowl","floor":46},{"not_picked":["Dropkick","Anger","Heavy Blade+1"],"picked":"Singing Bowl","floor":48},{"not_picked":["Ghostly Armor","Clash","Thunderclap"],"picked":"Singing Bowl","floor":54}],"player_experience":668381,"relics_obtained":[{"floor":7,"key":"Tiny Chest"},{"floor":9,"key":"Matryoshka"},{"floor":11,"key":"StoneCalendar"},{"floor":14,"key":"Singing Bowl"},{"floor":23,"key":"Akabeko"},{"floor":26,"key":"Meat on the Bone"},{"floor":26,"key":"Frozen Egg 2"},{"floor":31,"key":"The Courier"},{"floor":37,"key":"Turnip"},{"floor":40,"key":"Bird Faced Urn"},{"floor":42,"key":"MawBank"},{"floor":43,"key":"Blood Vial"},{"floor":46,"key":"White Beast Statue"},{"floor":47,"key":"InkBottle"},{"floor":54,"key":"Eternal Feather"}],"event_choices":[{"damage_healed":0,"gold_gain":0,"player_choice":"Entered Light","damage_taken":15,"max_hp_gain":0,"max_hp_loss":0,"event_name":"Shining Light","floor":4,"gold_loss":0,"cards_upgraded":["Defend_R","Immolate"]},{"damage_healed":0,"gold_gain":0,"player_choice":"Searched \u00271\u0027 times","damage_taken":0,"relics_obtained":["Blue Candle"],"max_hp_gain":0,"max_hp_loss":0,"event_name":"Dead Adventurer","floor":8,"gold_loss":0},{"damage_healed":0,"gold_gain":0,"player_choice":"Read","damage_taken":0,"max_hp_gain":0,"max_hp_loss":0,"event_name":"The Library","floor":21,"gold_loss":0,"cards_obtained":["Evolve"]},{"damage_healed":0,"gold_gain":0,"player_choice":"Fight","damage_taken":0,"max_hp_gain":0,"max_hp_loss":0,"event_name":"Mysterious Sphere","floor":37,"gold_loss":0}],"is_beta":false,"boss_relics":[{"not_picked":["Snecko Eye","Philosopher\u0027s Stone"],"picked":"Mark of Pain"},{"not_picked":["Runic Pyramid","SacredBark"],"picked":"Coffee Dripper"}],"items_purged_floors":[3,19,29,53],"is_endless":false,"potions_floor_spawned":[11,14,18,23,24,31,36,39,42,44,48,54],"ascension_level":14}}