{"host":"z3m7ofiwbo1p8b5b","time":1614283461,"event":{"mods":["BaseMod","BetterRewards","Downfall","Minty Spire (QoL Compilation)","Replay The Spire","StSLib"],"gold_per_floor":[110,123,123,148,161,200,200,200,200,200,259,272,347,363,363,363,363],"floor_reached":16,"language":"ENG","playtime":1021,"items_purged":["Writhe"],"score":102,"play_id":"903e39aa-1877-4c4e-a113-b7d61b76b186","local_time":"20210225150421","is_ascension_mode":false,"campfire_choices":[{"floor":7,"key":"REST"},{"floor":15,"key":"REST"}],"circlet_count":0,"master_deck":["Strike_G","Strike_G","Strike_G","Strike_G","Strike_G","Defend_G","Defend_G","Defend_G","Defend_G","Defend_G","Survivor","Neutralize","Dagger Spray","Infinite Blades+1","Underhanded Strike","ReplayTheSpireMod:Shiv Toss","Cloak And Dagger","Blade Dance"],"relics":["Ring of the Snake","Golden Idol","Question Card","Garlic","ReplayTheSpireMod:CursedCoin"],"acts_visited":["Exordium"],"potions_floor_usage":[6,12,16],"damage_taken":[{"damage":0,"enemies":"Small Slimes","floor":1,"turns":3},{"damage":0,"enemies":"2 Louse","floor":2,"turns":3},{"damage":4,"enemies":"Jaw Worm","floor":4,"turns":4},{"damage":15,"enemies":"Gremlin Gang","floor":5,"turns":5},{"damage":23,"enemies":"3 Sentries","floor":6,"turns":5},{"damage":1,"enemies":"Large Slime","floor":12,"turns":8},{"damage":0,"enemies":"Looter","floor":14,"turns":4},{"damage":61,"enemies":"The Guardian","floor":16,"turns":18}],"seed_played":"-6412972602931887604","potions_obtained":[{"floor":5,"key":"Fire Potion"},{"floor":6,"key":"Weak Potion"},{"floor":12,"key":"DistilledChaos"}],"is_trial":false,"path_per_floor":["M","M","?","M","M","E","R","$","T","?","?","M","$","M","R","B"],"character_chosen":"THE_SILENT","items_purchased":["ReplayTheSpireMod:CursedCoin"],"campfire_rested":2,"item_purchase_floors":[13],"current_hp_per_floor":[77,77,58,54,39,16,39,39,39,39,39,38,38,38,61,0,0],"gold":363,"neow_bonus":"TEN_PERCENT_HP_BONUS","is_daily":false,"chose_seed":false,"campfire_upgraded":0,"win_rate":0.0,"timestamp":1614283461,"path_taken":["M","M","?","M","M","E","R","$","T","?","?","M","?","M","R","BOSS"],"items_purchased_type":["Relic"],"build_version":"2020-12-22","purchased_purges":1,"victory":false,"max_hp_per_floor":[77,77,77,77,77,77,77,77,77,77,77,77,77,77,77,77,77],"card_choices":[{"not_picked":["Backflip","Deadly Poison"],"picked":"Dagger Spray","floor":1},{"not_picked":["Hidden Blade","Eviscerate"],"picked":"Infinite Blades","floor":2},{"not_picked":["Crippling Poison","Draining Mist"],"picked":"Underhanded Strike","floor":4},{"not_picked":["All Out Attack","Tactician"],"picked":"ReplayTheSpireMod:Shiv Toss","floor":5},{"not_picked":["Fluid Movement","Dagger Throw"],"picked":"Cloak And Dagger","floor":6},{"not_picked":["Prepared","Quick Slash","Flying Knee","Crippling Poison"],"picked":"SKIP","floor":12},{"not_picked":["Reflex","Slice","Fluid Movement"],"picked":"Blade Dance","floor":14}],"player_experience":218641,"relics_obtained":[{"floor":6,"key":"Question Card"},{"floor":9,"key":"Garlic"}],"event_choices":[{"damage_healed":0,"gold_gain":0,"player_choice":"Take Damage","damage_taken":19,"relics_obtained":["Golden Idol"],"max_hp_gain":0,"max_hp_loss":0,"event_name":"Golden Idol","floor":3,"gold_loss":0},{"damage_healed":0,"gold_gain":59,"player_choice":"Gained Gold","damage_taken":0,"max_hp_gain":0,"max_hp_loss":0,"event_name":"Golden Wing","floor":11,"gold_loss":0}],"is_beta":false,"boss_relics":[],"items_purged_floors":[13],"is_endless":false,"potions_floor_spawned":[5,6,12],"killed_by":"The Guardian","ascension_level":0}}