{"host":"by8i6f8xc0ywpsd5","time":1614272595,"event":{"mods":["BaseMod","Colored Map","Minty Spire (QoL Compilation)","Relic Stats"],"gold_per_floor":[117,129,129,129,147,147,180,199,199,199,249,249,259,292,292,367,367,387,29,29,45,45,45,76,76,76,76,76,11,44,58,58,132,132,147,172,190,190,202,202,232,252,277,18,38,38,70,70,70,70,70,70,70,2,36,36,36],"floor_reached":56,"language":"ENG","playtime":2147,"items_purged":["Strike_R"],"score":1927,"play_id":"10d28c4c-8f0a-4ee1-9f83-38d9f615f4b1","local_time":"20210225190315","is_ascension_mode":true,"campfire_choices":[{"data":"Body Slam","floor":6.0,"key":"SMITH"},{"data":"Anger","floor":12.0,"key":"SMITH"},{"data":"Bash","floor":15.0,"key":"SMITH"},{"data":"Fiend Fire","floor":23.0,"key":"SMITH"},{"data":"Flex","floor":25.0,"key":"SMITH"},{"data":"Power Through","floor":27.0,"key":"SMITH"},{"data":"Inflame","floor":32.0,"key":"SMITH"},{"data":"Havoc","floor":40.0,"key":"SMITH"},{"data":"Offering","floor":46.0,"key":"SMITH"},{"floor":49.0,"key":"RECALL"},{"floor":53.0,"key":"REST"}],"circlet_count":0,"master_deck":["AscendersBane","Strike_R","Strike_R","Strike_R+1","Strike_R","Defend_R","Defend_R","Defend_R","Defend_R","Bash+1","Body Slam+1","Armaments+1","Infernal Blade","Anger+1","Headbutt","Sentinel","Fiend Fire+1","Bandage Up","Flex+1","Inflame+1","Shrug It Off","Power Through+1","Power Through+1","Iron Wave+1","Whirlwind+1","Offering+1","Pummel+1","Impervious","Havoc+1","Seeing Red","Uppercut+1","Intimidate","Power Through","Parasite","Sword Boomerang+1","Reaper+1","Disarm+1","Flex+1"],"relics":["Runic Pyramid","Meat on the Bone","Ornamental Fan","Question Card","Philosopher\u0027s Stone","Red Skull","Molten Egg 2","The Courier","Art of War","Cursed Key","Du-Vu Doll","Shovel","Bottled Lightning","Nunchaku","Self Forming Clay"],"acts_visited":["Exordium","TheCity","TheBeyond","TheEnding"],"potions_floor_usage":[56],"damage_taken":[{"damage":1.0,"enemies":"Small Slimes","floor":1.0,"turns":4.0},{"damage":8.0,"enemies":"Cultist","floor":2.0,"turns":5.0},{"damage":2.0,"enemies":"Jaw Worm","floor":5.0,"turns":4.0},{"damage":7.0,"enemies":"Lagavulin","floor":7.0,"turns":7.0},{"damage":7.0,"enemies":"Exordium Thugs","floor":8.0,"turns":4.0},{"damage":12.0,"enemies":"3 Louse","floor":13.0,"turns":7.0},{"damage":12.0,"enemies":"3 Sentries","floor":14.0,"turns":7.0},{"damage":25.0,"enemies":"Slime Boss","floor":16.0,"turns":6.0},{"damage":17.0,"enemies":"Spheric Guardian","floor":18.0,"turns":4.0},{"damage":5.0,"enemies":"Chosen","floor":21.0,"turns":5.0},{"damage":17.0,"enemies":"Slavers","floor":24.0,"turns":5.0},{"damage":9.0,"enemies":"Gremlin Leader","floor":30.0,"turns":3.0},{"damage":26.0,"enemies":"Snake Plant","floor":31.0,"turns":3.0},{"damage":26.0,"enemies":"Champ","floor":33.0,"turns":7.0},{"damage":10.0,"enemies":"3 Darklings","floor":35.0,"turns":2.0},{"damage":6.0,"enemies":"Mind Bloom Boss Battle","floor":36.0,"turns":6.0},{"damage":19.0,"enemies":"3 Shapes","floor":37.0,"turns":6.0},{"damage":6.0,"enemies":"Spire Growth","floor":39.0,"turns":2.0},{"damage":26.0,"enemies":"Giant Head","floor":41.0,"turns":5.0},{"damage":6.0,"enemies":"Jaw Worm Horde","floor":42.0,"turns":4.0},{"damage":6.0,"enemies":"Sphere and 2 Shapes","floor":45.0,"turns":4.0},{"damage":6.0,"enemies":"Reptomancer","floor":47.0,"turns":2.0},{"damage":62.0,"enemies":"Awakened One","floor":50.0,"turns":10.0},{"damage":44.0,"enemies":"Donu and Deca","floor":51.0,"turns":8.0},{"damage":60,"enemies":"Shield and Spear","floor":55,"turns":8},{"damage":58,"enemies":"The Heart","floor":56,"turns":6}],"seed_played":"1544869939764536667","potions_obtained":[{"floor":7.0,"key":"Dexterity Potion"},{"floor":13.0,"key":"SpeedPotion"},{"floor":18.0,"key":"Energy Potion"},{"floor":30.0,"key":"EssenceOfSteel"},{"floor":42.0,"key":"ElixirPotion"},{"floor":45.0,"key":"ColorlessPotion"}],"is_trial":false,"path_per_floor":["M","M","?","?","M","R","E","M","T","?","?","R","M","E","R","B",null,"M","$","?","M","?","R","E","R","T","R","?","$","E","M","R","B",null,"M","?","M","?","M","R","E","M","T","$","M","R","E","$","R","B","B",null,"R","$","E","B"],"character_chosen":"IRONCLAD","items_purchased":["Bandage Up","Flex","Inflame","Shrug It Off","Whirlwind+1","Bottled Lightning","Sword Boomerang+1","GamblersBrew"],"campfire_rested":1,"item_purchase_floors":[19,19,19,19,29,44,44,54],"current_hp_per_floor":[67,59,75,52,50,50,43,48,48,48,48,48,48,48,48,35,65,48,48,48,47,47,47,46,46,46,46,46,46,49,39,39,29,64,54,54,41,41,47,47,37,47,47,47,41,41,47,47,47,14,17,61,75,75,41,0,0],"gold":36,"neow_bonus":"BOSS_RELIC","is_daily":false,"chose_seed":false,"campfire_upgraded":9,"win_rate":0.0,"timestamp":1614272595,"path_taken":["M","M","?","?","M","R","E","M","T","?","?","R","M","E","R","BOSS","M","$","?","?","?","R","E","R","T","R","?","$","E","M","R","BOSS","M","?","M","?","M","R","E","?","T","?","M","R","E","?","R","BOSS","BOSS","R","$","E","BOSS"],"items_purchased_type":["Card","Card","Card","Card","Card","Relic","Card","Potion"],"build_version":"2020-12-22","purchased_purges":1,"victory":false,"max_hp_per_floor":[75,75,75,75,75,75,75,75,75,75,75,75,75,75,75,75,75,75,75,75,75,75,75,75,75,75,75,75,75,75,75,75,75,75,75,75,75,75,75,75,75,75,75,75,75,75,75,75,75,75,75,75,75,75,75,75,75],"relic_stats":{"Nunchaku":[7],"Shovel":0,"counters":[26,134],"Ornamental Fan":[124],"Self Forming Clay":[27],"Art of War":[4],"Question Card":16,"Cursed Key":1,"obtain_stats":[{"Self Forming Clay":55,"The Courier":26,"Question Card":14,"Cursed Key":34,"Burning Blood":0,"Du-Vu Doll":36,"Nunchaku":47,"Shovel":41,"Ornamental Fan":9,"Philosopher\u0027s Stone":17,"Molten Egg 2":24,"Art of War":30,"Bottled Lightning":44,"Red Skull":20,"Runic Pyramid":0,"Meat on the Bone":7},{"Self Forming Clay":25,"The Courier":11,"Question Card":7,"Cursed Key":14,"Burning Blood":0,"Du-Vu Doll":16,"Nunchaku":22,"Shovel":19,"Ornamental Fan":5,"Philosopher\u0027s Stone":8,"Molten Egg 2":11,"Art of War":12,"Bottled Lightning":20,"Red Skull":9,"Runic Pyramid":0,"Meat on the Bone":4},{"Self Forming Clay":128,"The Courier":58,"Question Card":38,"Cursed Key":71,"Burning Blood":0,"Du-Vu Doll":79,"Nunchaku":102,"Shovel":92,"Ornamental Fan":24,"Philosopher\u0027s Stone":44,"Molten Egg 2":58,"Art of War":61,"Bottled Lightning":96,"Red Skull":48,"Runic Pyramid":0,"Meat on the Bone":20}],"Meat on the Bone":180},"card_choices":[{"not_picked":["Pommel Strike","Headbutt"],"picked":"Body Slam","floor":1.0},{"not_picked":["Pummel","Heavy Blade"],"picked":"Armaments","floor":2.0},{"not_picked":["Perfected Strike","Warcry"],"picked":"Infernal Blade","floor":5.0},{"not_picked":["Thunderclap","Cleave","Wild Strike"],"picked":"SKIP","floor":7.0},{"not_picked":["Burning Pact","Feel No Pain"],"picked":"Anger","floor":8.0},{"not_picked":["Twin Strike","Clothesline"],"picked":"Headbutt","floor":13.0},{"not_picked":["Uppercut","Limit Break"],"picked":"Sentinel","floor":14.0},{"not_picked":["Double Tap","Juggernaut","Impervious"],"picked":"Fiend Fire","floor":16.0},{"not_picked":["Anger","Clash","Twin Strike","Heavy Blade"],"picked":"SKIP","floor":18.0},{"not_picked":["Perfected Strike","Warcry","Wild Strike+1"],"picked":"Power Through+1","floor":21.0},{"not_picked":["Fire Breathing","Sword Boomerang+1","Perfected Strike+1"],"picked":"Iron Wave+1","floor":24.0},{"not_picked":["Wild Strike+1","Sever Soul+1","Headbutt+1"],"picked":"Offering","floor":30.0},{"not_picked":["Havoc","Infernal Blade","Whirlwind+1"],"picked":"Pummel+1","floor":31.0},{"not_picked":["Offering","Fiend Fire+1","Berserk"],"picked":"Impervious","floor":33.0},{"not_picked":["Anger+1","Clash+1","Sentinel"],"picked":"Havoc","floor":35.0},{"not_picked":["Armaments","Thunderclap+1","Twin Strike+1"],"picked":"Seeing Red","floor":36.0},{"not_picked":["Thunderclap+1","Seeing Red","Searing Blow+1"],"picked":"Uppercut+1","floor":37.0},{"not_picked":["Armaments","Second Wind+1","Perfected Strike+1"],"picked":"Intimidate","floor":39.0},{"not_picked":["Clothesline+1","Shrug It Off","Thunderclap+1","Sword Boomerang+1"],"picked":"SKIP","floor":41.0},{"not_picked":["Second Wind+1","Shrug It Off","Twin Strike+1"],"picked":"Power Through","floor":42.0},{"not_picked":["Shrug It Off","Heavy Blade+1","Cleave+1"],"picked":"Reaper+1","floor":45.0},{"not_picked":["Sword Boomerang+1","Intimidate","Flame Barrier+1"],"picked":"Disarm+1","floor":47.0},{"not_picked":["Thunderclap+1","Headbutt+1","Fire Breathing"],"picked":"Flex+1","floor":55}],"player_experience":1793722,"relics_obtained":[{"floor":7.0,"key":"Meat on the Bone"},{"floor":9.0,"key":"Ornamental Fan"},{"floor":14.0,"key":"Question Card"},{"floor":24.0,"key":"Molten Egg 2"},{"floor":26.0,"key":"The Courier"},{"floor":30.0,"key":"Art of War"},{"floor":36.0,"key":"Du-Vu Doll"},{"floor":41.0,"key":"Shovel"},{"floor":47.0,"key":"Nunchaku"},{"floor":55,"key":"Self Forming Clay"}],"event_choices":[{"damage_healed":25.0,"max_hp_gain":0.0,"max_hp_loss":0.0,"gold_gain":0.0,"event_name":"Big Fish","player_choice":"Banana","floor":3.0,"gold_loss":0.0,"damage_taken":0.0},{"damage_healed":0.0,"max_hp_gain":0.0,"max_hp_loss":0.0,"gold_gain":0.0,"event_name":"Shining Light","player_choice":"Entered Light","floor":4.0,"gold_loss":0.0,"damage_taken":23.0,"cards_upgraded":["Armaments","Strike_R"]},{"damage_healed":0.0,"max_hp_gain":0.0,"max_hp_loss":0.0,"gold_gain":0.0,"event_name":"Dead Adventurer","player_choice":"Searched \u00270\u0027 times","floor":10.0,"gold_loss":0.0,"damage_taken":0.0},{"damage_healed":0.0,"max_hp_gain":0.0,"max_hp_loss":0.0,"gold_gain":50.0,"event_name":"Golden Shrine","player_choice":"Pray","floor":11.0,"gold_loss":0.0,"damage_taken":0.0},{"damage_healed":0.0,"max_hp_gain":0.0,"max_hp_loss":0.0,"gold_gain":0.0,"event_name":"WeMeetAgain","player_choice":"Gave Potion","floor":20.0,"gold_loss":0.0,"damage_taken":0.0,"relics_obtained":["Red Skull"]},{"damage_healed":0.0,"max_hp_gain":0.0,"max_hp_loss":0.0,"gold_gain":0.0,"event_name":"The Library","player_choice":"Read","floor":22.0,"gold_loss":0.0,"damage_taken":0.0,"cards_obtained":["Power Through"]},{"damage_healed":0.0,"max_hp_gain":0.0,"max_hp_loss":0.0,"gold_gain":0.0,"event_name":"MindBloom","player_choice":"Fight","floor":36.0,"gold_loss":0.0,"damage_taken":0.0},{"damage_healed":0.0,"max_hp_gain":0.0,"max_hp_loss":0.0,"gold_gain":0.0,"event_name":"SecretPortal","player_choice":"Ignored","floor":38.0,"gold_loss":0.0,"damage_taken":0.0}],"is_beta":false,"boss_relics":[{"not_picked":["Runic Cube","Ectoplasm"],"picked":"Philosopher\u0027s Stone"},{"not_picked":["Busted Crown","Tiny House"],"picked":"Cursed Key"}],"items_purged_floors":[19],"is_endless":false,"potions_floor_spawned":[7,13,18,30,42,45],"killed_by":"The Heart","ascension_level":20}}