{"host":"50qwps766cbz6ukm","time":1614285872,"event":{"mods":["BaseMod","Colored Map","Colored Powertips","DeckTracker","Highlight Path","Minty Spire (QoL Compilation)","Quick Restart","Remove Card Discount Mod","StSLib","SuperFastMode","Synergy Search"],"gold_per_floor":[116,116,116,291,342,342,377,377,377,395,93,108,143,157,157,285,285,298,298,321,321,340,374,374,374,374],"floor_reached":25,"language":"ENG","playtime":433,"items_purged":["Strike_P","Doubt","Strike_P","Strike_P","Defend_P","Strike_P","Defend_P+1","Defend_P","Defend_P"],"score":345,"play_id":"f9e00090-0f5c-4b2f-a687-56ce28e76b1b","local_time":"20210225224432","is_ascension_mode":true,"campfire_choices":[{"data":"Eruption","floor":6,"key":"SMITH"},{"data":"FlyingSleeves","floor":8,"key":"SMITH"},{"data":"FlurryOfBlows","floor":15,"key":"SMITH"}],"circlet_count":0,"master_deck":["Eruption+1","Vigilance+1","FlyingSleeves+1","Conclude+1","FlurryOfBlows+1","LikeWater+1","Panache+1","DevaForm+1","DevaForm+1","MentalFortress+1"],"relics":["PureWater","NeowsBlessing","Golden Idol","War Paint","Boot","Frozen Egg 2","Darkstone Periapt","Black Star","Ornamental Fan","PreservedInsect","HornCleat"],"acts_visited":["Exordium","TheCity"],"potions_floor_usage":[20,23,25],"damage_taken":[{"damage":0,"enemies":"2 Louse","floor":1,"turns":1},{"damage":0,"enemies":"3 Sentries","floor":7,"turns":1},{"damage":0,"enemies":"Small Slimes","floor":10,"turns":2},{"damage":0,"enemies":"Cultist","floor":12,"turns":2},{"damage":0,"enemies":"Gremlin Nob","floor":13,"turns":2},{"damage":0,"enemies":"2 Fungi Beasts","floor":14,"turns":1},{"damage":0,"enemies":"Slime Boss","floor":16,"turns":4},{"damage":5,"enemies":"Shell Parasite","floor":18,"turns":4},{"damage":11,"enemies":"3 Byrds","floor":20,"turns":3},{"damage":3,"enemies":"Centurion and Healer","floor":22,"turns":5},{"damage":24,"enemies":"Gremlin Leader","floor":23,"turns":4},{"damage":28,"enemies":"Slavers","floor":25,"turns":1}],"seed_played":"-6332945253926517627","potions_obtained":[{"floor":10,"key":"PowerPotion"},{"floor":12,"key":"GamblersBrew"},{"floor":13,"key":"Explosive Potion"},{"floor":20,"key":"Strength Potion"},{"floor":23,"key":"Energy Potion"}],"is_trial":false,"path_per_floor":["M","?","?","?","T","R","E","R","T","M","$","M","E","M","R","B",null,"M","?","M","?","M","E","?","E"],"character_chosen":"WATCHER","items_purchased":["FlurryOfBlows","LikeWater+1","Panache+1"],"campfire_rested":0,"item_purchase_floors":[11,11,11],"current_hp_per_floor":[72,72,54,54,54,54,54,54,54,54,54,54,54,54,54,54,72,67,67,56,50,47,23,23,0,0],"gold":374,"neow_bonus":"THREE_ENEMY_KILL","is_daily":false,"chose_seed":false,"campfire_upgraded":3,"win_rate":0.0,"timestamp":1614285872,"path_taken":["M","?","?","?","?","R","E","R","T","M","$","?","E","M","R","BOSS","M","?","M","?","?","E","?","E"],"items_purchased_type":["Card","Card","Card"],"build_version":"2020-12-22","purchased_purges":9,"victory":false,"max_hp_per_floor":[72,72,72,72,72,72,72,72,72,72,72,72,72,72,72,72,72,72,72,72,72,72,72,72,72,72],"card_choices":[{"not_picked":["ThirdEye","Worship","DeceiveReality"],"picked":"SKIP","floor":1},{"not_picked":["PathToVictory","EmptyBody"],"picked":"FlyingSleeves","floor":7},{"not_picked":["SashWhip","FlyingSleeves"],"picked":"Conclude","floor":10},{"not_picked":["FollowUp","SashWhip","Protect"],"picked":"SKIP","floor":12},{"not_picked":["JustLucky","Halt","Crescendo"],"picked":"SKIP","floor":13},{"not_picked":["Consecrate","ClearTheMind"],"picked":"DevaForm+1","floor":14},{"not_picked":["Vault","Establishment+1"],"picked":"DevaForm+1","floor":16},{"not_picked":["JustLucky","Meditate","Sanctity"],"picked":"SKIP","floor":18},{"not_picked":["EmptyFist","JustLucky","ClearTheMind"],"picked":"SKIP","floor":20},{"not_picked":["BattleHymn+1","Consecrate"],"picked":"MentalFortress+1","floor":22},{"not_picked":["InnerPeace+1","FlyingSleeves","WaveOfTheHand"],"picked":"SKIP","floor":23}],"player_experience":455545,"relics_obtained":[{"floor":5,"key":"War Paint"},{"floor":7,"key":"Boot"},{"floor":9,"key":"Frozen Egg 2"},{"floor":13,"key":"Darkstone Periapt"},{"floor":23,"key":"PreservedInsect"},{"floor":23,"key":"HornCleat"}],"event_choices":[{"damage_healed":0,"gold_gain":0,"player_choice":"Leave","damage_taken":0,"max_hp_gain":0,"max_hp_loss":0,"event_name":"The Cleric","floor":2,"gold_loss":0},{"damage_healed":0,"gold_gain":0,"player_choice":"Take Damage","damage_taken":18,"relics_obtained":["Golden Idol"],"max_hp_gain":0,"max_hp_loss":0,"event_name":"Golden Idol","floor":3,"gold_loss":0},{"damage_healed":0,"gold_gain":175,"player_choice":"AGREE","damage_taken":0,"max_hp_gain":0,"max_hp_loss":0,"event_name":"Liars Game","floor":4,"gold_loss":0,"cards_obtained":["Doubt"]},{"damage_healed":0,"gold_gain":0,"player_choice":"Opened","damage_taken":0,"relics_obtained":["Ornamental Fan"],"max_hp_gain":0,"max_hp_loss":0,"event_name":"The Mausoleum","floor":19,"gold_loss":0},{"damage_healed":0,"gold_gain":0,"player_choice":"","damage_taken":6,"max_hp_gain":0,"max_hp_loss":0,"event_name":"Knowing Skull","floor":21,"potions_obtained":[],"gold_loss":0,"cards_obtained":[]},{"damage_healed":0,"gold_gain":0,"player_choice":"Upgraded","damage_taken":0,"max_hp_gain":0,"max_hp_loss":0,"event_name":"Upgrade Shrine","floor":24,"gold_loss":0,"cards_upgraded":["Conclude"]}],"is_beta":false,"boss_relics":[{"not_picked":["Ectoplasm","Astrolabe"],"picked":"Black Star"}],"items_purged_floors":[11,11,11,11,11,11,11,11,11],"is_endless":false,"potions_floor_spawned":[10,12,13,20,23],"killed_by":"Slavers","ascension_level":1}}