{"host":"43wsnxh97mgjl5zw","time":1614276504,"event":{"mods":["Aspiration","BaseMod","Colored Map","Colored Powertips","Conspire","Downfall","Halation","Hubris","Minty Spire (QoL Compilation)","Quick Restart","Rare Cards Sparkle","Relic Sorter","Reliquary","Replay The Spire","StSLib"],"gold_per_floor":[109,109,152,162,191,191,191,191,191,191,205,43,43,43,43,43,43],"floor_reached":16,"language":"ENG","playtime":349,"items_purged":[],"score":172,"play_id":"afbff25c-a2d7-4e86-a95a-a037e3b7981f","local_time":"20210225200824","is_ascension_mode":true,"campfire_choices":[{"data":"Leg Sweep","floor":6,"key":"SMITH"},{"data":"Neutralize","floor":6,"key":"SMITH"},{"data":"Dagger Spray","floor":8,"key":"SMITH"},{"floor":8,"key":"RECALL"},{"data":"Prepared","floor":10,"key":"SMITH"},{"data":"Survivor","floor":10,"key":"SMITH"},{"data":"Glass Knife","floor":13,"key":"SMITH"},{"data":"PiercingWail","floor":13,"key":"SMITH"},{"data":"Strike_G","floor":15,"key":"SMITH"},{"data":"Strike_G","floor":15,"key":"SMITH"}],"circlet_count":0,"master_deck":["AscendersBane","Strike_G+1","Strike_G","Strike_G+1","Strike_G","Strike_G","Defend_G","Defend_G","Defend_G","Defend_G","Defend_G","Survivor+1","Neutralize+1","Leg Sweep+1","Prepared+1","Dagger Spray+1","PiercingWail+1","Glass Knife+1"],"relics":["Ring of the Snake","NeowsBlessing","halation:PenCase","conspire:DeflatedDodgeball","Happy Flower","halation:StarCompass"],"acts_visited":["Exordium"],"potions_floor_usage":[16],"damage_taken":[{"damage":0,"enemies":"Jaw Worm","floor":1,"turns":1},{"damage":0,"enemies":"Small Slimes","floor":4,"turns":1},{"damage":0,"enemies":"conspire:MimicChest","floor":5,"turns":1},{"damage":0,"enemies":"2 Louse","floor":11,"turns":2},{"damage":18,"enemies":"Slime Boss","floor":16,"turns":13}],"seed_played":"-3563587974849015784","potions_obtained":[{"floor":1,"key":"LifebloodPotion"}],"is_trial":false,"path_per_floor":["M","?","?","M","?","R","?","R","T","R","M","$","R","?","R","B"],"character_chosen":"THE_SILENT","items_purchased":["Glass Knife"],"campfire_rested":0,"item_purchase_floors":[12],"current_hp_per_floor":[59,41,20,20,20,20,20,20,20,20,20,20,20,20,20,2,2],"gold":43,"neow_bonus":"THREE_ENEMY_KILL","is_daily":false,"chose_seed":false,"campfire_upgraded":9,"win_rate":0.0,"timestamp":1614276504,"path_taken":["M","?","?","M","?","R","?","R","T","R","?","$","R","?","R","BOSS"],"items_purchased_type":["Card"],"build_version":"2020-12-22","purchased_purges":0,"victory":false,"max_hp_per_floor":[66,66,66,66,66,66,66,66,66,66,66,66,66,66,66,66,66],"card_choices":[{"not_picked":["Slice","Poisoned Stab"],"picked":"Leg Sweep","floor":1},{"not_picked":["ReplayTheSpireMod:The Works","Underhanded Strike"],"picked":"Prepared","floor":3},{"not_picked":["Outmaneuver","hubris:SlightOfHand","Hidden Blade"],"picked":"SKIP","floor":4},{"not_picked":["hubris:SlightOfHand","Sucker Punch"],"picked":"Dagger Spray","floor":5},{"not_picked":["Acrobatics","Underhanded Strike"],"picked":"PiercingWail","floor":11}],"player_experience":1294549,"relics_obtained":[{"floor":3,"key":"conspire:DeflatedDodgeball"},{"floor":5,"key":"Happy Flower"}],"event_choices":[{"damage_healed":0,"gold_gain":0,"player_choice":"Success","damage_taken":18,"relics_obtained":["halation:PenCase"],"max_hp_gain":0,"max_hp_loss":0,"event_name":"Scrap Ooze","floor":2,"gold_loss":0},{"damage_healed":0,"gold_gain":0,"player_choice":"Ignored","damage_taken":0,"max_hp_gain":0,"max_hp_loss":0,"event_name":"Liars Game","floor":7,"gold_loss":0}],"is_beta":false,"boss_relics":[],"items_purged_floors":[],"is_endless":false,"potions_floor_spawned":[1],"killed_by":"Slime Boss","ascension_level":20}}