{"host":"rfvxwqmjnimh09wr","time":1614215216,"event":{"mods":["BaseMod","Colored Map","Minty Spire (QoL Compilation)","StSLib"],"gold_per_floor":[116,66,66,84,95,129,129,140,140,150,209,16,28,40,40,142,142,159,74,74,74,93,110,110,130,130,55,55,83,99,117,117,221,221,238,74,89,109,109,109,140,140,189,239,252,252,252,10,10,10,10,10,10,45,45],"floor_reached":56,"language":"ENG","playtime":3495,"items_purged":["Strike_R"],"score":1149,"play_id":"97bbab02-b472-42ce-b653-afd50e77ac01","local_time":"20210224200656","is_ascension_mode":false,"campfire_choices":[{"data":"Cleave","floor":7,"key":"SMITH"},{"floor":15,"key":"REST"},{"data":"Fiend Fire","floor":24,"key":"SMITH"},{"data":"Armaments","floor":32,"key":"SMITH"},{"floor":40,"key":"RECALL"},{"data":"Demon Form","floor":42,"key":"SMITH"},{"data":"Shockwave","floor":46,"key":"SMITH"},{"data":"The Bomb","floor":49,"key":"SMITH"},{"data":"Berserk","floor":52,"key":"SMITH"}],"circlet_count":0,"master_deck":["Defend_R","Defend_R","Defend_R","Defend_R","Bash","Berserk+1","Cleave","Cleave+1","Armaments+1","Whirlwind","Fiend Fire+1","Metallicize","Battle Trance","Feel No Pain","Demon Form+1","Heavy Blade+1","Carnage","Shrug It Off+1","Shockwave+1","Feed","Immolate+1","Carnage+1","Impervious+1","Spot Weakness+1","Apotheosis","Entrench+1","The Bomb+1"],"relics":["Burning Blood","Red Skull","Gremlin Horn","CaptainsWheel","Snecko Eye","Potion Belt","Eternal Feather","MutagenicStrength","Letter Opener","Astrolabe","Pocketwatch","Dead Branch","Mango"],"acts_visited":["Exordium","TheCity","TheBeyond","TheEnding"],"potions_floor_usage":[6,8,13,14,29,29,29,30,50,54,55,55],"damage_taken":[{"damage":17,"enemies":"Small Slimes","floor":1,"turns":3},{"damage":6,"enemies":"2 Louse","floor":4,"turns":2},{"damage":6,"enemies":"Jaw Worm","floor":5,"turns":3},{"damage":40,"enemies":"Gremlin Nob","floor":6,"turns":5},{"damage":11,"enemies":"Exordium Wildlife","floor":8,"turns":3},{"damage":5,"enemies":"Looter","floor":10,"turns":3},{"damage":42,"enemies":"Lagavulin Event","floor":11,"turns":6},{"damage":6,"enemies":"Blue Slaver","floor":13,"turns":2},{"damage":2,"enemies":"Exordium Wildlife","floor":14,"turns":2},{"damage":32,"enemies":"The Guardian","floor":16,"turns":8},{"damage":9,"enemies":"3 Byrds","floor":18,"turns":4},{"damage":5,"enemies":"Chosen","floor":22,"turns":3},{"damage":21,"enemies":"Snake Plant","floor":23,"turns":4},{"damage":19,"enemies":"Centurion and Healer","floor":25,"turns":5},{"damage":8,"enemies":"Gremlin Leader","floor":29,"turns":4},{"damage":0,"enemies":"Shelled Parasite and Fungi","floor":30,"turns":2},{"damage":1,"enemies":"Cultist and Chosen","floor":31,"turns":3},{"damage":52,"enemies":"Champ","floor":33,"turns":8},{"damage":7,"enemies":"3 Darklings","floor":35,"turns":3},{"damage":4,"enemies":"Orb Walker","floor":37,"turns":2},{"damage":14,"enemies":"Spire Growth","floor":38,"turns":3},{"damage":7,"enemies":"Giant Head","floor":41,"turns":5},{"damage":0,"enemies":"Mind Bloom Boss Battle","floor":44,"turns":5},{"damage":3,"enemies":"Sphere and 2 Shapes","floor":45,"turns":2},{"damage":52,"enemies":"Donu and Deca","floor":50,"turns":6},{"damage":6,"enemies":"Shield and Spear","floor":54,"turns":3},{"damage":77,"enemies":"The Heart","floor":55,"turns":7}],"seed_played":"-2992473765822559991","potions_obtained":[{"floor":5,"key":"Regen Potion"},{"floor":6,"key":"DistilledChaos"},{"floor":8,"key":"LiquidMemories"},{"floor":11,"key":"Strength Potion"},{"floor":22,"key":"Energy Potion"},{"floor":25,"key":"Energy Potion"},{"floor":29,"key":"FearPotion"},{"floor":38,"key":"Block Potion"},{"floor":41,"key":"HeartOfIron"},{"floor":45,"key":"ColorlessPotion"}],"is_trial":false,"path_per_floor":["M","?","$","M","M","E","R","M","T","M","?","$","M","M","R","B",null,"M","?","?","$","M","M","R","M","T","$","?","E","M","M","R","B",null,"M","$","M","M","?","R","E","R","T","?","M","R","?","$","R","B",null,"R","$","E","B",null],"character_chosen":"IRONCLAD","items_purchased":["Fiend Fire","Metallicize","Block Potion","Apotheosis","The Bomb","DuplicationPotion"],"campfire_rested":1,"item_purchase_floors":[12,12,12,36,48,48],"current_hp_per_floor":[69,69,69,69,69,49,49,44,44,45,9,9,9,13,37,11,80,77,77,77,77,78,63,63,50,50,50,50,48,54,59,71,25,80,79,79,80,72,72,76,75,76,76,76,76,76,76,76,76,30,76,76,76,90,19],"gold":45,"neow_bonus":"ONE_RANDOM_RARE_CARD","is_daily":false,"chose_seed":false,"campfire_upgraded":7,"win_rate":0.0,"timestamp":1614215216,"path_taken":["M","?","$","M","M","E","R","M","T","M","?","$","M","M","R","BOSS","M","?","?","$","M","M","R","M","T","$","?","E","M","M","R","BOSS","M","$","M","M","?","R","E","R","T","?","?","R","?","?","R","BOSS","R","$","E","BOSS"],"items_purchased_type":["Card","Card","Potion","Card","Card","Potion"],"build_version":"2020-12-22","purchased_purges":1,"victory":true,"max_hp_per_floor":[80,80,80,80,80,80,80,80,80,80,80,80,80,80,80,80,80,80,80,80,80,80,80,80,80,80,80,80,80,80,80,80,80,80,80,80,80,80,76,76,76,76,76,76,76,76,76,76,76,76,76,76,76,90,90],"card_choices":[{"not_picked":["Anger","Shrug It Off"],"picked":"Cleave","floor":1},{"not_picked":["Clothesline","Pommel Strike"],"picked":"Cleave","floor":4},{"not_picked":["Clash","Shrug It Off","Headbutt"],"picked":"SKIP","floor":5},{"not_picked":["Rampage","Searing Blow","Reckless Charge"],"picked":"SKIP","floor":6},{"not_picked":["Cleave","Flex"],"picked":"Armaments","floor":8},{"not_picked":["Twin Strike","Burning Pact"],"picked":"Whirlwind","floor":10},{"not_picked":["Perfected Strike","Clash"],"picked":"Battle Trance","floor":13},{"not_picked":["Rampage","Iron Wave"],"picked":"Feel No Pain","floor":14},{"not_picked":["Limit Break","Corruption"],"picked":"Demon Form","floor":16},{"not_picked":["Shrug It Off","Flex"],"picked":"Heavy Blade+1","floor":18},{"not_picked":["Clash","Headbutt","Iron Wave"],"picked":"SKIP","floor":22},{"not_picked":["Second Wind","Burning Pact+1"],"picked":"Shrug It Off+1","floor":23},{"not_picked":["Feel No Pain+1","Metallicize+1","Demon Form"],"picked":"SKIP","floor":25},{"not_picked":["Second Wind","Havoc+1"],"picked":"Shockwave","floor":29},{"not_picked":["Anger","Pummel+1","Power Through"],"picked":"SKIP","floor":30},{"not_picked":["True Grit","Heavy Blade","Iron Wave"],"picked":"SKIP","floor":31},{"not_picked":["Brutality","Offering"],"picked":"Feed","floor":33},{"not_picked":["Combust","Warcry"],"picked":"Spot Weakness+1","floor":35},{"not_picked":["Thunderclap+1","Headbutt+1","Infernal Blade"],"picked":"SKIP","floor":37},{"not_picked":["Blood for Blood+1","Heavy Blade+1","Fire Breathing+1"],"picked":"SKIP","floor":38},{"not_picked":["Evolve+1","Seeing Red","Carnage+1"],"picked":"SKIP","floor":41},{"not_picked":["Pummel+1","Dark Embrace"],"picked":"Entrench+1","floor":45},{"not_picked":["Infernal Blade","Twin Strike","Immolate"],"picked":"SKIP","floor":54}],"player_experience":220721,"relics_obtained":[{"floor":6,"key":"Red Skull"},{"floor":9,"key":"Gremlin Horn"},{"floor":11,"key":"CaptainsWheel"},{"floor":26,"key":"Eternal Feather"},{"floor":29,"key":"Letter Opener"},{"floor":41,"key":"Pocketwatch"},{"floor":44,"key":"Dead Branch"},{"floor":54,"key":"Mango"}],"event_choices":[{"cards_removed":["Strike_R"],"damage_healed":0,"gold_gain":0,"player_choice":"Card Removal","damage_taken":0,"max_hp_gain":0,"max_hp_loss":0,"event_name":"The Cleric","floor":2,"gold_loss":50},{"damage_healed":0,"gold_gain":0,"player_choice":"Searched \u00272\u0027 times","damage_taken":0,"max_hp_gain":0,"max_hp_loss":0,"event_name":"Dead Adventurer","floor":11,"gold_loss":0},{"damage_healed":0,"gold_gain":0,"player_choice":"Obtained Relic","damage_taken":0,"relics_obtained":["Potion Belt"],"max_hp_gain":0,"max_hp_loss":0,"event_name":"Addict","floor":19,"gold_loss":85},{"damage_healed":0,"gold_gain":0,"player_choice":"Read","damage_taken":0,"max_hp_gain":0,"max_hp_loss":0,"event_name":"The Library","floor":20,"gold_loss":0,"cards_obtained":["Carnage"]},{"damage_healed":0,"gold_gain":0,"player_choice":"Inject Mutagens","damage_taken":0,"relics_obtained":["MutagenicStrength"],"max_hp_gain":0,"max_hp_loss":0,"event_name":"Drug Dealer","floor":28,"gold_loss":0},{"damage_healed":0,"gold_gain":0,"player_choice":"Max HP","damage_taken":0,"max_hp_gain":0,"max_hp_loss":4,"event_name":"Winding Halls","floor":39,"gold_loss":0},{"damage_healed":0,"gold_gain":0,"player_choice":"Fight","damage_taken":0,"max_hp_gain":0,"max_hp_loss":0,"event_name":"MindBloom","floor":44,"gold_loss":0},{"damage_healed":0,"gold_gain":0,"player_choice":"Ignored","damage_taken":0,"max_hp_gain":0,"max_hp_loss":0,"event_name":"Tomb of Lord Red Mask","floor":47,"gold_loss":0}],"is_beta":false,"boss_relics":[{"not_picked":["Busted Crown","Sozu"],"picked":"Snecko Eye"},{"not_picked":["SlaversCollar","Runic Pyramid"],"picked":"Astrolabe"}],"items_purged_floors":[27],"is_endless":false,"potions_floor_spawned":[5,6,8,11,22,25,29,38,41,45],"ascension_level":0}}