{"host":"nkolxg4se00n20yf","time":1614290941,"event":{"mods":["BaseMod","CatGirl Mod","Chen","Colored Map","Colored Powertips","Downfall","Friendly Minions","Infinite Spire","Kiyohime????","Marisa????????","Minty Spire (QoL Compilation)","StSLib","Td1madao Mod","The Administrix","The Cursed","The Exalted","The Hierophant","The Servant 0.9.4"],"gold_per_floor":[114,114,125,141,141,141,141,141],"floor_reached":7,"language":"ENG","playtime":502,"items_purged":[],"score":80,"play_id":"fa128817-26c2-4908-9547-348e673d0a65","local_time":"20210225230901","is_ascension_mode":true,"campfire_choices":[{"floor":6,"key":"REST"}],"circlet_count":0,"master_deck":["AscendersBane","Strike_G","Strike_G","Strike_G","Strike_G","Strike_G","Defend_G","Defend_G","Defend_G","Defend_G","Defend_G","Survivor","Neutralize","Adrenaline","Quick Slash","Sucker Punch","Masterful Stab"],"relics":["Ring of the Snake","Golden Idol"],"acts_visited":["Exordium"],"potions_floor_usage":[7,7],"damage_taken":[{"damage":5,"enemies":"Jaw Worm","floor":1,"turns":5},{"damage":3,"enemies":"Small Slimes","floor":3,"turns":4},{"damage":5,"enemies":"2 Louse","floor":4,"turns":3},{"damage":41,"enemies":"Lagavulin","floor":7,"turns":8}],"seed_played":"-1856115239512305534","potions_obtained":[{"floor":3,"key":"LiquidMemories"},{"floor":4,"key":"GhostInAJar"}],"is_trial":false,"path_per_floor":["M","?","M","M","?","R","E"],"character_chosen":"THE_SILENT","items_purchased":[],"campfire_rested":1,"item_purchase_floors":[],"current_hp_per_floor":[39,39,36,31,8,27,0,0],"gold":141,"neow_bonus":"THREE_RARE_CARDS","is_daily":false,"chose_seed":false,"campfire_upgraded":0,"win_rate":0.0,"timestamp":1614290941,"path_taken":["M","?","M","M","?","R","E"],"items_purchased_type":[],"build_version":"2020-12-22","purchased_purges":0,"victory":false,"max_hp_per_floor":[66,66,66,66,66,66,66,66],"card_choices":[{"not_picked":["Bullet Time","Unload"],"picked":"Adrenaline","floor":0},{"not_picked":["Heel Hook","Dagger Throw"],"picked":"Quick Slash","floor":1},{"not_picked":["Poisoned Stab","Reflex"],"picked":"Sucker Punch","floor":3},{"not_picked":["Dash","Heel Hook"],"picked":"Masterful Stab","floor":4}],"player_experience":1152573,"relics_obtained":[],"event_choices":[{"damage_healed":0,"gold_gain":0,"player_choice":"Take Damage","damage_taken":23,"relics_obtained":["Golden Idol"],"max_hp_gain":0,"max_hp_loss":0,"event_name":"Golden Idol","floor":5,"gold_loss":0}],"is_beta":false,"boss_relics":[],"items_purged_floors":[],"is_endless":false,"potions_floor_spawned":[1,3,4],"killed_by":"Lagavulin","ascension_level":19}}