{"host":"fl9v8v0ogd4flw78","time":1614275565,"event":{"mods":["BaseMod","Downfall","Ekko","Gremlin Mod","Highlight Path","Koishi","Luminous","Marked Mod","Minty Spire (QoL Compilation)","Quick Restart","READ ME - Guardian Mod","Relic Stats","Replay The Spire","StSLib","Td1madao Mod","The Marked","The Servant 0.9.4"],"gold_per_floor":[110,110,124,399,411,443,443,23,50,50,80,101,139,139,139,265,265,299,339,381,429,429,477,477,525,525,525,34,83,83,83,83,210,210,244,466,499,529,247,289,328,344,344,344,365,365,403,46,46,62],"floor_reached":51,"language":"ZHS","playtime":3961,"items_purged":["Regret","Deadline+1"],"score":1029,"play_id":"77f6f2c2-7ee3-4b9b-b456-fbe398c0879e","local_time":"20210226015245","is_ascension_mode":true,"campfire_choices":[{"data":"KidneyShot","floor":7.0,"key":"SMITH"},{"data":"Apotheosis","floor":10.0,"key":"SMITH"},{"floor":24.0,"key":"REST"},{"data":"Potential","floor":27.0,"key":"SMITH"},{"data":"Exchange","floor":30.0,"key":"SMITH"},{"data":"TimeWarp","floor":32.0,"key":"SMITH"},{"floor":46,"key":"REST"},{"floor":49,"key":"REST"}],"circlet_count":0,"master_deck":["Strike_S","Strike_S","Strike_S","Defend_S","Defend_S","Defend_S+1","Defend_S","KidneyShot+1","Exchange+1","Starlight","Alleviate","Luminosity+1","FastForward+1","Apotheosis+1","TimeWarp+1","Potential+1","KidneyShot","Finesse","MurderousAura","BottledTime+1","Comet","Luminosity+1","DualDimension","MurderousAura","SurpressingFire","Rearm","SilverBlades+1","BottledTime+1","Discovery","Rewind","Defy"],"relics":["Uniform","NeowsBlessing","Replay:Mystery Machine","Replay:Bandana","Anchor","FossilizedHelix","Busted Crown","Red Mask","War Paint","Blue Candle","DollysMirror","Replay:Baseball","Juzu Bracelet","Replay:Wax Seal","MutagenicStrength","Nunchaku","Regal Pillow","ReplayTheSpireMod:Ninjato","BargainBundle","Strawberry"],"acts_visited":["Exordium","TheCity","TheBeyond"],"potions_floor_usage":[50,50],"damage_taken":[{"damage":0.0,"enemies":"Cultist","floor":1.0,"turns":1.0},{"damage":0.0,"enemies":"Jaw Worm","floor":3.0,"turns":1.0},{"damage":0.0,"enemies":"Small Slimes","floor":5.0,"turns":1.0},{"damage":3.0,"enemies":"Lagavulin","floor":6.0,"turns":5.0},{"damage":0.0,"enemies":"3 Louse","floor":11.0,"turns":5.0},{"damage":0.0,"enemies":"Red Slaver","floor":12.0,"turns":5.0},{"damage":2.0,"enemies":"Large Slime","floor":13.0,"turns":5.0},{"damage":1.0,"enemies":"Hexaghost","floor":16.0,"turns":9.0},{"damage":12.0,"enemies":"Spheric Guardian","floor":18.0,"turns":5.0},{"damage":6.0,"enemies":"3 Byrds","floor":19.0,"turns":5.0},{"damage":0.0,"enemies":"Shelled Parasite and Fungi","floor":20.0,"turns":5.0},{"damage":23.0,"enemies":"Masked Bandits","floor":21.0,"turns":4.0},{"damage":0.0,"enemies":"Replay:Snechameleon","floor":23.0,"turns":4.0},{"damage":0.0,"enemies":"Centurion and Healer","floor":25.0,"turns":7.0},{"damage":0.0,"enemies":"Gremlin Leader","floor":29.0,"turns":10.0},{"damage":11.0,"enemies":"Collector","floor":33.0,"turns":10.0},{"damage":0.0,"enemies":"Orb Walker","floor":35.0,"turns":4.0},{"damage":4.0,"enemies":"3 Darklings","floor":37.0,"turns":9.0},{"damage":0.0,"enemies":"Maw","floor":38.0,"turns":8.0},{"damage":0.0,"enemies":"R_Hoarder","floor":40.0,"turns":8.0},{"damage":0.0,"enemies":"Writhing Mass","floor":41.0,"turns":4.0},{"damage":0.0,"enemies":"Transient","floor":42.0,"turns":5.0},{"damage":16,"enemies":"Sphere and 2 Shapes","floor":45,"turns":5},{"damage":14,"enemies":"Jaw Worm Horde","floor":47,"turns":6},{"damage":11,"enemies":"Time Eater","floor":50,"turns":10}],"seed_played":"6429480656228443085","potions_obtained":[{"floor":12.0,"key":"LiquidBronze"},{"floor":13.0,"key":"Slimebound:ThreeZeroPotion"},{"floor":20.0,"key":"Reflective Coating"},{"floor":23.0,"key":"Flashbang"},{"floor":25.0,"key":"Strength Potion"},{"floor":33.0,"key":"Fire Potion"},{"floor":35.0,"key":"Elixir"},{"floor":37.0,"key":"DistilledChaos"},{"floor":47,"key":"Elixir"}],"is_trial":false,"path_per_floor":["M","?","M","?","M","E","R","$","T","R","M","M","M","T","R","B",null,"M","M","M","?","?","E","R","M","T","R","$","E","R","?","R","B",null,"M","?","M","M","$","E","M","M","T","?","M","R","M","$","R","B",null],"character_chosen":"THE_SERVANT","items_purchased":["Apotheosis","Replay:Bandana","DollysMirror","Replay:Baseball","Juzu Bracelet","DualDimension","SurpressingFire","Nunchaku","Rearm","BargainBundle","Strawberry","Rewind","Defy","PowerPotion","FearPotion","Fire Potion"],"campfire_rested":3,"item_purchase_floors":[8,8,28,28,28,28,39,39,39,48,48,48,48,48,48,48],"current_hp_per_floor":[59,59,59,59,59,56,56,56,56,56,56,56,54,54,54,53,62,50,44,44,21,21,21,40,40,40,40,40,40,40,40,40,29,56,56,56,52,52,52,52,52,52,52,52,36,65,51,58,72,61],"gold":62,"neow_bonus":"THREE_ENEMY_KILL","is_daily":false,"chose_seed":false,"campfire_upgraded":5,"win_rate":0.0,"timestamp":1614275565,"path_taken":["M","?","M","?","M","E","R","$","T","R","M","?","M","?","R","BOSS","M","M","M","?","?","E","R","M","T","R","$","E","R","?","R","BOSS","M","?","M","M","$","E","M","M","T","?","M","R","M","$","R","BOSS"],"items_purchased_type":["Card","Relic","Relic","Relic","Relic","Card","Card","Relic","Card","Relic","Relic","Card","Card","Potion","Potion","Potion"],"build_version":"2020-12-22","purchased_purges":2,"victory":true,"max_hp_per_floor":[65,65,65,65,65,65,65,65,65,65,65,65,65,65,65,65,65,65,65,65,65,65,65,65,65,65,65,65,65,65,65,65,65,65,65,65,65,65,65,65,65,65,65,65,65,65,65,72,72,72],"relic_stats":{"Nunchaku":[7],"Regal Pillow":10,"Busted Crown":32,"counters":[25,141],"Blue Candle":[0],"Juzu Bracelet":1,"War Paint":["FastForward","Defend_S"],"obtain_stats":[{"Regal Pillow":40,"BargainBundle":48,"ReplayTheSpireMod:Ninjato":43,"NeowsBlessing":0,"Blue Candle":26,"Uniform":0,"Juzu Bracelet":28,"Replay:Mystery Machine":6,"War Paint":23,"Replay:Bandana":8,"Anchor":9,"Replay:Baseball":28,"Nunchaku":39,"Busted Crown":17,"DollysMirror":28,"MutagenicStrength":31,"Strawberry":48,"Red Mask":21,"Replay:Wax Seal":29,"FossilizedHelix":14},{"Regal Pillow":20,"BargainBundle":24,"ReplayTheSpireMod:Ninjato":22,"NeowsBlessing":0,"Blue Candle":14,"Uniform":0,"Juzu Bracelet":14,"Replay:Mystery Machine":4,"War Paint":13,"Replay:Bandana":4,"Anchor":4,"Replay:Baseball":14,"Nunchaku":19,"Busted Crown":8,"DollysMirror":14,"MutagenicStrength":15,"Strawberry":24,"Red Mask":12,"Replay:Wax Seal":15,"FossilizedHelix":7},{"Regal Pillow":111,"BargainBundle":131,"ReplayTheSpireMod:Ninjato":120,"NeowsBlessing":0,"Blue Candle":62,"Uniform":0,"Juzu Bracelet":62,"Replay:Mystery Machine":8,"War Paint":55,"Replay:Bandana":8,"Anchor":8,"Replay:Baseball":62,"Nunchaku":103,"Busted Crown":32,"DollysMirror":62,"MutagenicStrength":72,"Strawberry":131,"Red Mask":51,"Replay:Wax Seal":72,"FossilizedHelix":23}]},"card_choices":[{"not_picked":["Spin","Alleviate"],"picked":"Starlight","floor":1.0},{"not_picked":["DoubleEdge","Snipe"],"picked":"Alleviate","floor":3.0},{"not_picked":["Spin","FastForward"],"picked":"Luminosity","floor":5.0},{"not_picked":["Alleviate","ReturningBlade"],"picked":"FastForward","floor":6.0},{"not_picked":["Alleviate","Spin","Deadline"],"picked":"SKIP","floor":11.0},{"not_picked":["DoubleEdge","FanOfKnives"],"picked":"TimeWarp","floor":12.0},{"not_picked":["LightFlow","Revamp"],"picked":"Potential","floor":13.0},{"not_picked":["ForgedInTime","PendulumOfEternity"],"picked":"MurderousAura","floor":16.0},{"not_picked":["StarChef+1"],"picked":"SKIP","floor":18.0},{"not_picked":["Unruled"],"picked":"SKIP","floor":19.0},{"not_picked":[],"picked":"BottledTime+1","floor":20.0},{"not_picked":[],"picked":"Comet","floor":21.0},{"not_picked":["Deny"],"picked":"SKIP","floor":23.0},{"not_picked":["DoubleEdge+1"],"picked":"SKIP","floor":25.0},{"not_picked":[],"picked":"MurderousAura","floor":29.0},{"not_picked":["Starlight+1"],"picked":"SKIP","floor":35.0},{"not_picked":["Alleviate+1"],"picked":"SKIP","floor":37.0},{"not_picked":["DoubleEdge"],"picked":"SKIP","floor":38.0},{"not_picked":[],"picked":"SilverBlades+1","floor":40.0},{"not_picked":["Ricochet+1"],"picked":"SKIP","floor":41.0},{"not_picked":[],"picked":"BottledTime+1","floor":42.0},{"not_picked":["Deny"],"picked":"SKIP","floor":45},{"not_picked":["Alleviate+1"],"picked":"SKIP","floor":47}],"player_experience":543785,"relics_obtained":[{"floor":6.0,"key":"Replay:Mystery Machine"},{"floor":9.0,"key":"Anchor"},{"floor":14.0,"key":"FossilizedHelix"},{"floor":21.0,"key":"Red Mask"},{"floor":23.0,"key":"War Paint"},{"floor":26.0,"key":"Blue Candle"},{"floor":29.0,"key":"Replay:Wax Seal"},{"floor":40.0,"key":"Regal Pillow"},{"floor":43.0,"key":"ReplayTheSpireMod:Ninjato"}],"event_choices":[{"damage_healed":0.0,"max_hp_gain":0.0,"max_hp_loss":0.0,"gold_gain":275.0,"event_name":"Golden Shrine","player_choice":"Desecrate","floor":4.0,"gold_loss":0.0,"damage_taken":0.0,"cards_obtained":["Regret"]},{"damage_healed":0.0,"max_hp_gain":0.0,"max_hp_loss":0.0,"gold_gain":0.0,"event_name":"Match and Keep!","player_choice":"2 cards matched","floor":15.0,"gold_loss":0.0,"damage_taken":0.0,"cards_obtained":["KidneyShot","Finesse"]},{"damage_healed":0.0,"max_hp_gain":0.0,"max_hp_loss":0.0,"gold_gain":0.0,"event_name":"Masked Bandits","player_choice":"Fought Bandits","floor":21.0,"gold_loss":0.0,"damage_taken":0.0},{"damage_healed":0.0,"max_hp_gain":0.0,"max_hp_loss":0.0,"gold_gain":0.0,"event_name":"Upgrade Shrine","player_choice":"Upgraded","floor":22.0,"gold_loss":0.0,"damage_taken":0.0,"cards_upgraded":["Luminosity"]},{"damage_healed":0.0,"max_hp_gain":0.0,"max_hp_loss":0.0,"gold_gain":0.0,"event_name":"Drug Dealer","player_choice":"Inject Mutagens","floor":31.0,"gold_loss":0.0,"damage_taken":0.0,"relics_obtained":["MutagenicStrength"]},{"damage_healed":0.0,"max_hp_gain":0.0,"max_hp_loss":0.0,"gold_gain":222.0,"event_name":"Tomb of Lord Red Mask","player_choice":"Wore Mask","floor":36.0,"gold_loss":0.0,"damage_taken":0.0},{"damage_healed":0.0,"max_hp_gain":0.0,"max_hp_loss":0.0,"gold_gain":0.0,"event_name":"Match and Keep!","player_choice":"1 cards matched","floor":44.0,"gold_loss":0.0,"damage_taken":0.0,"cards_obtained":["Discovery"]}],"is_beta":false,"boss_relics":[{"not_picked":["Ectoplasm","Runic Dome"],"picked":"Busted Crown"},{"not_picked":["bronze:MakeshiftBattery","Astrolabe","ReplayTheSpireMod:DimensionalGlitch"]}],"items_purged_floors":[8,48],"is_endless":false,"potions_floor_spawned":[12,13,20,23,25,33,35,37,40,47],"ascension_level":7}}