{"host":"yml0ux6c8lqydjlc","time":1614290662,"event":{"mods":["Aspiration","BaseMod","Conspire","Downfall","Hermit","Jedi Mod","Minty Spire (QoL Compilation)","Robot Space Explorer","StSLib","The Blackbeard"],"gold_per_floor":[111,121,101,121,134,134,145,145,197,217,237,237,127,138,138,138,138],"floor_reached":16,"language":"ENG","playtime":1984,"items_purged":["Strike_G"],"score":96,"play_id":"9183088a-fa04-4a2a-b1ff-0284e1504020","local_time":"20210225170422","is_ascension_mode":false,"campfire_choices":[{"data":"Slice","floor":6,"key":"SMITH"},{"data":"Neutralize","floor":8,"key":"SMITH"},{"data":"Leg Sweep","floor":12,"key":"SMITH"},{"data":"Flying Knee","floor":15,"key":"SMITH"}],"circlet_count":0,"master_deck":["Strike_G","Strike_G","Strike_G","Strike_G","Defend_G","Defend_G","Defend_G","Defend_G","Defend_G","Survivor","Neutralize+1","Flying Knee+1","Cloak And Dagger","Dash","Slice+1","Outmaneuver","Backflip","Leg Sweep+1","Backstab","Prepared"],"relics":["Ring of the Snake","Dream Catcher"],"acts_visited":["Exordium"],"potions_floor_usage":[7,16],"damage_taken":[{"damage":0,"enemies":"Cultist","floor":1,"turns":4},{"damage":1,"enemies":"Jaw Worm","floor":2,"turns":5},{"damage":0,"enemies":"conspire:RoseBush","floor":4,"turns":3},{"damage":1,"enemies":"Blue Slaver","floor":5,"turns":6},{"damage":0,"enemies":"Exordium Thugs","floor":7,"turns":5},{"damage":0,"enemies":"Large Slime","floor":10,"turns":6},{"damage":0,"enemies":"Looter","floor":11,"turns":3},{"damage":3,"enemies":"Red Slaver","floor":14,"turns":3},{"damage":76,"enemies":"Hexaghost","floor":16,"turns":18}],"seed_played":"8572629871905842838","potions_obtained":[{"floor":3,"key":"Swift Potion"},{"floor":7,"key":"Dexterity Potion"},{"floor":14,"key":"Fire Potion"}],"is_trial":false,"path_per_floor":["M","M","?","M","M","R","M","R","T","M","M","R","$","M","R","B"],"character_chosen":"THE_SILENT","items_purchased":["Backstab"],"campfire_rested":0,"item_purchase_floors":[13],"current_hp_per_floor":[77,76,76,76,75,75,75,75,75,75,75,75,75,72,72,0,0],"gold":138,"neow_bonus":"TEN_PERCENT_HP_BONUS","is_daily":false,"chose_seed":false,"campfire_upgraded":4,"win_rate":0.0,"timestamp":1614290662,"path_taken":["M","M","?","M","M","R","M","R","T","M","?","R","$","M","R","BOSS"],"items_purchased_type":["Card"],"build_version":"2020-12-22","purchased_purges":1,"victory":false,"max_hp_per_floor":[77,77,77,77,77,77,77,77,77,77,77,77,77,77,77,77,77],"card_choices":[{"not_picked":["Riddle With Holes","Cloak And Dagger"],"picked":"Flying Knee","floor":1},{"not_picked":["Bane","Acrobatics"],"picked":"Cloak And Dagger","floor":2},{"not_picked":["Flechettes","jedi:acidrain"],"picked":"Dash","floor":4},{"not_picked":["Outmaneuver","Prepared"],"picked":"Slice","floor":5},{"not_picked":["Cloak And Dagger","Flechettes"],"picked":"Outmaneuver","floor":7},{"not_picked":["jedi:acidrain","Accuracy"],"picked":"Backflip","floor":10},{"not_picked":["Dodge and Roll","Dagger Throw"],"picked":"Leg Sweep","floor":11},{"not_picked":["Dodge and Roll","Sucker Punch"],"picked":"Prepared","floor":14}],"player_experience":149688,"relics_obtained":[{"floor":9,"key":"Dream Catcher"}],"event_choices":[{"damage_healed":0,"gold_gain":0,"player_choice":"Bought 1 Potion","damage_taken":0,"max_hp_gain":0,"max_hp_loss":0,"event_name":"The Woman in Blue","floor":3,"gold_loss":0}],"is_beta":false,"boss_relics":[],"items_purged_floors":[13],"is_endless":false,"potions_floor_spawned":[7,14],"killed_by":"Hexaghost","ascension_level":0}}