{"host":"dztixnx9b0gu6w9i","time":1614211689,"event":{"mods":["BaseMod","Bestiary","Minty Spire (QoL Compilation)","Relic Stats","Slay the Relics Exporter","SpireBot","ojb\u0027s Better Paths Mod","ojb\u0027s Info Mod: The sequel"],"gold_per_floor":[114,114,114,135,135,135,135,150,173,204,204,220,256,279,279,373,373,392,154,154,79,100,131,152,190,190,208,208,241,255,288,288,379,379,403,417,256,256,306,347,365,365,365,380,418,481,496,527,527,527,527,527,527,8,44,44,44],"floor_reached":56,"language":"ENG","playtime":7854,"items_purged":["Strike_R"],"score":2150,"play_id":"bb85db04-0a8e-406d-a337-6fe90b71682b","local_time":"20210224190809","is_ascension_mode":true,"campfire_choices":[{"data":"Inflame","floor":6,"key":"SMITH"},{"floor":11,"key":"REST"},{"data":"Pommel Strike","floor":15,"key":"SMITH"},{"floor":28,"key":"RECALL"},{"data":"Impervious","floor":32,"key":"SMITH"},{"data":"Impervious","floor":42,"key":"SMITH"},{"data":"Body Slam","floor":49,"key":"SMITH"},{"data":"Bite","floor":53,"key":"SMITH"}],"circlet_count":0,"master_deck":["AscendersBane","Defend_R+1","Defend_R+1","Defend_R","Bash","Apotheosis+1","Inflame+1","Twin Strike","Pommel Strike+1","Sword Boomerang","Anger","Impervious+1","Shrug It Off","Impervious+1","Bite+1","Bite","Bite","Bite","Bite","Pommel Strike","Ghostly Armor","Body Slam+1","Clothesline","Havoc","Ghostly Armor","Rage","Spot Weakness","Immolate","Heavy Blade+1","Exhume","Pommel Strike","Heavy Blade","True Grit","Disarm","Shrug It Off","Burning Pact+1"],"relics":["Burning Blood","Golden Idol","MealTicket","War Paint","Self Forming Clay","Bag of Preparation","Coffee Dripper","DollysMirror","Pen Nib","Bottled Lightning","Gremlin Horn","Centennial Puzzle","Art of War","Philosopher\u0027s Stone","Happy Flower","Paper Frog","Ginger","The Courier","Bronze Scales","Nunchaku","StoneCalendar"],"acts_visited":["Exordium","TheCity","TheBeyond","TheEnding"],"potions_floor_usage":[10,13,24,25,51,51,55],"damage_taken":[{"damage":8,"enemies":"Jaw Worm","floor":1,"turns":5},{"damage":1,"enemies":"Cultist","floor":4,"turns":4},{"damage":17,"enemies":"Small Slimes","floor":8,"turns":4},{"damage":8,"enemies":"Gremlin Nob","floor":10,"turns":3},{"damage":16,"enemies":"Gremlin Gang","floor":12,"turns":4},{"damage":4,"enemies":"Lagavulin","floor":13,"turns":5},{"damage":10,"enemies":"Large Slime","floor":14,"turns":4},{"damage":31,"enemies":"Hexaghost","floor":16,"turns":6},{"damage":12,"enemies":"Shell Parasite","floor":18,"turns":4},{"damage":18,"enemies":"3 Byrds","floor":22,"turns":5},{"damage":8,"enemies":"Book of Stabbing","floor":23,"turns":4},{"damage":16,"enemies":"3 Cultists","floor":24,"turns":6},{"damage":23,"enemies":"Gremlin Leader","floor":25,"turns":9},{"damage":6,"enemies":"Cultist and Chosen","floor":27,"turns":3},{"damage":7,"enemies":"Book of Stabbing","floor":29,"turns":4},{"damage":10,"enemies":"Shelled Parasite and Fungi","floor":30,"turns":5},{"damage":0,"enemies":"Gremlin Leader","floor":31,"turns":5},{"damage":13,"enemies":"Collector","floor":33,"turns":6},{"damage":1,"enemies":"3 Shapes","floor":35,"turns":3},{"damage":6,"enemies":"3 Darklings","floor":36,"turns":6},{"damage":4,"enemies":"Reptomancer","floor":40,"turns":3},{"damage":0,"enemies":"Jaw Worm Horde","floor":41,"turns":5},{"damage":6,"enemies":"Maw","floor":44,"turns":6},{"damage":10,"enemies":"Nemesis","floor":45,"turns":3},{"damage":7,"enemies":"2 Orb Walkers","floor":46,"turns":3},{"damage":18,"enemies":"Sphere and 2 Shapes","floor":47,"turns":6},{"damage":12,"enemies":"Giant Head","floor":48,"turns":6},{"damage":63,"enemies":"Donu and Deca","floor":50,"turns":10},{"damage":37,"enemies":"Awakened One","floor":51,"turns":8},{"damage":26,"enemies":"Shield and Spear","floor":55,"turns":8},{"damage":70,"enemies":"The Heart","floor":56,"turns":6}],"seed_played":"1216145703273758424","potions_obtained":[{"floor":4,"key":"GamblersBrew"},{"floor":8,"key":"Strength Potion"},{"floor":10,"key":"FearPotion"},{"floor":18,"key":"HeartOfIron"},{"floor":23,"key":"DistilledChaos"},{"floor":25,"key":"ElixirPotion"},{"floor":35,"key":"CultistPotion"},{"floor":36,"key":"SneckoOil"},{"floor":48,"key":"DuplicationPotion"}],"is_trial":false,"path_per_floor":["M","?","?","M","?","R","?","M","T","E","R","M","E","M","R","B",null,"M","$","?","?","M","E","M","E","T","M","R","E","M","E","R","B",null,"M","M","$","?","?","E","M","R","T","M","E","?","M","E","R","B","B",null,"R","$","E","B"],"character_chosen":"IRONCLAD","items_purchased":["DollysMirror","Exhume","Disarm","Bronze Scales","FairyPotion","GamblersBrew","Shrug It Off","Nunchaku"],"campfire_rested":1,"item_purchase_floors":[19,37,54,54,54,54,54,54],"current_hp_per_floor":[48,48,48,53,48,48,48,37,37,35,55,45,47,43,43,18,56,50,65,47,47,47,47,46,36,36,47,47,47,47,47,47,47,47,47,47,47,45,45,45,45,45,45,45,44,43,36,45,45,18,14,37,37,45,45,0,0],"gold":44,"neow_bonus":"RANDOM_COLORLESS_2","is_daily":false,"chose_seed":false,"campfire_upgraded":6,"win_rate":0.0,"timestamp":1614211689,"path_taken":["M","?","?","?","?","R","?","?","T","E","R","M","E","M","R","BOSS","M","$","?","?","?","E","M","E","T","M","R","E","M","E","R","BOSS","M","M","$","?","?","E","M","R","T","?","E","?","M","E","R","BOSS","BOSS","R","$","E","BOSS"],"items_purchased_type":["Relic","Card","Card","Relic","Potion","Potion","Card","Relic"],"build_version":"2020-12-22","purchased_purges":1,"victory":false,"max_hp_per_floor":[75,68,68,68,68,68,68,68,68,68,68,68,68,68,68,68,68,68,68,47,47,47,47,47,47,47,47,47,47,47,47,47,47,47,47,47,47,45,45,45,45,45,45,45,45,45,45,45,45,45,45,45,45,45,45,45,45],"relic_stats":{"Gremlin Horn":[35,35],"Happy Flower":[20],"counters":[31,159],"Golden Idol":211,"Self Forming Clay":[225],"StoneCalendar":[0],"Pen Nib":[30],"Bag of Preparation":[50],"Ginger":[3],"War Paint":["Defend_R","Defend_R"],"Burning Blood":121,"Centennial Puzzle":[42],"Nunchaku":[3],"Bronze Scales":[102],"MealTicket":23,"Art of War":[4],"obtain_stats":[{"Gremlin Horn":26,"Happy Flower":40,"Golden Idol":2,"Self Forming Clay":10,"StoneCalendar":55,"Pen Nib":23,"The Courier":48,"Bag of Preparation":13,"Ginger":46,"War Paint":9,"Burning Blood":0,"Centennial Puzzle":29,"Nunchaku":54,"DollysMirror":19,"Bronze Scales":54,"MealTicket":5,"Philosopher\u0027s Stone":34,"Coffee Dripper":17,"Art of War":31,"Bottled Lightning":25,"Paper Frog":45},{"Gremlin Horn":13,"Happy Flower":21,"Golden Idol":1,"Self Forming Clay":4,"StoneCalendar":30,"Pen Nib":11,"The Courier":27,"Bag of Preparation":6,"Ginger":25,"War Paint":3,"Burning Blood":0,"Centennial Puzzle":15,"Nunchaku":29,"DollysMirror":9,"Bronze Scales":29,"MealTicket":2,"Philosopher\u0027s Stone":18,"Coffee Dripper":8,"Art of War":17,"Bottled Lightning":13,"Paper Frog":24},{"Gremlin Horn":63,"Happy Flower":98,"Golden Idol":5,"Self Forming Clay":16,"StoneCalendar":153,"Pen Nib":48,"The Courier":127,"Bag of Preparation":25,"Ginger":115,"War Paint":13,"Burning Blood":0,"Centennial Puzzle":70,"Nunchaku":145,"DollysMirror":39,"Bronze Scales":145,"MealTicket":9,"Philosopher\u0027s Stone":86,"Coffee Dripper":35,"Art of War":80,"Bottled Lightning":63,"Paper Frog":112}]},"card_choices":[{"not_picked":["Sadistic Nature","Violence"],"picked":"Apotheosis","floor":0},{"not_picked":["Pummel","Entrench"],"picked":"Inflame","floor":1},{"not_picked":["Cleave","Clash"],"picked":"Twin Strike","floor":4},{"not_picked":["Body Slam","Second Wind","Entrench"],"picked":"SKIP","floor":8},{"not_picked":["Pummel","Body Slam"],"picked":"Sword Boomerang","floor":10},{"not_picked":["Armaments","Perfected Strike","Thunderclap"],"picked":"SKIP","floor":12},{"not_picked":["Fire Breathing","Headbutt"],"picked":"Anger","floor":13},{"not_picked":["Fire Breathing","Pummel","Rampage"],"picked":"SKIP","floor":14},{"not_picked":["Exhume","Corruption"],"picked":"Impervious","floor":16},{"not_picked":["Power Through+1","Heavy Blade"],"picked":"Shrug It Off","floor":18},{"not_picked":["Heavy Blade","Flex"],"picked":"Body Slam","floor":22},{"not_picked":["Bludgeon","Body Slam","Combust"],"picked":"SKIP","floor":23},{"not_picked":["Bludgeon","Body Slam","Combust"],"picked":"SKIP","floor":23},{"not_picked":["Feel No Pain+1","Flex"],"picked":"Clothesline","floor":24},{"not_picked":["Clash","Carnage","Havoc"],"picked":"SKIP","floor":25},{"not_picked":["Clash","Carnage","Havoc"],"picked":"SKIP","floor":25},{"not_picked":["Clash","Carnage","Havoc"],"picked":"SKIP","floor":25},{"not_picked":["Clash","Carnage"],"picked":"Havoc","floor":25},{"not_picked":["Headbutt","Limit Break","Evolve+1"],"picked":"SKIP","floor":27},{"not_picked":["Evolve","Ghostly Armor","Twin Strike"],"picked":"SKIP","floor":29},{"not_picked":["Evolve","Twin Strike"],"picked":"Ghostly Armor","floor":29},{"not_picked":["Second Wind+1","Dual Wield"],"picked":"Rage","floor":30},{"not_picked":["Reaper","Bloodletting"],"picked":"Spot Weakness","floor":31},{"not_picked":["Berserk","Bludgeon"],"picked":"Immolate","floor":33},{"not_picked":["Hemokinesis","Twin Strike","Cleave"],"picked":"SKIP","floor":35},{"not_picked":["Armaments+1","Pommel Strike+1"],"picked":"Heavy Blade+1","floor":36},{"not_picked":["Rampage","Armaments","Perfected Strike"],"picked":"SKIP","floor":40},{"not_picked":["Wild Strike","Fire Breathing","Cleave"],"picked":"SKIP","floor":41},{"not_picked":["Anger","Sword Boomerang","Pummel"],"picked":"SKIP","floor":44},{"not_picked":["Clash","Bludgeon"],"picked":"Pommel Strike","floor":45},{"not_picked":["Infernal Blade","Reckless Charge"],"picked":"Heavy Blade","floor":47},{"not_picked":["True Grit","Clash","Dark Embrace"],"picked":"SKIP","floor":48},{"not_picked":["Clash","Dark Embrace"],"picked":"True Grit","floor":48},{"not_picked":["Thunderclap","Fiend Fire"],"picked":"Burning Pact+1","floor":55}],"player_experience":8818988,"relics_obtained":[{"floor":9,"key":"War Paint"},{"floor":10,"key":"Self Forming Clay"},{"floor":13,"key":"Bag of Preparation"},{"floor":23,"key":"Pen Nib"},{"floor":25,"key":"Bottled Lightning"},{"floor":26,"key":"Gremlin Horn"},{"floor":29,"key":"Centennial Puzzle"},{"floor":31,"key":"Art of War"},{"floor":40,"key":"Happy Flower"},{"floor":45,"key":"Paper Frog"},{"floor":46,"key":"Ginger"},{"floor":48,"key":"The Courier"},{"floor":55,"key":"StoneCalendar"}],"event_choices":[{"damage_healed":0,"gold_gain":0,"player_choice":"Lose Max HP","damage_taken":0,"relics_obtained":["Golden Idol"],"max_hp_gain":0,"max_hp_loss":7,"event_name":"Golden Idol","floor":2,"gold_loss":0},{"damage_healed":0,"gold_gain":0,"player_choice":"Upgraded","damage_taken":0,"max_hp_gain":0,"max_hp_loss":0,"event_name":"Upgrade Shrine","floor":3,"gold_loss":0,"cards_upgraded":["Apotheosis"]},{"damage_healed":0,"gold_gain":0,"player_choice":"Success","damage_taken":5,"relics_obtained":["MealTicket"],"max_hp_gain":0,"max_hp_loss":0,"event_name":"Scrap Ooze","floor":5,"gold_loss":0},{"damage_healed":0,"gold_gain":0,"player_choice":"2 cards matched","damage_taken":0,"max_hp_gain":0,"max_hp_loss":0,"event_name":"Match and Keep!","floor":7,"gold_loss":0,"cards_obtained":["Bash","Pommel Strike"]},{"damage_healed":0,"gold_gain":0,"player_choice":"2 cards matched","damage_taken":0,"max_hp_gain":0,"max_hp_loss":0,"event_name":"Match and Keep!","floor":7,"gold_loss":0,"cards_obtained":["Bash","Pommel Strike"]},{"damage_healed":0,"gold_gain":0,"player_choice":"Became a vampire","damage_taken":0,"max_hp_gain":0,"max_hp_loss":21,"event_name":"Vampires","floor":20,"gold_loss":0,"cards_obtained":["Bite","Bite","Bite","Bite","Bite"]},{"damage_healed":0,"gold_gain":0,"cards_transformed":["Defend_R","Bash"],"player_choice":"Transformed Cards","damage_taken":0,"max_hp_gain":0,"max_hp_loss":0,"event_name":"Designer","floor":21,"gold_loss":75,"cards_obtained":["Pommel Strike","Ghostly Armor"]},{"damage_healed":0,"gold_gain":0,"player_choice":"Max HP","damage_taken":0,"max_hp_gain":0,"max_hp_loss":2,"event_name":"Winding Halls","floor":38,"gold_loss":0},{"damage_healed":0,"gold_gain":50,"player_choice":"Pray","damage_taken":0,"max_hp_gain":0,"max_hp_loss":0,"event_name":"Golden Shrine","floor":39,"gold_loss":0},{"damage_healed":0,"gold_gain":0,"player_choice":"Fight","damage_taken":0,"max_hp_gain":0,"max_hp_loss":0,"event_name":"Mysterious Sphere","floor":46,"gold_loss":0}],"is_beta":false,"boss_relics":[{"not_picked":["Astrolabe","SlaversCollar"],"picked":"Coffee Dripper"},{"not_picked":["Runic Cube","SacredBark"],"picked":"Philosopher\u0027s Stone"}],"items_purged_floors":[19],"is_endless":false,"potions_floor_spawned":[4,8,10,18,23,25,35,36,40,44,48],"killed_by":"The Heart","ascension_level":20}}