{"host":"3c8x8j1h2jyrixpf","time":1614211307,"event":{"mods":["BaseMod","Minty Spire (QoL Compilation)","StSLib"],"gold_per_floor":[109,34,44,57,77,77,77,77,77,77,90,125,195,231,231,326,326,344,101,126,126,1,1,35,35,62,93,218,256,256,201,201,300,300,325,339,40,40,373,373,399,399,425,454,492,503,520,209,209,209,209,209,52,86,86],"floor_reached":56,"language":"ENG","playtime":3310,"items_purged":["Defend_P","Strike_P","Defend_P","Strike_P"],"score":2215,"play_id":"ece9ab14-766d-42ca-83c8-c31b4d715579","local_time":"20210224180147","is_ascension_mode":true,"campfire_choices":[{"data":"CutThroughFate","floor":6.0,"key":"SMITH"},{"data":"Eruption","floor":8.0,"key":"SMITH"},{"data":"ReachHeaven","floor":15.0,"key":"SMITH"},{"data":"SandsOfTime","floor":23.0,"key":"SMITH"},{"floor":30.0,"key":"REST"},{"data":"SpiritShield","floor":32.0,"key":"SMITH"},{"floor":40,"key":"RECALL"},{"floor":42,"key":"REST"},{"floor":49,"key":"REST"},{"floor":52,"key":"REST"}],"circlet_count":0,"master_deck":["AscendersBane","Strike_P+1","Strike_P","Defend_P","Defend_P+1","Eruption+1","Vigilance+1","SpiritShield+1","Wallop","CutThroughFate+1","ReachHeaven+1","EmptyBody+1","ThirdEye","Adaptation","MasterReality","FearNoEvil","SandsOfTime+1","EmptyFist","EmptyBody+1","RitualDagger","Conclude+1","Wallop","LessonLearned+1","Vengeance","Protect+1","Ragnarok+1","Wireheading","SandsOfTime+1","DevaForm"],"relics":["PureWater","HornCleat","TeardropLocket","Pen Nib","Potion Belt","Snecko Eye","Lizard Tail","Anchor","Tiny Chest","TungstenRod","Pantograph","Lantern","Fusion Hammer","CeramicFish","War Paint","Bag of Preparation","Lee\u0027s Waffle","Whetstone","Incense Burner"],"acts_visited":["Exordium","TheCity","TheBeyond","TheEnding"],"potions_floor_usage":[50,55,55,55],"damage_taken":[{"damage":0.0,"enemies":"2 Louse","floor":1.0,"turns":4.0},{"damage":4.0,"enemies":"Small Slimes","floor":3.0,"turns":3.0},{"damage":2.0,"enemies":"Jaw Worm","floor":4.0,"turns":4.0},{"damage":0.0,"enemies":"Blue Slaver","floor":5.0,"turns":4.0},{"damage":0.0,"enemies":"3 Louse","floor":11.0,"turns":2.0},{"damage":16.0,"enemies":"3 Sentries","floor":12.0,"turns":8.0},{"damage":0.0,"enemies":"Gremlin Nob","floor":14.0,"turns":3.0},{"damage":0.0,"enemies":"Slime Boss","floor":16.0,"turns":5.0},{"damage":0.0,"enemies":"Shell Parasite","floor":18.0,"turns":4.0},{"damage":0.0,"enemies":"3 Byrds","floor":20.0,"turns":4.0},{"damage":0.0,"enemies":"Slavers","floor":24.0,"turns":3.0},{"damage":2.0,"enemies":"Gremlin Leader","floor":27.0,"turns":5.0},{"damage":0.0,"enemies":"Colosseum Slavers","floor":28.0,"turns":3.0},{"damage":30.0,"enemies":"Colosseum Nobs","floor":28.0,"turns":4.0},{"damage":2.0,"enemies":"Slavers","floor":29.0,"turns":4.0},{"damage":36.0,"enemies":"Collector","floor":33.0,"turns":10.0},{"damage":6.0,"enemies":"3 Shapes","floor":35.0,"turns":6.0},{"damage":0,"enemies":"3 Darklings","floor":36,"turns":3},{"damage":0,"enemies":"Transient","floor":44,"turns":5},{"damage":36,"enemies":"Nemesis","floor":45,"turns":5},{"damage":0,"enemies":"4 Shapes","floor":46,"turns":3},{"damage":0,"enemies":"Jaw Worm Horde","floor":47,"turns":3},{"damage":23,"enemies":"Awakened One","floor":50,"turns":11},{"damage":0,"enemies":"Shield and Spear","floor":54,"turns":5},{"damage":44,"enemies":"The Heart","floor":55,"turns":7}],"seed_played":"-380933169706985038","potions_obtained":[{"floor":1.0,"key":"LiquidBronze"},{"floor":3.0,"key":"EntropicBrew"},{"floor":20.0,"key":"LiquidBronze"},{"floor":24.0,"key":"Weak Potion"},{"floor":28.0,"key":"BottledMiracle"},{"floor":36,"key":"BottledMiracle"},{"floor":44,"key":"Dexterity Potion"},{"floor":47,"key":"Block Potion"}],"is_trial":false,"path_per_floor":["M","$","M","M","M","R","?","R","T","?","M","E","T","E","R","B",null,"M","$","M","?","$","R","E","?","T","E","?","E","R","$","R","B",null,"M","M","$","?","?","R","T","R","T","M","E","M","M","$","R","B",null,"R","$","E","B",null],"character_chosen":"WATCHER","items_purchased":["SandsOfTime","EmptyFist","Block Potion","Ragnarok","DevaForm","Lee\u0027s Waffle","Whetstone"],"campfire_rested":4,"item_purchase_floors":[19,19,31,37,48,48,53],"current_hp_per_floor":[61,61,57,55,55,55,55,55,55,55,55,39,39,39,39,39,56,56,56,56,50,50,50,59,59,59,57,27,25,43,43,43,26,53,47,47,47,47,47,47,47,62,62,62,26,26,26,69,69,46,63,69,69,69,25],"gold":86,"neow_bonus":"ONE_RANDOM_RARE_CARD","is_daily":false,"chose_seed":false,"campfire_upgraded":5,"win_rate":0.0,"timestamp":1614211307,"path_taken":["M","$","M","M","M","R","?","R","T","?","M","E","?","E","R","BOSS","M","$","M","?","$","R","E","?","T","E","?","E","R","$","R","BOSS","M","M","$","?","?","R","?","R","T","M","E","M","M","$","R","BOSS","R","$","E","BOSS"],"items_purchased_type":["Card","Card","Potion","Card","Card","Relic","Relic"],"build_version":"2020-12-22","purchased_purges":4,"victory":true,"max_hp_per_floor":[68,68,68,68,68,68,62,62,62,62,62,62,62,62,62,62,62,62,62,62,62,62,62,62,62,62,62,62,62,62,62,62,62,62,62,62,62,62,62,62,62,62,62,62,62,62,62,69,69,69,69,69,69,69,69],"card_choices":[{"not_picked":["Adaptation","Crescendo"],"picked":"Wallop","floor":1.0},{"not_picked":["Halt","Wireheading"],"picked":"CutThroughFate","floor":3.0},{"not_picked":["CutThroughFate","FlurryOfBlows"],"picked":"ReachHeaven","floor":4.0},{"not_picked":["BattleHymn","Nirvana"],"picked":"EmptyBody","floor":5.0},{"not_picked":["Perseverance","WreathOfFlame"],"picked":"ThirdEye","floor":11.0},{"not_picked":["EmptyBody","Wallop"],"picked":"Adaptation","floor":12.0},{"not_picked":["FlyingSleeves","Worship","Perseverance"],"picked":"SKIP","floor":14.0},{"not_picked":["SpiritShield","Brilliance"],"picked":"MasterReality","floor":16.0},{"not_picked":["Wireheading","ThirdEye"],"picked":"FearNoEvil","floor":18.0},{"not_picked":["CarveReality","SignatureMove"],"picked":"EmptyBody+1","floor":20.0},{"not_picked":["Evaluate","LikeWater"],"picked":"Conclude","floor":24.0},{"not_picked":["FearNoEvil","ClearTheMind"],"picked":"Wallop","floor":27.0},{"not_picked":["ThirdEye+1","Evaluate","Halt"],"picked":"SKIP","floor":29.0},{"not_picked":["Brilliance","Judgement"],"picked":"LessonLearned","floor":33.0},{"not_picked":["ClearTheMind","EmptyBody"],"picked":"Vengeance","floor":35.0},{"not_picked":["Consecrate+1","WheelKick"],"picked":"Protect+1","floor":36},{"not_picked":["Prostrate","InnerPeace"],"picked":"Wireheading","floor":44},{"not_picked":["Crescendo","WreathOfFlame"],"picked":"SandsOfTime+1","floor":45},{"not_picked":["PathToVictory","EmptyFist","ClearTheMind"],"picked":"SKIP","floor":46},{"not_picked":["CarveReality","Protect+1","ClearTheMind"],"picked":"SKIP","floor":47},{"not_picked":["Evaluate","JustLucky","Prostrate"],"picked":"SKIP","floor":54}],"player_experience":306095,"relics_obtained":[{"floor":9.0,"key":"HornCleat"},{"floor":12.0,"key":"Pen Nib"},{"floor":14.0,"key":"Potion Belt"},{"floor":24.0,"key":"Lizard Tail"},{"floor":26.0,"key":"Anchor"},{"floor":27.0,"key":"Tiny Chest"},{"floor":28.0,"key":"TungstenRod"},{"floor":28.0,"key":"Pantograph"},{"floor":29.0,"key":"Lantern"},{"floor":41,"key":"CeramicFish"},{"floor":43,"key":"War Paint"},{"floor":45,"key":"Bag of Preparation"},{"floor":54,"key":"Incense Burner"}],"event_choices":[{"damage_healed":0.0,"max_hp_gain":0.0,"max_hp_loss":6.0,"gold_gain":0.0,"event_name":"Golden Idol","player_choice":"Lose Max HP","floor":7.0,"gold_loss":0.0,"damage_taken":0.0,"relics_obtained":["Golden Idol"]},{"damage_healed":0.0,"max_hp_gain":0.0,"max_hp_loss":0.0,"gold_gain":0.0,"event_name":"Dead Adventurer","player_choice":"Searched \u00272\u0027 times","floor":10.0,"gold_loss":0.0,"damage_taken":0.0,"relics_obtained":["TeardropLocket"]},{"damage_healed":0.0,"max_hp_gain":0.0,"max_hp_loss":0.0,"gold_gain":0.0,"event_name":"Nest","player_choice":"Joined the Cult","floor":21.0,"gold_loss":0.0,"damage_taken":6.0,"cards_obtained":["RitualDagger"]},{"damage_healed":0.0,"max_hp_gain":0.0,"max_hp_loss":0.0,"gold_gain":0.0,"event_name":"Ghosts","player_choice":"Ignored","floor":25.0,"gold_loss":0.0,"damage_taken":0.0},{"damage_healed":0.0,"max_hp_gain":0.0,"max_hp_loss":0.0,"gold_gain":0.0,"event_name":"Colosseum","player_choice":"Fight","floor":28.0,"gold_loss":0.0,"damage_taken":0.0},{"damage_healed":0.0,"max_hp_gain":0.0,"max_hp_loss":0.0,"gold_gain":0.0,"event_name":"Colosseum","player_choice":"Fought Nobs","floor":28.0,"gold_loss":0.0,"damage_taken":0.0},{"damage_healed":0,"gold_gain":0,"player_choice":"Memory 1","damage_taken":0,"max_hp_gain":0,"max_hp_loss":0,"event_name":"SensoryStone","floor":38,"gold_loss":0},{"damage_healed":0,"gold_gain":333,"player_choice":"Gave Idol","damage_taken":0,"max_hp_gain":0,"max_hp_loss":0,"event_name":"The Moai Head","floor":39,"relics_lost":["Golden Idol"],"gold_loss":0}],"is_beta":false,"boss_relics":[{"not_picked":["Black Star","Runic Pyramid"],"picked":"Snecko Eye"},{"not_picked":["HolyWater","Tiny House"],"picked":"Fusion Hammer"}],"items_purged_floors":[2,19,22,37],"is_endless":false,"potions_floor_spawned":[1,3,5,20,24,28,36,44,45,47],"ascension_level":16}}