{"host":"Ringo","time":1614269534,"event":{"mods":["BaseMod","Colored Map","Conspire","Dota2Spire","Hubris","Minty Spire (QoL Compilation)","Replay The Spire","StSLib","The Construct","[IsaacMod]ÒÔÈö¼âËþ","¡¾ÒÅÎï¿¨ÅÆ¡¿REMEMod"],"gold_per_floor":[114,114,166,166,177,202,237,264,333,368,56,56,87,117,117,197,197,230,230,293,128,153,193,118,150,232,264,264,291,319,331,331,415,415,434,434,434,162,162,187,187,235,235,275,312,354,399,439,451,470,489],"floor_reached":52,"language":"ZHS","playtime":1178,"items_purged":["Dark Embrace"],"score":3539,"play_id":"a5e9ce53-e7c5-44df-9887-d249c4b90b6a","local_time":"20210226001214","daily_mods":["SealedDeck","Vintage","Colorless Cards","Heirloom","Time Dilation","Flight","DeadlyEvents","Elite Swarm","Lethality","Binary"],"is_ascension_mode":true,"campfire_choices":[{"data":"Uppercut","floor":12.0,"key":"SMITH"},{"data":"REME_ForAll","floor":15.0,"key":"SMITH"},{"data":"Armaments","floor":28.0,"key":"SMITH"},{"data":"ReplayTheSpireMod:Corrosion Curse","floor":32.0,"key":"SMITH"},{"data":"REME_MagicPocketWatch","floor":41.0,"key":"SMITH"}],"circlet_count":0,"master_deck":["AscendersBane","Ghostly Armor","Run Through","Anger+1","Clash","ReplayTheSpireMod:Corrosion Curse+1","Madness","Replay:Undeath\u0027s Touch","Flex","Armaments+1","REME_ForAll+1","Thunderclap+1","Uppercut","Uppercut+1","Dark Embrace","Dark Shackles","REME_MagicPocketWatch+1"],"relics":["Burning Blood","Busted Crown","HushsDoor","REME_ComplimentaryCards","replay:Trail_Library","hubris:Teleporter","BookofShadows","Onion Ring","Strawberry","Ring of Panic","Ring of Searing","hubris:SlimyHat","Pocketwatch","GuppysTail","ReplayTheSpireMod:Spearhead","Matryoshka","Dota2Spire:MaskOfMadness","BargainBundle","Potion Belt","SalivaCoin","Darkstone Periapt","construct:ClawGrip","RottenBaby","Orichalcum","conspire:TreasureMap","King of Hearts","Iron Hammer","Mango","Boot","Dota2Spire:PowerTreads","Lantern","Replay:Wax Seal","Replay:Bottled Steam","Replay:Mystery Machine","Runic Pyramid","GuppysPaw","Brimstone","Dota2Spire:BladeMail","Incense Burner","InkBottle","hubris:Towel","Counterbalance","Ring of Panic","MawBank","hubris:BottledRain","Dota2Spire:DivineRapier","Whetstone","Calipers","Bag of Marbles","Centennial Puzzle"],"acts_visited":["Exordium","TheCity","TheBeyond"],"potions_floor_usage":[50,50,51,51],"damage_taken":[{"damage":0.0,"enemies":"Cultist","floor":1.0,"turns":2.0},{"damage":6.0,"enemies":"Small Slimes","floor":5.0,"turns":2.0},{"damage":5.0,"enemies":"3 Sentries","floor":6.0,"turns":2.0},{"damage":5.0,"enemies":"Lagavulin","floor":7.0,"turns":2.0},{"damage":26.0,"enemies":"3 Sentries","floor":8.0,"turns":3.0},{"damage":17.0,"enemies":"Lagavulin","floor":10.0,"turns":3.0},{"damage":0.0,"enemies":"3 Sentries","floor":13.0,"turns":2.0},{"damage":0.0,"enemies":"Gremlin Nob","floor":14.0,"turns":1.0},{"damage":5.0,"enemies":"Hexaghost","floor":16.0,"turns":2.0},{"damage":19.0,"enemies":"2 Thieves","floor":18.0,"turns":2.0},{"damage":0.0,"enemies":"Gremlin Leader","floor":22.0,"turns":2.0},{"damage":3.0,"enemies":"Slavers","floor":23.0,"turns":2.0},{"damage":0.0,"enemies":"Replay:Snechameleon","floor":25.0,"turns":1.0},{"damage":0.0,"enemies":"Gremlin Leader","floor":27.0,"turns":1.0},{"damage":0.0,"enemies":"Slavers","floor":29.0,"turns":1.0},{"damage":0.0,"enemies":"Book of Stabbing","floor":30.0,"turns":1.0},{"damage":0.0,"enemies":"Chosen","floor":31.0,"turns":1.0},{"damage":5.0,"enemies":"Collector","floor":33.0,"turns":2.0},{"damage":0.0,"enemies":"Orb Walker","floor":35.0,"turns":1.0},{"damage":0.0,"enemies":"Reptomancer","floor":40.0,"turns":1.0},{"damage":0.0,"enemies":"R_Hoarder","floor":42.0,"turns":3.0},{"damage":0.0,"enemies":"Nemesis","floor":44.0,"turns":1.0},{"damage":0.0,"enemies":"3 Shapes","floor":45.0,"turns":1.0},{"damage":0.0,"enemies":"Reptomancer","floor":46.0,"turns":1.0},{"damage":0.0,"enemies":"R_Hoarder","floor":47.0,"turns":2.0},{"damage":0.0,"enemies":"Nemesis","floor":48.0,"turns":1.0},{"damage":0,"enemies":"Time Eater","floor":50,"turns":2},{"damage":0,"enemies":"hubris:GrandSnecko","floor":51,"turns":2}],"seed_played":"-3354570940187109508","potions_obtained":[{"floor":1.0,"key":"LiquidMemories"},{"floor":5.0,"key":"DuplicationPotion"},{"floor":10.0,"key":"Doom Potion"},{"floor":14.0,"key":"AttackPotion"},{"floor":16.0,"key":"Elixir"},{"floor":18.0,"key":"DuplicationPotion"},{"floor":22.0,"key":"Flashbang"},{"floor":27.0,"key":"SneckoOil"},{"floor":31.0,"key":"LiquidBronze"},{"floor":40.0,"key":"ColorlessPotion"},{"floor":45.0,"key":"construct:ShiftPotion"},{"floor":48.0,"key":"SkillPotion"},{"floor":49.0,"key":"Dexterity Potion"}],"is_trial":true,"path_per_floor":["M","$","T","?","M","E","E","E","T","E","$","R","E","E","R","B",null,"M","?","?","$","E","E","$","E","T","E","R","E","E","M","R","B",null,"M","$","?","$","?","E","R","E","T","E","M","E","E","E","R_BF","B","B",null],"character_chosen":"IRONCLAD","items_purchased":["BargainBundle","Uppercut","Potion Belt","RottenBaby","conspire:TreasureMap","Dark Embrace","GuppysPaw","REME_MagicPocketWatch","Brimstone","Dota2Spire:BladeMail","Incense Burner","InkBottle"],"campfire_rested":0,"item_purchase_floors":[11,11,11,17,21,24,34,34,36,36,36,38],"current_hp_per_floor":[74,74,81,81,81,82,82,62,62,51,51,51,57,63,63,64,66,53,53,38,38,44,47,47,67,67,73,73,79,80,80,80,80,50,50,10,41,41,41,41,41,44,44,44,1,1,1,1,1,1,1],"gold":501,"neow_bonus":"","is_daily":false,"chose_seed":false,"campfire_upgraded":5,"win_rate":0.0,"timestamp":1614269534,"path_taken":["M","?","?","?","?","E","E","E","T","E","$","R","E","E","R","BOSS","M","?","?","$","?","E","?","E","T","E","R","E","?","?","R","BOSS","M","?","?","$","?","E","R","E","T","E","?","E","E","E","R_BF","BOSS","BOSS"],"items_purchased_type":["Relic","Card","Relic","Relic","Relic","Card","Relic","Card","Relic","Relic","Relic","Relic"],"build_version":"2020-12-18","purchased_purges":1,"victory":true,"max_hp_per_floor":[75,75,82,82,82,82,82,82,82,82,82,82,82,82,82,82,66,66,66,66,66,66,66,66,80,80,80,80,80,80,80,80,80,50,50,50,41,41,41,41,41,44,44,44,1,1,1,1,1,1,1],"card_choices":[],"player_experience":755896,"relics_obtained":[{"floor":1.0,"key":"Onion Ring"},{"floor":3.0,"key":"Strawberry"},{"floor":4.0,"key":"Ring of Panic"},{"floor":4.0,"key":"Ring of Searing"},{"floor":5.0,"key":"hubris:SlimyHat"},{"floor":6.0,"key":"Pocketwatch"},{"floor":7.0,"key":"GuppysTail"},{"floor":8.0,"key":"ReplayTheSpireMod:Spearhead"},{"floor":9.0,"key":"Matryoshka"},{"floor":10.0,"key":"Dota2Spire:MaskOfMadness"},{"floor":13.0,"key":"SalivaCoin"},{"floor":14.0,"key":"Darkstone Periapt"},{"floor":18.0,"key":"Orichalcum"},{"floor":22.0,"key":"King of Hearts"},{"floor":23.0,"key":"Iron Hammer"},{"floor":25.0,"key":"Mango"},{"floor":26.0,"key":"Boot"},{"floor":26.0,"key":"Dota2Spire:PowerTreads"},{"floor":27.0,"key":"Lantern"},{"floor":29.0,"key":"Replay:Wax Seal"},{"floor":30.0,"key":"Replay:Bottled Steam"},{"floor":31.0,"key":"Replay:Mystery Machine"},{"floor":40.0,"key":"Counterbalance"},{"floor":42.0,"key":"Diplopia"},{"floor":43.0,"key":"MawBank"},{"floor":43.0,"key":"hubris:BottledRain"},{"floor":44.0,"key":"Dota2Spire:DivineRapier"},{"floor":45.0,"key":"Whetstone"},{"floor":46.0,"key":"Calipers"},{"floor":47.0,"key":"Bag of Marbles"},{"floor":48.0,"key":"Centennial Puzzle"}],"event_choices":[{"damage_healed":0.0,"max_hp_gain":0.0,"max_hp_loss":0.0,"gold_gain":0.0,"event_name":"Beggar","player_choice":"Ignored","floor":19.0,"gold_loss":0.0,"damage_taken":0.0},{"damage_healed":41.0,"max_hp_gain":0.0,"max_hp_loss":9.0,"gold_gain":0.0,"event_name":"The Moai Head","player_choice":"Heal","floor":37.0,"gold_loss":0.0,"damage_taken":0.0}],"is_beta":true,"boss_relics":[{"not_picked":["Abe\u0027s Treasure","ChewingGum"],"picked":"construct:ClawGrip"},{"not_picked":[]},{"not_picked":["conspire:SlowCooker","Astrolabe"],"picked":"Runic Pyramid"},{"not_picked":[]}],"items_purged_floors":[11],"is_endless":false,"potions_floor_spawned":[1,5,10,14,16,18,22,27,31,40,45,48],"ascension_level":20}}