{"host":"rw1trt79hfpl7pom","time":1614257443,"event":{"mods":["BaseMod","Bestiary","Colored Map","Jorbs\u0027s Wanderer Trilogy","Minty Spire (QoL Compilation)","Relic Stats","StSLib","SuperFastMode"],"gold_per_floor":[113,113,133,113,128,144,144,178,178,211,211,224,257,18,18,93,93,107,147,147,187,187,245,245,300,300,317,337,337,368,412,412,521,521,565,645,645,687,729,793,851,922,1011,1023,1081,1093,495,559,559,589,619,619,619,3,29,29],"floor_reached":57,"language":"ENG","playtime":6327,"items_purged":["stsjorbsmod:Procrastination","Regret","BowlingBash+1"],"score":3144,"play_id":"94d4e67b-c207-4db7-93a8-a60865fdb733","local_time":"20210225045043","is_ascension_mode":true,"campfire_choices":[{"data":"Eruption","floor":7.0,"key":"SMITH"},{"data":"Nirvana","floor":11.0,"key":"SMITH"},{"data":"Indignation","floor":15.0,"key":"SMITH"},{"floor":24.0,"key":"RECALL"},{"floor":32.0,"key":"REST"},{"floor":44.0,"key":"REST"},{"floor":49.0,"key":"REST"},{"floor":53.0,"key":"REST"}],"circlet_count":0,"master_deck":["AscendersBane","Defend_P+1","Defend_P+1","Defend_P","Defend_P+1","Eruption+1","Vigilance+1","CutThroughFate+1","ClearTheMind+1","JustLucky+1","DeceiveReality+1","Nirvana+1","Indignation+1","EmptyBody+1","LessonLearned+1","Wish+1","WheelKick+1","TalkToTheHand+1","Ghostly+1","Ghostly","Ghostly","WaveOfTheHand+1","CutThroughFate+1","DevaForm","Wireheading","Devotion+1","EmptyFist+1","FearNoEvil+1","Evaluate+1","Study","DeceiveReality","Nirvana","Tantrum","TalkToTheHand+1","Adaptation+1","BattleHymn","Fasting2","Sanctity+1","Tantrum","ThirdEye","Secret Technique+1","LikeWater"],"relics":["Cursed Key","War Paint","Bird Faced Urn","Kunai","Anchor","Meat on the Bone","Fusion Hammer","Turnip","Ancient Tea Set","Ice Cream","Astrolabe","CaptainsWheel","MawBank","Pen Nib","Membership Card","Thread and Needle","Singing Bowl","Gambling Chip","TheAbacus","Mercury Hourglass","Bottled Flame","Lantern"],"acts_visited":["Exordium","TheCity","TheBeyond","TheEnding"],"potions_floor_usage":[56],"damage_taken":[{"damage":2.0,"enemies":"Jaw Worm","floor":1.0,"turns":4.0},{"damage":0.0,"enemies":"Small Slimes","floor":3.0,"turns":2.0},{"damage":0.0,"enemies":"Cultist","floor":5.0,"turns":2.0},{"damage":13.0,"enemies":"3 Louse","floor":6.0,"turns":3.0},{"damage":0.0,"enemies":"Gremlin Nob","floor":8.0,"turns":2.0},{"damage":10.0,"enemies":"3 Sentries","floor":10.0,"turns":14.0},{"damage":0.0,"enemies":"Looter","floor":12.0,"turns":2.0},{"damage":10.0,"enemies":"Gremlin Nob","floor":13.0,"turns":3.0},{"damage":28.0,"enemies":"Hexaghost","floor":16.0,"turns":13.0},{"damage":12.0,"enemies":"Spheric Guardian","floor":18.0,"turns":12.0},{"damage":12.0,"enemies":"3 Byrds","floor":19.0,"turns":8.0},{"damage":31.0,"enemies":"Centurion and Healer","floor":21.0,"turns":5.0},{"damage":2.0,"enemies":"Gremlin Leader","floor":23.0,"turns":10.0},{"damage":9.0,"enemies":"Book of Stabbing","floor":25.0,"turns":5.0},{"damage":16.0,"enemies":"Snecko","floor":27.0,"turns":3.0},{"damage":2.0,"enemies":"Snake Plant","floor":28.0,"turns":6.0},{"damage":0.0,"enemies":"Slavers","floor":30.0,"turns":5.0},{"damage":0.0,"enemies":"Centurion and Healer","floor":31.0,"turns":4.0},{"damage":0.0,"enemies":"Champ","floor":33.0,"turns":13.0},{"damage":0.0,"enemies":"Orb Walker","floor":35.0,"turns":5.0},{"damage":2.0,"enemies":"2 Orb Walkers","floor":36.0,"turns":6.0},{"damage":0.0,"enemies":"3 Shapes","floor":38.0,"turns":4.0},{"damage":6.0,"enemies":"Writhing Mass","floor":39.0,"turns":11.0},{"damage":5.0,"enemies":"Reptomancer","floor":40.0,"turns":7.0},{"damage":2.0,"enemies":"Sphere and 2 Shapes","floor":41.0,"turns":7.0},{"damage":0.0,"enemies":"Nemesis","floor":42.0,"turns":8.0},{"damage":3.0,"enemies":"4 Shapes","floor":45.0,"turns":8.0},{"damage":0.0,"enemies":"Giant Head","floor":48.0,"turns":6.0},{"damage":36.0,"enemies":"Awakened One","floor":50.0,"turns":12.0},{"damage":16.0,"enemies":"Time Eater","floor":51.0,"turns":13.0},{"damage":12.0,"enemies":"Shield and Spear","floor":55.0,"turns":7.0},{"damage":13,"enemies":"The Heart","floor":56,"turns":10}],"seed_played":"-3040620663705016343","potions_obtained":[{"floor":4.0,"key":"SteroidPotion"},{"floor":5.0,"key":"PowerPotion"},{"floor":8.0,"key":"SmokeBomb"},{"floor":10.0,"key":"FairyPotion"},{"floor":19.0,"key":"AttackPotion"},{"floor":23.0,"key":"BottledMiracle"},{"floor":27.0,"key":"Ambrosia"},{"floor":30.0,"key":"Regen Potion"},{"floor":35.0,"key":"StancePotion"},{"floor":37.0,"key":"PowerPotion"},{"floor":37.0,"key":"SkillPotion"},{"floor":40.0,"key":"BottledMiracle"},{"floor":42.0,"key":"SteroidPotion"},{"floor":55.0,"key":"Weak Potion"}],"is_trial":false,"path_per_floor":["M","?","M","?","M","M","R","E","T","E","R","M","E","$","R","B",null,"M","M","?","M","?","E","R","E","T","M","M","?","E","M","R","B",null,"M","?","?","M","M","E","M","E","T","R","M","?","$","E","R","B","B",null,"R","$","E","B",null],"character_chosen":"WATCHER","items_purchased":["LessonLearned","Membership Card","Thread and Needle","Singing Bowl","Fasting2","Sanctity","TheAbacus","ThirdEye","Secret Technique","AttackPotion","Mercury Hourglass","Bottled Flame","LikeWater"],"campfire_rested":4,"item_purchase_floors":[14,47,47,47,47,47,54,54,54,54,54,54,54],"current_hp_per_floor":[59,54,54,54,54,41,41,41,41,33,33,35,27,27,27,13,54,44,46,27,35,35,35,35,28,28,24,24,24,26,28,36,36,36,36,36,36,36,36,36,36,36,36,36,34,34,34,36,36,28,22,33,36,36,32,38],"gold":29,"neow_bonus":"BOSS_RELIC","is_daily":false,"chose_seed":false,"campfire_upgraded":3,"win_rate":0.0,"timestamp":1614257443,"path_taken":["M","?","M","?","M","?","R","E","T","E","R","M","E","$","R","BOSS","M","M","?","M","?","E","R","E","T","M","M","?","E","M","R","BOSS","M","?","?","M","?","E","M","E","T","R","M","?","$","E","R","BOSS","BOSS","R","$","E","BOSS"],"items_purchased_type":["Card","Relic","Relic","Relic","Card","Card","Relic","Card","Card","Potion","Relic","Relic","Card"],"build_version":"2020-12-22","purchased_purges":3,"victory":true,"max_hp_per_floor":[68,68,68,68,68,68,68,68,68,68,68,68,68,68,68,68,68,68,68,73,73,36,36,36,36,36,36,36,36,36,36,36,36,36,36,36,36,36,36,36,36,36,36,36,36,36,36,36,36,36,36,36,36,36,38,38],"relic_stats":{"Singing Bowl":2,"counters":[32,220],"Astrolabe":["EmptyFist","FearNoEvil","Evaluate"],"Pen Nib":[11],"War Paint":["Defend_P","Vigilance"],"Cursed Key":2,"MawBank":84,"Mercury Hourglass":[51],"TheAbacus":[18],"Bird Faced Urn":[93],"Gambling Chip":[12],"Turnip":[18],"Kunai":[79],"obtain_stats":[{"Ice Cream":30,"Lantern":55,"Singing Bowl":47,"Astrolabe":34,"Thread and Needle":47,"Pen Nib":42,"War Paint":2,"Cursed Key":0,"Ancient Tea Set":25,"MawBank":40,"Mercury Hourglass":54,"Anchor":10,"CaptainsWheel":36,"Bottled Flame":54,"TheAbacus":54,"Bird Faced Urn":8,"Gambling Chip":48,"Fusion Hammer":17,"Turnip":23,"Kunai":9,"Membership Card":47,"PureWater":0,"Meat on the Bone":13},{"Ice Cream":17,"Lantern":31,"Singing Bowl":27,"Astrolabe":19,"Thread and Needle":27,"Pen Nib":26,"War Paint":1,"Cursed Key":0,"Ancient Tea Set":14,"MawBank":24,"Mercury Hourglass":30,"Anchor":6,"CaptainsWheel":21,"Bottled Flame":30,"TheAbacus":30,"Bird Faced Urn":5,"Gambling Chip":28,"Fusion Hammer":9,"Turnip":13,"Kunai":5,"Membership Card":27,"PureWater":0,"Meat on the Bone":8},{"Ice Cream":99,"Lantern":210,"Singing Bowl":172,"Astrolabe":116,"Thread and Needle":172,"Pen Nib":164,"War Paint":4,"Cursed Key":0,"Ancient Tea Set":85,"MawBank":149,"Mercury Hourglass":203,"Anchor":27,"CaptainsWheel":127,"Bottled Flame":203,"TheAbacus":203,"Bird Faced Urn":13,"Gambling Chip":178,"Fusion Hammer":45,"Turnip":80,"Kunai":13,"Membership Card":172,"PureWater":0,"Meat on the Bone":32}],"Meat on the Bone":60},"card_choices":[{"not_picked":["PathToVictory","Sanctity"],"picked":"FlyingSleeves","floor":1.0},{"not_picked":["ThirdEye","ClearTheMind"],"picked":"CutThroughFate","floor":3.0},{"not_picked":["FlyingSleeves","ForeignInfluence"],"picked":"ClearTheMind","floor":5.0},{"not_picked":["SashWhip","FlyingSleeves"],"picked":"JustLucky","floor":6.0},{"not_picked":["SashWhip","CrushJoints"],"picked":"DeceiveReality","floor":8.0},{"not_picked":["CutThroughFate","Judgement"],"picked":"Nirvana","floor":10.0},{"not_picked":["Halt","Pray"],"picked":"Indignation","floor":12.0},{"not_picked":["Protect","Worship"],"picked":"EmptyBody","floor":13.0},{"not_picked":["LessonLearned","SpiritShield"],"picked":"Wish","floor":16.0},{"not_picked":["Halt","ClearTheMind"],"picked":"BowlingBash","floor":18.0},{"not_picked":["ReachHeaven","ClearTheMind"],"picked":"WheelKick","floor":19.0},{"not_picked":["Prostrate","FlyingSleeves"],"picked":"TalkToTheHand","floor":21.0},{"not_picked":["JustLucky","CarveReality"],"picked":"WaveOfTheHand","floor":23.0},{"not_picked":["Halt","FlyingSleeves","SashWhip"],"picked":"SKIP","floor":25.0},{"not_picked":["Alpha","Consecrate","CrushJoints"],"picked":"SKIP","floor":27.0},{"not_picked":["FollowUp+1","Establishment"],"picked":"CutThroughFate","floor":28.0},{"not_picked":["WheelKick","Protect"],"picked":"DevaForm","floor":30.0},{"not_picked":["WindmillStrike+1","Evaluate"],"picked":"Wireheading","floor":31.0},{"not_picked":["DevaForm","Ragnarok"],"picked":"Devotion","floor":33.0},{"not_picked":["Indignation","FlyingSleeves","ClearTheMind"],"picked":"SKIP","floor":35.0},{"not_picked":["Worship","ReachHeaven"],"picked":"Study","floor":36.0},{"not_picked":["ClearTheMind","EmptyBody"],"picked":"DeceiveReality","floor":38.0},{"not_picked":["Collect","Study"],"picked":"Nirvana","floor":39.0},{"not_picked":["BowlingBash+1","Worship"],"picked":"Tantrum","floor":40.0},{"not_picked":["Sanctity","PathToVictory"],"picked":"TalkToTheHand+1","floor":41.0},{"not_picked":["Consecrate+1","SignatureMove"],"picked":"Adaptation+1","floor":42.0},{"not_picked":["Consecrate+1","Establishment"],"picked":"BattleHymn","floor":45.0},{"not_picked":["InnerPeace","BowlingBash"],"picked":"Tantrum","floor":48.0},{"not_picked":["Prostrate","Crescendo+1","Evaluate"],"picked":"Singing Bowl","floor":55.0}],"player_experience":2910483,"relics_obtained":[{"floor":8.0,"key":"Bird Faced Urn"},{"floor":9.0,"key":"Kunai"},{"floor":10.0,"key":"Anchor"},{"floor":13.0,"key":"Meat on the Bone"},{"floor":23.0,"key":"Turnip"},{"floor":25.0,"key":"Ancient Tea Set"},{"floor":30.0,"key":"Ice Cream"},{"floor":36.0,"key":"CaptainsWheel"},{"floor":40.0,"key":"MawBank"},{"floor":42.0,"key":"Pen Nib"},{"floor":48.0,"key":"Gambling Chip"},{"floor":55.0,"key":"Lantern"}],"event_choices":[{"damage_healed":0.0,"max_hp_gain":0.0,"max_hp_loss":0.0,"gold_gain":0.0,"event_name":"Scrap Ooze","player_choice":"Success","floor":2.0,"gold_loss":0.0,"damage_taken":5.0,"relics_obtained":["War Paint"]},{"damage_healed":0.0,"max_hp_gain":0.0,"max_hp_loss":0.0,"gold_gain":0.0,"event_name":"The Woman in Blue","player_choice":"Bought 1 Potion","floor":4.0,"gold_loss":0.0,"damage_taken":0.0},{"damage_healed":0.0,"max_hp_gain":5.0,"max_hp_loss":0.0,"gold_gain":0.0,"event_name":"Forgotten Altar","player_choice":"Shed Blood","floor":20.0,"gold_loss":0.0,"damage_taken":24.0},{"damage_healed":0.0,"max_hp_gain":0.0,"max_hp_loss":37.0,"gold_gain":0.0,"event_name":"Ghosts","player_choice":"Became a Ghost","floor":22.0,"gold_loss":0.0,"damage_taken":0.0,"cards_obtained":["Ghostly","Ghostly","Ghostly"]},{"cards_removed":["Strike_P"],"damage_healed":0.0,"max_hp_gain":0.0,"max_hp_loss":0.0,"gold_gain":0.0,"event_name":"Purifier","player_choice":"Purged","floor":29.0,"gold_loss":0.0,"damage_taken":0.0},{"damage_healed":0.0,"max_hp_gain":0.0,"max_hp_loss":0.0,"gold_gain":0.0,"event_name":"Mysterious Sphere","player_choice":"Fight","floor":36.0,"gold_loss":0.0,"damage_taken":0.0},{"damage_healed":0.0,"max_hp_gain":0.0,"max_hp_loss":0.0,"gold_gain":0.0,"event_name":"Lab","player_choice":"Got Potions","floor":37.0,"gold_loss":0.0,"damage_taken":0.0},{"cards_removed":["FlyingSleeves"],"damage_healed":0.0,"max_hp_gain":0.0,"max_hp_loss":0.0,"gold_gain":0.0,"event_name":"Falling","player_choice":"Removed Attack","floor":46.0,"gold_loss":0.0,"damage_taken":0.0}],"is_beta":false,"boss_relics":[{"not_picked":["VioletLotus","Busted Crown"],"picked":"Fusion Hammer"},{"not_picked":["Tiny House","Velvet Choker"],"picked":"Astrolabe"}],"items_purged_floors":[14,47,54],"is_endless":false,"potions_floor_spawned":[5,8,10,19,23,27,30,31,35,40,41,42,55],"ascension_level":20}}