{"host":"z4nt7tdd4gjrinn7","time":1614229042,"event":{"mods":["100% Spire Juice","BaseMod","Minty Spire (QoL Compilation)","StSLib"],"gold_per_floor":[115,115,14,34,51,51,80,80,80,4,4,23,23,38,38,157,157,170,170,186,2,21,21,21,21],"floor_reached":24,"language":"ENG","playtime":1159,"items_purged":[],"score":196,"play_id":"3bec2407-7dfe-4d89-a57e-c2e08c3d0c17","local_time":"20210224235722","is_ascension_mode":false,"campfire_choices":[{"floor":6,"key":"REST"},{"floor":13,"key":"REST"},{"floor":15,"key":"REST"},{"floor":23,"key":"REST"}],"circlet_count":0,"master_deck":["Strike_B","Strike_B","Strike_B","Strike_B","Defend_B","Defend_B","Defend_B","Defend_B","Zap","Dualcast","Static Discharge","Rebound","Coolheaded","Rip and Tear","Go for the Eyes","Injury","Blizzard","Ball Lightning","Barrage","Buffer","Melter+1","Cold Snap","Genetic Algorithm+1"],"relics":["Cracked Core","Toy Ornithopter","Pantograph","Golden Idol","Strawberry","SlaversCollar","Membership Card"],"acts_visited":["Exordium","TheCity"],"potions_floor_usage":[7,16,16,18,22,24],"damage_taken":[{"damage":0,"enemies":"Small Slimes","floor":1,"turns":2},{"damage":9,"enemies":"2 Louse","floor":4,"turns":2},{"damage":6,"enemies":"Jaw Worm","floor":5,"turns":3},{"damage":38,"enemies":"Lagavulin","floor":7,"turns":6},{"damage":15,"enemies":"Exordium Thugs","floor":12,"turns":4},{"damage":12,"enemies":"Large Slime","floor":14,"turns":4},{"damage":42,"enemies":"Hexaghost","floor":16,"turns":9},{"damage":37,"enemies":"2 Thieves","floor":18,"turns":4},{"damage":22,"enemies":"Shell Parasite","floor":20,"turns":5},{"damage":31,"enemies":"Snake Plant","floor":22,"turns":4},{"damage":36,"enemies":"Slavers","floor":24,"turns":2}],"seed_played":"-94629394010324462","potions_obtained":[{"floor":1,"key":"DuplicationPotion"},{"floor":7,"key":"Strength Potion"},{"floor":12,"key":"LiquidMemories"},{"floor":14,"key":"SkillPotion"},{"floor":18,"key":"CultistPotion"}],"is_trial":false,"path_per_floor":["M","?","$","M","M","R","E","?","T","$","?","M","R","M","R","B",null,"M","?","M","$","M","R","E"],"character_chosen":"DEFECT","items_purchased":["Static Discharge","Rebound","Blizzard","Membership Card","DistilledChaos"],"campfire_rested":4,"item_purchase_floors":[3,3,10,21,21],"current_hp_per_floor":[75,75,75,66,60,75,37,37,44,44,82,67,82,70,82,40,82,50,50,28,28,2,26,0,0],"gold":21,"neow_bonus":"RANDOM_COMMON_RELIC","is_daily":false,"chose_seed":false,"campfire_upgraded":0,"win_rate":0.0,"timestamp":1614229042,"path_taken":["M","?","$","M","M","R","E","?","T","$","?","M","R","?","R","BOSS","M","?","M","$","M","R","E"],"items_purchased_type":["Card","Card","Card","Relic","Potion"],"build_version":"2020-12-22","purchased_purges":0,"victory":false,"max_hp_per_floor":[75,75,75,75,75,75,75,75,82,82,82,82,82,82,82,82,82,82,82,82,82,82,82,82,82],"card_choices":[{"not_picked":["Chaos","Coolheaded"],"picked":"Loop","floor":1},{"not_picked":["Rebound","Streamline"],"picked":"Coolheaded","floor":4},{"not_picked":["Fusion","Hologram"],"picked":"Rip and Tear","floor":5},{"not_picked":["Rip and Tear","Turbo"],"picked":"Go for the Eyes","floor":7},{"not_picked":["Streamline","Reinforced Body"],"picked":"Ball Lightning","floor":12},{"not_picked":["Meteor Strike","Sunder"],"picked":"Barrage","floor":14},{"not_picked":["Hyperbeam","Reboot"],"picked":"Buffer","floor":16},{"not_picked":["Leap","Barrage"],"picked":"Melter+1","floor":18},{"not_picked":["Genetic Algorithm","Coolheaded"],"picked":"Cold Snap","floor":20},{"not_picked":["Consume+1","Compile Driver"],"picked":"Genetic Algorithm+1","floor":22}],"player_experience":242911,"relics_obtained":[{"floor":7,"key":"Pantograph"},{"floor":9,"key":"Strawberry"}],"event_choices":[{"damage_healed":0,"gold_gain":0,"player_choice":"Leave","damage_taken":0,"max_hp_gain":0,"max_hp_loss":0,"event_name":"The Cleric","floor":2,"gold_loss":0},{"damage_healed":0,"gold_gain":0,"player_choice":"Take Wound","damage_taken":0,"relics_obtained":["Golden Idol"],"max_hp_gain":0,"max_hp_loss":0,"event_name":"Golden Idol","floor":8,"gold_loss":0,"cards_obtained":["Injury"]},{"cards_removed":["Loop"],"damage_healed":38,"gold_gain":0,"player_choice":"Offered Uncommon","damage_taken":0,"max_hp_gain":0,"max_hp_loss":0,"event_name":"Bonfire Elementals","floor":11,"gold_loss":0},{"damage_healed":0,"gold_gain":0,"player_choice":"Ignored","damage_taken":0,"max_hp_gain":0,"max_hp_loss":0,"event_name":"Vampires","floor":19,"gold_loss":0}],"is_beta":false,"boss_relics":[{"not_picked":["Ectoplasm","Inserter"],"picked":"SlaversCollar"}],"items_purged_floors":[],"is_endless":false,"potions_floor_spawned":[1,7,12,14,18],"killed_by":"Slavers","ascension_level":0}}