{"host":"cqu3dxgdgmtybcw2","time":1614231068,"event":{"mods":["BaseMod","Hermit","Minty Spire (QoL Compilation)","StSLib"],"gold_per_floor":[111,125,125,125,143,218,251,24,48,48,48],"floor_reached":10,"language":"KOR","playtime":590,"items_purged":[],"score":66,"play_id":"eacc2bb7-e8f4-4a66-b97f-d43473723d83","local_time":"20210225143108","is_ascension_mode":false,"campfire_choices":[],"circlet_count":0,"master_deck":["hermit:Strike_Hermit","hermit:Strike_Hermit","hermit:Strike_Hermit","hermit:Strike_Hermit","hermit:Defend_Hermit","hermit:Defend_Hermit","hermit:Defend_Hermit","hermit:Defend_Hermit","hermit:Snapshot","hermit:Covet","hermit:Misfire","hermit:Snipe","hermit:Cheat","hermit:Dissolve","hermit:TrackingShot","hermit:Dive","hermit:GoldenBullet"],"relics":["hermit:Momento","NeowsBlessing","Blood Vial","hermit:PetGhost","Dream Catcher"],"acts_visited":["Exordium"],"potions_floor_usage":[10,10],"damage_taken":[{"damage":0,"enemies":"Jaw Worm","floor":1,"turns":1},{"damage":0,"enemies":"Cultist","floor":2,"turns":1},{"damage":0,"enemies":"2 Louse","floor":5,"turns":1},{"damage":46,"enemies":"3 Sentries","floor":7,"turns":13},{"damage":100027,"enemies":"Lagavulin","floor":10,"turns":7}],"seed_played":"-5859937621120691392","potions_obtained":[{"floor":1,"key":"SpeedPotion"},{"floor":7,"key":"hermit:BlackBile"}],"is_trial":false,"path_per_floor":["M","M","?","?","M","?","E","$","T","E"],"character_chosen":"HERMIT","items_purchased":["hermit:GoldenBullet","hermit:PetGhost"],"campfire_rested":0,"item_purchase_floors":[8,8],"current_hp_per_floor":[75,75,75,75,75,64,18,18,18,0,0],"gold":48,"neow_bonus":"THREE_ENEMY_KILL","is_daily":false,"chose_seed":false,"campfire_upgraded":0,"win_rate":0.0,"timestamp":1614231068,"path_taken":["M","M","?","?","?","?","E","?","T","E"],"items_purchased_type":["Card","Relic"],"build_version":"2020-12-22","purchased_purges":0,"victory":false,"max_hp_per_floor":[75,75,75,75,75,75,75,75,75,75,75],"card_choices":[{"not_picked":["hermit:SprayPray","hermit:DeadMansHand"],"picked":"hermit:Misfire","floor":1},{"not_picked":["hermit:HoleUp","hermit:Misfire"],"picked":"hermit:Snipe","floor":2},{"not_picked":["hermit:Malice","hermit:CalledShot"],"picked":"hermit:TrackingShot","floor":5},{"not_picked":["hermit:Brawl","hermit:SprayPray"],"picked":"hermit:Dive","floor":7}],"player_experience":133044,"relics_obtained":[{"floor":7,"key":"Blood Vial"},{"floor":9,"key":"Dream Catcher"}],"event_choices":[{"damage_healed":0,"gold_gain":0,"player_choice":"Leave","damage_taken":0,"max_hp_gain":0,"max_hp_loss":0,"event_name":"The Cleric","floor":3,"gold_loss":0},{"damage_healed":0,"gold_gain":0,"player_choice":"2 cards matched","damage_taken":0,"max_hp_gain":0,"max_hp_loss":0,"event_name":"Match and Keep!","floor":4,"gold_loss":0,"cards_obtained":["hermit:Cheat","hermit:Dissolve"]},{"damage_healed":0,"gold_gain":75,"player_choice":"Gather Gold","damage_taken":11,"max_hp_gain":0,"max_hp_loss":0,"event_name":"World of Goop","floor":6,"gold_loss":0}],"is_beta":false,"boss_relics":[],"items_purged_floors":[],"is_endless":false,"potions_floor_spawned":[1,7],"killed_by":"Lagavulin","ascension_level":0}}