{"host":"lv7etzzgwahaenh9","time":1614214901,"event":{"mods":["AchievementEnabler","BaseMod","Colored Map","Colored Powertips","Highlight Path","Minty Spire (QoL Compilation)","Permanent Neow","Quick Restart","Random Character Button","StSLib"],"gold_per_floor":[116,130,130,205,40,73,73,73,96,96,110,137,153,183,183,257,257,270,360,378,392,392,392,392],"floor_reached":23,"language":"ENG","playtime":1064,"items_purged":[],"score":421,"play_id":"30102ce4-10ea-4e7b-b570-dfc1480e13a5","local_time":"20210224170141","is_ascension_mode":true,"campfire_choices":[{"floor":8.0,"key":"REST"},{"floor":10.0,"key":"REST"},{"data":"Footwork","floor":15,"key":"SMITH"}],"circlet_count":0,"master_deck":["AscendersBane","Strike_B+1","Strike_B","Strike_B","Strike_B","Defend_B","Defend_B+1","Defend_B","Defend_B","Zap+1","Dualcast","Thinking Ahead","Cold Snap","Loop","Swift Strike","Whirlwind","Footwork+1","Predator","Metallicize","SpiritShield","FollowUp","True Grit"],"relics":["Cracked Core","PrismaticShard","FossilizedHelix","Blood Vial","Smiling Mask","Toy Ornithopter","Runic Pyramid","SsserpentHead"],"acts_visited":["Exordium","TheCity"],"potions_floor_usage":[12,14,21],"damage_taken":[{"damage":12.0,"enemies":"Jaw Worm","floor":1.0,"turns":3.0},{"damage":0.0,"enemies":"2 Louse","floor":2.0,"turns":2.0},{"damage":16.0,"enemies":"Lagavulin","floor":6.0,"turns":6.0},{"damage":0,"enemies":"Small Slimes","floor":11,"turns":2},{"damage":0,"enemies":"3 Sentries","floor":12,"turns":4},{"damage":0,"enemies":"Blue Slaver","floor":13,"turns":3},{"damage":13,"enemies":"Gremlin Nob","floor":14,"turns":4},{"damage":15,"enemies":"Hexaghost","floor":16,"turns":13},{"damage":0,"enemies":"Spheric Guardian","floor":18,"turns":8},{"damage":0,"enemies":"Chosen","floor":20,"turns":5},{"damage":15,"enemies":"Snake Plant","floor":21,"turns":6},{"damage":0,"enemies":"3 Cultists","floor":23,"turns":2}],"seed_played":"-8134725073480478464","potions_obtained":[{"floor":6.0,"key":"Block Potion"},{"floor":11,"key":"Fire Potion"},{"floor":14,"key":"SteroidPotion"},{"floor":18,"key":"Swift Potion"},{"floor":21,"key":"CultistPotion"}],"is_trial":false,"path_per_floor":["M","M","?","?","$","E","?","R","T","R","M","E","M","E","R","B",null,"M","?","M","M","?","M"],"character_chosen":"DEFECT","items_purchased":["PrismaticShard"],"campfire_rested":2,"item_purchase_floors":[5],"current_hp_per_floor":[52,52,33,22,22,6,6,25,25,44,46,48,50,39,39,26,55,57,45,47,39,39,41,41],"gold":392,"neow_bonus":"RANDOM_COLORLESS_2","is_daily":false,"chose_seed":false,"campfire_upgraded":1,"win_rate":0.0,"timestamp":1614214901,"path_taken":["M","M","?","?","?","E","?","R","T","R","M","E","M","E","R","BOSS","M","?","?","M","?","M"],"items_purchased_type":["Relic"],"build_version":"2020-12-22","purchased_purges":0,"victory":false,"max_hp_per_floor":[64,64,64,64,64,64,64,64,64,64,64,64,64,64,64,64,64,64,64,64,64,64,64,64],"card_choices":[{"not_picked":["Violence","Master of Strategy"],"picked":"Thinking Ahead","floor":0.0},{"not_picked":["BootSequence","Loop"],"picked":"Cold Snap","floor":1.0},{"not_picked":["Turbo","Go for the Eyes"],"picked":"Loop","floor":2.0},{"not_picked":["PathToVictory","Outmaneuver"],"picked":"Swift Strike","floor":6.0},{"not_picked":["Rage","Prepared"],"picked":"Whirlwind","floor":11},{"not_picked":["Riddle With Holes","Shrug It Off"],"picked":"Footwork","floor":12},{"not_picked":["Blizzard","Concentrate"],"picked":"Predator","floor":13},{"not_picked":["Indignation","Study"],"picked":"Metallicize","floor":14},{"not_picked":["Storm of Steel","Hyperbeam"],"picked":"SpiritShield","floor":16},{"not_picked":["Dagger Spray","Hemokinesis"],"picked":"FollowUp","floor":18},{"not_picked":["Leap","Escape Plan"],"picked":"True Grit","floor":20},{"not_picked":["Crescendo","JustLucky","Predator+1"],"picked":"SKIP","floor":21}],"player_experience":548749,"relics_obtained":[{"floor":6.0,"key":"FossilizedHelix"},{"floor":9.0,"key":"Blood Vial"},{"floor":12,"key":"Smiling Mask"},{"floor":14,"key":"Toy Ornithopter"}],"event_choices":[{"damage_healed":0.0,"max_hp_gain":0.0,"max_hp_loss":0.0,"gold_gain":0.0,"event_name":"Shining Light","player_choice":"Entered Light","floor":3.0,"gold_loss":0.0,"damage_taken":19.0,"cards_upgraded":["Strike_B","Defend_B"]},{"damage_healed":0.0,"max_hp_gain":0.0,"max_hp_loss":0.0,"gold_gain":75.0,"event_name":"World of Goop","player_choice":"Gather Gold","floor":4.0,"gold_loss":0.0,"damage_taken":11.0},{"damage_healed":0.0,"max_hp_gain":0.0,"max_hp_loss":0.0,"gold_gain":0.0,"event_name":"Living Wall","player_choice":"Grow","floor":7.0,"gold_loss":0.0,"damage_taken":0.0,"cards_upgraded":["Zap"]},{"damage_healed":0,"gold_gain":90,"player_choice":"GOLD ","damage_taken":12,"max_hp_gain":0,"max_hp_loss":0,"event_name":"Knowing Skull","floor":19,"potions_obtained":[],"gold_loss":0,"cards_obtained":[]},{"damage_healed":0,"gold_gain":0,"player_choice":"Trade","damage_taken":0,"relics_obtained":["SsserpentHead"],"max_hp_gain":0,"max_hp_loss":0,"event_name":"FaceTrader","floor":22,"gold_loss":0}],"is_beta":false,"boss_relics":[{"not_picked":["Velvet Choker","Black Star"],"picked":"Runic Pyramid"}],"items_purged_floors":[],"is_endless":false,"potions_floor_spawned":[6,11,14,18,21],"killed_by":"3 Cultists","ascension_level":16}}