{"host":"puf131q5awx2h4uh","time":1614248029,"event":{"mods":["BaseMod","Minty Spire (QoL Compilation)","Quick Restart","Shop Mod","StSLib"],"gold_per_floor":[115,37,37,50,69,104,117,117,185,205,130,144,144,162,162,256,256,269,269,88,103,3,3,3,3],"floor_reached":24,"language":"ZHS","playtime":551,"items_purged":["Strike_R","Strike_R"],"score":396,"play_id":"c4a47c3b-618f-4efc-b1a4-dab662f02621","local_time":"20210225181349","is_ascension_mode":true,"campfire_choices":[{"data":"Inflame","floor":13,"key":"SMITH"},{"data":"Heavy Blade","floor":15,"key":"SMITH"},{"data":"Flex","floor":23,"key":"SMITH"}],"circlet_count":0,"master_deck":["AscendersBane","Strike_R","Strike_R","Defend_R","Defend_R","Defend_R","Defend_R","Bash","Flex+1","Inflame+1","Whirlwind","Heavy Blade+1","Inflame","Reaper","Double Tap"],"relics":["Burning Blood","NeowsBlessing","Incense Burner","Pear","Runic Cube","Nloth\u0027s Gift"],"acts_visited":["Exordium","TheCity"],"potions_floor_usage":[6,7,10,14,16,16,20],"damage_taken":[{"damage":0,"enemies":"2 Louse","floor":1,"turns":1},{"damage":0,"enemies":"Cultist","floor":4,"turns":1},{"damage":0,"enemies":"Jaw Worm","floor":5,"turns":1},{"damage":39,"enemies":"Gremlin Nob","floor":6,"turns":4},{"damage":12,"enemies":"2 Fungi Beasts","floor":7,"turns":3},{"damage":1,"enemies":"Exordium Thugs","floor":10,"turns":3},{"damage":0,"enemies":"3 Louse","floor":12,"turns":2},{"damage":22,"enemies":"Gremlin Gang","floor":14,"turns":4},{"damage":42,"enemies":"The Guardian","floor":16,"turns":9},{"damage":25,"enemies":"3 Byrds","floor":18,"turns":5},{"damage":26,"enemies":"Chosen","floor":21,"turns":5},{"damage":68,"enemies":"Book of Stabbing","floor":24,"turns":4}],"seed_played":"-974371830188740754","potions_obtained":[{"floor":3,"key":"LiquidMemories"},{"floor":3,"key":"BloodPotion"},{"floor":6,"key":"DuplicationPotion"},{"floor":7,"key":"Energy Potion"},{"floor":10,"key":"EssenceOfSteel"},{"floor":14,"key":"Regen Potion"}],"is_trial":false,"path_per_floor":["M","$","?","M","M","E","M","?","T","M","?","M","R","M","R","B",null,"M","?","$","M","$","R","E"],"character_chosen":"IRONCLAD","items_purchased":["Inflame","Fruit Juice"],"campfire_rested":0,"item_purchase_floors":[2,20],"current_hp_per_floor":[74,74,74,75,75,42,51,25,35,40,40,46,46,30,30,9,66,55,55,60,49,49,49,0,0],"gold":3,"neow_bonus":"THREE_ENEMY_KILL","is_daily":false,"chose_seed":false,"campfire_upgraded":3,"win_rate":0.0,"timestamp":1614248029,"path_taken":["M","$","?","M","?","E","M","?","T","M","?","?","R","M","R","BOSS","M","?","$","M","$","R","E"],"items_purchased_type":["Card","Potion"],"build_version":"2020-12-22","purchased_purges":2,"victory":false,"max_hp_per_floor":[75,75,75,75,75,75,75,75,85,85,85,85,85,85,85,85,85,85,85,90,90,90,90,90,90],"card_choices":[{"not_picked":["Armaments","Entrench"],"picked":"Flex","floor":1},{"not_picked":["Power Through","Anger"],"picked":"Whirlwind","floor":4},{"not_picked":["Headbutt","Warcry"],"picked":"Heavy Blade","floor":5},{"not_picked":["Fire Breathing","Juggernaut","Clothesline"],"picked":"SKIP","floor":6},{"not_picked":["True Grit","Iron Wave","Evolve"],"picked":"SKIP","floor":7},{"not_picked":["Pommel Strike","Headbutt","Clothesline"],"picked":"SKIP","floor":10},{"not_picked":["Havoc","Headbutt","Flame Barrier"],"picked":"SKIP","floor":12},{"not_picked":["Heavy Blade","Thunderclap"],"picked":"Inflame","floor":14},{"not_picked":["Bludgeon","Corruption"],"picked":"Reaper","floor":16},{"not_picked":["Twin Strike","True Grit","Feel No Pain"],"picked":"SKIP","floor":18},{"not_picked":["Clothesline","Inflame"],"picked":"Double Tap","floor":21}],"player_experience":336151,"relics_obtained":[{"floor":6,"key":"Incense Burner"},{"floor":9,"key":"Pear"}],"event_choices":[{"damage_healed":0,"gold_gain":0,"player_choice":"Got Potions","damage_taken":0,"max_hp_gain":0,"max_hp_loss":0,"event_name":"Lab","floor":3,"gold_loss":0},{"damage_healed":0,"gold_gain":0,"player_choice":"Take Damage","damage_taken":26,"relics_obtained":["Golden Idol"],"max_hp_gain":0,"max_hp_loss":0,"event_name":"Golden Idol","floor":8,"gold_loss":0},{"cards_removed":["Strike_R"],"damage_healed":0,"gold_gain":0,"player_choice":"Card Removal","damage_taken":0,"max_hp_gain":0,"max_hp_loss":0,"event_name":"The Cleric","floor":11,"gold_loss":75},{"damage_healed":0,"gold_gain":0,"player_choice":"Traded Relic","damage_taken":0,"relics_obtained":["Nloth\u0027s Gift"],"max_hp_gain":0,"max_hp_loss":0,"event_name":"N\u0027loth","floor":19,"relics_lost":["Golden Idol"],"gold_loss":0}],"is_beta":false,"boss_relics":[{"not_picked":["Fusion Hammer","Velvet Choker"],"picked":"Runic Cube"}],"items_purged_floors":[20,22],"is_endless":false,"potions_floor_spawned":[6,7,10,14],"killed_by":"Book of Stabbing","ascension_level":20}}