{"host":"k7udt7atmcuzf6l0","time":1614262668,"event":{"mods":["Act Like it!","BaseMod","Colored Map","Colored Powertips","Highlight Path","Minty Spire (QoL Compilation)","Quick Restart","Rare Cards Sparkle","Relic Stats","StSLib","UnlockEverythingMod"],"gold_per_floor":[115,115,20,20,33,33,69,2,2,2,20,43,87,107,107,107,107],"floor_reached":16,"language":"ZHS","playtime":248,"items_purged":[],"score":135,"play_id":"ffb99209-694f-4cb3-9456-d5c44965f266","local_time":"20210225221748","is_ascension_mode":false,"campfire_choices":[{"data":"Flex","floor":6,"key":"SMITH"},{"data":"Havoc","floor":10,"key":"SMITH"},{"data":"Bloodletting","floor":15,"key":"SMITH"}],"circlet_count":0,"master_deck":["Strike_R","Strike_R","Strike_R","Strike_R","Strike_R","Defend_R","Defend_R","Defend_R+1","Defend_R","Bash","Flex+1","Impatience+1","Headbutt","Havoc+1","Combust","Bloodletting+1","Hemokinesis"],"relics":["Burning Blood","NeowsBlessing","Golden Idol","Regal Pillow","StrikeDummy","Shuriken"],"acts_visited":["Exordium"],"potions_floor_usage":[13,16],"damage_taken":[{"damage":0,"enemies":"Jaw Worm","floor":1,"turns":1},{"damage":0,"enemies":"2 Louse","floor":5,"turns":1},{"damage":0,"enemies":"Gremlin Nob","floor":7,"turns":1},{"damage":10,"enemies":"Small Slimes","floor":11,"turns":2},{"damage":7,"enemies":"Exordium Thugs","floor":12,"turns":4},{"damage":24,"enemies":"Lagavulin","floor":13,"turns":4},{"damage":11,"enemies":"2 Fungi Beasts","floor":14,"turns":3},{"damage":43,"enemies":"Slime Boss","floor":16,"turns":4}],"seed_played":"-8685693912475856980","potions_obtained":[{"floor":7,"key":"Regen Potion"},{"floor":11,"key":"Ancient Potion"},{"floor":13,"key":"Energy Potion"}],"is_trial":false,"path_per_floor":["M","?","$","?","M","R","E","$","T","R","M","M","E","M","R","B"],"character_chosen":"IRONCLAD","items_purchased":["Impatience","Combust"],"campfire_rested":0,"item_purchase_floors":[3,8],"current_hp_per_floor":[80,60,60,44,50,50,56,56,56,56,52,51,42,37,37,0,0],"gold":107,"neow_bonus":"THREE_ENEMY_KILL","is_daily":false,"chose_seed":false,"campfire_upgraded":3,"win_rate":0.0,"timestamp":1614262668,"path_taken":["M","?","$","?","M","R","E","?","T","R","?","M","E","M","R","BOSS"],"items_purchased_type":["Card","Card"],"build_version":"2020-12-22","purchased_purges":0,"victory":false,"max_hp_per_floor":[80,80,80,80,80,80,80,80,80,80,80,80,80,80,80,80,80],"relic_stats":{"Regal Pillow":0,"counters":[8,20],"Golden Idol":32,"Shuriken":[2],"obtain_stats":[{"Regal Pillow":7,"NeowsBlessing":0,"Golden Idol":2,"Shuriken":13,"StrikeDummy":9,"Burning Blood":0},{"Regal Pillow":3,"NeowsBlessing":0,"Golden Idol":1,"Shuriken":6,"StrikeDummy":3,"Burning Blood":0},{"Regal Pillow":3,"NeowsBlessing":0,"Golden Idol":1,"Shuriken":13,"StrikeDummy":3,"Burning Blood":0}],"Burning Blood":36},"card_choices":[{"not_picked":["Shrug It Off","Clash"],"picked":"Flex","floor":1},{"not_picked":["Iron Wave","Flex"],"picked":"Headbutt","floor":5},{"not_picked":["Iron Wave","Reckless Charge"],"picked":"Havoc","floor":7},{"not_picked":["Feel No Pain","Power Through"],"picked":"Bloodletting","floor":11},{"not_picked":["Searing Blow","Iron Wave"],"picked":"Hemokinesis","floor":12},{"not_picked":["Ghostly Armor","Iron Wave","Feel No Pain"],"picked":"SKIP","floor":13},{"not_picked":["Shrug It Off","Disarm","Havoc"],"picked":"SKIP","floor":14}],"player_experience":162508,"relics_obtained":[{"floor":7,"key":"Regal Pillow"},{"floor":9,"key":"StrikeDummy"},{"floor":13,"key":"Shuriken"}],"event_choices":[{"damage_healed":0,"gold_gain":0,"player_choice":"Take Damage","damage_taken":20,"relics_obtained":["Golden Idol"],"max_hp_gain":0,"max_hp_loss":0,"event_name":"Golden Idol","floor":2,"gold_loss":0},{"damage_healed":0,"gold_gain":0,"player_choice":"Entered Light","damage_taken":16,"max_hp_gain":0,"max_hp_loss":0,"event_name":"Shining Light","floor":4,"gold_loss":0,"cards_upgraded":["Impatience","Defend_R"]}],"is_beta":false,"boss_relics":[],"items_purged_floors":[],"is_endless":false,"potions_floor_spawned":[7,11,13],"killed_by":"Slime Boss","ascension_level":0}}