{"host":"nomlpa5ttaaqphus","time":1614280969,"event":{"mods":["100% Spire Juice","AchievementEnabler","BaseMod","Colored Powertips","Minty Spire (QoL Compilation)","SpireExporter+","StSLib"],"gold_per_floor":[109,125,135,155,170,199,199,199,226,239,74,74,85,95,95,77,127,137,157,172,67,67,67,93,93,93,93,111,124,144,169,169,269,269,164,182,231,251,265,265,278,290,290,290,134,148,174,193,193,193,193,193,83,108,108],"floor_reached":56,"language":"ENG","playtime":11340,"items_purged":["Moonworks:Strike"],"score":1256,"play_id":"e43e3033-04f6-4e44-9899-3de2196c6c12","local_time":"20210225152249","is_ascension_mode":false,"campfire_choices":[{"data":"Moonworks:MetallicMonocoque","floor":7.0,"key":"SMITH"},{"floor":15.0,"key":"REST"},{"data":"Moonworks:Ambush","floor":23.0,"key":"SMITH"},{"data":"Moonworks:Wanted","floor":25.0,"key":"SMITH"},{"data":"Moonworks:EvilMastermind","floor":32.0,"key":"SMITH"},{"data":"1","floor":40.0,"key":"LIFT"},{"data":"2","floor":44.0,"key":"LIFT"},{"data":"3","floor":49.0,"key":"LIFT"},{"data":"Moonworks:Wanted","floor":52,"key":"SMITH"}],"circlet_count":0,"master_deck":["Moonworks:Strike","Moonworks:Strike","Moonworks:Strike","Moonworks:Defend","Moonworks:Defend","Moonworks:Defend","Moonworks:Defend","Moonworks:Ambush+1","Moonworks:LongDistanceShot+1","Moonworks:MetallicMonocoque+1","Moonworks:DeltaField","Moonworks:BigBangBell","Moonworks:EvilMastermind+1","Moonworks:SweetBattle","Moonworks:Wanted+1","Moonworks:Dash+1","Moonworks:NicePresent","Moonworks:AnotherUltimateWeapon","Moonworks:SweetBattle","Moonworks:UnpaidWork","Moonworks:StiffCrystal","Moonworks:SubspaceTunnel","Moonworks:ExtraordinarySpecs+1","Moonworks:NicePresent","Moonworks:Dinner+1","Moonworks:NicePresent","Moonworks:BackdoorTrade+1","Moonworks:TacticalRetreat+1","Moonworks:MetallicMonocoque","Moonworks:WindyEnchantment+1","Moonworks:Wanted+1","Moonworks:MiracleWalker"],"relics":["Moonworks:BrokenBomb","Moonworks:Homemark","Bag of Marbles","Boot","Tiny House","MutagenicStrength","Potion Belt","Tiny Chest","MealTicket","SacredBark","Girya","Centennial Puzzle","Orichalcum","Nunchaku"],"acts_visited":["Exordium","TheCity","TheBeyond","TheEnding"],"potions_floor_usage":[55],"damage_taken":[{"damage":0.0,"enemies":"Cultist","floor":1.0,"turns":4.0},{"damage":1.0,"enemies":"Jaw Worm","floor":2.0,"turns":2.0},{"damage":2.0,"enemies":"2 Louse","floor":3.0,"turns":2.0},{"damage":2.0,"enemies":"Large Slime","floor":4.0,"turns":6.0},{"damage":5.0,"enemies":"Blue Slaver","floor":5.0,"turns":4.0},{"damage":17.0,"enemies":"3 Sentries","floor":6.0,"turns":9.0},{"damage":7.0,"enemies":"3 Louse","floor":10.0,"turns":3.0},{"damage":1.0,"enemies":"2 Fungi Beasts","floor":13.0,"turns":4.0},{"damage":8.0,"enemies":"Lots of Slimes","floor":14.0,"turns":4.0},{"damage":31.0,"enemies":"The Guardian","floor":16.0,"turns":13.0},{"damage":0.0,"enemies":"3 Byrds","floor":18.0,"turns":4.0},{"damage":0.0,"enemies":"Spheric Guardian","floor":19.0,"turns":4.0},{"damage":13.0,"enemies":"Centurion and Healer","floor":20.0,"turns":9.0},{"damage":9.0,"enemies":"Shelled Parasite and Fungi","floor":21.0,"turns":5.0},{"damage":6.0,"enemies":"Gremlin Leader","floor":24.0,"turns":5.0},{"damage":0.0,"enemies":"Snecko","floor":28.0,"turns":5.0},{"damage":3.0,"enemies":"Cultist and Chosen","floor":29.0,"turns":5.0},{"damage":2.0,"enemies":"Snake Plant","floor":30.0,"turns":3.0},{"damage":0.0,"enemies":"Book of Stabbing","floor":31.0,"turns":3.0},{"damage":13.0,"enemies":"Champ","floor":33.0,"turns":10.0},{"damage":6.0,"enemies":"3 Darklings","floor":35.0,"turns":4.0},{"damage":0.0,"enemies":"Orb Walker","floor":36.0,"turns":3.0},{"damage":44.0,"enemies":"2 Orb Walkers","floor":37.0,"turns":7.0},{"damage":0.0,"enemies":"Spire Growth","floor":38.0,"turns":4.0},{"damage":5.0,"enemies":"Transient","floor":39.0,"turns":5.0},{"damage":0.0,"enemies":"Writhing Mass","floor":41.0,"turns":7.0},{"damage":6.0,"enemies":"4 Shapes","floor":42.0,"turns":5.0},{"damage":0.0,"enemies":"Maw","floor":46.0,"turns":6.0},{"damage":39.0,"enemies":"Reptomancer","floor":47.0,"turns":5.0},{"damage":0.0,"enemies":"Sphere and 2 Shapes","floor":48.0,"turns":4.0},{"damage":53,"enemies":"Donu and Deca","floor":50,"turns":13},{"damage":0,"enemies":"Shield and Spear","floor":54,"turns":7},{"damage":17,"enemies":"The Heart","floor":55,"turns":10}],"seed_played":"-7527656192609885896","potions_obtained":[{"floor":3.0,"key":"FearPotion"},{"floor":4.0,"key":"Swift Potion"},{"floor":5.0,"key":"Moonworks:LubricantPotion"},{"floor":13.0,"key":"Moonworks:OneHundredPercentOrangeJuicePotion"},{"floor":16.0,"key":"FairyPotion"},{"floor":21.0,"key":"Regen Potion"},{"floor":28.0,"key":"Moonworks:BlastingPotion"},{"floor":29.0,"key":"ColorlessPotion"},{"floor":33.0,"key":"Moonworks:SteadyPotion"},{"floor":37.0,"key":"CultistPotion"},{"floor":39.0,"key":"Regen Potion"},{"floor":42.0,"key":"Weak Potion"},{"floor":46.0,"key":"FairyPotion"}],"is_trial":false,"path_per_floor":["M","M","M","M","M","E","R","$","T","M","?","?","M","M","R","B",null,"M","M","M","M","?","R","E","R","T","$","M","M","M","E","R","B",null,"M","M","?","M","M","R","M","M","T","R","$","M","E","M","R","B",null,"R","$","E","B",null],"character_chosen":"THE_STARBREAKER","items_purchased":["Moonworks:MetallicMonocoque","Moonworks:MiracleWalker"],"campfire_rested":1,"item_purchase_floors":[45,53],"current_hp_per_floor":[66,65,63,61,56,39,39,39,39,32,21,26,25,23,44,19,76,76,76,67,64,64,64,62,62,62,62,68,76,76,76,76,67,76,72,76,43,51,65,65,76,76,76,76,76,76,54,71,71,23,76,76,76,76,76],"gold":108,"neow_bonus":"TEN_PERCENT_HP_BONUS","is_daily":false,"chose_seed":false,"campfire_upgraded":5,"win_rate":0.0,"timestamp":1614280969,"path_taken":["M","M","M","M","M","E","R","?","T","?","?","?","M","M","R","BOSS","M","M","M","M","?","R","E","R","T","$","M","M","M","E","R","BOSS","M","M","?","M","M","R","M","M","T","R","$","M","E","M","R","BOSS","R","$","E","BOSS"],"items_purchased_type":["Card","Card"],"build_version":"2020-12-22","purchased_purges":1,"victory":true,"max_hp_per_floor":[66,66,66,66,66,66,66,66,66,66,66,71,71,71,71,71,76,76,76,76,76,76,76,76,76,76,76,76,76,76,76,76,76,76,76,76,76,76,76,76,76,76,76,76,76,76,76,76,76,76,76,76,76,76,76],"card_choices":[{"not_picked":["Moonworks:BlueCrowTheSecond","Moonworks:x16BigRocket","Moonworks:WhiteChristsmasher"],"picked":"SKIP","floor":1.0},{"not_picked":["Moonworks:ImmovableObject","Moonworks:ProtagonistsPrivilege","Moonworks:ReproductionOfRecords"],"picked":"SKIP","floor":2.0},{"not_picked":["Moonworks:ImOnFire","Moonworks:ExtraordinarySpecs","Moonworks:CastOff"],"picked":"SKIP","floor":3.0},{"not_picked":["Moonworks:ReproductionOfRecords","Moonworks:DevilHand"],"picked":"Moonworks:DeltaField","floor":4.0},{"not_picked":["Moonworks:WhiteChristsmasher","Moonworks:FullSpeedAlicianrone"],"picked":"Moonworks:BigBangBell","floor":5.0},{"not_picked":["Moonworks:RainbowColoredCircle","Moonworks:DesperateModification","Moonworks:GoldenEgg"],"picked":"SKIP","floor":6.0},{"not_picked":["Moonworks:GoldenEgg","Moonworks:ImOnFire"],"picked":"Moonworks:EvilMastermind","floor":10.0},{"not_picked":["Moonworks:Assault","Moonworks:Flamethrower"],"picked":"Moonworks:SweetBattle","floor":13.0},{"not_picked":["Moonworks:DesperateModification","Moonworks:QuickRestoration","Moonworks:BlueCrowTheSecond"],"picked":"SKIP","floor":14.0},{"not_picked":["Moonworks:LeapThroughSpacetime","Moonworks:DarkSideOfBusiness"],"picked":"Moonworks:Wanted","floor":16.0},{"not_picked":["Moonworks:ExtraordinarySpecs","Moonworks:ImOnFire"],"picked":"Moonworks:Dash+1","floor":18.0},{"not_picked":["Moonworks:ForcedRevival","Moonworks:CloudOfSeagulls","Moonworks:AwakeningOfTalent"],"picked":"SKIP","floor":19.0},{"not_picked":["Moonworks:LulusLuckyEgg","Moonworks:JonathanRush+1"],"picked":"Moonworks:NicePresent","floor":20.0},{"not_picked":["Moonworks:EvilSpyWorkPreparation","Moonworks:AngelHand+1","Moonworks:IndiscriminateFireSupport"],"picked":"SKIP","floor":21.0},{"not_picked":["Moonworks:QuickRestoration","Moonworks:GoldenEgg+1"],"picked":"Moonworks:AnotherUltimateWeapon","floor":24.0},{"not_picked":["Moonworks:EvilSpyWorkPreparation+1","Moonworks:CompletionReward"],"picked":"Moonworks:SweetBattle","floor":28.0},{"not_picked":["Moonworks:QuickRestoration","Moonworks:WhiteChristsmasher"],"picked":"Moonworks:UnpaidWork","floor":29.0},{"not_picked":["Moonworks:JonathanRush","Moonworks:SweetBattle"],"picked":"Moonworks:StiffCrystal","floor":30.0},{"not_picked":["Moonworks:EvilSpyWorkPreparation","Moonworks:CloudOfSeagulls+1","Moonworks:JonathanRush+1"],"picked":"SKIP","floor":31.0},{"not_picked":["Moonworks:Gamble","Moonworks:SinkOrSwim"],"picked":"Moonworks:SubspaceTunnel","floor":33.0},{"not_picked":["Moonworks:IndiscriminateFireSupport+1","Moonworks:QuickRestoration"],"picked":"Moonworks:ExtraordinarySpecs+1","floor":35.0},{"not_picked":["Moonworks:DeployBits","Moonworks:IndiscriminateFireSupport+1"],"picked":"Moonworks:NicePresent","floor":36.0},{"not_picked":["Moonworks:ExtendedPhotonRifle+1","Moonworks:WhiteChristsmasher"],"picked":"Moonworks:Dinner+1","floor":37.0},{"not_picked":["Moonworks:WhiteChristsmasher+1","Moonworks:CookingTime+1"],"picked":"Moonworks:NicePresent","floor":38.0},{"not_picked":["Moonworks:SakisCookie","Moonworks:NicePresent+1"],"picked":"Moonworks:BackdoorTrade+1","floor":39.0},{"not_picked":["Moonworks:LulusLuckyEgg","Moonworks:NicePresent+1","Moonworks:RainbowColoredCircle+1"],"picked":"SKIP","floor":41.0},{"not_picked":["Moonworks:ReproductionOfRecords+1","Moonworks:CookingTime"],"picked":"Moonworks:TacticalRetreat+1","floor":42.0},{"not_picked":["Moonworks:BlueCrowTheSecond+1","Moonworks:GoldenEgg"],"picked":"Moonworks:WindyEnchantment+1","floor":46.0},{"not_picked":["Moonworks:DeployBits","Moonworks:SealedMemories+1","Moonworks:SelfDestruct"],"picked":"SKIP","floor":47.0},{"not_picked":["Moonworks:Bloodlust","Moonworks:ForcedRevival"],"picked":"Moonworks:Wanted","floor":48.0},{"not_picked":["Moonworks:ReproductionOfRecords+1","Moonworks:ImOnFire","Moonworks:NicePresent+1"],"picked":"SKIP","floor":54}],"player_experience":122793,"relics_obtained":[{"floor":6.0,"key":"Bag of Marbles"},{"floor":9.0,"key":"Boot"},{"floor":24.0,"key":"Potion Belt"},{"floor":26.0,"key":"Tiny Chest"},{"floor":31.0,"key":"MealTicket"},{"floor":37.0,"key":"Girya"},{"floor":43.0,"key":"Centennial Puzzle"},{"floor":47.0,"key":"Orichalcum"},{"floor":54,"key":"Nunchaku"}],"event_choices":[{"damage_healed":0.0,"max_hp_gain":0.0,"max_hp_loss":0.0,"gold_gain":75.0,"event_name":"World of Goop","player_choice":"Gather Gold","floor":11.0,"gold_loss":0.0,"damage_taken":11.0},{"damage_healed":0.0,"max_hp_gain":5.0,"max_hp_loss":0.0,"gold_gain":0.0,"event_name":"Big Fish","player_choice":"Donut","floor":12.0,"gold_loss":0.0,"damage_taken":0.0},{"damage_healed":0.0,"max_hp_gain":0.0,"max_hp_loss":0.0,"gold_gain":0.0,"event_name":"Drug Dealer","player_choice":"Inject Mutagens","floor":22.0,"gold_loss":0.0,"damage_taken":0.0,"relics_obtained":["MutagenicStrength"]},{"damage_healed":0.0,"max_hp_gain":0.0,"max_hp_loss":0.0,"gold_gain":0.0,"event_name":"Mysterious Sphere","player_choice":"Fight","floor":37.0,"gold_loss":0.0,"damage_taken":0.0}],"is_beta":false,"boss_relics":[{"not_picked":["Velvet Choker","Calling Bell"],"picked":"Tiny House"},{"not_picked":["Snecko Eye","Runic Pyramid"],"picked":"SacredBark"}],"items_purged_floors":[53],"is_endless":false,"potions_floor_spawned":[3,4,5,13,16,21,28,29,31,33,37,39,42,46,48],"ascension_level":0}}