{"host":"dkr0dog13pegamnp","time":1614263284,"event":{"mods":["AchievementEnabler","BaseMod","Minty Spire (QoL Compilation)","Rare Cards Sparkle","StSLib","SuperFastMode","everything is the same but u backflip on backflip"],"gold_per_floor":[110,110,35,46,46,79,96,110,110,126,126,154,168,185,185,256,256,273,285,296,123,141,141,141,141,216,226,226,61,86,97,97,170,170,186,206,226,76,91,91,91,119,119,147,147,194,0,13,13,13,13],"floor_reached":50,"language":"KOR","playtime":1847,"items_purged":["Strike_G","Strike_G","Defend_G"],"score":954,"play_id":"6bb16bb3-0e7a-463e-bfa9-ac96c345a2b0","local_time":"20210225232804","is_ascension_mode":true,"campfire_choices":[{"data":"Footwork","floor":11.0,"key":"SMITH"},{"data":"Crippling Poison","floor":15.0,"key":"SMITH"},{"data":"Bullet Time","floor":23.0,"key":"SMITH"},{"data":"Venomology","floor":28.0,"key":"SMITH"},{"data":"Cloak And Dagger","floor":32.0,"key":"SMITH"},{"data":"Adrenaline","floor":40,"key":"SMITH"},{"data":"Adrenaline","floor":49,"key":"SMITH"}],"circlet_count":0,"master_deck":["AscendersBane","Defend_G","Defend_G","Defend_G","Defend_G","Survivor","Neutralize","Deadly Poison","Flechettes","Footwork+1","Backflip","Backstab","Crippling Poison+1","Escape Plan","Bullet Time+1","Bane+1","Die Die Die+1","Reflex+1","Venomology+1","Escape Plan","Cloak And Dagger+1","Blur","After Image","Adrenaline+1","Catalyst","Escape Plan+1","Blade Dance+1","Caltrops+1","After Image","Adrenaline+1","Doubt","Noxious Fumes+1","Cloak And Dagger+1"],"relics":["Ring of the Serpent","NeowsBlessing","Thread and Needle","Unceasing Top","Torii","Bottled Flame","Astrolabe","HornCleat","Shuriken","TwistedFunnel","Bag of Marbles","Paper Crane","Nunchaku","Tingsha","Red Mask"],"acts_visited":["Exordium","TheCity","TheBeyond"],"potions_floor_usage":[42,42,42,44,46,48,50,50,50],"damage_taken":[{"damage":0.0,"enemies":"Jaw Worm","floor":1.0,"turns":1.0},{"damage":0.0,"enemies":"Cultist","floor":4.0,"turns":1.0},{"damage":0.0,"enemies":"Gremlin Nob","floor":6.0,"turns":1.0},{"damage":0.0,"enemies":"Small Slimes","floor":7.0,"turns":3.0},{"damage":1.0,"enemies":"Exordium Wildlife","floor":8.0,"turns":5.0},{"damage":2.0,"enemies":"Exordium Thugs","floor":10.0,"turns":7.0},{"damage":1.0,"enemies":"Lagavulin","floor":12.0,"turns":9.0},{"damage":1.0,"enemies":"2 Fungi Beasts","floor":13.0,"turns":4.0},{"damage":1.0,"enemies":"Large Slime","floor":14.0,"turns":8.0},{"damage":13.0,"enemies":"Hexaghost","floor":16.0,"turns":12.0},{"damage":0.0,"enemies":"3 Byrds","floor":18.0,"turns":3.0},{"damage":0.0,"enemies":"Chosen","floor":19.0,"turns":4.0},{"damage":1.0,"enemies":"Snake Plant","floor":20.0,"turns":4.0},{"damage":2.0,"enemies":"Centurion and Healer","floor":22.0,"turns":10.0},{"damage":11.0,"enemies":"Snecko","floor":27.0,"turns":7.0},{"damage":8.0,"enemies":"Gremlin Leader","floor":30.0,"turns":6.0},{"damage":0.0,"enemies":"Cultist and Chosen","floor":31.0,"turns":6.0},{"damage":8.0,"enemies":"Automaton","floor":33.0,"turns":13.0},{"damage":0.0,"enemies":"3 Shapes","floor":35.0,"turns":1.0},{"damage":1.0,"enemies":"Orb Walker","floor":36.0,"turns":5.0},{"damage":0.0,"enemies":"Maw","floor":37.0,"turns":11.0},{"damage":0.0,"enemies":"Sphere and 2 Shapes","floor":39.0,"turns":5.0},{"damage":17,"enemies":"Reptomancer","floor":42,"turns":5},{"damage":25,"enemies":"Nemesis","floor":44,"turns":11},{"damage":7,"enemies":"2 Orb Walkers","floor":46,"turns":4},{"damage":0,"enemies":"Jaw Worm Horde","floor":48,"turns":4},{"damage":69,"enemies":"Time Eater","floor":50,"turns":13}],"seed_played":"-8680233728439274850","potions_obtained":[{"floor":2.0,"key":"SneckoOil"},{"floor":2.0,"key":"EssenceOfSteel"},{"floor":2.0,"key":"FairyPotion"},{"floor":6.0,"key":"PowerPotion"},{"floor":13.0,"key":"Explosive Potion"},{"floor":14.0,"key":"Explosive Potion"},{"floor":19.0,"key":"SneckoOil"},{"floor":20.0,"key":"Regen Potion"},{"floor":22.0,"key":"AttackPotion"},{"floor":27.0,"key":"DistilledChaos"},{"floor":30.0,"key":"Energy Potion"},{"floor":35.0,"key":"PowerPotion"},{"floor":42,"key":"Weak Potion"},{"floor":44,"key":"SmokeBomb"},{"floor":46,"key":"FearPotion"}],"is_trial":false,"path_per_floor":["M","?","$","M","?","E","M","M","T","M","R","E","M","M","R","B",null,"M","M","M","$","M","R","?","$","T","M","R","$","E","M","R","B",null,"M","M","M","$","M","R","?","E","T","E","?","?","?","M","R","B"],"character_chosen":"THE_SILENT","items_purchased":["Escape Plan","Blur","TwistedFunnel"],"campfire_rested":0,"item_purchase_floors":[21,29,38],"current_hp_per_floor":[59,59,59,59,52,52,52,51,51,49,49,48,47,46,46,33,58,58,58,57,57,66,66,66,66,66,55,55,55,47,47,47,39,59,59,58,58,58,58,58,58,41,41,16,63,56,56,56,56,0,0],"gold":13,"neow_bonus":"THREE_ENEMY_KILL","is_daily":false,"chose_seed":false,"campfire_upgraded":7,"win_rate":0.0,"timestamp":1614263284,"path_taken":["M","?","?","M","?","E","?","M","T","M","R","E","M","M","R","BOSS","M","M","M","$","M","R","?","?","T","M","R","$","E","M","R","BOSS","M","M","M","$","M","R","?","E","T","E","?","?","?","M","R","BOSS"],"items_purchased_type":["Card","Card","Relic"],"build_version":"2020-12-22","purchased_purges":3,"victory":false,"max_hp_per_floor":[66,66,66,66,66,66,66,66,66,66,66,66,66,66,66,66,66,66,66,66,66,66,66,66,66,66,66,66,66,66,66,66,66,66,66,66,66,66,66,66,63,63,63,63,63,63,63,63,63,63,63],"card_choices":[{"not_picked":["Prepared","Dagger Throw"],"picked":"Deadly Poison","floor":1.0},{"not_picked":["Dagger Throw","Masterful Stab","Reflex"],"picked":"SKIP","floor":4.0},{"not_picked":["Flying Knee","Outmaneuver"],"picked":"Flechettes","floor":6.0},{"not_picked":["Reflex","Heel Hook"],"picked":"Footwork","floor":7.0},{"not_picked":["Tactician","Quick Slash"],"picked":"Backflip","floor":8.0},{"not_picked":["PiercingWail","Dodge and Roll"],"picked":"Backstab","floor":10.0},{"not_picked":["Wraith Form v2","Die Die Die"],"picked":"Crippling Poison","floor":12.0},{"not_picked":["Dagger Throw","All Out Attack"],"picked":"Escape Plan","floor":13.0},{"not_picked":["Finisher","Deflect","Deadly Poison"],"picked":"SKIP","floor":14.0},{"not_picked":["Night Terror","A Thousand Cuts"],"picked":"Bullet Time","floor":16.0},{"not_picked":["Accuracy","Quick Slash","Blade Dance"],"picked":"SKIP","floor":18.0},{"not_picked":["PiercingWail","Sucker Punch"],"picked":"Venomology","floor":19.0},{"not_picked":["Flying Knee","Dagger Spray","Dagger Throw"],"picked":"SKIP","floor":20.0},{"not_picked":["Sucker Punch+1","Slice","Terror"],"picked":"SKIP","floor":22.0},{"not_picked":["Dagger Spray","Dagger Throw"],"picked":"Cloak And Dagger","floor":27.0},{"not_picked":["Backflip","PiercingWail"],"picked":"After Image","floor":30.0},{"not_picked":["Predator","Bane","Prepared"],"picked":"SKIP","floor":31.0},{"not_picked":["Die Die Die","Corpse Explosion"],"picked":"Adrenaline","floor":33.0},{"not_picked":["Prepared","Poisoned Stab"],"picked":"Catalyst","floor":35.0},{"not_picked":["Dagger Throw","Outmaneuver"],"picked":"Escape Plan+1","floor":36.0},{"not_picked":["Outmaneuver","Concentrate"],"picked":"Blade Dance+1","floor":37.0},{"not_picked":["Blade Dance","Escape Plan+1"],"picked":"Caltrops+1","floor":39.0},{"not_picked":["Acrobatics","Underhanded Strike"],"picked":"After Image","floor":42},{"not_picked":["Footwork","Backflip"],"picked":"Adrenaline","floor":44},{"not_picked":["Sucker Punch","Dodge and Roll+1"],"picked":"Noxious Fumes+1","floor":46},{"not_picked":["Dash","Escape Plan+1"],"picked":"Cloak And Dagger+1","floor":48}],"player_experience":113623,"relics_obtained":[{"floor":6.0,"key":"Unceasing Top"},{"floor":9.0,"key":"Torii"},{"floor":12.0,"key":"Bottled Flame"},{"floor":26.0,"key":"HornCleat"},{"floor":30.0,"key":"Shuriken"},{"floor":42,"key":"Bag of Marbles"},{"floor":43,"key":"Paper Crane"},{"floor":44,"key":"Nunchaku"},{"floor":46,"key":"Tingsha"}],"event_choices":[{"damage_healed":0.0,"max_hp_gain":0.0,"max_hp_loss":0.0,"gold_gain":0.0,"event_name":"Lab","player_choice":"Got Potions","floor":2.0,"gold_loss":0.0,"damage_taken":0.0},{"damage_healed":0.0,"max_hp_gain":0.0,"max_hp_loss":0.0,"gold_gain":0.0,"event_name":"Scrap Ooze","player_choice":"Success","floor":5.0,"gold_loss":0.0,"damage_taken":7.0,"relics_obtained":["Thread and Needle"]},{"damage_healed":0.0,"max_hp_gain":0.0,"max_hp_loss":0.0,"gold_gain":0.0,"event_name":"Vampires","player_choice":"Ignored","floor":24.0,"gold_loss":0.0,"damage_taken":0.0},{"damage_healed":0,"gold_gain":0,"player_choice":"Max HP","damage_taken":0,"max_hp_gain":0,"max_hp_loss":3,"event_name":"Winding Halls","floor":41,"gold_loss":0},{"damage_healed":47,"gold_gain":0,"player_choice":"Heal","damage_taken":0,"max_hp_gain":0,"max_hp_loss":0,"event_name":"MindBloom","floor":45,"gold_loss":0,"cards_obtained":["Doubt"]},{"damage_healed":0,"gold_gain":0,"player_choice":"Fight","damage_taken":0,"max_hp_gain":0,"max_hp_loss":0,"event_name":"Mysterious Sphere","floor":46,"gold_loss":0},{"damage_healed":0,"gold_gain":0,"player_choice":"Paid","damage_taken":0,"relics_obtained":["Red Mask"],"max_hp_gain":0,"max_hp_loss":0,"event_name":"Tomb of Lord Red Mask","floor":47,"gold_loss":194}],"is_beta":false,"boss_relics":[{"not_picked":["Ectoplasm","Philosopher\u0027s Stone"],"picked":"Astrolabe"},{"not_picked":["WristBlade","HoveringKite"],"picked":"Ring of the Serpent"}],"items_purged_floors":[3,21,29],"is_endless":false,"potions_floor_spawned":[4,6,13,14,19,20,22,27,30,35,42,44,46],"killed_by":"Time Eater","ascension_level":14}}