{"host":"fr1l74x1jw61j7hk","time":1614256229,"event":{"mods":["BaseMod","Downfall","Minty Spire (QoL Compilation)","StSLib"],"gold_per_floor":[349,360,373,121,134,149,149,169,169,169,186,186,186,205,225,225,225,225],"floor_reached":16,"language":"ZHS","playtime":646,"items_purged":["Clumsy"],"score":110,"play_id":"50baf7d2-724c-4fb5-a0c3-04cb9e4a9341","local_time":"20210225203029","is_ascension_mode":true,"campfire_choices":[{"data":"Guardian:TwinSlam","floor":1,"key":"SMITH"},{"data":"expansioncontent:StudyTheSpire","floor":9,"key":"SMITH"},{"data":"Guardian:PrismaticBeam","floor":13,"key":"SMITH"}],"circlet_count":0,"master_deck":["Guardian:Strike_Guardian","Guardian:Strike_Guardian","Guardian:Strike_Guardian","Guardian:Defend_Guardian","Guardian:Defend_Guardian","Guardian:Defend_Guardian","Guardian:Defend_Guardian","Guardian:CurlUp","Guardian:TwinSlam+1","Guardian:PrismaticBeam+1","Guardian:BodySlam","expansioncontent:StudyTheSpire+1","Guardian:ShieldCharger","Guardian:Recover","Guardian:Gem_White","Guardian:VentSteam+1"],"relics":["Guardian:ModeShifter","Toxic Egg 2","downfall:ShatteredFragment"],"acts_visited":["Exordium"],"potions_floor_usage":[16,16],"damage_taken":[{"damage":5,"enemies":"Cultist","floor":2,"turns":4},{"damage":4,"enemies":"Small Slimes","floor":3,"turns":4},{"damage":5,"enemies":"downfall:FleeingMerchant","floor":4,"turns":4},{"damage":7,"enemies":"2 Louse","floor":5,"turns":2},{"damage":10,"enemies":"Large Slime","floor":6,"turns":7},{"damage":26,"enemies":"Exordium Thugs","floor":8,"turns":5},{"damage":11,"enemies":"2 Fungi Beasts","floor":11,"turns":4},{"damage":8,"enemies":"Red Slaver","floor":14,"turns":3},{"damage":0,"enemies":"Exordium Wildlife","floor":15,"turns":3},{"damage":30,"enemies":"WA_ARCHETYPE_RETAIN","floor":16,"turns":7}],"seed_played":"3013530953027112020","potions_obtained":[{"floor":3,"key":"DuplicationPotion"},{"floor":5,"key":"FearPotion"},{"floor":6,"key":"ColorlessPotion"},{"floor":11,"key":"FairyPotion"}],"is_trial":false,"path_per_floor":["R","M","M","$","M","M","T","M","R","?","M","?","R","M","M","B"],"character_chosen":"GUARDIAN","items_purchased":["expansioncontent:StudyTheSpire"],"campfire_rested":0,"item_purchase_floors":[4],"current_hp_per_floor":[80,75,71,66,59,49,49,23,23,23,12,24,24,16,16,0,0,0],"gold":225,"neow_bonus":"TWO_FIFTY_GOLD","is_daily":false,"chose_seed":false,"campfire_upgraded":3,"win_rate":0.0,"timestamp":1614256229,"path_taken":["R","M","M","$","M","?","T","M","R","?","M","?","R","M","M","BOSS"],"items_purchased_type":["Card"],"build_version":"2020-12-22","purchased_purges":1,"victory":false,"max_hp_per_floor":[80,80,80,80,80,80,80,80,80,80,80,80,80,80,80,80,80,80],"card_choices":[{"not_picked":["Guardian:ShieldCharger","Guardian:WalkerClaw"],"picked":"Guardian:PrismaticBeam","floor":2},{"not_picked":["Guardian:FloatingOrbs","Guardian:Reroute"],"picked":"Guardian:BodySlam","floor":3},{"not_picked":["Guardian:Suspension","Guardian:Clone"],"picked":"Guardian:Gem_Fragmented","floor":4},{"not_picked":["Guardian:Reroute","Guardian:TemporalShield"],"picked":"Guardian:ShieldCharger","floor":5},{"not_picked":["Guardian:ShieldCharger","Guardian:Gem_Lightblue"],"picked":"Guardian:Recover","floor":6},{"not_picked":["Guardian:Gem_Red","Guardian:Gem_Green"],"picked":"Guardian:Gem_Fragmented","floor":8},{"not_picked":["Guardian:Gem_Fragmented","Guardian:Gem_White"],"picked":"Guardian:Gem_Crimson","floor":11},{"not_picked":["Guardian:Preprogram+1","Guardian:FloatingOrbs"],"picked":"Guardian:Gem_White","floor":14},{"not_picked":["Guardian:ArmoredProtocol","Guardian:RefractedBeam"],"picked":"Guardian:VentSteam+1","floor":15}],"player_experience":518280,"relics_obtained":[{"floor":7,"key":"Toxic Egg 2"}],"event_choices":[{"cards_removed":["Guardian:Strike_Guardian"],"damage_healed":0,"gold_gain":0,"player_choice":"Card Removal","damage_taken":0,"max_hp_gain":0,"max_hp_loss":0,"event_name":"The Cleric","floor":10,"gold_loss":0}],"is_beta":false,"boss_relics":[],"items_purged_floors":[4],"is_endless":false,"potions_floor_spawned":[3,5,6,11],"killed_by":"WA_ARCHETYPE_RETAIN","ascension_level":3}}