{"host":"7fyy23rucerupe6i","time":1614255040,"event":{"mods":["AchievementEnabler","Act Like it!","Aspiration","BaseMod","Better Note","BetterRewards","Colored Map","Colored Powertips","Conspire","Curses Come First","Custom Start","Downfall","Googly Eyes","Marisa£®ÏF”Í°°ƒß¿Ì…≥£©","Minty Spire (QoL Compilation)","Quick Restart","Relic Stats","Shop Mod","ShortenTheSpire","Spicy Shops","StSLib","SuperFastMode","The Blackbeard","The Construct","The Cursed","The Senshi","The Servant 0.9.4"],"gold_per_floor":[115,115,185,204,216,216,227,227,227,227,227,261,275,308,308,380,380,390,84,104,114,131,158,158,158,158],"floor_reached":25,"language":"ZHS","playtime":1045,"items_purged":["Strike_P"],"score":491,"play_id":"e9a71d76-e122-4211-991b-1a7721863174","local_time":"20210225201040","is_ascension_mode":true,"campfire_choices":[{"data":"Strike_P","floor":6,"key":"PURGE"},{"data":"Defend_P","floor":8,"key":"PURGE"},{"data":"Defend_P","floor":10,"key":"PURGE"},{"data":"Strike_P","floor":15,"key":"PURGE"},{"data":"Defend_P+1","floor":24,"key":"PURGE"}],"circlet_count":0,"master_deck":["AscendersBane","Strike_P","Eruption+1","Vigilance+1","Prostrate+1","Conclude","Study","Prostrate+1","Pray+1","LessonLearned","FlurryOfBlows","Alpha","Prostrate","Prostrate","Wallop+1"],"relics":["PureWater","Lee\u0027s Waffle","Prayer Wheel","Peace Pipe","Sundial","CloakClasp","Bag of Marbles","conspire:RunicOctahedron","MerchantsRug","conspire:TreasureMap","Damaru"],"acts_visited":["Exordium","TheCity"],"potions_floor_usage":[12,12,22],"damage_taken":[{"damage":11,"enemies":"Jaw Worm","floor":1,"turns":5},{"damage":8,"enemies":"Cultist","floor":4,"turns":3},{"damage":0,"enemies":"Small Slimes","floor":5,"turns":3},{"damage":7,"enemies":"3 Louse","floor":7,"turns":3},{"damage":9,"enemies":"Lagavulin","floor":12,"turns":5},{"damage":0,"enemies":"Gremlin Gang","floor":13,"turns":1},{"damage":12,"enemies":"3 Sentries","floor":14,"turns":3},{"damage":31,"enemies":"The Guardian","floor":16,"turns":9},{"damage":0,"enemies":"Chosen","floor":18,"turns":3},{"damage":0,"enemies":"Spheric Guardian","floor":20,"turns":3},{"damage":27,"enemies":"Snake Plant","floor":21,"turns":2},{"damage":20,"enemies":"Shelled Parasite and Fungi","floor":22,"turns":3},{"damage":10,"enemies":"Book of Stabbing","floor":23,"turns":4},{"damage":16,"enemies":"conspire:MimicChest","floor":25,"turns":2}],"seed_played":"2399644981415952721","potions_obtained":[{"floor":1,"key":"SkillPotion"},{"floor":5,"key":"Block Potion"},{"floor":12,"key":"Fruit Juice"},{"floor":18,"key":"Fire Potion"},{"floor":21,"key":"Weak Potion"},{"floor":22,"key":"Fire Potion"}],"is_trial":false,"path_per_floor":["M","?","T","M","M","R","M","R","T","R","?","E","M","E","R","B",null,"M","$","M","M","M","E","R","?"],"character_chosen":"WATCHER","items_purchased":["Lee\u0027s Waffle","Prayer Wheel","Peace Pipe","MerchantsRug","conspire:TreasureMap"],"campfire_rested":0,"item_purchase_floors":[0,0,0,19,19],"current_hp_per_floor":[64,64,64,56,56,56,49,49,49,49,49,45,45,33,33,2,61,61,61,61,34,14,4,4,0,0],"gold":158,"neow_bonus":"","is_daily":false,"chose_seed":false,"campfire_upgraded":0,"win_rate":0.0,"timestamp":1614255040,"path_taken":["M","?","?","M","M","R","M","R","T","R","?","E","M","E","R","BOSS","M","$","M","M","M","E","R","?"],"items_purchased_type":["Relic","Relic","Relic","Relic","Relic"],"build_version":"2020-12-22","purchased_purges":1,"victory":false,"max_hp_per_floor":[75,75,75,75,75,75,75,75,75,75,75,80,80,80,80,80,80,80,80,80,80,80,80,80,80,80],"relic_stats":{"Peace Pipe":5,"Lee\u0027s Waffle":45,"counters":[14,49],"Sundial":[10],"Prayer Wheel":9,"CloakClasp":[76],"obtain_stats":[{"Peace Pipe":0,"MerchantsRug":19,"Lee\u0027s Waffle":0,"conspire:TreasureMap":19,"Sundial":3,"Gambling Chip":12,"Damaru":23,"Prayer Wheel":0,"conspire:RunicOctahedron":17,"CloakClasp":9,"Bag of Marbles":14,"PureWater":0},{"Peace Pipe":0,"MerchantsRug":9,"Lee\u0027s Waffle":0,"conspire:TreasureMap":9,"Sundial":1,"Gambling Chip":5,"Damaru":13,"Prayer Wheel":0,"conspire:RunicOctahedron":8,"CloakClasp":4,"Bag of Marbles":7,"PureWater":0},{"Peace Pipe":0,"MerchantsRug":35,"Lee\u0027s Waffle":0,"conspire:TreasureMap":35,"Sundial":5,"Gambling Chip":19,"Damaru":47,"Prayer Wheel":0,"conspire:RunicOctahedron":32,"CloakClasp":14,"Bag of Marbles":23,"PureWater":0}]},"card_choices":[{"not_picked":["JustLucky","PathToVictory"],"picked":"Prostrate","floor":1},{"not_picked":["Halt","Evaluate"],"picked":"Conclude","floor":1},{"not_picked":["FearNoEvil","Evaluate"],"picked":"Prostrate","floor":4},{"not_picked":["Adaptation","FlyingSleeves","Consecrate"],"picked":"SKIP","floor":4},{"not_picked":["Prostrate","Weave"],"picked":"Pray","floor":5},{"not_picked":["FlyingSleeves","EmptyBody","ForeignInfluence"],"picked":"SKIP","floor":5},{"not_picked":["Protect","Evaluate"],"picked":"LessonLearned","floor":7},{"not_picked":["WheelKick","EmptyFist","Prostrate"],"picked":"SKIP","floor":7},{"not_picked":["LikeWater","CrushJoints","Crescendo"],"picked":"SKIP","floor":12},{"not_picked":["Halt","Fasting2"],"picked":"FlurryOfBlows","floor":13},{"not_picked":["Halt","Meditate","PathToVictory"],"picked":"SKIP","floor":13},{"not_picked":["WheelKick","CutThroughFate","Protect"],"picked":"SKIP","floor":14},{"not_picked":["SpiritShield","Judgement"],"picked":"Alpha","floor":16},{"not_picked":["ForeignInfluence","Crescendo"],"picked":"Prostrate","floor":18},{"not_picked":["ClearTheMind","WheelKick","CutThroughFate"],"picked":"SKIP","floor":18},{"not_picked":["Wireheading","Establishment"],"picked":"Prostrate","floor":20},{"not_picked":["SashWhip","FlyingSleeves","WreathOfFlame+1"],"picked":"SKIP","floor":20},{"not_picked":["Consecrate","Crescendo"],"picked":"Wallop+1","floor":21},{"not_picked":["Fasting2","FlyingSleeves+1","SashWhip"],"picked":"SKIP","floor":21},{"not_picked":["Pray+1","EmptyFist","ThirdEye"],"picked":"SKIP","floor":22},{"not_picked":["Swivel","LikeWater","EmptyFist"],"picked":"SKIP","floor":22},{"not_picked":["FearNoEvil","Halt+1","MasterReality"],"picked":"SKIP","floor":23}],"player_experience":613941,"relics_obtained":[{"floor":3,"key":"Sundial"},{"floor":9,"key":"CloakClasp"},{"floor":12,"key":"Gambling Chip"},{"floor":14,"key":"Bag of Marbles"},{"floor":23,"key":"Damaru"}],"event_choices":[{"damage_healed":0,"gold_gain":0,"cards_transformed":["Defend_P"],"player_choice":"Change","damage_taken":0,"max_hp_gain":0,"max_hp_loss":0,"event_name":"Living Wall","floor":2,"gold_loss":0,"cards_obtained":["Study"]},{"damage_healed":0,"gold_gain":0,"player_choice":"Got Potions","damage_taken":0,"max_hp_gain":0,"max_hp_loss":0,"event_name":"Lab","floor":11,"gold_loss":0}],"is_beta":false,"boss_relics":[{"not_picked":["SacredBark","conspire:RoyalGoblet"],"picked":"conspire:RunicOctahedron"}],"items_purged_floors":[19],"is_endless":false,"potions_floor_spawned":[1,5,12,18,21,22],"killed_by":"conspire:MimicChest","ascension_level":20}}