{"host":"nkolxg4se00n20yf","time":1614293868,"event":{"mods":["BaseMod","CatGirl Mod","Chen","Colored Map","Colored Powertips","Downfall","Friendly Minions","Infinite Spire","Kiyohime????","Marisa????????","Minty Spire (QoL Compilation)","StSLib","Td1madao Mod","The Administrix","The Cursed","The Exalted","The Hierophant","The Servant 0.9.4"],"gold_per_floor":[16,34,34,34,34,34,66,81,105,180,180,198,11,40,40,40,40],"floor_reached":16,"language":"ENG","playtime":919,"items_purged":[],"score":178,"play_id":"a4a065e2-58a8-461d-9429-acce5f34f7e8","local_time":"20210225235748","is_ascension_mode":true,"campfire_choices":[{"floor":6,"key":"REST"},{"floor":15,"key":"REST"}],"circlet_count":0,"master_deck":["AscendersBane","Strike_B","Strike_B+1","Strike_B","Strike_B","Defend_B","Defend_B","Defend_B","Defend_B","Zap","Dualcast+1","Aggregate","Gash","Gash","Streamline","Sunder","Melter"],"relics":["Cracked Core","Bromod:ArcaneUltimatum","Bromod:ArcaneNullifier","Bromod:ArcaneAwakening","Tiny Chest","Strawberry","Happy Flower"],"acts_visited":["Exordium"],"potions_floor_usage":[8,14],"damage_taken":[{"damage":0,"enemies":"2 Louse","floor":1,"turns":3},{"damage":2,"enemies":"Jaw Worm","floor":2,"turns":3},{"damage":5,"enemies":"3 Sentries","floor":7,"turns":8},{"damage":4,"enemies":"Small Slimes","floor":8,"turns":3},{"damage":15,"enemies":"3 Louse","floor":12,"turns":3},{"damage":25,"enemies":"Lagavulin","floor":14,"turns":5},{"damage":41,"enemies":"Slime Boss","floor":16,"turns":5}],"seed_played":"554974971236559931","potions_obtained":[{"floor":7,"key":"AttackPotion"},{"floor":12,"key":"hexamod:SoulburnPotion"},{"floor":14,"key":"Energy Potion"}],"is_trial":false,"path_per_floor":["M","M","?","?","?","R","E","M","T","?","?","M","$","E","R","B"],"character_chosen":"DEFECT","items_purchased":["Sunder","Strawberry"],"campfire_rested":2,"item_purchase_floors":[13,13],"current_hp_per_floor":[68,66,51,39,44,68,63,59,59,48,48,33,40,15,41,0,0],"gold":40,"neow_bonus":"ONE_RARE_RELIC","is_daily":false,"chose_seed":false,"campfire_upgraded":0,"win_rate":0.0,"timestamp":1614293868,"path_taken":["M","M","?","?","?","R","E","M","T","?","?","?","$","E","R","BOSS"],"items_purchased_type":["Card","Relic"],"build_version":"2020-12-22","purchased_purges":0,"victory":false,"max_hp_per_floor":[75,75,75,75,80,80,80,80,80,80,80,80,87,87,87,87,87],"card_choices":[{"not_picked":["Streamline","Go for the Eyes"],"picked":"Aggregate","floor":1},{"not_picked":["Streamline","Force Field"],"picked":"Gash","floor":2},{"not_picked":["Hologram","Streamline"],"picked":"Gash","floor":7},{"not_picked":["Barrage","Hologram","Stack"],"picked":"SKIP","floor":8},{"not_picked":["Redo","Go for the Eyes"],"picked":"Streamline","floor":12},{"not_picked":["Streamline","Conserve Battery"],"picked":"Melter","floor":14}],"player_experience":1154956,"relics_obtained":[{"floor":7,"key":"Bromod:ArcaneAwakening"},{"floor":9,"key":"Tiny Chest"},{"floor":14,"key":"Happy Flower"}],"event_choices":[{"damage_healed":0,"gold_gain":0,"player_choice":"Entered Light","damage_taken":15,"max_hp_gain":0,"max_hp_loss":0,"event_name":"Shining Light","floor":3,"gold_loss":0,"cards_upgraded":["Dualcast","Strike_B"]},{"damage_healed":0,"gold_gain":0,"player_choice":"Success","damage_taken":12,"relics_obtained":["Bromod:ArcaneNullifier"],"max_hp_gain":0,"max_hp_loss":0,"event_name":"Scrap Ooze","floor":4,"gold_loss":0},{"damage_healed":0,"gold_gain":0,"player_choice":"Donut","damage_taken":0,"max_hp_gain":5,"max_hp_loss":0,"event_name":"Big Fish","floor":5,"gold_loss":0},{"damage_healed":0,"gold_gain":75,"player_choice":"Gather Gold","damage_taken":11,"max_hp_gain":0,"max_hp_loss":0,"event_name":"World of Goop","floor":10,"gold_loss":0}],"is_beta":false,"boss_relics":[],"items_purged_floors":[],"is_endless":false,"potions_floor_spawned":[7,12,14],"killed_by":"Slime Boss","ascension_level":13}}