{"host":"2hea6pl5vmah38iy","time":1614258619,"event":{"mods":["AchievementEnabler","BaseMod","Colored Map","DeckTracker","Keyboard Shortcuts","Minty Spire (QoL Compilation)","Rare Cards Sparkle","StSLib","SuperFastMode","everything is the same but u backflip on backflip"],"gold_per_floor":[110,124,124,138,52,52,52,65,91,91,134,158,197,210,210,299,299,318,331,331,331,351,351,351,389,416,449,492,492,154,177,177,268,268,287,138,138,162,185,185,199,199,199],"floor_reached":42,"language":"KOR","playtime":2682,"items_purged":["Strike_R+1","Strike_R+1"],"score":1146,"play_id":"ccc1bd37-1404-4e62-a3f1-7acfde3d1a6b","local_time":"20210225221019","is_ascension_mode":true,"campfire_choices":[{"data":"Whirlwind","floor":6.0,"key":"SMITH"},{"data":"Uppercut","floor":10.0,"key":"SMITH"},{"data":"Spot Weakness","floor":15.0,"key":"SMITH"},{"floor":23.0,"key":"REST"},{"data":"Demon Form","floor":32.0,"key":"SMITH"},{"data":"Burning Pact","floor":40.0,"key":"SMITH"}],"circlet_count":0,"master_deck":["AscendersBane","Strike_R+1","Strike_R+1","Strike_R+1","Defend_R+1","Defend_R+1","Defend_R+1","Defend_R+1","Bash","Carnage","Uppercut+1","Whirlwind+1","Offering","Spot Weakness+1","Demon Form+1","Shrug It Off","Power Through+1","Shockwave","Pommel Strike+1","Berserk","Burning Pact+1","Flash of Steel","True Grit+1"],"relics":["Velvet Choker","Golden Idol","Blood Vial","Anchor","Ice Cream","Mark of Pain","Incense Burner","Tiny Chest","Pantograph","Red Mask","InkBottle","Membership Card","Blue Candle","Coffee Dripper"],"acts_visited":["Exordium","TheCity","TheBeyond"],"potions_floor_usage":[42,42],"damage_taken":[{"damage":7.0,"enemies":"Jaw Worm","floor":1.0,"turns":4.0},{"damage":2.0,"enemies":"2 Louse","floor":2.0,"turns":2.0},{"damage":25.0,"enemies":"Small Slimes","floor":4.0,"turns":3.0},{"damage":3.0,"enemies":"Blue Slaver","floor":8.0,"turns":2.0},{"damage":0.0,"enemies":"3 Sentries","floor":11.0,"turns":3.0},{"damage":6.0,"enemies":"Exordium Thugs","floor":12.0,"turns":2.0},{"damage":6.0,"enemies":"Gremlin Nob","floor":13.0,"turns":3.0},{"damage":0.0,"enemies":"2 Fungi Beasts","floor":14.0,"turns":2.0},{"damage":6.0,"enemies":"Hexaghost","floor":16.0,"turns":6.0},{"damage":11.0,"enemies":"2 Thieves","floor":18.0,"turns":3.0},{"damage":28.0,"enemies":"Spheric Guardian","floor":19.0,"turns":5.0},{"damage":6.0,"enemies":"Snecko","floor":22.0,"turns":2.0},{"damage":6.0,"enemies":"Gremlin Leader","floor":25.0,"turns":6.0},{"damage":6.0,"enemies":"Book of Stabbing","floor":27.0,"turns":2.0},{"damage":0.0,"enemies":"Masked Bandits","floor":28.0,"turns":1.0},{"damage":0.0,"enemies":"Cultist and Chosen","floor":31.0,"turns":5.0},{"damage":7.0,"enemies":"Collector","floor":33.0,"turns":5.0},{"damage":8.0,"enemies":"3 Shapes","floor":35.0,"turns":4.0},{"damage":26.0,"enemies":"3 Darklings","floor":38.0,"turns":4.0},{"damage":18.0,"enemies":"Maw","floor":39.0,"turns":5.0},{"damage":13.0,"enemies":"4 Shapes","floor":41.0,"turns":15.0},{"damage":1,"enemies":"Nemesis","floor":42,"turns":4}],"seed_played":"7377028267995784037","potions_obtained":[{"floor":1.0,"key":"EssenceOfSteel"},{"floor":4.0,"key":"Explosive Potion"},{"floor":8.0,"key":"Fire Potion"},{"floor":12.0,"key":"Swift Potion"},{"floor":18.0,"key":"ElixirPotion"},{"floor":27.0,"key":"Strength Potion"},{"floor":31.0,"key":"FearPotion"},{"floor":33.0,"key":"PowerPotion"},{"floor":39.0,"key":"Dexterity Potion"}],"is_trial":false,"path_per_floor":["M","M","?","M","$","R","?","M","T","R","E","M","E","M","R","B",null,"M","M","?","?","M","R","?","E","T","E","?","T","$","M","R","B",null,"M","$","T","M","M","R","M","E"],"character_chosen":"IRONCLAD","items_purchased":["Whirlwind","Membership Card","Blue Candle","Burning Pact","Flash of Steel"],"campfire_rested":1,"item_purchase_floors":[5,30,30,36,36],"current_hp_per_floor":[61,59,59,34,34,34,34,31,31,31,33,29,25,27,27,23,57,48,22,22,22,18,38,38,34,34,30,32,32,32,34,34,54,65,59,59,59,35,19,19,8,9,9],"gold":199,"neow_bonus":"BOSS_RELIC","is_daily":false,"chose_seed":false,"campfire_upgraded":5,"win_rate":0.0,"timestamp":1614258619,"path_taken":["M","M","?","M","$","R","?","M","T","R","E","M","E","M","R","BOSS","M","M","?","?","M","R","?","E","T","E","?","?","$","?","R","BOSS","M","$","?","M","M","R","M","E"],"items_purchased_type":["Card","Relic","Relic","Card","Card"],"build_version":"2020-12-22","purchased_purges":2,"victory":false,"max_hp_per_floor":[75,75,68,68,68,68,68,68,68,68,68,68,68,68,68,68,68,68,68,68,68,68,68,68,68,68,68,68,68,68,68,68,68,68,68,68,68,68,68,68,68,68,68],"card_choices":[{"not_picked":["Evolve","Burning Pact"],"picked":"Carnage","floor":1.0},{"not_picked":["Sword Boomerang","Havoc","Dropkick"],"picked":"SKIP","floor":2.0},{"not_picked":["Anger","Flex"],"picked":"Uppercut","floor":4.0},{"not_picked":["Wild Strike","Twin Strike","Perfected Strike"],"picked":"SKIP","floor":8.0},{"not_picked":["Evolve","Body Slam"],"picked":"Offering","floor":11.0},{"not_picked":["Clash","Cleave","Twin Strike"],"picked":"SKIP","floor":12.0},{"not_picked":["Pommel Strike","Perfected Strike","Limit Break"],"picked":"SKIP","floor":13.0},{"not_picked":["Feel No Pain","Flex"],"picked":"Spot Weakness","floor":14.0},{"not_picked":["Exhume","Limit Break"],"picked":"Demon Form","floor":16.0},{"not_picked":["Clash","Disarm"],"picked":"Shrug It Off","floor":18.0},{"not_picked":["Iron Wave","Inflame"],"picked":"Power Through+1","floor":19.0},{"not_picked":["Dropkick","Sword Boomerang","Rupture+1"],"picked":"SKIP","floor":22.0},{"not_picked":["Rage","Entrench","Pommel Strike"],"picked":"SKIP","floor":25.0},{"not_picked":["Blood for Blood","Feel No Pain","Body Slam"],"picked":"SKIP","floor":27.0},{"not_picked":["Twin Strike+1","Reaper"],"picked":"Pommel Strike+1","floor":31.0},{"not_picked":["Bludgeon","Exhume"],"picked":"Berserk","floor":33.0},{"not_picked":["Entrench","Ghostly Armor","Blood for Blood"],"picked":"SKIP","floor":35.0},{"not_picked":["Hemokinesis","Rage"],"picked":"True Grit+1","floor":38.0},{"not_picked":["Armaments","Iron Wave","Carnage"],"picked":"SKIP","floor":39.0},{"not_picked":["Rampage+1","Intimidate","Hemokinesis"],"picked":"SKIP","floor":41.0}],"player_experience":617417,"relics_obtained":[{"floor":9.0,"key":"Blood Vial"},{"floor":11.0,"key":"Anchor"},{"floor":13.0,"key":"Ice Cream"},{"floor":25.0,"key":"Incense Burner"},{"floor":26.0,"key":"Tiny Chest"},{"floor":27.0,"key":"Pantograph"},{"floor":28.0,"key":"Red Mask"},{"floor":29.0,"key":"InkBottle"}],"event_choices":[{"damage_healed":0.0,"max_hp_gain":0.0,"max_hp_loss":7.0,"gold_gain":0.0,"event_name":"Golden Idol","player_choice":"Lose Max HP","floor":3.0,"gold_loss":0.0,"damage_taken":0.0,"relics_obtained":["Golden Idol"]},{"damage_healed":0.0,"max_hp_gain":0.0,"max_hp_loss":0.0,"gold_gain":0.0,"event_name":"Liars Game","player_choice":"Ignored","floor":7.0,"gold_loss":0.0,"damage_taken":0.0},{"damage_healed":0.0,"max_hp_gain":0.0,"max_hp_loss":0.0,"gold_gain":0.0,"event_name":"Vampires","player_choice":"Ignored","floor":20.0,"gold_loss":0.0,"damage_taken":0.0},{"damage_healed":0.0,"max_hp_gain":0.0,"max_hp_loss":0.0,"gold_gain":0.0,"event_name":"Back to Basics","player_choice":"Simplicity","floor":21.0,"gold_loss":0.0,"damage_taken":0.0,"cards_upgraded":["Strike_R","Strike_R","Strike_R","Strike_R","Strike_R","Defend_R","Defend_R","Defend_R","Defend_R"]},{"damage_healed":0.0,"max_hp_gain":0.0,"max_hp_loss":0.0,"gold_gain":0.0,"event_name":"The Library","player_choice":"Read","floor":24.0,"gold_loss":0.0,"damage_taken":0.0,"cards_obtained":["Shockwave"]},{"damage_healed":0.0,"max_hp_gain":0.0,"max_hp_loss":0.0,"gold_gain":0.0,"event_name":"Masked Bandits","player_choice":"Fought Bandits","floor":28.0,"gold_loss":0.0,"damage_taken":0.0}],"is_beta":false,"boss_relics":[{"not_picked":["Tiny House","Ectoplasm"],"picked":"Mark of Pain"},{"not_picked":["Calling Bell","SlaversCollar"],"picked":"Coffee Dripper"}],"items_purged_floors":[30,36],"is_endless":false,"potions_floor_spawned":[1,4,8,12,18,27,31,33,39],"killed_by":"Nemesis","ascension_level":20}}