{"host":"89iuq2p5kwriuwfq","time":1614247773,"event":{"mods":["BaseMod","Curses Come First","Custom Start","Minty Spire (QoL Compilation)","Permanent Neow","StSLib"],"gold_per_floor":[119,38,50,69,69,82,82,115,139,167,167,184,215,226,226,299,299,315,330,330,346,359,359,249,249,249,65,98,98,98,125,125,200,200,211,230,248,263,280,280,290,319,346,371,72,84,84,110,110,110],"floor_reached":51,"language":"ENG","playtime":2994,"items_purged":["Strike_P","Strike_P"],"score":1688,"play_id":"7bf62ec0-4837-45db-9b5b-051553e41458","local_time":"20210225100933","is_ascension_mode":true,"campfire_choices":[{"data":"Eruption","floor":7.0,"key":"SMITH"},{"data":"Meditate","floor":11.0,"key":"SMITH"},{"data":"Devotion","floor":15.0,"key":"SMITH"},{"data":"Worship","floor":23.0,"key":"SMITH"},{"data":"Vigilance","floor":25.0,"key":"SMITH"},{"data":"Wallop","floor":29.0,"key":"SMITH"},{"data":"Prostrate","floor":32.0,"key":"SMITH"},{"data":"Ragnarok","floor":40,"key":"SMITH"},{"data":"Pray","floor":47,"key":"SMITH"},{"data":"FlurryOfBlows","floor":49,"key":"SMITH"}],"circlet_count":0,"master_deck":["AscendersBane","Strike_P","Strike_P+1","Defend_P","Defend_P+1","Defend_P","Eruption+1","Vigilance+1","Tantrum+1","Meditate+1","FlurryOfBlows+1","CutThroughFate","Crescendo","JustLucky","Wallop+1","Vengeance+1","Devotion+1","ClearTheMind","Ragnarok+1","Worship+1","FearNoEvil","Sanctity","CutThroughFate","Protect","CutThroughFate","Prostrate+1","LessonLearned+1","WheelKick+1","Pray+1","FlurryOfBlows+1","Sanctity","Pray+1"],"relics":["PureWater","Oddly Smooth Stone","Damaru","Juzu Bracelet","Meat on the Bone","Coffee Dripper","Eternal Feather","Shuriken","Boot","GoldenEye","VioletLotus","Shovel","Bag of Preparation","Smiling Mask","Vajra","Strawberry"],"acts_visited":["Exordium","TheCity","TheBeyond"],"potions_floor_usage":[38],"damage_taken":[{"damage":0.0,"enemies":"Cultist","floor":1.0,"turns":3.0},{"damage":1.0,"enemies":"2 Louse","floor":3.0,"turns":3.0},{"damage":2.0,"enemies":"Jaw Worm","floor":4.0,"turns":4.0},{"damage":8.0,"enemies":"Blue Slaver","floor":6.0,"turns":4.0},{"damage":0.0,"enemies":"Lagavulin","floor":8.0,"turns":4.0},{"damage":2.0,"enemies":"3 Sentries","floor":10.0,"turns":4.0},{"damage":0.0,"enemies":"Exordium Thugs","floor":12.0,"turns":2.0},{"damage":0.0,"enemies":"Gremlin Nob","floor":13.0,"turns":3.0},{"damage":0.0,"enemies":"Red Slaver","floor":14.0,"turns":1.0},{"damage":38.0,"enemies":"Slime Boss","floor":16.0,"turns":4.0},{"damage":9.0,"enemies":"Chosen","floor":18.0,"turns":3.0},{"damage":0.0,"enemies":"Spheric Guardian","floor":19.0,"turns":2.0},{"damage":12.0,"enemies":"Chosen and Byrds","floor":21.0,"turns":3.0},{"damage":20.0,"enemies":"Centurion and Healer","floor":22.0,"turns":4.0},{"damage":21.0,"enemies":"Book of Stabbing","floor":28.0,"turns":4.0},{"damage":0.0,"enemies":"Gremlin Leader","floor":31.0,"turns":3.0},{"damage":0.0,"enemies":"Champ","floor":33.0,"turns":5.0},{"damage":0.0,"enemies":"3 Shapes","floor":35.0,"turns":3.0},{"damage":10.0,"enemies":"Orb Walker","floor":36.0,"turns":4.0},{"damage":26,"enemies":"Maw","floor":37,"turns":7},{"damage":23,"enemies":"Writhing Mass","floor":38,"turns":6},{"damage":2,"enemies":"Sphere and 2 Shapes","floor":39,"turns":3},{"damage":5,"enemies":"Maw","floor":41,"turns":6},{"damage":0,"enemies":"Giant Head","floor":42,"turns":5},{"damage":15,"enemies":"Nemesis","floor":44,"turns":4},{"damage":0,"enemies":"Spire Growth","floor":46,"turns":3},{"damage":0,"enemies":"Giant Head","floor":48,"turns":4},{"damage":29,"enemies":"Awakened One","floor":50,"turns":4}],"seed_played":"-7790225811239976109","potions_obtained":[{"floor":3.0,"key":"CultistPotion"},{"floor":10.0,"key":"AttackPotion"},{"floor":12.0,"key":"Energy Potion"},{"floor":16.0,"key":"FearPotion"},{"floor":18.0,"key":"GamblersBrew"},{"floor":28.0,"key":"GamblersBrew"},{"floor":30.0,"key":"Fruit Juice"},{"floor":30.0,"key":"Energy Potion"},{"floor":31.0,"key":"Ambrosia"},{"floor":38,"key":"EssenceOfSteel"}],"is_trial":false,"path_per_floor":["M","$","M","M","?","M","R","E","T","E","R","M","E","M","R","B",null,"M","M","?","M","M","R","?","R","T","$","E","R","?","E","R","B",null,"M","M","M","M","M","R","M","E","T","E","$","M","R","E","R","B",null],"character_chosen":"WATCHER","items_purchased":["Meditate","Protect","CutThroughFate","Vajra","Sanctity"],"campfire_rested":0,"item_purchase_floors":[2,27,27,45,45],"current_hp_per_floor":[61,61,60,58,58,50,50,50,50,48,48,48,48,48,48,22,57,48,48,48,36,28,28,28,43,43,43,34,49,54,54,69,69,72,72,62,48,37,47,62,57,57,57,42,42,42,60,67,80,51],"gold":110,"neow_bonus":"TRANSFORM_CARD","is_daily":false,"chose_seed":false,"campfire_upgraded":10,"win_rate":0.0,"timestamp":1614247773,"path_taken":["M","$","?","?","?","M","R","E","T","E","R","M","E","M","R","BOSS","M","M","?","M","M","R","?","R","T","$","E","R","?","E","R","BOSS","M","M","M","M","M","R","M","E","T","E","$","M","R","E","R","BOSS"],"items_purchased_type":["Card","Card","Card","Relic","Card"],"build_version":"2020-12-22","purchased_purges":2,"victory":true,"max_hp_per_floor":[68,68,68,68,68,68,68,68,68,68,68,68,68,68,68,68,68,68,68,68,68,68,68,68,68,68,68,68,68,73,73,73,73,73,73,73,73,73,73,73,73,73,73,73,73,73,73,80,80,80],"card_choices":[{"not_picked":["PathToVictory","SashWhip","CrushJoints"],"picked":"SKIP","floor":1.0},{"not_picked":["BattleHymn","SignatureMove"],"picked":"FlurryOfBlows","floor":3.0},{"not_picked":["BowlingBash","Collect"],"picked":"CutThroughFate","floor":4.0},{"not_picked":["Study","FlyingSleeves"],"picked":"Crescendo","floor":6.0},{"not_picked":["SashWhip","WreathOfFlame"],"picked":"JustLucky","floor":8.0},{"not_picked":["Meditate","Collect"],"picked":"Wallop","floor":10.0},{"not_picked":["SashWhip","Vengeance","PathToVictory"],"picked":"SKIP","floor":12.0},{"not_picked":["SashWhip","PathToVictory"],"picked":"Vengeance","floor":12.0},{"not_picked":["EmptyFist","WheelKick"],"picked":"Devotion","floor":13.0},{"not_picked":["Halt","WreathOfFlame"],"picked":"ClearTheMind","floor":14.0},{"not_picked":["Establishment","MasterReality"],"picked":"Ragnarok","floor":16.0},{"not_picked":["BowlingBash","EmptyBody"],"picked":"Worship","floor":18.0},{"not_picked":["Crescendo","ClearTheMind"],"picked":"FearNoEvil","floor":19.0},{"not_picked":["PathToVictory","SashWhip","FlyingSleeves"],"picked":"SKIP","floor":21.0},{"not_picked":["Protect","Crescendo"],"picked":"CutThroughFate","floor":22.0},{"not_picked":["Wireheading","ConjureBlade","EmptyBody"],"picked":"SKIP","floor":28.0},{"not_picked":["ClearTheMind","Halt"],"picked":"Prostrate","floor":31.0},{"not_picked":["DeusExMachina","ConjureBlade"],"picked":"LessonLearned","floor":33.0},{"not_picked":["Perseverance","WaveOfTheHand","ReachHeaven"],"picked":"SKIP","floor":35.0},{"not_picked":["Worship","FollowUp"],"picked":"WheelKick","floor":36.0},{"not_picked":["CrushJoints","BowlingBash","FollowUp+1"],"picked":"SKIP","floor":37},{"not_picked":["FlyingSleeves","Halt+1","CutThroughFate"],"picked":"SKIP","floor":38},{"not_picked":["Wireheading","Conclude","EmptyBody"],"picked":"SKIP","floor":39},{"not_picked":["Consecrate","WreathOfFlame","Wireheading"],"picked":"SKIP","floor":41},{"not_picked":["PathToVictory","FlurryOfBlows"],"picked":"Pray+1","floor":42},{"not_picked":["WaveOfTheHand","WreathOfFlame"],"picked":"FlurryOfBlows","floor":44},{"not_picked":["JustLucky","SashWhip"],"picked":"Pray","floor":46},{"not_picked":["CarveReality","LessonLearned","EmptyFist"],"picked":"SKIP","floor":48}],"player_experience":792580,"relics_obtained":[{"floor":8.0,"key":"Oddly Smooth Stone"},{"floor":9.0,"key":"Damaru"},{"floor":10.0,"key":"Juzu Bracelet"},{"floor":13.0,"key":"Meat on the Bone"},{"floor":26.0,"key":"Shuriken"},{"floor":28.0,"key":"Boot"},{"floor":31.0,"key":"GoldenEye"},{"floor":42,"key":"Shovel"},{"floor":43,"key":"Bag of Preparation"},{"floor":44,"key":"Smiling Mask"},{"floor":48,"key":"Strawberry"}],"event_choices":[{"damage_healed":0.0,"max_hp_gain":0.0,"max_hp_loss":0.0,"gold_gain":0.0,"event_name":"Liars Game","player_choice":"Ignored","floor":5.0,"gold_loss":0.0,"damage_taken":0.0},{"damage_healed":0.0,"max_hp_gain":0.0,"max_hp_loss":0.0,"gold_gain":0.0,"event_name":"The Library","player_choice":"Read","floor":20.0,"gold_loss":0.0,"damage_taken":0.0,"cards_obtained":["Sanctity"]},{"damage_healed":0.0,"max_hp_gain":0.0,"max_hp_loss":0.0,"gold_gain":0.0,"event_name":"WeMeetAgain","player_choice":"Paid Gold","floor":24.0,"gold_loss":110.0,"damage_taken":0.0,"relics_obtained":["Eternal Feather"]},{"damage_healed":0.0,"max_hp_gain":0.0,"max_hp_loss":0.0,"gold_gain":0.0,"event_name":"Lab","player_choice":"Got Potions","floor":30.0,"gold_loss":0.0,"damage_taken":0.0}],"is_beta":false,"boss_relics":[{"not_picked":["Velvet Choker","Snecko Eye"],"picked":"Coffee Dripper"},{"not_picked":["Astrolabe","Black Star"],"picked":"VioletLotus"}],"items_purged_floors":[27,45],"is_endless":false,"potions_floor_spawned":[3,10,12,16,18,28,31,36,38,39,44,48],"ascension_level":16}}