{"host":"Rich","time":1614285829,"event":{"mods":["AchievementEnabler","BaseMod","Highlight Path","Minty Spire (QoL Compilation)","Relic Stats"],"gold_per_floor":[118,118,43,59,7,7,34,34,34,50,50,70,104,104,104,104,104],"floor_reached":16,"language":"ENG","playtime":459,"items_purged":["Regret"],"score":266,"play_id":"9bd63cf7-ad32-4971-89d5-c2025f55212a","local_time":"20210225154349","is_ascension_mode":true,"campfire_choices":[{"data":"Cloak And Dagger","floor":6.0,"key":"SMITH"},{"data":"Blade Dance","floor":8.0,"key":"SMITH"},{"data":"1","floor":15.0,"key":"LIFT"}],"circlet_count":0,"master_deck":["AscendersBane","Strike_G","Strike_G","Strike_G","Strike_G","Strike_G","Defend_G","Defend_G","Defend_G","Defend_G","Defend_G","Survivor","Neutralize","Cloak And Dagger+1","Blade Dance+1","Dagger Spray","Backflip","Blur"],"relics":["Ring of the Snake","NeowsBlessing","Bag of Marbles","Strawberry","Omamori","Shovel","Golden Idol","Mummified Hand","Girya"],"acts_visited":["Exordium"],"potions_floor_usage":[16,16],"damage_taken":[{"damage":0.0,"enemies":"Small Slimes","floor":1.0,"turns":1.0},{"damage":0.0,"enemies":"Cultist","floor":4.0,"turns":1.0},{"damage":0.0,"enemies":"Gremlin Nob","floor":7.0,"turns":1.0},{"damage":1.0,"enemies":"2 Louse","floor":10.0,"turns":2.0},{"damage":0.0,"enemies":"2 Fungi Beasts","floor":12.0,"turns":3.0},{"damage":11.0,"enemies":"3 Sentries","floor":13.0,"turns":7.0},{"damage":31,"enemies":"Hexaghost","floor":16,"turns":9}],"seed_played":"1700291084753374682","potions_obtained":[{"floor":4.0,"key":"SteroidPotion"},{"floor":12.0,"key":"CunningPotion"}],"is_trial":false,"path_per_floor":["M","?","$","M","?","R","E","R","T","M","?","M","E","?","R","B"],"character_chosen":"THE_SILENT","items_purchased":[],"campfire_rested":0,"item_purchase_floors":[],"current_hp_per_floor":[59,59,59,59,66,66,66,66,66,65,65,65,54,28,28,0,0],"gold":104,"neow_bonus":"THREE_ENEMY_KILL","is_daily":false,"chose_seed":false,"campfire_upgraded":2,"win_rate":0.0,"timestamp":1614285829,"path_taken":["M","?","$","M","?","R","E","R","T","?","?","M","E","?","R","BOSS"],"items_purchased_type":[],"build_version":"2020-12-18","purchased_purges":1,"victory":false,"max_hp_per_floor":[66,66,66,66,73,73,73,73,73,73,66,66,66,66,66,66,66],"relic_stats":{"Shovel":0,"counters":[7,24],"Golden Idol":11,"Mummified Hand":[0],"obtain_stats":[{"Girya":14,"Shovel":9,"NeowsBlessing":0,"Golden Idol":11,"Mummified Hand":13,"Strawberry":5,"Bag of Marbles":2,"Omamori":7,"Ring of the Snake":0},{"Girya":6,"Shovel":3,"NeowsBlessing":0,"Golden Idol":4,"Mummified Hand":6,"Strawberry":2,"Bag of Marbles":1,"Omamori":3,"Ring of the Snake":0},{"Girya":15,"Shovel":3,"NeowsBlessing":0,"Golden Idol":5,"Mummified Hand":15,"Strawberry":2,"Bag of Marbles":1,"Omamori":3,"Ring of the Snake":0}],"Ring of the Snake":[14]},"card_choices":[{"not_picked":["Infinite Blades","Deadly Poison"],"picked":"Cloak And Dagger","floor":1.0},{"not_picked":["PiercingWail","Poisoned Stab"],"picked":"Blade Dance","floor":4.0},{"not_picked":["Expertise","Slice"],"picked":"Dagger Spray","floor":7.0},{"not_picked":["Reflex","Quick Slash"],"picked":"Backflip","floor":10.0},{"not_picked":["Deflect","Poisoned Stab"],"picked":"Blur","floor":12.0},{"not_picked":["Underhanded Strike","Deadly Poison","Bane"],"picked":"SKIP","floor":13.0}],"player_experience":2032407,"relics_obtained":[{"floor":7.0,"key":"Omamori"},{"floor":9.0,"key":"Shovel"},{"floor":13.0,"key":"Mummified Hand"}],"event_choices":[{"damage_healed":0.0,"max_hp_gain":0.0,"max_hp_loss":0.0,"gold_gain":0.0,"event_name":"Big Fish","player_choice":"Box","floor":2.0,"gold_loss":0.0,"damage_taken":0.0,"relics_obtained":["Bag of Marbles"],"cards_obtained":["Regret"]},{"damage_healed":0.0,"max_hp_gain":0.0,"max_hp_loss":0.0,"gold_gain":0.0,"event_name":"WeMeetAgain","player_choice":"Paid Gold","floor":5.0,"gold_loss":52.0,"damage_taken":0.0,"relics_obtained":["Strawberry"]},{"damage_healed":0.0,"max_hp_gain":0.0,"max_hp_loss":7.0,"gold_gain":0.0,"event_name":"Golden Idol","player_choice":"Lose Max HP","floor":11.0,"gold_loss":0.0,"damage_taken":0.0,"relics_obtained":["Golden Idol"]},{"damage_healed":0.0,"max_hp_gain":0.0,"max_hp_loss":0.0,"gold_gain":0.0,"event_name":"Scrap Ooze","player_choice":"Success","floor":14.0,"gold_loss":0.0,"damage_taken":26.0,"relics_obtained":["Girya"]}],"is_beta":true,"boss_relics":[],"items_purged_floors":[3],"is_endless":false,"potions_floor_spawned":[4,12,13],"killed_by":"Hexaghost","ascension_level":20}}