{"host":"fuszjwm6fqgjjp4d","time":1614220751,"event":{"mods":["BaseMod","Colored Map","Minty Spire (QoL Compilation)","Permanent Neow","Relic Sorter","Relic Stats","StSLib"],"gold_per_floor":[116,266,266,266,266,293,324,355,390,434,446,483,495,517,529,541,541],"floor_reached":16,"language":"ENG","playtime":333,"items_purged":[],"score":236,"play_id":"7a5942b4-6140-4b3e-a574-5694a94c63ee","local_time":"20210224203911","is_ascension_mode":true,"campfire_choices":[{"floor":11,"key":"REST"},{"floor":13,"key":"REST"},{"data":"Perfected Strike","floor":15,"key":"SMITH"}],"circlet_count":0,"master_deck":["AscendersBane","Strike_R","Strike_R","Strike_R","Strike_R","Strike_R","Defend_R","Defend_R","Defend_R","Defend_R","Bash","Impervious","Perfected Strike+1","Pain","Pommel Strike","Offering","Pummel","Shrug It Off"],"relics":["Burning Blood","WarpedTongs","MawBank","Orichalcum","Sundial","Nunchaku"],"acts_visited":["Exordium"],"potions_floor_usage":[14],"damage_taken":[{"damage":4.0,"enemies":"Small Slimes","floor":1.0,"turns":4.0},{"damage":34.0,"enemies":"Gremlin Nob","floor":6.0,"turns":4.0},{"damage":2.0,"enemies":"2 Louse","floor":7.0,"turns":2.0},{"damage":13.0,"enemies":"Jaw Worm","floor":8.0,"turns":4.0},{"damage":36.0,"enemies":"Lagavulin","floor":10.0,"turns":8.0},{"damage":24,"enemies":"Gremlin Nob","floor":12,"turns":4},{"damage":8,"enemies":"3 Louse","floor":14,"turns":3},{"damage":38,"enemies":"Slime Boss","floor":16,"turns":6}],"seed_played":"-2008734767815622472","potions_obtained":[{"floor":1.0,"key":"Swift Potion"},{"floor":12,"key":"LiquidMemories"},{"floor":14,"key":"Dexterity Potion"}],"is_trial":false,"path_per_floor":["M","?","?","?","?","E","M","M","T","E","R","E","R","M","R","B"],"character_chosen":"IRONCLAD","items_purchased":[],"campfire_rested":2,"item_purchase_floors":[],"current_hp_per_floor":[70,70,63,68,68,40,44,37,37,7,31,13,37,35,35,0,0],"gold":541,"neow_bonus":"ONE_RANDOM_RARE_CARD","is_daily":false,"chose_seed":false,"campfire_upgraded":1,"win_rate":0.0,"timestamp":1614220751,"path_taken":["M","?","?","?","?","E","M","M","T","E","R","E","R","M","R","BOSS"],"items_purchased_type":[],"build_version":"2020-12-22","purchased_purges":0,"victory":false,"max_hp_per_floor":[75,75,75,80,80,80,80,80,80,80,80,80,80,80,80,80,80],"relic_stats":{"Nunchaku":[2],"counters":[8,35],"Sundial":[2],"Orichalcum":[96],"MawBank":120,"obtain_stats":[{"Nunchaku":12,"Sundial":10,"Orichalcum":9,"MawBank":6,"Burning Blood":0,"WarpedTongs":5},{"Nunchaku":6,"Sundial":5,"Orichalcum":4,"MawBank":2,"Burning Blood":0,"WarpedTongs":1},{"Nunchaku":26,"Sundial":22,"Orichalcum":14,"MawBank":8,"Burning Blood":0,"WarpedTongs":4}],"Burning Blood":42,"WarpedTongs":[31]},"card_choices":[{"not_picked":["Fire Breathing","Evolve"],"picked":"Perfected Strike","floor":1.0},{"not_picked":["Wild Strike","Fire Breathing"],"picked":"Pommel Strike","floor":6.0},{"not_picked":["Evolve","Seeing Red","Flex"],"picked":"SKIP","floor":7.0},{"not_picked":["Armaments","Clash","Power Through"],"picked":"SKIP","floor":8.0},{"not_picked":["Impervious","Clash"],"picked":"Offering","floor":10},{"not_picked":["Armaments","Shockwave"],"picked":"Pummel","floor":12},{"not_picked":["Warcry","Flex"],"picked":"Shrug It Off","floor":14}],"player_experience":1534348,"relics_obtained":[{"floor":6.0,"key":"MawBank"},{"floor":9.0,"key":"Orichalcum"},{"floor":10,"key":"Sundial"},{"floor":12,"key":"Nunchaku"}],"event_choices":[{"damage_healed":0.0,"max_hp_gain":0.0,"max_hp_loss":0.0,"gold_gain":150.0,"event_name":"Liars Game","player_choice":"AGREE","floor":2.0,"gold_loss":0.0,"damage_taken":0.0,"cards_obtained":["Doubt"]},{"cards_removed":["Doubt"],"damage_healed":0.0,"max_hp_gain":0.0,"max_hp_loss":0.0,"gold_gain":0.0,"event_name":"Golden Wing","player_choice":"Card Removal","floor":3.0,"gold_loss":0.0,"damage_taken":7.0},{"damage_healed":0.0,"max_hp_gain":5.0,"max_hp_loss":0.0,"gold_gain":0.0,"event_name":"Big Fish","player_choice":"Donut","floor":4.0,"gold_loss":0.0,"damage_taken":0.0},{"damage_healed":0.0,"max_hp_gain":0.0,"max_hp_loss":0.0,"gold_gain":0.0,"event_name":"Accursed Blacksmith","player_choice":"Rummage","floor":5.0,"gold_loss":0.0,"damage_taken":0.0,"relics_obtained":["WarpedTongs"],"cards_obtained":["Pain"]}],"is_beta":false,"boss_relics":[],"items_purged_floors":[],"is_endless":false,"potions_floor_spawned":[1,12,14],"killed_by":"Slime Boss","ascension_level":20}}