{"host":"to2s10i0cynxbiqz","time":1614229699,"event":{"mods":["BaseMod","Colored Powertips","Highlight Path","Minty Spire (QoL Compilation)","Quick Restart","StSLib","slay the spire mod where everything is the same but ironclad has a cowboy hat"],"gold_per_floor":[117,137,149,99,112,112,62,79,102,102,121,131,142,167,167,265,265,284,199,165,264,264,264],"floor_reached":22,"language":"ZHS","playtime":1129,"items_purged":[],"score":319,"play_id":"b0084922-4509-4a41-8f6b-cb3a4ba17f68","local_time":"20210225130819","is_ascension_mode":true,"campfire_choices":[{"data":"Concentrate","floor":6.0,"key":"SMITH"},{"data":"Reflex","floor":10.0,"key":"SMITH"},{"data":"Prepared","floor":15.0,"key":"SMITH"}],"circlet_count":0,"master_deck":["Strike_G","Strike_G","Strike_G","Strike_G","Defend_G","Defend_G","Defend_G","Defend_G","Defend_G","Survivor","Neutralize","Deflect","Reflex+1","Concentrate+1","Underhanded Strike","Acrobatics","Underhanded Strike","Prepared+1","Grand Finale","Footwork","After Image","Prepared"],"relics":["Ring of the Snake","Vajra","Ancient Tea Set","MealTicket","Fusion Hammer","Blood Vial"],"acts_visited":["Exordium","TheCity"],"potions_floor_usage":[],"damage_taken":[{"damage":0.0,"enemies":"Jaw Worm","floor":1.0,"turns":4.0},{"damage":1.0,"enemies":"2 Louse","floor":2.0,"turns":3.0},{"damage":0.0,"enemies":"Cultist","floor":3.0,"turns":5.0},{"damage":4.0,"enemies":"Exordium Wildlife","floor":5.0,"turns":5.0},{"damage":3.0,"enemies":"Blue Slaver","floor":8.0,"turns":4.0},{"damage":0.0,"enemies":"Large Slime","floor":11.0,"turns":5.0},{"damage":8.0,"enemies":"Exordium Thugs","floor":12.0,"turns":5.0},{"damage":19.0,"enemies":"Lots of Slimes","floor":13.0,"turns":5.0},{"damage":11.0,"enemies":"Gremlin Nob","floor":14.0,"turns":4.0},{"damage":13.0,"enemies":"The Guardian","floor":16.0,"turns":7.0},{"damage":14.0,"enemies":"3 Byrds","floor":18.0,"turns":8.0},{"damage":11,"enemies":"2 Thieves","floor":20,"turns":5},{"damage":52,"enemies":"Snecko","floor":22,"turns":8}],"seed_played":"5250814892414970155","potions_obtained":[{"floor":1.0,"key":"Regen Potion"},{"floor":2.0,"key":"Swift Potion"},{"floor":11.0,"key":"Fruit Juice"},{"floor":13.0,"key":"LiquidMemories"},{"floor":14.0,"key":"SkillPotion"},{"floor":20,"key":"SteroidPotion"}],"is_trial":false,"path_per_floor":["M","M","M","?","M","R","$","M","T","R","M","M","M","E","R","B",null,"M","?","M","?","M"],"character_chosen":"THE_SILENT","items_purchased":["Acrobatics"],"campfire_rested":0,"item_purchase_floors":[7],"current_hp_per_floor":[70,69,69,69,65,65,65,62,62,62,62,59,54,43,43,30,75,61,61,52,52,2,2],"gold":264,"neow_bonus":"RANDOM_COMMON_RELIC","is_daily":false,"chose_seed":false,"campfire_upgraded":3,"win_rate":0.0,"timestamp":1614229699,"path_taken":["M","M","M","?","M","R","$","M","T","R","M","M","M","E","R","BOSS","M","?","M","?","M"],"items_purchased_type":["Card"],"build_version":"2020-12-22","purchased_purges":0,"victory":false,"max_hp_per_floor":[70,70,70,70,70,70,70,70,70,70,70,75,75,75,75,75,75,75,75,75,75,75,75],"card_choices":[{"not_picked":["Predator","Deadly Poison"],"picked":"Deflect","floor":1.0},{"not_picked":["Leg Sweep","Concentrate"],"picked":"Reflex","floor":2.0},{"not_picked":["Dodge and Roll","Blade Dance"],"picked":"Concentrate","floor":3.0},{"not_picked":["Expertise","Acrobatics"],"picked":"Underhanded Strike","floor":5.0},{"not_picked":["Quick Slash","Predator"],"picked":"Underhanded Strike","floor":8.0},{"not_picked":["Quick Slash","Outmaneuver","All Out Attack"],"picked":"SKIP","floor":11.0},{"not_picked":["Leg Sweep","Bouncing Flask"],"picked":"Prepared","floor":12.0},{"not_picked":["Deflect","Acrobatics"],"picked":"Grand Finale","floor":13.0},{"not_picked":["Envenom","Setup"],"picked":"Footwork","floor":14.0},{"not_picked":["Burst","Wraith Form v2"],"picked":"After Image","floor":16.0},{"not_picked":["Predator","Dodge and Roll+1"],"picked":"Prepared","floor":18.0},{"not_picked":["Sucker Punch","Flechettes","Endless Agony"],"picked":"SKIP","floor":20}],"player_experience":212419,"relics_obtained":[{"floor":9.0,"key":"Ancient Tea Set"},{"floor":14.0,"key":"MealTicket"}],"event_choices":[{"cards_removed":["Strike_G"],"damage_healed":0.0,"max_hp_gain":0.0,"max_hp_loss":0.0,"gold_gain":0.0,"event_name":"The Cleric","player_choice":"Card Removal","floor":4.0,"gold_loss":50.0,"damage_taken":0.0},{"damage_healed":0.0,"max_hp_gain":0.0,"max_hp_loss":0.0,"gold_gain":0.0,"event_name":"Addict","player_choice":"Obtained Relic","floor":19.0,"gold_loss":85.0,"damage_taken":0.0,"relics_obtained":["Blood Vial"]},{"damage_healed":0,"gold_gain":99,"player_choice":"Stole From Cult","damage_taken":0,"max_hp_gain":0,"max_hp_loss":0,"event_name":"Nest","floor":21,"gold_loss":0}],"is_beta":false,"boss_relics":[{"not_picked":["Ectoplasm","Snecko Eye"],"picked":"Fusion Hammer"}],"items_purged_floors":[],"is_endless":false,"potions_floor_spawned":[1,2,11,13,14,20],"killed_by":"Snecko","ascension_level":2}}