{"host":"zdahj580pq9zy75i","time":1614265508,"event":{"mods":["AchievementEnabler","BaseMod","Bestiary","Colored Map","Minty Spire (QoL Compilation)","Relic Stats","StSLib","ojb\u0027s Info Mod: The sequel"],"gold_per_floor":[216,216,227,227,9,43,43,76,76,20,37,55,88,108,108,182,182,199,2,2,2,15,15,15],"floor_reached":23,"language":"ENG","playtime":1074,"items_purged":["Defend_R"],"score":443,"play_id":"72dd3baa-06e4-4ba8-bfc3-031ce75221e5","local_time":"20210225100508","is_ascension_mode":true,"campfire_choices":[{"floor":7,"key":"REST"},{"data":"Iron Wave","floor":15,"key":"SMITH"}],"circlet_count":0,"master_deck":["AscendersBane","Defend_R","Defend_R","Defend_R+1","Bash","Infernal Blade+1","Pummel","Shrug It Off","Spot Weakness","Iron Wave+1","Shrug It Off","Reaper","Thunderclap","Pummel","Flame Barrier","RitualDagger","Bite","Bite","Bite","Bite","Bite","Havoc+1"],"relics":["Burning Blood","Matryoshka","Pen Nib","War Paint","Happy Flower","Nunchaku","Dream Catcher","Regal Pillow","Cursed Key"],"acts_visited":["Exordium","TheCity"],"potions_floor_usage":[6,13,23],"damage_taken":[{"damage":9,"enemies":"Jaw Worm","floor":1,"turns":5},{"damage":2,"enemies":"Small Slimes","floor":3,"turns":4},{"damage":27,"enemies":"3 Sentries","floor":6,"turns":9},{"damage":19,"enemies":"Lagavulin","floor":8,"turns":6},{"damage":0,"enemies":"Cultist","floor":11,"turns":3},{"damage":0,"enemies":"Blue Slaver","floor":12,"turns":3},{"damage":12,"enemies":"3 Sentries","floor":13,"turns":9},{"damage":0,"enemies":"Large Slime","floor":14,"turns":4},{"damage":20,"enemies":"The Guardian","floor":16,"turns":12},{"damage":16,"enemies":"Spheric Guardian","floor":18,"turns":7},{"damage":1,"enemies":"3 Byrds","floor":22,"turns":3},{"damage":67,"enemies":"Gremlin Leader","floor":23,"turns":4}],"seed_played":"-1031419858634383414","potions_obtained":[{"floor":1,"key":"Strength Potion"},{"floor":3,"key":"Fire Potion"},{"floor":6,"key":"DuplicationPotion"},{"floor":8,"key":"Strength Potion"},{"floor":18,"key":"EssenceOfSteel"}],"is_trial":false,"path_per_floor":["M","?","M","?","$","E","R","E","T","$","M","M","E","M","R","B",null,"M","$","?","?","M","E"],"character_chosen":"IRONCLAD","items_purchased":["Shrug It Off","Pen Nib","Shrug It Off","Pummel","Flame Barrier"],"campfire_rested":1,"item_purchase_floors":[5,5,10,19,19],"current_hp_per_floor":[65,47,51,44,44,23,45,32,32,32,38,44,38,44,44,30,64,56,56,50,50,52,0,0],"gold":15,"neow_bonus":"HUNDRED_GOLD","is_daily":false,"chose_seed":false,"campfire_upgraded":1,"win_rate":0.0,"timestamp":1614265508,"path_taken":["M","?","M","?","$","E","R","E","T","?","M","M","E","M","R","BOSS","M","?","?","?","M","E"],"items_purchased_type":["Card","Relic","Card","Card","Card"],"build_version":"2020-12-22","purchased_purges":1,"victory":false,"max_hp_per_floor":[75,75,75,75,75,75,75,75,75,75,75,75,75,75,75,75,75,75,75,75,52,52,52,52],"relic_stats":{"Nunchaku":[7],"Dream Catcher":0,"Regal Pillow":0,"Happy Flower":[15],"counters":[12,69],"Pen Nib":[10],"War Paint":["Defend_R","Infernal Blade"],"Cursed Key":0,"obtain_stats":[{"Nunchaku":9,"Dream Catcher":9,"Regal Pillow":13,"Matryoshka":2,"Happy Flower":8,"Pen Nib":5,"War Paint":6,"Cursed Key":17,"Burning Blood":0},{"Nunchaku":4,"Dream Catcher":4,"Regal Pillow":7,"Matryoshka":1,"Happy Flower":4,"Pen Nib":2,"War Paint":3,"Cursed Key":9,"Burning Blood":0},{"Nunchaku":24,"Dream Catcher":24,"Regal Pillow":39,"Matryoshka":5,"Happy Flower":24,"Pen Nib":9,"War Paint":18,"Cursed Key":55,"Burning Blood":0}],"Burning Blood":61},"card_choices":[{"not_picked":["Entrench","Intimidate"],"picked":"Infernal Blade","floor":1},{"not_picked":["Rupture","Heavy Blade"],"picked":"Pummel","floor":3},{"not_picked":["Clash","Fire Breathing"],"picked":"Spot Weakness","floor":6},{"not_picked":["Twin Strike","Clothesline"],"picked":"Iron Wave","floor":8},{"not_picked":["Pommel Strike","Perfected Strike","Feel No Pain"],"picked":"SKIP","floor":11},{"not_picked":["Exhume","Heavy Blade","Twin Strike"],"picked":"SKIP","floor":12},{"not_picked":["True Grit","Sword Boomerang","Fire Breathing"],"picked":"SKIP","floor":13},{"not_picked":["Headbutt","Flex","Armaments"],"picked":"SKIP","floor":14},{"not_picked":["Brutality","Berserk"],"picked":"Reaper","floor":16},{"not_picked":["Pommel Strike","True Grit"],"picked":"Thunderclap","floor":18},{"not_picked":["Seeing Red","Headbutt"],"picked":"Havoc+1","floor":22}],"player_experience":815460,"relics_obtained":[{"floor":6,"key":"War Paint"},{"floor":8,"key":"Happy Flower"},{"floor":9,"key":"Nunchaku"},{"floor":9,"key":"Dream Catcher"},{"floor":13,"key":"Regal Pillow"}],"event_choices":[{"damage_healed":0,"gold_gain":0,"player_choice":"Success","damage_taken":18,"relics_obtained":["Matryoshka"],"max_hp_gain":0,"max_hp_loss":0,"event_name":"Scrap Ooze","floor":2,"gold_loss":0},{"cards_removed":["Strike_R"],"damage_healed":0,"gold_gain":0,"player_choice":"Card Removal","damage_taken":7,"max_hp_gain":0,"max_hp_loss":0,"event_name":"Golden Wing","floor":4,"gold_loss":0},{"damage_healed":0,"gold_gain":0,"player_choice":"Joined the Cult","damage_taken":6,"max_hp_gain":0,"max_hp_loss":0,"event_name":"Nest","floor":20,"gold_loss":0,"cards_obtained":["RitualDagger"]},{"damage_healed":0,"gold_gain":0,"player_choice":"Became a vampire","damage_taken":0,"max_hp_gain":0,"max_hp_loss":23,"event_name":"Vampires","floor":21,"gold_loss":0,"cards_obtained":["Bite","Bite","Bite","Bite","Bite"]}],"is_beta":false,"boss_relics":[{"not_picked":["Busted Crown","Coffee Dripper"],"picked":"Cursed Key"}],"items_purged_floors":[19],"is_endless":false,"potions_floor_spawned":[1,3,6,8,18],"killed_by":"Gremlin Leader","ascension_level":20}}