{"host":"2hea6pl5vmah38iy","time":1614255415,"event":{"mods":["AchievementEnabler","BaseMod","Colored Map","DeckTracker","Keyboard Shortcuts","Minty Spire (QoL Compilation)","Rare Cards Sparkle","StSLib","SuperFastMode","everything is the same but u backflip on backflip"],"gold_per_floor":[130,167,220,274,305,305,346,409,409,462,502,502,547,612,612,612,612],"floor_reached":16,"language":"KOR","playtime":639,"items_purged":[],"score":200,"play_id":"d34d672f-84e7-4e3b-846d-78a1fd7305ac","local_time":"20210225211655","is_ascension_mode":true,"campfire_choices":[{"data":"HandOfGreed","floor":6.0,"key":"SMITH"},{"floor":12.0,"key":"REST"},{"data":"Rage","floor":15.0,"key":"SMITH"}],"circlet_count":0,"master_deck":["AscendersBane","Strike_R","Strike_R","Strike_R","Strike_R","Strike_R","Defend_R","Defend_R","Defend_R","Defend_R","Bash","HandOfGreed+1","Rage+1","Rampage","Headbutt","Burning Pact"],"relics":["Burning Blood","Vajra"],"acts_visited":["Exordium"],"potions_floor_usage":[],"damage_taken":[{"damage":1.0,"enemies":"Cultist","floor":1.0,"turns":3.0},{"damage":11.0,"enemies":"Jaw Worm","floor":2.0,"turns":6.0},{"damage":10.0,"enemies":"Small Slimes","floor":3.0,"turns":5.0},{"damage":14.0,"enemies":"Exordium Wildlife","floor":4.0,"turns":5.0},{"damage":10.0,"enemies":"2 Fungi Beasts","floor":5.0,"turns":3.0},{"damage":20.0,"enemies":"Large Slime","floor":7.0,"turns":7.0},{"damage":17.0,"enemies":"Exordium Wildlife","floor":8.0,"turns":6.0},{"damage":5.0,"enemies":"3 Louse","floor":11.0,"turns":3.0},{"damage":6.0,"enemies":"Looter","floor":13.0,"turns":3.0},{"damage":15.0,"enemies":"Exordium Thugs","floor":14.0,"turns":5.0},{"damage":26,"enemies":"The Guardian","floor":16,"turns":2}],"seed_played":"3873101484734405048","potions_obtained":[{"floor":3.0,"key":"SpeedPotion"},{"floor":4.0,"key":"Weak Potion"},{"floor":14.0,"key":"Regen Potion"}],"is_trial":false,"path_per_floor":["M","M","M","M","M","R","M","M","T","?","M","R","M","M","R","B"],"character_chosen":"IRONCLAD","items_purchased":[],"campfire_rested":1,"item_purchase_floors":[],"current_hp_per_floor":[55,50,46,38,34,34,20,9,9,9,10,32,32,23,23,0,0],"gold":612,"neow_bonus":"RANDOM_COLORLESS_2","is_daily":false,"chose_seed":false,"campfire_upgraded":2,"win_rate":0.0,"timestamp":1614255415,"path_taken":["M","M","M","M","M","R","?","M","T","?","M","R","M","M","R","BOSS"],"items_purchased_type":[],"build_version":"2020-12-22","purchased_purges":0,"victory":false,"max_hp_per_floor":[75,75,75,75,75,75,75,75,75,75,75,75,75,75,75,75,75],"card_choices":[{"not_picked":["Panache","The Bomb"],"picked":"HandOfGreed","floor":0.0},{"not_picked":["Evolve","Metallicize","Intimidate"],"picked":"SKIP","floor":1.0},{"not_picked":["Perfected Strike","Havoc"],"picked":"Rage","floor":2.0},{"not_picked":["True Grit","Heavy Blade","Bloodletting"],"picked":"SKIP","floor":3.0},{"not_picked":["Flex","Intimidate"],"picked":"Rampage","floor":4.0},{"not_picked":["Sword Boomerang","Limit Break","Carnage"],"picked":"SKIP","floor":5.0},{"not_picked":["Warcry","Havoc"],"picked":"Headbutt","floor":7.0},{"not_picked":["Thunderclap","Cleave","Dual Wield"],"picked":"SKIP","floor":8.0},{"not_picked":["Sword Boomerang","Twin Strike","Reckless Charge"],"picked":"SKIP","floor":11.0},{"not_picked":["Thunderclap","Iron Wave","Anger"],"picked":"SKIP","floor":13.0},{"not_picked":["Blood for Blood","Power Through"],"picked":"Burning Pact","floor":14.0}],"player_experience":616778,"relics_obtained":[{"floor":9.0,"key":"Vajra"}],"event_choices":[{"damage_healed":0.0,"max_hp_gain":0.0,"max_hp_loss":0.0,"gold_gain":53.0,"event_name":"Golden Wing","player_choice":"Gained Gold","floor":10.0,"gold_loss":0.0,"damage_taken":0.0}],"is_beta":false,"boss_relics":[],"items_purged_floors":[],"is_endless":false,"potions_floor_spawned":[3,4,11,14],"killed_by":"The Guardian","ascension_level":20}}