{"host":"2lvuisjyit3p3u01","time":1614269032,"event":{"mods":["Act Like it!","BaseMod","Bestiary","Better Synergies","Bossed Relics","CapriCore","Colored Map","Colored Powertips","GifTheSpireLib","Library of Ruina","Library of Ruina Extra","Minty Spire (QoL Compilation)","Quick Restart","Replay The Spire","Ruina","StSLib"],"gold_per_floor":[116,130,130,21,34,34,46,79,79,79,112,126,51,67,67,164,164,183,220,233,233,248,248,98,111,164,184,204,204,53,85,85,189,189,202,202,1201,621,621,691,726,330,330,330,351,351,351,378,378,418,456],"floor_reached":52,"language":"ENG","playtime":1309,"items_purged":["DegradedLock","Doubt","Parry2+1"],"score":1152,"play_id":"9a60b6df-8921-4724-9edb-31b2da6b1a87","local_time":"20210225180352","is_ascension_mode":true,"campfire_choices":[{"data":"Parry2","floor":6,"key":"SMITH"},{"data":"Faith","floor":15,"key":"SMITH"},{"data":"SenseQuarry","floor":29,"key":"SMITH"},{"data":"FrontalAssault","floor":32,"key":"SMITH"},{"data":"UnforgettableMelody","floor":44,"key":"SMITH"},{"data":"LawAndOrder","floor":46,"key":"SMITH"},{"data":"DegradedChain","floor":49,"key":"SMITH"}],"circlet_count":0,"master_deck":["DegradedFairy","DegradedFairy+1","DegradedFairy","DegradedChain+1","DegradedChain+1","DegradedPillar","DegradedPillar","DegradedShockwave","LawAndOrder+1","Thirst","GrazeTheGrass","Faith+1","FrontalAssault+1","RulesOfTheBackstreets","Pound","TrashDisposal","UpbeatPerformance","FieryDragonSlash+1","UnforgettableMelody+1","ChopItOff"],"relics":["PageOfLibrarian","NeowsBlessing","Boot","PageOfOzma","PageOfPorccubus","ReplayTheSpireMod:TigerMarble","Busted Crown","PreservedInsect","Omamori","Orichalcum","Shuriken","Pandora\u0027s Box","Membership Card","Replay:Bandana","Mirror","Unceasing Top","Bag of Marbles","Sling","Durian","PageOfPunishingBird","PageOfWayBackHome"],"acts_visited":["Exordium","ruina:Briah","TheBeyond"],"potions_floor_usage":[14,14,16,33,33,33,50,50,50,50,50,51],"damage_taken":[{"damage":0,"enemies":"2 Louse","floor":1,"turns":1},{"damage":0,"enemies":"Jaw Worm","floor":2,"turns":1},{"damage":0,"enemies":"Cultist","floor":5,"turns":1},{"damage":0,"enemies":"Looter","floor":7,"turns":1},{"damage":0,"enemies":"3 Sentries","floor":8,"turns":1},{"damage":0,"enemies":"Lagavulin","floor":11,"turns":2},{"damage":0,"enemies":"Exordium Thugs","floor":12,"turns":1},{"damage":2,"enemies":"Lots of Slimes","floor":14,"turns":3},{"damage":0,"enemies":"Hexaghost","floor":16,"turns":3},{"damage":0,"enemies":"ruina:Nosferatu","floor":18,"turns":1},{"damage":0,"enemies":"ruina:BadWolf","floor":20,"turns":1},{"damage":0,"enemies":"ruina:QueenOfHate","floor":22,"turns":2},{"damage":0,"enemies":"ruina:KnightOfDespair","floor":25,"turns":2},{"damage":0,"enemies":"ruina:Woodsman","floor":27,"turns":1},{"damage":9,"enemies":"ruina:3_Scarecrows","floor":28,"turns":3},{"damage":0,"enemies":"ruina:RoadHome","floor":31,"turns":1},{"damage":0,"enemies":"ruina:JesterOfNihil","floor":33,"turns":4},{"damage":0,"enemies":"3 Shapes","floor":35,"turns":1},{"damage":0,"enemies":"2 Orb Walkers","floor":40,"turns":1},{"damage":0,"enemies":"Reptomancer","floor":41,"turns":1},{"damage":0,"enemies":"Orb Walker","floor":45,"turns":1},{"damage":12,"enemies":"4 Shapes","floor":48,"turns":1},{"damage":7,"enemies":"Awakened One","floor":50,"turns":3},{"damage":29,"enemies":"Awakened One","floor":51,"turns":9}],"seed_played":"-5937533755367537776","potions_obtained":[{"floor":2,"key":"SkillPotion"},{"floor":7,"key":"Explosive Potion"},{"floor":8,"key":"ColorlessPotion"},{"floor":12,"key":"BlessingOfTheForge"},{"floor":19,"key":"GamblersBrew"},{"floor":19,"key":"EssenceOfSteel"},{"floor":19,"key":"FearPotion"},{"floor":20,"key":"Adrenaline Potion"},{"floor":22,"key":"Flashbang"},{"floor":35,"key":"Weak Potion"}],"is_trial":false,"path_per_floor":["M","M","?","?","M","R","M","E","T","?","E","M","$","M","R","B",null,"M","?","M","?","M","?","$","M","T","M","M","R","$","E","R","B",null,"M","?","?","$","?","?","E","$","T","R","M","R","?","M","R","B",null,null],"character_chosen":"Librarian","items_purchased":["Omamori","UpbeatPerformance","Membership Card","Replay:Bandana","Mirror","UnforgettableMelody","EntropicBrew","DistilledChaos","Sling","Durian","PageOfPunishingBird","SteroidPotion"],"campfire_rested":0,"item_purchase_floors":[24,30,38,38,38,38,38,38,42,42,42,42],"current_hp_per_floor":[60,60,60,60,60,60,60,60,60,44,44,44,44,42,42,42,90,90,90,90,90,90,90,90,90,90,90,86,86,86,86,86,90,90,90,90,90,90,90,90,90,95,95,95,95,95,95,89,89,88,73],"gold":456,"neow_bonus":"THREE_ENEMY_KILL","is_daily":false,"chose_seed":false,"campfire_upgraded":7,"win_rate":0.0,"timestamp":1614269032,"path_taken":["M","M","?","?","M","R","?","E","T","?","E","M","?","?","R","BOSS","M","?","M","?","?","?","$","?","T","?","M","R","$","E","R","BOSS","M","?","?","$","?","?","E","$","T","R","M","R","?","M","R","BOSS"],"items_purchased_type":["Relic","Card","Relic","Relic","Relic","Card","Potion","Potion","Relic","Relic","Relic","Potion"],"build_version":"2020-12-22","purchased_purges":3,"victory":true,"max_hp_per_floor":[90,90,90,90,90,90,90,90,90,90,90,90,90,90,90,90,90,90,90,90,90,90,90,90,90,90,90,90,90,90,90,90,90,90,90,90,90,90,90,90,90,95,95,95,95,95,95,95,95,95,95],"card_choices":[{"not_picked":["SearingSword","Wallop_lor","GrazeTheGrass","ClassAndRespect","FendThisOffIfYouCan","FleetEdge","InnerArdor","Standoff"],"picked":"Parry2","floor":1},{"not_picked":["Faith","BiAn","BackAttack","Parry","ForcefulGesture","TendonChords","AssaultOrder","SmokingPipe"],"picked":"LawAndOrder","floor":2},{"not_picked":["GreatSerpentsImpact","FleshFillet","CutIn","WillOfThePrescript","AutonomousRush","VenomousFangs","IngredientHunt","FleetEdge"],"picked":"Thirst","floor":5},{"not_picked":["Tailoring","InnerArdor","Diversion","Standoff","SuppressingShot","AutomatedMovement","SnakesPrey","UndertakePrescript"],"picked":"GrazeTheGrass","floor":7},{"not_picked":["HighKick","UnavoidableGaze","AsThePrescriptOrders","AlloutWar","SmokingPipe","IngredientHunt","GuidanceOfTheGears","Ripple"],"picked":"Faith","floor":8},{"not_picked":["Castigation","HandlingWork","SkitterAway","RatsGuideToSurvival","BlowItUp","Eject","QuickAttack","HiddenBlade"],"picked":"FrontalAssault","floor":11},{"not_picked":["DesperateStruggle","StructuralAnalysis","ToOvercomeCrisis","Parry","Rewind","WillOfThePrescript","SerpentSwordTechnique","FleetFootsteps","Standoff"],"picked":"SKIP","floor":12},{"not_picked":["StrongStrike","SkyClearingCut","FierceCharge","ViolentFlame","ChiWen","Faith","DirtyBlow","QuickSuppression"],"picked":"RulesOfTheBackstreets","floor":14},{"not_picked":["ScratchThat","TieShanKao"],"picked":"SenseQuarry","floor":16},{"not_picked":["BackAttack","InhaleSmoke+1","EndlessBattle","Leap_lor","MultiBlock","AsThePrescriptOrders","Parry2"],"picked":"SKIP","floor":18},{"not_picked":["StrongStrike","TrimTheIngredients","HeavyPeaks","IronWall","SnakesPrey","GrazeTheGrass","SunsetBlade"],"picked":"SKIP","floor":20},{"not_picked":["Juggling","MindWhip+1","CutIn","Decapitation","Clone","SerpentSwordTechnique"],"picked":"Pound","floor":22},{"not_picked":["ButterflySlash","LossOfSenses+1","Pound","TendonChords","SunsetBlade","Parry2+1","GuidanceOfTheGears+1"],"picked":"SKIP","floor":25},{"not_picked":["DarkCloud","ClassAndRespect","LawAndOrder","WillBeTasty","QuickSuppression","PinpointShot+1"],"picked":"TrashDisposal","floor":27},{"not_picked":["Gamble","SharpSwipe","Rewind+1","HighKick","FierceCharge+1","DarkCloud","TendonChords"],"picked":"SKIP","floor":28},{"not_picked":["CutIn","ScatteringSlash+1","JiaoTu+1","SerpentineBarrier","Parry","SinglePointStab"],"picked":"FieryDragonSlash+1","floor":31},{"not_picked":["Eliminate+1","Rewind","EnergyStrike","HiddenBlade","IllEndYou+1","PinpointShot+1","AssaultOrder+1"],"picked":"SKIP","floor":35},{"not_picked":["Eliminate+1","Rewind","EnergyStrike","HiddenBlade","IllEndYou+1","PinpointShot+1","AssaultOrder+1"],"picked":"SKIP","floor":35},{"not_picked":["FleetFootsteps","StrongStrike","SunsetBlade+1","QuickSuppression+1","Leap_lor","DimensionalRift","StartinOutLightly+1"],"picked":"SKIP","floor":41},{"not_picked":["CoordinatedAssault+1","Wallop_lor+1","Quickness+1","SerpentSwordTechnique","EnergyCycle+1","ReadyUp+1"],"picked":"ChopItOff","floor":45},{"not_picked":["Outburst+1","UnavoidableGaze","BayonetCombat+1","AssaultOrder+1","BiXi","QuickAttack","BackAttack"],"picked":"SKIP","floor":48}],"player_experience":219246,"relics_obtained":[{"floor":8,"key":"PageOfOzma"},{"floor":9,"key":"PageOfPorccubus"},{"floor":11,"key":"ReplayTheSpireMod:TigerMarble"},{"floor":26,"key":"Orichalcum"},{"floor":31,"key":"Shuriken"},{"floor":40,"key":"Unceasing Top"},{"floor":41,"key":"Bag of Marbles"},{"floor":43,"key":"PageOfWayBackHome"}],"event_choices":[{"damage_healed":0,"gold_gain":0,"player_choice":"Paid Gold","damage_taken":0,"relics_obtained":["Boot"],"max_hp_gain":0,"max_hp_loss":0,"event_name":"WeMeetAgain","floor":4,"gold_loss":109},{"damage_healed":0,"gold_gain":0,"player_choice":"Entered Light","damage_taken":18,"max_hp_gain":0,"max_hp_loss":0,"event_name":"Shining Light","floor":10,"gold_loss":0,"cards_upgraded":["DegradedChain","DegradedFairy"]},{"damage_healed":0,"gold_gain":0,"player_choice":"Memory 1","damage_taken":0,"max_hp_gain":0,"max_hp_loss":0,"event_name":"SensoryStone","floor":36,"gold_loss":0},{"damage_healed":0,"gold_gain":999,"player_choice":"Gold","damage_taken":0,"max_hp_gain":0,"max_hp_loss":0,"event_name":"MindBloom","floor":37,"gold_loss":0,"cards_obtained":["Normality","Normality"]},{"damage_healed":0,"gold_gain":0,"player_choice":"Ignored","damage_taken":0,"max_hp_gain":0,"max_hp_loss":0,"event_name":"Tomb of Lord Red Mask","floor":39,"gold_loss":0},{"damage_healed":0,"gold_gain":0,"player_choice":"Fight","damage_taken":0,"max_hp_gain":0,"max_hp_loss":0,"event_name":"Mysterious Sphere","floor":40,"gold_loss":0},{"cards_removed":["SenseQuarry"],"damage_healed":0,"gold_gain":0,"player_choice":"Removed Skill","damage_taken":0,"max_hp_gain":0,"max_hp_loss":0,"event_name":"Falling","floor":47,"gold_loss":0}],"is_beta":false,"boss_relics":[{"not_picked":["Fusion Hammer","Calling Bell"],"picked":"Busted Crown"},{"not_picked":["Ring of Chaos","SacredBark"],"picked":"Pandora\u0027s Box"}],"items_purged_floors":[13,30,38],"is_endless":false,"potions_floor_spawned":[2,7,8,12,20,22,25,27,35,45],"ascension_level":1}}