{"host":"y0i0tbisecj7yjyn","time":1614219595,"event":{"mods":["2.2 Compatiblity","AchievementEnabler","AlwaysNeverKeys","BaseMod","Better Third Choice","BetterRewards","Colored Map","Colored Powertips","Curses Come First","Disable Question Mark Monsters","Displayed Cursed Tome","Highlight Path","Keyboard Shortcuts","Minty Spire (QoL Compilation)","Quick Restart","Random Character Button","Rare Cards Sparkle","Relic Stats","Reliquary","Smile Girya","StSLib","SuperFastMode","Transform Curses","Weighted Paths"],"gold_per_floor":[116,126,139,155,5,5,22,22,48,48,112,146,157,192,192,192,192],"floor_reached":16,"language":"ENG","playtime":821,"items_purged":[],"score":137,"play_id":"ca104e6c-80c3-48bf-b6ac-ceba5d88c53c","local_time":"20210224201955","is_ascension_mode":false,"campfire_choices":[{"data":"Enlightenment","floor":6.0,"key":"SMITH"},{"data":"Reaper","floor":10.0,"key":"SMITH"},{"data":"Infernal Blade","floor":15,"key":"SMITH"}],"circlet_count":0,"master_deck":["Strike_R","Strike_R","Strike_R","Strike_R","Strike_R","Defend_R","Defend_R","Defend_R","Defend_R","Bash","Infernal Blade+1","Flex","Reaper+1","Anger","Enlightenment+1","Immolate","Regret","Shrug It Off","Spot Weakness"],"relics":["Burning Blood","NeowsBlessing","Art of War","reliquary:SilkGlove","Lantern","reliquary:RoseTintedGlasses","Bag of Marbles"],"acts_visited":["Exordium"],"potions_floor_usage":[14],"damage_taken":[{"damage":0.0,"enemies":"Cultist","floor":1.0,"turns":1.0},{"damage":0.0,"enemies":"Small Slimes","floor":2.0,"turns":1.0},{"damage":0.0,"enemies":"2 Louse","floor":3.0,"turns":2.0},{"damage":17.0,"enemies":"Exordium Thugs","floor":4.0,"turns":3.0},{"damage":16.0,"enemies":"Lots of Slimes","floor":7.0,"turns":2.0},{"damage":45.0,"enemies":"Gremlin Nob","floor":11.0,"turns":5.0},{"damage":22.0,"enemies":"3 Sentries","floor":12.0,"turns":7.0},{"damage":0.0,"enemies":"2 Fungi Beasts","floor":13.0,"turns":2.0},{"damage":2,"enemies":"Gremlin Nob","floor":14,"turns":2},{"damage":81,"enemies":"Hexaghost","floor":16,"turns":10}],"seed_played":"-6361679299323508585","potions_obtained":[{"floor":1.0,"key":"Block Potion"},{"floor":2.0,"key":"BloodPotion"},{"floor":12.0,"key":"AttackPotion"},{"floor":14,"key":"BlessingOfTheForge"}],"is_trial":false,"path_per_floor":["M","M","M","M","$","R","M","?","T","R","?","E","M","E","R","B"],"character_chosen":"IRONCLAD","items_purchased":["Enlightenment","Immolate"],"campfire_rested":0,"item_purchase_floors":[5,5],"current_hp_per_floor":[80,80,80,69,69,69,70,70,70,70,36,51,61,77,77,0,0],"gold":192,"neow_bonus":"THREE_ENEMY_KILL","is_daily":false,"chose_seed":false,"campfire_upgraded":3,"win_rate":0.0,"timestamp":1614219595,"path_taken":["M","M","M","?","$","R","?","?","T","R","?","E","?","E","R","BOSS"],"items_purchased_type":["Card","Card"],"build_version":"2020-12-22","purchased_purges":0,"victory":false,"max_hp_per_floor":[80,80,80,80,80,80,80,80,80,80,80,80,80,80,80,80,80],"relic_stats":{"counters":[10,35],"Art of War":[1],"obtain_stats":[{"Lantern":11,"reliquary:SilkGlove":9,"NeowsBlessing":0,"reliquary:RoseTintedGlasses":12,"Art of War":8,"Bag of Marbles":14,"Burning Blood":0},{"Lantern":6,"reliquary:SilkGlove":5,"NeowsBlessing":0,"reliquary:RoseTintedGlasses":7,"Art of War":5,"Bag of Marbles":9,"Burning Blood":0},{"Lantern":14,"reliquary:SilkGlove":9,"NeowsBlessing":0,"reliquary:RoseTintedGlasses":21,"Art of War":9,"Bag of Marbles":25,"Burning Blood":0}],"Burning Blood":36},"card_choices":[{"not_picked":["Battle Trance","Dropkick"],"picked":"Infernal Blade","floor":1.0},{"not_picked":["Perfected Strike","Heavy Blade"],"picked":"Flex","floor":2.0},{"not_picked":["Sever Soul","Wild Strike"],"picked":"Reaper","floor":3.0},{"not_picked":["Shockwave","Havoc"],"picked":"Anger","floor":4.0},{"not_picked":["Reckless Charge","Clash","Dual Wield"],"picked":"SKIP","floor":7.0},{"not_picked":["Body Slam","Burning Pact"],"picked":"Shrug It Off","floor":11.0},{"not_picked":["Havoc","Rupture"],"picked":"Spot Weakness","floor":12.0},{"not_picked":["Wild Strike","Combust","Dark Embrace"],"picked":"SKIP","floor":13.0},{"not_picked":["Pommel Strike","Hemokinesis","Headbutt"],"picked":"SKIP","floor":14}],"player_experience":554206,"relics_obtained":[{"floor":9.0,"key":"reliquary:SilkGlove"},{"floor":11.0,"key":"Lantern"},{"floor":12.0,"key":"reliquary:RoseTintedGlasses"},{"floor":14,"key":"Bag of Marbles"}],"event_choices":[{"damage_healed":0.0,"max_hp_gain":0.0,"max_hp_loss":0.0,"gold_gain":0.0,"event_name":"Big Fish","player_choice":"Box","floor":8.0,"gold_loss":0.0,"damage_taken":0.0,"relics_obtained":["Art of War"],"cards_obtained":["Regret"]},{"damage_healed":0.0,"max_hp_gain":0.0,"max_hp_loss":0.0,"gold_gain":30.0,"event_name":"Dead Adventurer","player_choice":"Searched \u00273\u0027 times","floor":11.0,"gold_loss":0.0,"damage_taken":0.0}],"is_beta":false,"boss_relics":[],"items_purged_floors":[],"is_endless":false,"potions_floor_spawned":[1,2,12,14],"killed_by":"Hexaghost","ascension_level":0}}