{"host":"upxylo0gv9lknfjc","time":1614233394,"event":{"mods":["2.2 Compatiblity","BaseMod","Colored Map","Downfall","GungeonMod","Hermit","Lobotomy","Minty Spire (QoL Compilation)","StSLib","The Bug Knight","The Cursed","The Dragon Tamer","The Gatherer","The Hierophant","The Jungle","The Poker Player","The Runesmith"],"gold_per_floor":[99,99,99,99,112,124,124,124,124,140,40,50,63,48,63,161,161,61,71,71,84,69,69,95,95,113,113,113,145,145,158,171,171,171,171],"floor_reached":33,"language":"ENG","playtime":3693,"items_purged":[],"score":282,"play_id":"23cb3e5f-fdc6-4789-889f-16e29fd5cd6b","local_time":"20210225150954","is_ascension_mode":false,"campfire_choices":[{"floor":1,"key":"RECALL"},{"data":"bronze:ChosenStrike","floor":11,"key":"SMITH"},{"data":"bronze:Iterate","floor":18,"key":"SMITH"},{"data":"bronze:SpaghettiCode","floor":28,"key":"SMITH"},{"data":"bronze:SpaghettiCode","floor":30,"key":"SMITH"}],"circlet_count":0,"master_deck":["bronze:Strike","bronze:Strike","bronze:Strike","bronze:Strike","bronze:Defend","bronze:Defend","bronze:Defend","bronze:Defend","bronze:Replicate+1","bronze:Goto+1","bronze:DelayedGuard+1","bronze:AlphaBuild","bronze:Frontload","bronze:ChosenStrike+1","bronze:Boost","bronze:Repair","bronze:SpaghettiCode+1","bronze:ChildClass","bronze:Iterate+1","bronze:ClassDefault","bronze:SpaghettiCode+1","downfall:Bewildered"],"relics":["bronze:BronzeCore","downfall:HeartsMalice","Tiny Chest","downfall:HeartBlessingBlue","Runic Pyramid","downfall:HeartBlessingRed","HornCleat","sneckomod:BabySnecko","Art of War","Singing Bowl","Du-Vu Doll"],"acts_visited":["Exordium","TheCity"],"potions_floor_usage":[33],"damage_taken":[{"damage":0,"enemies":"Small Slimes","floor":2,"turns":1},{"damage":0,"enemies":"downfall:FleeingMerchant","floor":3,"turns":1},{"damage":0,"enemies":"Cultist","floor":4,"turns":1},{"damage":0,"enemies":"2 Louse","floor":5,"turns":2},{"damage":12,"enemies":"Red Slaver","floor":6,"turns":6},{"damage":22,"enemies":"Large Slime","floor":10,"turns":8},{"damage":0,"enemies":"3 Louse","floor":12,"turns":3},{"damage":0,"enemies":"Exordium Wildlife","floor":13,"turns":2},{"damage":0,"enemies":"downfall:FleeingMerchant","floor":14,"turns":4},{"damage":0,"enemies":"Gremlin Gang","floor":15,"turns":1},{"damage":35,"enemies":"IC_STATUS_ARCHETYPE","floor":16,"turns":10},{"damage":0,"enemies":"Spheric Guardian","floor":19,"turns":1},{"damage":0,"enemies":"Shell Parasite","floor":21,"turns":4},{"damage":0,"enemies":"downfall:FleeingMerchant","floor":22,"turns":4},{"damage":0,"enemies":"Snecko","floor":26,"turns":4},{"damage":1,"enemies":"Book of Stabbing","floor":29,"turns":4},{"damage":3,"enemies":"3 Cultists","floor":31,"turns":4},{"damage":0,"enemies":"Snake Plant","floor":32,"turns":2},{"damage":120,"enemies":"DF_ARCHETYPE_CLAW","floor":33,"turns":9}],"seed_played":"2370432394992301842","potions_obtained":[{"floor":5,"key":"Energy Potion"},{"floor":6,"key":"DemoMod:LeadSkinPotion"},{"floor":12,"key":"FairyPotion"}],"is_trial":false,"path_per_floor":["R","M","$","M","M","M","T","?","?","M","R","M","M","$","M","B",null,"R","M","T","M","$","?","T","?","M","T","R","E","R","M","M","B"],"character_chosen":"THE_AUTOMATON","items_purchased":[],"campfire_rested":0,"item_purchase_floors":[],"current_hp_per_floor":[70,70,70,70,70,58,58,51,51,29,39,46,46,53,53,25,80,80,80,80,80,80,80,80,65,65,65,65,66,66,72,74,0,0,0],"gold":171,"neow_bonus":"THREE_ENEMY_KILL","is_daily":false,"chose_seed":false,"campfire_upgraded":4,"win_rate":0.0,"timestamp":1614233394,"path_taken":["R","M","$","M","M","M","T","?","?","?","R","M","M","?","M","BOSS","R","M","?","?","$","?","T","?","M","?","R","E","R","?","M","BOSS"],"items_purchased_type":[],"build_version":"2020-12-22","purchased_purges":0,"victory":false,"max_hp_per_floor":[70,70,70,70,70,70,70,70,70,70,80,80,80,80,80,80,80,80,80,80,80,80,80,80,85,85,85,85,87,87,89,91,91,91,91],"card_choices":[{"not_picked":["bronze:Invalidate","bronze:Allocate"],"picked":"bronze:DelayedGuard","floor":2},{"not_picked":["bronze:Iterate","bronze:Frontload"],"picked":"bronze:AlphaBuild","floor":3},{"not_picked":["bronze:FineTuning","bronze:OilSpill"],"picked":"bronze:Frontload","floor":4},{"not_picked":["bronze:WildBeam","bronze:BronzeOrb"],"picked":"bronze:ChosenStrike","floor":5},{"not_picked":["bronze:Branch","bronze:Frontload"],"picked":"bronze:Boost","floor":6},{"not_picked":["bronze:DelayedSlice","bronze:Shield"],"picked":"bronze:Repair","floor":10},{"not_picked":["bronze:Turbo","bronze:WhirlingStrike"],"picked":"bronze:SpaghettiCode","floor":12},{"not_picked":["bronze:Invalidate","bronze:DelayedGuard"],"picked":"bronze:ChildClass","floor":13},{"not_picked":["bronze:DelayedGuard","bronze:WhirlingStrike"],"picked":"bronze:Iterate","floor":14},{"not_picked":["bronze:BugBarrage","bronze:DelayedSlice"],"picked":"bronze:ClassDefault","floor":15},{"not_picked":["bronze:FindAndReplace","bronze:Virus"],"picked":"bronze:SpaghettiCode","floor":16},{"not_picked":["bronze:Branch","bronze:BugBarrage","bronze:WildBeam+1"],"picked":"SKIP","floor":19},{"not_picked":["bronze:BuggyMess","bronze:Invalidate","bronze:Deprecate"],"picked":"SKIP","floor":21},{"not_picked":["bronze:Repair","bronze:MaxOutput","bronze:Optimize"],"picked":"SKIP","floor":22},{"not_picked":["bronze:WildBeam","bronze:Invalidate","bronze:Shield"],"picked":"SKIP","floor":26},{"not_picked":["bronze:BugBarrage","bronze:Safeguard+1","bronze:DelayedSlice"],"picked":"Singing Bowl","floor":29},{"not_picked":["bronze:BitShift","bronze:Turbo","bronze:DarkDash"],"picked":"Singing Bowl","floor":31},{"not_picked":["bronze:CutThrough+1","bronze:WildBeam+1","bronze:ForceShield"],"picked":"Singing Bowl","floor":32}],"player_experience":1162851,"relics_obtained":[{"floor":20,"key":"HornCleat"},{"floor":24,"key":"Art of War"},{"floor":27,"key":"Singing Bowl"},{"floor":29,"key":"Du-Vu Doll"}],"event_choices":[{"damage_healed":0,"gold_gain":0,"player_choice":"Success","damage_taken":7,"relics_obtained":["Tiny Chest"],"max_hp_gain":0,"max_hp_loss":0,"event_name":"Scrap Ooze","floor":8,"gold_loss":0}],"is_beta":false,"boss_relics":[{"not_picked":["Sozu","Snecko Eye"],"picked":"Runic Pyramid"}],"items_purged_floors":[],"is_endless":false,"potions_floor_spawned":[5,6,12,13,15,19,32],"killed_by":"DF_ARCHETYPE_CLAW","ascension_level":0}}