{"host":"5dk97cf2ubw2v967","time":1614260769,"event":{"mods":["AlwaysNeverKeys","BaseMod","Better Altar","Better Vampires","Block Reminder","Card Filter","Colored Powertips","Downfall","Googly Eyes","Highlight Path","Minty Spire (QoL Compilation)","Permanent Neow","Potion Indicator Mod","Quick Restart","Relic Filter","Relic Stats","Say the Spire","Spicy Shops","StSLib","Waifu the Spire","everything is the same but u backflip on backflip"],"gold_per_floor":[109,34,53,53,73,106,118,159,171,23,33,33,33,43,43,118,118,134,150,28,40,40,40,71,71,71,71,71,103,103,131,131,209,209,225,225,243,255,255,255,255],"floor_reached":40,"language":"ENG","playtime":2204,"items_purged":["Strike_G"],"score":904,"play_id":"e843bfb3-3225-4365-bf67-118e29d5eb83","local_time":"20210225134609","is_ascension_mode":true,"campfire_choices":[{"floor":7,"key":"REST"},{"floor":13,"key":"REST"},{"floor":15,"key":"REST"},{"floor":23,"key":"REST"},{"floor":25,"key":"REST"},{"floor":30,"key":"REST"},{"data":"Infinite Blades","floor":32,"key":"SMITH"}],"circlet_count":0,"master_deck":["AscendersBane","Strike_G","Strike_G","Strike_G","Strike_G","Defend_G","Defend_G","Defend_G","Defend_G","Survivor","Neutralize","Apotheosis+1","Dash","PiercingWail","Dagger Spray","Setup","Cloak And Dagger","Blur","Infinite Blades+1","Terror+1","Footwork","Slice","Writhe","Quick Slash","Doppelganger","Backflip","Leg Sweep+1","Bouncing Flask"],"relics":["Ring of the Serpent","MawBank","Kunai","Shuriken","Membership Card","Sozu","Oddly Smooth Stone","Orichalcum","Ancient Tea Set","Anchor","Gremlin Horn","Calipers"],"acts_visited":["Exordium","TheCity","TheBeyond"],"potions_floor_usage":[8,16,24],"damage_taken":[{"damage":1,"enemies":"Jaw Worm","floor":1,"turns":4},{"damage":0,"enemies":"2 Louse","floor":3,"turns":3},{"damage":0,"enemies":"Cultist","floor":5,"turns":4},{"damage":18,"enemies":"Lagavulin","floor":6,"turns":9},{"damage":36,"enemies":"Gremlin Nob","floor":8,"turns":6},{"damage":0,"enemies":"3 Louse","floor":11,"turns":3},{"damage":0,"enemies":"Looter","floor":14,"turns":4},{"damage":9,"enemies":"Slime Boss","floor":16,"turns":9},{"damage":15,"enemies":"Spheric Guardian","floor":18,"turns":4},{"damage":19,"enemies":"Shell Parasite","floor":19,"turns":5},{"damage":0,"enemies":"Centurion and Healer","floor":21,"turns":6},{"damage":50,"enemies":"Slavers","floor":24,"turns":8},{"damage":2,"enemies":"Book of Stabbing","floor":29,"turns":6},{"damage":4,"enemies":"Slavers","floor":31,"turns":6},{"damage":5,"enemies":"Champ","floor":33,"turns":12},{"damage":4,"enemies":"Orb Walker","floor":35,"turns":4},{"damage":18,"enemies":"3 Darklings","floor":37,"turns":5},{"damage":30,"enemies":"Transient","floor":38,"turns":6},{"damage":15,"enemies":"Reptomancer","floor":40,"turns":2}],"seed_played":"4473139181184080504","potions_obtained":[{"floor":3,"key":"Block Potion"},{"floor":6,"key":"LiquidBronze"},{"floor":8,"key":"EssenceOfSteel"},{"floor":14,"key":"FairyPotion"},{"floor":16,"key":"DistilledChaos"}],"is_trial":false,"path_per_floor":["M","?","M","?","M","E","R","E","T","$","M","?","R","M","R","B",null,"M","M","$","M","?","R","E","R","T","?","?","E","R","E","R","B",null,"M","?","M","M","?","E"],"character_chosen":"THE_SILENT","items_purchased":["Membership Card","Oddly Smooth Stone"],"campfire_rested":6,"item_purchase_floors":[10,20],"current_hp_per_floor":[58,58,58,58,58,40,59,23,23,23,23,16,35,35,54,45,61,46,27,27,27,27,46,19,38,38,38,38,36,55,51,51,46,61,57,53,35,5,5,0,0],"gold":255,"neow_bonus":"RANDOM_COLORLESS_2","is_daily":false,"chose_seed":false,"campfire_upgraded":1,"win_rate":0.0,"timestamp":1614260769,"path_taken":["M","?","M","?","?","E","R","E","T","$","M","?","R","M","R","BOSS","M","M","$","M","?","R","E","R","T","?","?","E","R","E","R","BOSS","M","?","M","?","?","E"],"items_purchased_type":["Relic","Relic"],"build_version":"2020-12-22","purchased_purges":1,"victory":false,"max_hp_per_floor":[66,66,66,66,66,66,66,66,66,66,66,66,66,66,66,66,66,66,66,66,66,66,66,66,66,66,66,66,66,66,66,66,66,66,66,66,66,66,66,66,66],"relic_stats":{"Sozu":12,"Gremlin Horn":[6,6],"counters":[19,106],"Shuriken":[52],"Kunai":[52],"Orichalcum":[6],"MawBank":48,"obtain_stats":[{"Calipers":31,"Gremlin Horn":29,"Oddly Smooth Stone":20,"Orichalcum":22,"MawBank":6,"Ancient Tea Set":24,"Sozu":17,"Anchor":26,"Shuriken":9,"Kunai":8,"Membership Card":10,"Ring of the Serpent":34,"Ring of the Snake":0},{"Calipers":14,"Gremlin Horn":13,"Oddly Smooth Stone":10,"Orichalcum":11,"MawBank":4,"Ancient Tea Set":12,"Sozu":8,"Anchor":12,"Shuriken":5,"Kunai":5,"Membership Card":5,"Ring of the Serpent":15,"Ring of the Snake":0},{"Calipers":77,"Gremlin Horn":71,"Oddly Smooth Stone":51,"Orichalcum":57,"MawBank":20,"Ancient Tea Set":65,"Sozu":42,"Anchor":65,"Shuriken":26,"Kunai":26,"Membership Card":26,"Ring of the Serpent":89,"Ring of the Snake":0}]},"card_choices":[{"not_picked":["Master of Strategy","Transmutation"],"picked":"Apotheosis","floor":0},{"not_picked":["Cloak And Dagger","Bane"],"picked":"Dash","floor":1},{"not_picked":["Underhanded Strike","Blade Dance"],"picked":"PiercingWail","floor":3},{"not_picked":["Eviscerate","Quick Slash"],"picked":"Dagger Spray","floor":5},{"not_picked":["Phantasmal Killer","Night Terror"],"picked":"Setup","floor":6},{"not_picked":["PiercingWail","Crippling Poison"],"picked":"Cloak And Dagger","floor":8},{"not_picked":["Acrobatics","Sucker Punch"],"picked":"Blur","floor":11},{"not_picked":["Dodge and Roll","Bane"],"picked":"Infinite Blades","floor":14},{"not_picked":["Bullet Time","Die Die Die"],"picked":"Venomology","floor":16},{"not_picked":["Quick Slash","Dagger Spray"],"picked":"Terror+1","floor":18},{"not_picked":["Cloak And Dagger","Skewer"],"picked":"Footwork","floor":19},{"not_picked":["Dash","Underhanded Strike"],"picked":"Slice","floor":21},{"not_picked":["Noxious Fumes","Flechettes"],"picked":"Quick Slash","floor":24},{"not_picked":["Poisoned Stab","Underhanded Strike+1","Terror+1"],"picked":"SKIP","floor":29},{"not_picked":["Backstab","Noxious Fumes","Flying Knee"],"picked":"SKIP","floor":31},{"not_picked":["Burst","Die Die Die"],"picked":"Doppelganger","floor":33},{"not_picked":["PiercingWail+1","Dagger Throw+1","Dagger Spray"],"picked":"SKIP","floor":35},{"not_picked":["Sucker Punch","Bane"],"picked":"Backflip","floor":37},{"not_picked":["Sucker Punch","PiercingWail"],"picked":"Leg Sweep+1","floor":38}],"player_experience":1354201,"relics_obtained":[{"floor":6,"key":"MawBank"},{"floor":8,"key":"Kunai"},{"floor":9,"key":"Shuriken"},{"floor":24,"key":"Ancient Tea Set"},{"floor":26,"key":"Anchor"},{"floor":29,"key":"Gremlin Horn"},{"floor":31,"key":"Calipers"}],"event_choices":[{"cards_removed":["Decay"],"damage_healed":0,"gold_gain":0,"player_choice":"Card Removal","damage_taken":0,"max_hp_gain":0,"max_hp_loss":0,"event_name":"The Cleric","floor":2,"gold_loss":75},{"damage_healed":0,"gold_gain":0,"player_choice":"Forge","damage_taken":0,"max_hp_gain":0,"max_hp_loss":0,"event_name":"Accursed Blacksmith","floor":4,"gold_loss":0,"cards_upgraded":["Apotheosis"]},{"cards_removed":["Defend_G"],"damage_healed":0,"gold_gain":0,"player_choice":"Card Removal","damage_taken":7,"max_hp_gain":0,"max_hp_loss":0,"event_name":"Golden Wing","floor":12,"gold_loss":0},{"damage_healed":0,"gold_gain":0,"player_choice":"Opened","damage_taken":0,"relics_obtained":["Orichalcum"],"max_hp_gain":0,"max_hp_loss":0,"event_name":"The Mausoleum","floor":22,"gold_loss":0,"cards_obtained":["Writhe"]},{"damage_healed":0,"gold_gain":0,"player_choice":"Ignored","damage_taken":0,"max_hp_gain":0,"max_hp_loss":0,"event_name":"Cursed Tome","floor":28,"gold_loss":0},{"damage_healed":0,"gold_gain":0,"player_choice":"Bought 0 Potions","damage_taken":0,"max_hp_gain":0,"max_hp_loss":0,"event_name":"The Woman in Blue","floor":36,"gold_loss":0},{"damage_healed":0,"gold_gain":0,"cards_transformed":["Venomology"],"player_choice":"Transformed","damage_taken":0,"max_hp_gain":0,"max_hp_loss":0,"event_name":"Transmorgrifier","floor":39,"gold_loss":0,"cards_obtained":["Bouncing Flask"]}],"is_beta":false,"boss_relics":[{"not_picked":["HoveringKite","Busted Crown"],"picked":"Sozu"},{"not_picked":["Runic Dome","SlaversCollar"],"picked":"Ring of the Serpent"}],"items_purged_floors":[20],"is_endless":false,"potions_floor_spawned":[3,6,8,14,16,24,29,37,38],"killed_by":"Reptomancer","ascension_level":20}}