{"host":"p9xedk00duaz8l9n","time":1614270763,"event":{"mods":["BaseMod","Colored Map","DeckTracker","Highlight Path","Minty Spire (QoL Compilation)","Relic Stats","SuperFastMode"],"gold_per_floor":[111,111,129,148,164,189,189,189,189,221,232,247,273,285,285,285,285],"floor_reached":16,"language":"JPN","playtime":693,"items_purged":[],"score":248,"play_id":"6527d95d-1e1f-430a-b24d-bd68b9acde02","local_time":"20210226013243","is_ascension_mode":true,"campfire_choices":[{"data":"Armaments","floor":15,"key":"SMITH"}],"circlet_count":0,"master_deck":["AscendersBane","Strike_R","Strike_R","Strike_R","Strike_R","Strike_R","Defend_R","Defend_R","Defend_R","Defend_R","Bash+1","Thunderclap","Flex","Combust","Wild Strike","Battle Trance","Armaments+1","Twin Strike","Shockwave","Demon Form","Burning Pact"],"relics":["Burning Blood","FossilizedHelix","Regal Pillow","The Courier","Red Skull","Blue Candle","Art of War"],"acts_visited":["Exordium"],"potions_floor_usage":[6,10,13,16,16],"damage_taken":[{"damage":3,"enemies":"2 Louse","floor":1,"turns":4},{"damage":6,"enemies":"Cultist","floor":3,"turns":4},{"damage":2,"enemies":"Small Slimes","floor":4,"turns":4},{"damage":0,"enemies":"Blue Slaver","floor":5,"turns":3},{"damage":24,"enemies":"Gremlin Nob","floor":6,"turns":4},{"damage":8,"enemies":"3 Sentries","floor":10,"turns":6},{"damage":9,"enemies":"Red Slaver","floor":11,"turns":3},{"damage":7,"enemies":"3 Louse","floor":12,"turns":3},{"damage":31,"enemies":"Lagavulin","floor":13,"turns":6},{"damage":0,"enemies":"Exordium Wildlife","floor":14,"turns":3},{"damage":53,"enemies":"Slime Boss","floor":16,"turns":9}],"seed_played":"-5377230605263920701","potions_obtained":[{"floor":3,"key":"SpeedPotion"},{"floor":4,"key":"Energy Potion"},{"floor":6,"key":"AttackPotion"},{"floor":13,"key":"BloodPotion"},{"floor":14,"key":"HeartOfIron"}],"is_trial":false,"path_per_floor":["M","?","M","M","M","E","?","?","T","E","M","M","E","M","R","B"],"character_chosen":"IRONCLAD","items_purchased":[],"campfire_rested":0,"item_purchase_floors":[],"current_hp_per_floor":[68,68,68,68,68,50,50,50,50,48,45,44,32,38,38,0,0],"gold":285,"neow_bonus":"ONE_RARE_RELIC","is_daily":false,"chose_seed":false,"campfire_upgraded":1,"win_rate":0.0,"timestamp":1614270763,"path_taken":["M","?","M","M","?","E","?","?","T","E","M","M","E","M","R","BOSS"],"items_purchased_type":[],"build_version":"2020-12-22","purchased_purges":0,"victory":false,"max_hp_per_floor":[68,68,68,68,68,68,68,68,68,68,68,68,68,68,68,68,68],"relic_stats":{"Regal Pillow":0,"counters":[11,49],"Blue Candle":[0],"Art of War":[2],"obtain_stats":[{"Regal Pillow":6,"Blue Candle":10,"The Courier":7,"Art of War":13,"Burning Blood":0,"FossilizedHelix":0,"Red Skull":9},{"Regal Pillow":5,"Blue Candle":6,"The Courier":5,"Art of War":9,"Burning Blood":0,"FossilizedHelix":0,"Red Skull":5},{"Regal Pillow":19,"Blue Candle":25,"The Courier":19,"Art of War":37,"Burning Blood":0,"FossilizedHelix":0,"Red Skull":19}],"Burning Blood":47},"card_choices":[{"not_picked":["Warcry","Infernal Blade"],"picked":"Thunderclap","floor":1},{"not_picked":["Warcry","Heavy Blade"],"picked":"Flex","floor":3},{"not_picked":["Reckless Charge","Flex"],"picked":"Combust","floor":4},{"not_picked":["Dual Wield","Rampage"],"picked":"Wild Strike","floor":5},{"not_picked":["Infernal Blade","Juggernaut"],"picked":"Battle Trance","floor":6},{"not_picked":["Entrench","Thunderclap"],"picked":"Armaments","floor":10},{"not_picked":["Iron Wave","Intimidate"],"picked":"Twin Strike","floor":11},{"not_picked":["Shrug It Off","Heavy Blade"],"picked":"Shockwave","floor":12},{"not_picked":["Rage","Clash"],"picked":"Demon Form","floor":13},{"not_picked":["Iron Wave","Sever Soul"],"picked":"Burning Pact","floor":14}],"player_experience":868551,"relics_obtained":[{"floor":6,"key":"Regal Pillow"},{"floor":9,"key":"Red Skull"},{"floor":10,"key":"Blue Candle"},{"floor":13,"key":"Art of War"}],"event_choices":[{"damage_healed":0,"gold_gain":0,"player_choice":"Upgraded","damage_taken":0,"max_hp_gain":0,"max_hp_loss":0,"event_name":"Upgrade Shrine","floor":2,"gold_loss":0,"cards_upgraded":["Bash"]},{"damage_healed":0,"gold_gain":0,"player_choice":"Box","damage_taken":0,"relics_obtained":["The Courier"],"max_hp_gain":0,"max_hp_loss":0,"event_name":"Big Fish","floor":7,"gold_loss":0,"cards_obtained":["Regret"]},{"cards_removed":["Regret"],"damage_healed":0,"gold_gain":0,"player_choice":"Card Removal","damage_taken":0,"max_hp_gain":0,"max_hp_loss":0,"event_name":"Wheel of Change","floor":8,"gold_loss":0}],"is_beta":false,"boss_relics":[],"items_purged_floors":[],"is_endless":false,"potions_floor_spawned":[3,4,6,13,14],"killed_by":"Slime Boss","ascension_level":20}}