{"host":"rtw1tnr74gozsrw1","time":1614221862,"event":{"mods":["BaseMod","Colored Map","Colored Powertips","Highlight Path","Infinite Spire","Minty Spire (QoL Compilation)","StSLib","The Jungle"],"gold_per_floor":[115,40,40,40,51,51,80,106,145,157,195,207,247,95,95,199,199,213,231,131,147,147,147,147,158,158,172,172,191,191,191,191,290,290,308,308,308,319,369,369,402,422,422,422,297,308,327,341,341,341],"floor_reached":51,"language":"ENG","playtime":2407,"items_purged":["Strike_B","Strike_B","Defend_B","Clumsy","Defend_B"],"score":946,"play_id":"f96f40a6-d16e-4829-a9e9-5aad56f5047c","local_time":"20210225035742","is_ascension_mode":true,"campfire_choices":[{"data":"Conserve Battery","floor":6,"key":"SMITH"},{"floor":12,"key":"REST"},{"floor":15,"key":"REST"},{"data":"Rainbow","floor":23,"key":"SMITH"},{"data":"Defragment","floor":28,"key":"SMITH"},{"data":"Defragment","floor":30,"key":"SMITH"},{"floor":32,"key":"REST"},{"data":"Glacier","floor":40,"key":"SMITH"},{"data":"Conserve Battery","floor":44,"key":"SMITH"},{"data":"Zap","floor":49,"key":"SMITH"}],"circlet_count":0,"master_deck":["Defend_B","Defend_B","Zap+1","Dualcast","Conserve Battery+1","Defragment+1","Cold Snap","Glacier+1","Echo Form","Rainbow+1","Defragment+1","Conserve Battery+1","Conserve Battery+1","Conserve Battery+1","Compile Driver+1","Self Repair+1","Clumsy","Chill+1"],"relics":["Cracked Core","NeowsBlessing","MawBank","Juzu Bracelet","Anchor","Meat on the Bone","Cursed Key","Mercury Hourglass","Nuclear Battery","Unceasing Top","Bottled Tornado","Eternal Feather"],"acts_visited":["Exordium","TheCity","TheBeyond"],"potions_floor_usage":[11,16,18,33],"damage_taken":[{"damage":0,"enemies":"Cultist","floor":1,"turns":1},{"damage":0,"enemies":"Small Slimes","floor":5,"turns":1},{"damage":0,"enemies":"Lagavulin","floor":7,"turns":1},{"damage":2,"enemies":"Jaw Worm","floor":8,"turns":3},{"damage":36,"enemies":"Gremlin Nob","floor":11,"turns":5},{"damage":19,"enemies":"3 Sentries","floor":13,"turns":12},{"damage":18,"enemies":"Slime Boss","floor":16,"turns":17},{"damage":0,"enemies":"2 Thieves","floor":18,"turns":4},{"damage":0,"enemies":"Chosen","floor":19,"turns":4},{"damage":0,"enemies":"Shelled Parasite and Fungi","floor":21,"turns":10},{"damage":16,"enemies":"Cultist and Chosen","floor":25,"turns":7},{"damage":22,"enemies":"3 Cultists","floor":27,"turns":6},{"damage":2,"enemies":"Shelled Parasite and Fungi","floor":29,"turns":6},{"damage":21,"enemies":"Collector","floor":33,"turns":15},{"damage":11,"enemies":"3 Darklings","floor":35,"turns":5},{"damage":4,"enemies":"Orb Walker","floor":38,"turns":5},{"damage":1,"enemies":"Mind Bloom Boss Battle","floor":39,"turns":8},{"damage":15,"enemies":"Giant Head","floor":41,"turns":14},{"damage":0,"enemies":"3 Darklings","floor":42,"turns":9},{"damage":0,"enemies":"Jaw Worm Horde","floor":46,"turns":5},{"damage":0,"enemies":"4 Shapes","floor":47,"turns":6},{"damage":11,"enemies":"Transient","floor":48,"turns":5},{"damage":32,"enemies":"Awakened One","floor":50,"turns":18}],"seed_played":"-4553580846446310424","potions_obtained":[{"floor":7,"key":"Energy Potion"},{"floor":8,"key":"FearPotion"},{"floor":13,"key":"Ancient Potion"},{"floor":16,"key":"DistilledChaos"},{"floor":18,"key":"FearPotion"},{"floor":29,"key":"Explosive Potion"},{"floor":39,"key":"EssenceOfDarkness"}],"is_trial":false,"path_per_floor":["M","$","?","?","M","R","E","M","T","?","E","R","E","$","R","B",null,"M","M","$","M","AVR","R","?","M","T","M","R","M","R","?","R","B",null,"M","?","AVR","M","?","R","E","M","T","R","$","M","M","M","R","B",null],"character_chosen":"DEFECT","items_purchased":["Echo Form"],"campfire_rested":3,"item_purchase_floors":[14],"current_hp_per_floor":[68,68,61,61,61,61,61,59,59,59,23,45,26,26,48,42,67,67,67,67,67,67,67,67,51,51,41,41,39,39,25,49,40,70,59,59,59,55,54,54,51,51,51,60,60,70,80,79,80,58],"gold":341,"neow_bonus":"THREE_ENEMY_KILL","is_daily":false,"chose_seed":false,"campfire_upgraded":7,"win_rate":0.0,"timestamp":1614221862,"path_taken":["M","$","?","?","M","R","E","M","T","?","E","R","E","?","R","BOSS","M","M","$","M","AVR","R","?","M","T","M","R","M","R","?","R","BOSS","M","?","AVR","M","?","R","E","M","T","R","$","M","M","M","R","BOSS"],"items_purchased_type":["Card"],"build_version":"2020-12-22","purchased_purges":5,"victory":true,"max_hp_per_floor":[75,75,75,75,75,75,75,75,75,75,75,75,75,75,75,75,75,75,75,75,75,75,75,75,75,75,75,75,75,75,80,80,80,80,80,80,80,80,80,80,80,80,80,80,80,80,80,80,80,80],"card_choices":[{"not_picked":["Stack","Leap"],"picked":"Conserve Battery","floor":1},{"not_picked":["Turbo","Barrage","Go for the Eyes"],"picked":"SKIP","floor":5},{"not_picked":["Cold Snap","Stack"],"picked":"Defragment","floor":7},{"not_picked":["Storm","Rebound","Stack"],"picked":"SKIP","floor":8},{"not_picked":["Compile Driver","Gash"],"picked":"Cold Snap","floor":11},{"not_picked":["Coolheaded","Static Discharge"],"picked":"Glacier","floor":13},{"not_picked":["Fission","Buffer"],"picked":"Rainbow","floor":16},{"not_picked":["Rebound","Redo+1","Fusion"],"picked":"SKIP","floor":18},{"not_picked":["Compile Driver","Sweeping Beam+1","Redo"],"picked":"SKIP","floor":19},{"not_picked":["Hologram","Cold Snap","FTL"],"picked":"SKIP","floor":21},{"not_picked":["Cold Snap","Leap","Compile Driver"],"picked":"SKIP","floor":25},{"not_picked":["Lockon","Go for the Eyes"],"picked":"Conserve Battery","floor":27},{"not_picked":["Force Field","Beam Cell+1"],"picked":"Conserve Battery+1","floor":29},{"not_picked":["Ball Lightning+1","Gash+1","Reinforced Body+1"],"picked":"SKIP","floor":35},{"not_picked":["Leap","Hologram+1"],"picked":"Conserve Battery+1","floor":38},{"not_picked":["Turbo+1","Cold Snap+1"],"picked":"Compile Driver+1","floor":39},{"not_picked":["Compile Driver+1","Sunder+1","Undo+1"],"picked":"SKIP","floor":41},{"not_picked":["Buffer","Fusion+1"],"picked":"Self Repair+1","floor":42},{"not_picked":["Hello World+1","Darkness+1","Ball Lightning+1"],"picked":"SKIP","floor":46},{"not_picked":["Reprogram","Static Discharge"],"picked":"Chill+1","floor":47},{"not_picked":["Redo+1","Rip and Tear","Sweeping Beam+1"],"picked":"SKIP","floor":48}],"player_experience":170576,"relics_obtained":[{"floor":7,"key":"MawBank"},{"floor":9,"key":"Juzu Bracelet"},{"floor":11,"key":"Anchor"},{"floor":13,"key":"Meat on the Bone"},{"floor":26,"key":"Mercury Hourglass"},{"floor":39,"key":"Unceasing Top"},{"floor":41,"key":"Bottled Tornado"},{"floor":43,"key":"Eternal Feather"}],"event_choices":[{"cards_removed":["Strike_B"],"damage_healed":0,"gold_gain":0,"player_choice":"Card Removal","damage_taken":7,"max_hp_gain":0,"max_hp_loss":0,"event_name":"Golden Wing","floor":3,"gold_loss":0},{"damage_healed":0,"gold_gain":0,"player_choice":"Ignored","damage_taken":0,"max_hp_gain":0,"max_hp_loss":0,"event_name":"Liars Game","floor":4,"gold_loss":0},{"cards_removed":["Strike_B"],"damage_healed":0,"gold_gain":0,"player_choice":"Forget","damage_taken":0,"max_hp_gain":0,"max_hp_loss":0,"event_name":"Living Wall","floor":10,"gold_loss":0},{"damage_healed":0,"gold_gain":0,"player_choice":"Copied","damage_taken":0,"max_hp_gain":0,"max_hp_loss":0,"event_name":"Duplicator","floor":24,"gold_loss":0,"cards_obtained":["Defragment"]},{"damage_healed":0,"gold_gain":0,"player_choice":"Shed Blood","damage_taken":19,"max_hp_gain":5,"max_hp_loss":0,"event_name":"Forgotten Altar","floor":31,"gold_loss":0},{"damage_healed":0,"gold_gain":0,"player_choice":"Ignored","damage_taken":0,"max_hp_gain":0,"max_hp_loss":0,"event_name":"Tomb of Lord Red Mask","floor":36,"gold_loss":0},{"damage_healed":0,"gold_gain":0,"player_choice":"Fight","damage_taken":0,"max_hp_gain":0,"max_hp_loss":0,"event_name":"MindBloom","floor":39,"gold_loss":0}],"is_beta":false,"boss_relics":[{"not_picked":["Philosopher\u0027s Stone","Calling Bell"],"picked":"Cursed Key"},{"not_picked":["SlaversCollar","FrozenCore"],"picked":"Nuclear Battery"}],"items_purged_floors":[2,20,22,37,45],"is_endless":false,"potions_floor_spawned":[7,8,13,16,18,29,39,41,42,47],"ascension_level":6}}