{"host":"lg2j834m1ujxvni0","time":1614213331,"event":{"mods":["AchievementEnabler","BaseMod","Beaked The Cultist","Better Vampires","BetterRewards","Colored Map","Colored Powertips","Conspire","Downfall","Gremlin Mod","Hermit","Highlight Path","Hubris","Infinite Spire","Mimic Mod","Minty Spire (QoL Compilation)","Quick Restart","Replay The Spire","Shade Mod","Shop Mod","StSLib","The Bladedancer","The Bug Knight","The Construct","The Cursed","The Death Knight","The Disciple","The Elementalist","The Forsaken","The Hayseed","The IronCluck","The Judge","The Jungle","The Runesmith","The Servant 0.9.4","The Witch"],"gold_per_floor":[99,116,566,119,119,119,119,135,158,158,177,177,212,224,224,257,273,377,377,377,390,400,412,429,459,459,471,471,471],"floor_reached":28,"language":"ENG","playtime":3538,"items_purged":["downfall:Icky"],"score":274,"play_id":"26f98bee-380f-40ab-8de0-43e43412effe","local_time":"20210224193531","is_ascension_mode":false,"campfire_choices":[{"data":"Gremlin:TagTeam","floor":1,"key":"SMITH"},{"data":"Gremlin:ShadowShiv","floor":10,"key":"SMITH"},{"floor":15,"key":"RECALL"}],"circlet_count":0,"master_deck":["Gremlin:Strike","Gremlin:Strike","Gremlin:Strike","Gremlin:Defend","Gremlin:TagTeam+1","downfall:Icky","Gremlin:Pretaliation","Gremlin:GlitterGuard","Gremlin:FairyDust","Gremlin:Jeer","Gremlin:DaggerDance","Doubt","Gremlin:ShadowShiv+1","Gremlin:Tricksy","Gremlin:Scatter","Gremlin:Necromancy","Gremlin:Pretaliation","Gremlin:RageBreak","hubris:DuctTapeCard","Gremlin:Astound","Gremlin:GremlinOffensive","Gremlin:Erupt","Gremlin:FollowThrough","Gremlin:Changeo","Gremlin:FollowThrough","Gremlin:Patsy","Gremlin:BurlyBlow","Gremlin:BrokenShin"],"relics":["SlaversCollar","Runesmith:AutoHammer","theForsaken:Gavel","Spirit Poop","Replay:PocketPolymizer","hubris:DuctTape","Replay:Bronze Core","Happy Flower"],"acts_visited":["Exordium","TheCity"],"potions_floor_usage":[14,18,18,25,25],"damage_taken":[{"damage":5,"enemies":"2 Louse","floor":2,"turns":2},{"damage":0,"enemies":"downfall:FleeingMerchant","floor":4,"turns":4},{"damage":1,"enemies":"Jaw Worm","floor":8,"turns":3},{"damage":0,"enemies":"Cultist","floor":11,"turns":2},{"damage":7,"enemies":"Lagavulin","floor":13,"turns":5},{"damage":0,"enemies":"2 Fungi Beasts","floor":14,"turns":3},{"damage":0,"enemies":"Gremlin Nob","floor":16,"turns":2},{"damage":14,"enemies":"Gremlin Gang","floor":17,"turns":5},{"damage":41,"enemies":"DF_ARCHETYPE_STREAMLINE","floor":18,"turns":8},{"damage":13,"enemies":"3 Byrds","floor":21,"turns":5},{"damage":26,"enemies":"Spheric Guardian","floor":22,"turns":4},{"damage":33,"enemies":"Cultist and Chosen","floor":23,"turns":6},{"damage":19,"enemies":"Centurion and Healer","floor":24,"turns":5},{"damage":9,"enemies":"Nightmare","floor":25,"turns":9},{"damage":18,"enemies":"Snake Plant","floor":27,"turns":5},{"damage":3,"enemies":"3 Cultists","floor":28,"turns":2}],"seed_played":"6630995593282630816","potions_obtained":[{"floor":13,"key":"PowerPotion"},{"floor":14,"key":"hexamod:SoulburnPotion"},{"floor":16,"key":"BlessingOfTheForge"},{"floor":17,"key":"Elixir"},{"floor":21,"key":"SpeedPotion"},{"floor":23,"key":"Explosive Potion"},{"floor":24,"key":"BlessingOfTheForge"},{"floor":27,"key":"ColorlessPotion"}],"is_trial":false,"path_per_floor":["R","M","?","$","?","PTL","PTL","M","T","R","M","?","E","M","R","E","M","B",null,"R_BF","M","M","M","M","NM","T","M","M"],"character_chosen":"GREMLIN","items_purchased":["Gremlin:GlitterGuard","Gremlin:FairyDust","Runesmith:AutoHammer"],"campfire_rested":0,"item_purchase_floors":[4,4,4],"current_hp_per_floor":[20,20,20,20,20,20,20,20,20,20,20,20,20,20,20,20,8,3,20,19,6,3,19,15,13,13,3,0,0],"gold":471,"neow_bonus":"BOSS_RELIC","is_daily":false,"chose_seed":false,"campfire_upgraded":2,"win_rate":0.0,"timestamp":1614213331,"path_taken":["R","M","?","$","?","PTL","PTL","M","T","R","?","?","E","?","R","E","M","BOSS","R_BF","M","M","M","M","NM","T","M","M"],"items_purchased_type":["Card","Card","Relic"],"build_version":"2020-12-22","purchased_purges":1,"victory":false,"max_hp_per_floor":[20,20,20,20,20,20,20,20,20,20,20,20,20,20,20,20,20,20,20,19,19,19,19,19,19,19,19,19,19],"card_choices":[{"not_picked":["Gremlin:Jeer","Gremlin:ToeStub"],"picked":"Gremlin:Glimmer","floor":2},{"not_picked":["Gremlin:Revel","Gremlin:CatScratch"],"picked":"Gremlin:Pretaliation","floor":4},{"not_picked":["Gremlin:BulkUp","Gremlin:PourSalt"],"picked":"Gremlin:Tricksy","floor":8},{"not_picked":["Gremlin:Changeo","Gremlin:PourSalt"],"picked":"Gremlin:Scatter","floor":11},{"not_picked":["Gremlin:Changeo","Gremlin:TwistTheKnife"],"picked":"Gremlin:Necromancy","floor":13},{"not_picked":["Gremlin:BurlyBlow","Gremlin:Jeer"],"picked":"Gremlin:Pretaliation","floor":14},{"not_picked":["Gremlin:Enthusiasm","Gremlin:Dazzle"],"picked":"Gremlin:Astound","floor":16},{"not_picked":["Gremlin:Flurry","Gremlin:CatScratch"],"picked":"Gremlin:GremlinOffensive","floor":17},{"not_picked":["Gremlin:Encore","Gremlin:Exacerbate"],"picked":"Gremlin:Erupt","floor":18},{"not_picked":["Gremlin:ProperTools","Gremlin:GlitterGuard+1"],"picked":"Gremlin:FollowThrough","floor":21},{"not_picked":["Gremlin:Irritability","Gremlin:Tricksy"],"picked":"Gremlin:Changeo","floor":22},{"not_picked":["Gremlin:BurlyBlow","Gremlin:Rhythm"],"picked":"Gremlin:FollowThrough","floor":23},{"not_picked":["Gremlin:Raid+1","Gremlin:Tadah"],"picked":"Gremlin:Patsy","floor":24},{"not_picked":["Gremlin:Whiz","Gremlin:Irritability"],"picked":"Gremlin:BurlyBlow","floor":25},{"not_picked":["Gremlin:DaggerDance","Gremlin:CounterStrike"],"picked":"Gremlin:BrokenShin","floor":27}],"player_experience":283955,"relics_obtained":[{"floor":9,"key":"theForsaken:Gavel"},{"floor":13,"key":"Replay:PocketPolymizer"},{"floor":16,"key":"hubris:DuctTape"},{"floor":25,"key":"Happy Flower"}],"event_choices":[{"cards_removed":["downfall:Icky"],"damage_healed":0,"gold_gain":0,"player_choice":"Offered Curse","damage_taken":0,"relics_obtained":["Spirit Poop"],"max_hp_gain":0,"max_hp_loss":0,"event_name":"Bonfire Elementals","floor":12,"gold_loss":0}],"is_beta":false,"boss_relics":[{"not_picked":["hubris:RunicObelisk","hubris:CrackedHourglass"],"picked":"Replay:Bronze Core"}],"items_purged_floors":[4],"is_endless":true,"potions_floor_spawned":[13,14,16,17,21,23,24,27],"killed_by":"3 Cultists","ascension_level":0}}