{"host":"zksvs3x2ysy9npnz","time":1614292480,"event":{"mods":["Aspiration","BaseMod","Beaked The Cultist","BetterRewards","Clockwork Mod","Colored Map","Conspire","Downfall","Halation","Highlight Path","Hubris","Infinite Spire","Jedi Mod","Magitek Elite","Minty Spire (QoL Compilation)","Permanent Neow","Quick Restart","Relic Stats","Shop Mod","StSLib","The Runesmith","The Witch"],"gold_per_floor":[112,122,24,43,55,84,84,84,107,107,132,132,162,162,162,237,237,253,253,253,264,284,284,312,312,337,362,380,393,393,417,417,495,495,506,521,539,564,29,29,75,75,148,171,51,63,95,122,122,122],"floor_reached":51,"language":"FRA","playtime":4128,"items_purged":["Strike_Witch","Strike_Witch","Strike_Witch"],"score":1374,"play_id":"05106421-d962-42d7-9c7e-0ec892c621a5","local_time":"20210225233440","is_ascension_mode":true,"campfire_choices":[{"floor":7.0,"key":"REST"},{"floor":10.0,"key":"REST"},{"data":"SummonBatFamiliar","floor":12.0,"key":"SMITH"},{"data":"Schadenfreude","floor":15.0,"key":"SMITH"},{"data":"Jack Of All Trades","floor":23,"key":"SMITH"},{"data":"Hexguard","floor":25,"key":"SMITH"},{"floor":32,"key":"REST"},{"floor":40,"key":"REST"},{"floor":42,"key":"REST"},{"floor":49,"key":"REST"}],"circlet_count":0,"master_deck":["AscendersBane","Strike_Witch","Defend_Witch","Defend_Witch","Defend_Witch","Defend_Witch","Hexguard+1","ZombieSpit","Jack Of All Trades+1","MementoMori","SummonBatFamiliar+1","jedi:forcepush","CrystalResonance","WickedThoughts","Injury","Schadenfreude+1","Foresight+1","DoomBlade","infinitespire:Collect+1","infinitespire:Fortify+1","infinitespire:TheBestDefense+1","BleedOut","PlagueSpreader+1","MagicFang","GhoulTouch","DeliriumForm","PlagueSpreader+1","CrystalResonance+1","infinitespire:Collect+1","hubris:Fate+1","SoulBarrier+1","CrystalResonance+1","Finesse+1","Cure","Bewitch+1","DoomBlade","Foresight+1"],"relics":["BlackCat","Mythril_Glove","Toxic Egg 2","aspiration:ChemicalBlood","halation:Pancakes","hexamod:BolsterEngine","Sozu","Omamori","Pocketwatch","Pen Nib","The Courier","aspiration:RitualStick","Black Star","CeramicFish","Fusion Hammer","halation:Thesaurus","Nunchaku","halation:LettersToHer","Runesmith:AutoHammer","ToyHorse","infinitespire:Eraser","Question Card","jedi:windupbox","hubris:DisguiseKit","jedi:HeartOfTheCards"],"acts_visited":["Exordium","TheCity","TheBeyond"],"potions_floor_usage":[19],"damage_taken":[{"damage":4.0,"enemies":"Cultist","floor":1.0,"turns":5.0},{"damage":8.0,"enemies":"2 Louse","floor":2.0,"turns":3.0},{"damage":0.0,"enemies":"Small Slimes","floor":4.0,"turns":5.0},{"damage":6.0,"enemies":"2 Fungi Beasts","floor":5.0,"turns":6.0},{"damage":25.0,"enemies":"3 Sentries","floor":6.0,"turns":14.0},{"damage":39.0,"enemies":"Gremlin Nob","floor":11.0,"turns":6.0},{"damage":12.0,"enemies":"Lagavulin","floor":13.0,"turns":23.0},{"damage":24.0,"enemies":"The Guardian","floor":16.0,"turns":23.0},{"damage":10.0,"enemies":"Chosen","floor":18.0,"turns":8.0},{"damage":0,"enemies":"Spheric Guardian","floor":19,"turns":1},{"damage":0,"enemies":"Centurion and Healer","floor":21,"turns":4},{"damage":1,"enemies":"Snecko","floor":22,"turns":5},{"damage":1,"enemies":"Book of Stabbing","floor":24,"turns":7},{"damage":20,"enemies":"Gremlin Leader","floor":27,"turns":3},{"damage":3,"enemies":"Snake Plant","floor":28,"turns":5},{"damage":0,"enemies":"Centurion and Healer","floor":29,"turns":5},{"damage":4,"enemies":"Collector","floor":33,"turns":8},{"damage":0,"enemies":"3 Shapes","floor":35,"turns":4},{"damage":23,"enemies":"3 Darklings","floor":36,"turns":5},{"damage":0,"enemies":"Maw","floor":38,"turns":5},{"damage":17,"enemies":"Nightmare","floor":41,"turns":7},{"damage":0,"enemies":"Writhing Mass","floor":44,"turns":5},{"damage":8,"enemies":"3 Darklings","floor":46,"turns":3},{"damage":26,"enemies":"Reptomancer","floor":47,"turns":5},{"damage":1,"enemies":"Transient","floor":48,"turns":5},{"damage":16,"enemies":"conspire:OrnateMirror","floor":50,"turns":7}],"seed_played":"2793871616506229202","potions_obtained":[{"floor":2.0,"key":"Fire Potion"},{"floor":6.0,"key":"Guardian:BlockOnCardUsePotion"},{"floor":16.0,"key":"SmokeBomb"}],"is_trial":false,"path_per_floor":["M","M","$","M","M","E","R","?","T","R","E","R","E","?","R","B",null,"M","M","AVR","M","M","R","E","R","T","E","M","M","?","T","R","B",null,"M","M","AVR","M","$","R","NM","R","T","M","$","M","E","M","R","B",null],"character_chosen":"WITCH","items_purchased":["jedi:forcepush","CrystalResonance+1","Finesse+1","halation:Thesaurus","halation:LettersToHer","Runesmith:AutoHammer","jedi:windupbox"],"campfire_rested":6,"item_purchase_floors":[3,39,39,39,39,39,45],"current_hp_per_floor":[53,45,45,45,39,14,32,32,32,50,50,50,38,56,56,32,55,45,45,45,45,44,44,43,43,43,23,20,20,4,4,22,18,52,52,29,29,44,44,62,45,63,63,63,63,55,37,60,63,59],"gold":122,"neow_bonus":"RANDOM_COLORLESS","is_daily":false,"chose_seed":false,"campfire_upgraded":4,"win_rate":0.0,"timestamp":1614292480,"path_taken":["M","M","$","?","?","E","R","?","T","R","E","R","E","?","R","BOSS","M","M","AVR","M","M","R","E","R","T","E","M","M","?","?","R","BOSS","M","?","AVR","M","$","R","NM","R","T","M","?","M","E","M","R","BOSS"],"items_purchased_type":["Card","Card","Card","Relic","Relic","Relic","Relic"],"build_version":"2020-12-22","purchased_purges":3,"victory":true,"max_hp_per_floor":[63,63,63,63,63,63,63,63,63,63,63,63,63,63,63,63,63,63,63,63,63,63,63,63,63,63,63,63,63,63,63,63,63,63,63,63,63,63,63,63,63,63,63,63,63,63,63,63,63,63],"relic_stats":{"Sozu":7,"Nunchaku":[5],"counters":[26,177],"CeramicFish":81,"Pen Nib":[13],"Black Star":2,"Question Card":5,"obtain_stats":[{"CeramicFish":37,"aspiration:TomeofQuesting":31,"Mythril_Glove":6,"aspiration:RitualStick":30,"halation:Pancakes":11,"Sozu":17,"Nunchaku":39,"Fusion Hammer":37,"Toxic Egg 2":8,"infinitespire:Eraser":41,"halation:LettersToHer":39,"aspiration:ChemicalBlood":9,"hubris:DisguiseKit":47,"ToyHorse":41,"Pen Nib":26,"The Courier":27,"Omamori":20,"halation:Thesaurus":39,"Question Card":43,"jedi:HeartOfTheCards":47,"BlackCat":0,"jedi:windupbox":45,"Black Star":34,"Runesmith:AutoHammer":39,"hexamod:BolsterEngine":13,"Pocketwatch":24},{"CeramicFish":19,"aspiration:TomeofQuesting":16,"Mythril_Glove":5,"aspiration:RitualStick":16,"halation:Pancakes":6,"Sozu":8,"Nunchaku":20,"Fusion Hammer":19,"Toxic Egg 2":5,"infinitespire:Eraser":21,"halation:LettersToHer":20,"aspiration:ChemicalBlood":5,"hubris:DisguiseKit":24,"ToyHorse":21,"Pen Nib":13,"The Courier":14,"Omamori":10,"halation:Thesaurus":20,"Question Card":21,"jedi:HeartOfTheCards":24,"BlackCat":0,"jedi:windupbox":22,"Black Star":17,"Runesmith:AutoHammer":20,"hexamod:BolsterEngine":7,"Pocketwatch":13},{"CeramicFish":140,"aspiration:TomeofQuesting":123,"Mythril_Glove":33,"aspiration:RitualStick":123,"halation:Pancakes":39,"Sozu":85,"Nunchaku":145,"Fusion Hammer":140,"Toxic Egg 2":33,"infinitespire:Eraser":152,"halation:LettersToHer":145,"aspiration:ChemicalBlood":33,"hubris:DisguiseKit":165,"ToyHorse":152,"Pen Nib":110,"The Courier":113,"Omamori":94,"halation:Thesaurus":145,"Question Card":152,"jedi:HeartOfTheCards":165,"BlackCat":0,"jedi:windupbox":157,"Black Star":131,"Runesmith:AutoHammer":145,"hexamod:BolsterEngine":62,"Pocketwatch":110}],"aspiration:RitualStick":[0],"Pocketwatch":[12]},"card_choices":[{"not_picked":["Dramatic Entrance","Purity"],"picked":"Jack Of All Trades","floor":0.0},{"not_picked":["RiteOfWinter","BlackShield"],"picked":"MementoMori","floor":1.0},{"not_picked":["MementoMori","GnarledBody"],"picked":"SummonBatFamiliar","floor":2.0},{"not_picked":["SummonOwlFamiliar","WickedThoughts"],"picked":"CrystalResonance","floor":4.0},{"not_picked":["Broomstick","Atonement"],"picked":"WickedThoughts","floor":5.0},{"not_picked":["Thundercloud","SummonToadFamiliar","Decrepify"],"picked":"SKIP","floor":6.0},{"not_picked":["BlackBolt","GrimVengeance"],"picked":"Schadenfreude","floor":11.0},{"not_picked":["PainBolt","TwistedMind"],"picked":"Foresight+1","floor":13.0},{"not_picked":["Twitch+1","ChosenOfTheMoon"],"picked":"DoomBlade","floor":16.0},{"not_picked":["MercuryWand","GnarledBody+1","PainBolt"],"picked":"SKIP","floor":18.0},{"not_picked":["BlackShield+1","Thundercloud"],"picked":"BleedOut","floor":21},{"not_picked":["Thundercloud","IllOmen+1","MortusClaw+1"],"picked":"SKIP","floor":22},{"not_picked":["Atonement+1","MagicFang"],"picked":"PlagueSpreader+1","floor":24},{"not_picked":["BloodSabbath","MementoMori"],"picked":"MagicFang","floor":27},{"not_picked":["Thundercloud","MagicFang+1"],"picked":"GhoulTouch","floor":28},{"not_picked":["Thundercloud","MagicFang","Decrepify+1"],"picked":"SKIP","floor":29},{"not_picked":["RustWall+1","StrangeBrew+1"],"picked":"DeliriumForm","floor":33},{"not_picked":["BleedOut","MementoMori"],"picked":"PlagueSpreader+1","floor":35},{"not_picked":["GhoulTouch","Foresight+1"],"picked":"CrystalResonance+1","floor":36},{"not_picked":["Thundercloud","LivingBomb"],"picked":"SoulBarrier+1","floor":38},{"not_picked":["PlagueSpreader+1","SummonRatFamiliar"],"picked":"Bewitch+1","floor":41},{"not_picked":["Bewitch+1","PlagueSpreader+1","SkullFlask"],"picked":"DoomBlade","floor":44},{"not_picked":["WickedThoughts+1","Thundercloud+1","Broomstick+1","BlackShield+1"],"picked":"SKIP","floor":46},{"not_picked":["DireShriek","Bewitch+1","Puncture","RoilingBarrier+1"],"picked":"SKIP","floor":47},{"not_picked":["BleedOut+1","RoilingBarrier+1","Bewitch+1","Deadly Poison"],"picked":"Foresight+1","floor":48}],"player_experience":1961788,"relics_obtained":[{"floor":6.0,"key":"Mythril_Glove"},{"floor":9.0,"key":"aspiration:ChemicalBlood"},{"floor":11.0,"key":"halation:Pancakes"},{"floor":13.0,"key":"hexamod:BolsterEngine"},{"floor":24,"key":"Pocketwatch"},{"floor":26,"key":"Pen Nib"},{"floor":27,"key":"The Courier"},{"floor":31,"key":"aspiration:TomeofQuesting"},{"floor":41,"key":"ToyHorse"},{"floor":41,"key":"infinitespire:Eraser"},{"floor":43,"key":"halation:LettersToHer"},{"floor":43,"key":"Question Card"},{"floor":47,"key":"hubris:DisguiseKit"},{"floor":47,"key":"jedi:HeartOfTheCards"}],"event_choices":[],"is_beta":false,"boss_relics":[{"not_picked":["aspiration:MobileForge","hubris:RunicObelisk"],"picked":"Sozu"},{"not_picked":["Velvet Choker","Coffee Dripper"],"picked":"Black Star"}],"items_purged_floors":[20,37,39],"is_endless":false,"potions_floor_spawned":[2,6,16,18,21,29,35,41,46,47],"ascension_level":15}}