{"host":"kh6fvhxn285ncg0o","time":1614295607,"event":{"mods":["Act Like it!","BaseMod","Colored Map","Friendly Minions","Keyboard Shortcuts","Minty Spire (QoL Compilation)","Quick Restart","Relic Stats","StSLib","SuperFastMode","UnlockEverythingMod"],"gold_per_floor":[110,129,129,129,150,188,188,188,188,207,245,261,295,295,295,393,393,409,463,463,483,504,543,543,582,582,625,625,625,625,649,649,739,739,763,784,394,409,424,459,478,521,573,587,600,644,644,683,683,683,683,683,683,98,129,129],"floor_reached":57,"language":"KOR","playtime":1965,"items_purged":["Strike_R","Strike_R"],"score":3304,"play_id":"2ebca058-3109-44e3-9759-c0c7cabb9117","local_time":"20210226082647","is_ascension_mode":true,"campfire_choices":[{"data":"Fiend Fire","floor":7,"key":"SMITH"},{"data":"Feel No Pain","floor":15,"key":"SMITH"},{"data":"Body Slam","floor":24,"key":"SMITH"},{"data":"Rage","floor":29,"key":"SMITH"},{"data":"Immolate","floor":32,"key":"SMITH"},{"data":"Dark Embrace","floor":47,"key":"SMITH"},{"floor":49,"key":"RECALL"},{"data":"Shrug It Off","floor":53,"key":"SMITH"}],"circlet_count":0,"master_deck":["AscendersBane","Strike_R+1","Defend_R","Defend_R","Defend_R","Defend_R","Bash+1","Disarm","Carnage","Ghostly Armor","Fire Breathing","Feel No Pain+1","Dark Embrace+1","Fiend Fire+1","Burning Pact","Body Slam+1","Shrug It Off+1","Pain","Immolate+1","True Grit+1","Rage+1","Second Wind+1","Feed","Normality","Battle Trance","Dual Wield+1","Entrench+1","Power Through+1","Evolve","Impervious"],"relics":["Burning Blood","Prayer Wheel","Golden Idol","Orichalcum","Mercury Hourglass","Vajra","Red Skull","WarpedTongs","Runic Pyramid","Lantern","Juzu Bracelet","Ancient Tea Set","Pen Nib","White Beast Statue","Coffee Dripper","Bag of Preparation","Toolbox","Kunai","CeramicFish","Art of War","Unceasing Top","HornCleat","Magic Flower"],"acts_visited":["Exordium","TheCity","TheBeyond","TheEnding"],"potions_floor_usage":[11,23,33,35,39,40,45,56],"damage_taken":[{"damage":5,"enemies":"2 Louse","floor":1,"turns":3},{"damage":12,"enemies":"Small Slimes","floor":2,"turns":4},{"damage":5,"enemies":"Jaw Worm","floor":5,"turns":4},{"damage":18,"enemies":"3 Sentries","floor":6,"turns":5},{"damage":2,"enemies":"Large Slime","floor":10,"turns":4},{"damage":0,"enemies":"Lagavulin","floor":11,"turns":4},{"damage":2,"enemies":"Red Slaver","floor":12,"turns":2},{"damage":4,"enemies":"Gremlin Nob","floor":13,"turns":3},{"damage":26,"enemies":"Hexaghost","floor":16,"turns":9},{"damage":4,"enemies":"Spheric Guardian","floor":18,"turns":3},{"damage":0,"enemies":"Chosen","floor":21,"turns":2},{"damage":22,"enemies":"Shelled Parasite and Fungi","floor":22,"turns":3},{"damage":26,"enemies":"Slavers","floor":23,"turns":6},{"damage":10,"enemies":"Book of Stabbing","floor":25,"turns":4},{"damage":22,"enemies":"Slavers","floor":27,"turns":5},{"damage":2,"enemies":"Centurion and Healer","floor":31,"turns":5},{"damage":14,"enemies":"Collector","floor":33,"turns":6},{"damage":36,"enemies":"3 Darklings","floor":35,"turns":4},{"damage":1,"enemies":"3 Shapes","floor":36,"turns":4},{"damage":2,"enemies":"Maw","floor":38,"turns":6},{"damage":1,"enemies":"4 Shapes","floor":39,"turns":5},{"damage":20,"enemies":"Nemesis","floor":40,"turns":7},{"damage":3,"enemies":"Spire Growth","floor":41,"turns":2},{"damage":10,"enemies":"Reptomancer","floor":42,"turns":4},{"damage":9,"enemies":"3 Darklings","floor":44,"turns":2},{"damage":14,"enemies":"Transient","floor":45,"turns":6},{"damage":20,"enemies":"Giant Head","floor":46,"turns":10},{"damage":1,"enemies":"Reptomancer","floor":48,"turns":2},{"damage":1,"enemies":"Awakened One","floor":50,"turns":7},{"damage":12,"enemies":"Time Eater","floor":51,"turns":5},{"damage":9,"enemies":"Shield and Spear","floor":55,"turns":5},{"damage":20,"enemies":"The Heart","floor":56,"turns":8}],"seed_played":"-7697613056968592568","potions_obtained":[{"floor":1,"key":"BlessingOfTheForge"},{"floor":6,"key":"Energy Potion"},{"floor":10,"key":"PowerPotion"},{"floor":12,"key":"Explosive Potion"},{"floor":21,"key":"Regen Potion"},{"floor":27,"key":"Swift Potion"},{"floor":31,"key":"Block Potion"},{"floor":33,"key":"SpeedPotion"},{"floor":35,"key":"Swift Potion"},{"floor":39,"key":"Weak Potion"},{"floor":40,"key":"SteroidPotion"},{"floor":41,"key":"EssenceOfSteel"},{"floor":42,"key":"Ancient Potion"},{"floor":45,"key":"BlessingOfTheForge"},{"floor":46,"key":"FairyPotion"},{"floor":48,"key":"ElixirPotion"}],"is_trial":false,"path_per_floor":["M","M","?","?","M","E","R","?","T","M","E","M","E","?","R","B",null,"M","T","?","M","M","E","R","E","T","E","?","R","?","M","R","B",null,"M","M","$","M","M","E","M","E","T","M","M","E","R","E","R","B","B",null,"R","$","E","B",null],"character_chosen":"IRONCLAD","items_purchased":["Bag of Preparation","Toolbox","HornCleat","Evolve","Impervious"],"campfire_rested":0,"item_purchase_floors":[37,37,54,54,54],"current_hp_per_floor":[68,62,55,55,56,44,44,25,25,29,35,39,41,41,41,21,52,54,54,54,60,44,39,39,35,35,19,19,19,19,27,27,19,54,28,36,36,44,58,44,50,50,50,50,42,32,32,40,40,48,42,90,90,90,87,76],"gold":129,"neow_bonus":"ONE_RARE_RELIC","is_daily":false,"chose_seed":false,"campfire_upgraded":7,"win_rate":0.0,"timestamp":1614295607,"path_taken":["M","M","?","?","M","E","R","?","T","?","E","M","E","?","R","BOSS","M","?","?","M","M","E","R","E","T","E","?","R","?","M","R","BOSS","M","M","$","M","M","E","M","E","T","M","M","E","R","E","R","BOSS","BOSS","R","$","E","BOSS"],"items_purchased_type":["Relic","Relic","Relic","Card","Card"],"build_version":"2020-12-22","purchased_purges":2,"victory":true,"max_hp_per_floor":[68,68,68,62,62,62,62,62,62,62,62,62,62,62,62,62,62,62,62,62,62,62,62,62,62,62,62,62,62,62,66,66,66,66,70,73,73,77,86,86,89,93,93,96,96,100,100,103,103,106,106,106,106,106,106,106],"relic_stats":{"counters":[32,148],"Golden Idol":233,"CeramicFish":18,"Magic Flower":[3],"Pen Nib":[13],"Juzu Bracelet":1,"Bag of Preparation":[26],"Orichalcum":[186],"Burning Blood":194,"Mercury Hourglass":[552],"WarpedTongs":[106],"Prayer Wheel":16,"Art of War":[7],"Kunai":[7],"obtain_stats":[{"Lantern":19,"Golden Idol":4,"CeramicFish":42,"Vajra":11,"Magic Flower":55,"Pen Nib":26,"Juzu Bracelet":23,"Bag of Preparation":37,"Orichalcum":6,"Ancient Tea Set":25,"Burning Blood":0,"White Beast Statue":27,"Mercury Hourglass":9,"WarpedTongs":14,"HornCleat":54,"Toolbox":37,"Prayer Wheel":0,"Coffee Dripper":34,"Art of War":46,"Kunai":40,"Red Skull":13,"Unceasing Top":48,"Runic Pyramid":17},{"Lantern":10,"Golden Idol":2,"CeramicFish":24,"Vajra":6,"Magic Flower":31,"Pen Nib":14,"Juzu Bracelet":13,"Bag of Preparation":19,"Orichalcum":4,"Ancient Tea Set":14,"Burning Blood":0,"White Beast Statue":15,"Mercury Hourglass":4,"WarpedTongs":8,"HornCleat":30,"Toolbox":19,"Prayer Wheel":0,"Coffee Dripper":17,"Art of War":27,"Kunai":22,"Red Skull":8,"Unceasing Top":28,"Runic Pyramid":9},{"Lantern":41,"Golden Idol":7,"CeramicFish":103,"Vajra":24,"Magic Flower":140,"Pen Nib":56,"Juzu Bracelet":52,"Bag of Preparation":79,"Orichalcum":16,"Ancient Tea Set":56,"Burning Blood":0,"White Beast Statue":61,"Mercury Hourglass":16,"WarpedTongs":29,"HornCleat":135,"Toolbox":79,"Prayer Wheel":0,"Coffee Dripper":72,"Art of War":121,"Kunai":97,"Red Skull":29,"Unceasing Top":123,"Runic Pyramid":38}],"Unceasing Top":[4]},"card_choices":[{"not_picked":["Perfected Strike","Headbutt"],"picked":"Disarm","floor":1},{"not_picked":["Pommel Strike","Anger"],"picked":"Carnage","floor":1},{"not_picked":["Dual Wield","Anger"],"picked":"Ghostly Armor","floor":2},{"not_picked":["Rage","Wild Strike"],"picked":"Fire Breathing","floor":2},{"not_picked":["Metallicize","Clash"],"picked":"Feel No Pain","floor":5},{"not_picked":["Clash","Havoc"],"picked":"Dark Embrace","floor":5},{"not_picked":["Pommel Strike","Wild Strike"],"picked":"Fiend Fire","floor":6},{"not_picked":["Seeing Red","Feel No Pain"],"picked":"Burning Pact","floor":10},{"not_picked":["Anger","Sentinel","Perfected Strike"],"picked":"SKIP","floor":10},{"not_picked":["Bludgeon","Burning Pact"],"picked":"Body Slam","floor":11},{"not_picked":["Heavy Blade","Inflame"],"picked":"Shrug It Off","floor":12},{"not_picked":["Entrench","Rupture","Twin Strike"],"picked":"SKIP","floor":12},{"not_picked":["Double Tap","Reaper","Wild Strike"],"picked":"SKIP","floor":13},{"not_picked":["Berserk","Demon Form"],"picked":"Immolate","floor":16},{"not_picked":["Havoc","Flex"],"picked":"True Grit+1","floor":18},{"not_picked":["Anger","Iron Wave","Shrug It Off"],"picked":"SKIP","floor":18},{"not_picked":["Feel No Pain","Perfected Strike","Combust"],"picked":"SKIP","floor":21},{"not_picked":["Body Slam","Heavy Blade","Thunderclap"],"picked":"SKIP","floor":21},{"not_picked":["Body Slam","True Grit","Thunderclap+1"],"picked":"SKIP","floor":22},{"not_picked":["Headbutt","Entrench","Clothesline"],"picked":"SKIP","floor":22},{"not_picked":["Thunderclap+1","Burning Pact+1","Cleave"],"picked":"SKIP","floor":23},{"not_picked":["Dark Embrace","Clash"],"picked":"Rage","floor":25},{"not_picked":["Wild Strike","Warcry"],"picked":"Second Wind+1","floor":27},{"not_picked":["Anger","Havoc","Iron Wave"],"picked":"SKIP","floor":31},{"not_picked":["Fiend Fire","Cleave","Twin Strike"],"picked":"SKIP","floor":31},{"not_picked":["Burning Pact","Havoc","Rupture"],"picked":"SKIP","floor":35},{"not_picked":["Clothesline","Armaments","Body Slam"],"picked":"SKIP","floor":35},{"not_picked":["Anger","Wild Strike+1"],"picked":"Battle Trance","floor":36},{"not_picked":["Spot Weakness","Dropkick","Body Slam"],"picked":"SKIP","floor":36},{"not_picked":["Second Wind","Pummel"],"picked":"Dual Wield+1","floor":38},{"not_picked":["Havoc","Searing Blow","Fire Breathing"],"picked":"SKIP","floor":38},{"not_picked":["Pummel","True Grit","Flame Barrier"],"picked":"SKIP","floor":39},{"not_picked":["Heavy Blade+1","Shockwave","Flex+1"],"picked":"SKIP","floor":39},{"not_picked":["Flex+1","Evolve"],"picked":"Entrench+1","floor":40},{"not_picked":["Armaments","Fire Breathing+1"],"picked":"Power Through+1","floor":41},{"not_picked":["Carnage","Exhume","Blood for Blood"],"picked":"SKIP","floor":41},{"not_picked":["Infernal Blade","Hemokinesis","Twin Strike+1"],"picked":"SKIP","floor":42},{"not_picked":["Shrug It Off","Power Through","Rampage"],"picked":"SKIP","floor":44},{"not_picked":["Hemokinesis","Anger","Heavy Blade+1"],"picked":"SKIP","floor":44},{"not_picked":["Rampage","Thunderclap+1","Infernal Blade"],"picked":"SKIP","floor":45},{"not_picked":["Dark Embrace","Thunderclap","Disarm+1"],"picked":"SKIP","floor":45},{"not_picked":["Pummel","Twin Strike+1","True Grit"],"picked":"SKIP","floor":46},{"not_picked":["Searing Blow","Feel No Pain+1","Rupture"],"picked":"SKIP","floor":48},{"not_picked":["True Grit","Body Slam","Juggernaut"],"picked":"SKIP","floor":55}],"player_experience":1539657,"relics_obtained":[{"floor":6,"key":"Orichalcum"},{"floor":9,"key":"Mercury Hourglass"},{"floor":11,"key":"Vajra"},{"floor":13,"key":"Red Skull"},{"floor":19,"key":"Lantern"},{"floor":23,"key":"Juzu Bracelet"},{"floor":25,"key":"Ancient Tea Set"},{"floor":26,"key":"Pen Nib"},{"floor":27,"key":"White Beast Statue"},{"floor":40,"key":"Kunai"},{"floor":42,"key":"CeramicFish"},{"floor":46,"key":"Art of War"},{"floor":48,"key":"Unceasing Top"},{"floor":55,"key":"Magic Flower"}],"event_choices":[{"cards_removed":["Strike_R"],"damage_healed":0,"gold_gain":0,"player_choice":"Card Removal","damage_taken":7,"max_hp_gain":0,"max_hp_loss":0,"event_name":"Golden Wing","floor":3,"gold_loss":0},{"damage_healed":0,"gold_gain":0,"player_choice":"Lose Max HP","damage_taken":0,"relics_obtained":["Golden Idol"],"max_hp_gain":0,"max_hp_loss":6,"event_name":"Golden Idol","floor":4,"gold_loss":0},{"damage_healed":0,"gold_gain":0,"player_choice":"Entered Light","damage_taken":19,"max_hp_gain":0,"max_hp_loss":0,"event_name":"Shining Light","floor":8,"gold_loss":0,"cards_upgraded":["Strike_R","Bash"]},{"damage_healed":0,"gold_gain":0,"player_choice":"Rummage","damage_taken":0,"relics_obtained":["WarpedTongs"],"max_hp_gain":0,"max_hp_loss":0,"event_name":"Accursed Blacksmith","floor":14,"gold_loss":0,"cards_obtained":["Pain"]},{"damage_healed":0,"gold_gain":0,"player_choice":"Ignored","damage_taken":0,"max_hp_gain":0,"max_hp_loss":0,"event_name":"N\u0027loth","floor":20,"gold_loss":0},{"cards_removed":["Strike_R"],"damage_healed":0,"gold_gain":0,"player_choice":"Elegance","damage_taken":0,"max_hp_gain":0,"max_hp_loss":0,"event_name":"Back to Basics","floor":28,"gold_loss":0},{"damage_healed":0,"gold_gain":0,"player_choice":"2 cards matched","damage_taken":0,"max_hp_gain":0,"max_hp_loss":0,"event_name":"Match and Keep!","floor":30,"gold_loss":0,"cards_obtained":["Feed","Normality"]}],"is_beta":false,"boss_relics":[{"not_picked":["Cursed Key","Ectoplasm"],"picked":"Runic Pyramid"},{"not_picked":["Sozu","Runic Cube"],"picked":"Coffee Dripper"}],"items_purged_floors":[37,54],"is_endless":false,"potions_floor_spawned":[1,6,10,12,21,22,27,31,33,35,36,38,39,40,41,42,44,45,46,48,55],"ascension_level":20}}