{"host":"43wsnxh97mgjl5zw","time":1614240545,"event":{"mods":["Aspiration","BaseMod","Colored Map","Colored Powertips","Conspire","Downfall","Halation","Hubris","Minty Spire (QoL Compilation)","Quick Restart","Rare Cards Sparkle","Relic Sorter","Reliquary","Replay The Spire","StSLib"],"gold_per_floor":[112,112,12,12,32,61,61,93,116,116,133,159,182,211,211,211,211],"floor_reached":16,"language":"ENG","playtime":433,"items_purged":[],"score":302,"play_id":"e78d0746-e9ac-45aa-b108-5bc5b0248076","local_time":"20210225100905","is_ascension_mode":true,"campfire_choices":[{"data":"Ghostly","floor":7.0,"key":"SMITH"},{"data":"Replay:Poison Smokescreen","floor":10.0,"key":"SMITH"},{"data":"Sneak Up","floor":15.0,"key":"SMITH"}],"circlet_count":0,"master_deck":["AscendersBane","Strike_G","Strike_G","Strike_G","Strike_G","Defend_G","Defend_G","Defend_G","Defend_G","Defend_G","Survivor","Neutralize","Replay:Poison Smokescreen+1","Atom Bomb+1","Ghostly+1","Footwork","Dagger Spray","Poisoned Stab","Toxin Wave","Burst","Sneak Up+1"],"relics":["Ring of the Snake","NeowsBlessing","halation:PinkSoulGem","halation:KoshaPiece","Ancient Tea Set","PreservedInsect","reliquary:PorcupineQuills","Akabeko","reliquary:Aerogel"],"acts_visited":["Exordium"],"potions_floor_usage":[],"damage_taken":[{"damage":0.0,"enemies":"Cultist","floor":1.0,"turns":1.0},{"damage":0.0,"enemies":"2 Louse","floor":5.0,"turns":1.0},{"damage":0.0,"enemies":"Gremlin Nob","floor":6.0,"turns":1.0},{"damage":38.0,"enemies":"3 Sentries","floor":8.0,"turns":8.0},{"damage":0.0,"enemies":"Small Slimes","floor":11.0,"turns":2.0},{"damage":11.0,"enemies":"Lagavulin","floor":12.0,"turns":6.0},{"damage":1.0,"enemies":"Gremlin Nob","floor":14.0,"turns":3.0},{"damage":0,"enemies":"The Guardian","floor":16,"turns":3}],"seed_played":"-5283390134586938925","potions_obtained":[{"floor":1.0,"key":"sneckomod:MuddlingPotion"},{"floor":6.0,"key":"Languid Potion"},{"floor":8.0,"key":"SkillPotion"},{"floor":12.0,"key":"Energy Potion"}],"is_trial":false,"path_per_floor":["M","?","?","?","M","E","R","E","T","R","M","E","T","E","R","B"],"character_chosen":"THE_SILENT","items_purchased":[],"campfire_rested":0,"item_purchase_floors":[],"current_hp_per_floor":[59,59,59,59,59,59,59,21,21,21,21,10,10,9,9,9,9],"gold":211,"neow_bonus":"THREE_ENEMY_KILL","is_daily":false,"chose_seed":false,"campfire_upgraded":3,"win_rate":0.0,"timestamp":1614240545,"path_taken":["M","?","?","?","M","E","R","E","T","R","M","E","?","E","R","BOSS"],"items_purchased_type":[],"build_version":"2020-12-22","purchased_purges":0,"victory":false,"max_hp_per_floor":[66,66,66,66,66,66,66,66,66,66,66,66,66,66,66,66,66],"card_choices":[{"not_picked":["Underhanded Strike","Dagger Spray"],"picked":"Replay:Poison Smokescreen","floor":1.0},{"not_picked":["Slice","Deflect"],"picked":"Footwork","floor":5.0},{"not_picked":["Sucker Punch","Outmaneuver"],"picked":"Dagger Spray","floor":6.0},{"not_picked":["Blade Dance","Acrobatics"],"picked":"Poisoned Stab","floor":8.0},{"not_picked":["Outmaneuver","Hidden Blade"],"picked":"Toxin Wave","floor":11.0},{"not_picked":["Deflect","Flying Knee"],"picked":"Burst","floor":12.0},{"not_picked":["Outmaneuver","Poisoned Stab"],"picked":"Sneak Up","floor":14.0}],"player_experience":1293492,"relics_obtained":[{"floor":6.0,"key":"halation:KoshaPiece"},{"floor":8.0,"key":"Ancient Tea Set"},{"floor":9.0,"key":"PreservedInsect"},{"floor":12.0,"key":"reliquary:PorcupineQuills"},{"floor":13.0,"key":"Akabeko"},{"floor":14.0,"key":"reliquary:Aerogel"}],"event_choices":[{"damage_healed":0.0,"max_hp_gain":0.0,"max_hp_loss":0.0,"gold_gain":0.0,"event_name":"conspire:LoneGhost","player_choice":"Argue","floor":3.0,"gold_loss":0.0,"damage_taken":0.0}],"is_beta":false,"boss_relics":[],"items_purged_floors":[],"is_endless":false,"potions_floor_spawned":[1,6,8,12],"killed_by":"The Guardian","ascension_level":20}}