{"host":"3n5xmnb54n2y5mb4","time":1614216372,"event":{"mods":["BaseMod","Colored Map","Colored Powertips","Minty Spire (QoL Compilation)","Permanent Neow","StSLib","Unceasing Turn Reminder","everything is the same but u backflip on backflip"],"gold_per_floor":[113,6,6,6,25,58,70,70,70,70,98,127,154,28,28,107,107,127,127,127,42,62,62,62,62,143,143,156,184,1,20,20,97,97,111,1110,1110,17,31,31,31,45,69,96,37,37,66,79,79,79,79],"floor_reached":50,"language":"ENG","playtime":1431,"items_purged":["Normality"],"score":1043,"play_id":"b1534c0d-f189-4f29-a560-3a97ce24ebae","local_time":"20210224202612","is_ascension_mode":true,"campfire_choices":[{"floor":8,"key":"REST"},{"data":"Double Tap","floor":10,"key":"SMITH"},{"floor":15,"key":"REST"},{"floor":23,"key":"REST"},{"data":"Apotheosis","floor":27,"key":"SMITH"},{"floor":32,"key":"REST"},{"floor":40,"key":"REST"},{"floor":46,"key":"REST"},{"floor":49,"key":"REST"}],"circlet_count":0,"master_deck":["AscendersBane","Strike_R+1","Strike_R+1","Strike_R+1","Strike_R+1","Defend_R+1","Defend_R+1","Defend_R+1","Defend_R+1","Bash","Double Tap+1","Twin Strike","Thunderclap","Reckless Charge","Fire Breathing","Power Through","Apotheosis+1","Offering","Rupture","J.A.X.","RitualDagger+1","Clumsy","Rupture+1","Shrug It Off+1","Metallicize","Limit Break","CurseOfTheBell","Battle Trance","Normality","Immolate+1","Master of Strategy","Doubt","Power Through","Feel No Pain","Evolve","Barricade"],"relics":["Burning Blood","The Courier","Blue Candle","Singing Bowl","MawBank","Cursed Key","Nilry\u0027s Codex","Lantern","Question Card","Strawberry","Red Skull","Calling Bell","Bag of Preparation","Kunai","Du-Vu Doll","Strange Spoon","Bronze Scales","Whetstone","Mercury Hourglass","Bottled Tornado","Dream Catcher","Toy Ornithopter","Ginger"],"acts_visited":["Exordium","TheCity","TheBeyond"],"potions_floor_usage":[12,13,28,29,29,33,33,35,50],"damage_taken":[{"damage":12,"enemies":"Jaw Worm","floor":1,"turns":2},{"damage":1,"enemies":"Cultist","floor":5,"turns":3},{"damage":35,"enemies":"Gremlin Nob","floor":6,"turns":4},{"damage":1,"enemies":"2 Louse","floor":7,"turns":2},{"damage":35,"enemies":"3 Sentries","floor":11,"turns":8},{"damage":24,"enemies":"Large Slime","floor":12,"turns":5},{"damage":18,"enemies":"Exordium Thugs","floor":13,"turns":5},{"damage":36,"enemies":"Hexaghost","floor":16,"turns":9},{"damage":6,"enemies":"Shell Parasite","floor":18,"turns":2},{"damage":8,"enemies":"Chosen","floor":22,"turns":3},{"damage":16,"enemies":"3 Cultists","floor":28,"turns":3},{"damage":30,"enemies":"Book of Stabbing","floor":29,"turns":3},{"damage":6,"enemies":"Snake Plant","floor":31,"turns":1},{"damage":65,"enemies":"Automaton","floor":33,"turns":7},{"damage":19,"enemies":"3 Darklings","floor":35,"turns":4},{"damage":17,"enemies":"Orb Walker","floor":39,"turns":3},{"damage":24,"enemies":"3 Darklings","floor":42,"turns":2},{"damage":47,"enemies":"Nemesis","floor":44,"turns":5},{"damage":30,"enemies":"Reptomancer","floor":47,"turns":6},{"damage":14,"enemies":"4 Shapes","floor":48,"turns":3},{"damage":68,"enemies":"Donu and Deca","floor":50,"turns":4}],"seed_played":"8238916325351943062","potions_obtained":[{"floor":7,"key":"ColorlessPotion"},{"floor":11,"key":"BloodPotion"},{"floor":12,"key":"Block Potion"},{"floor":18,"key":"EntropicBrew"},{"floor":28,"key":"LiquidBronze"},{"floor":33,"key":"AttackPotion"},{"floor":44,"key":"SpeedPotion"},{"floor":48,"key":"Ancient Potion"}],"is_trial":false,"path_per_floor":["M","?","$","?","M","E","M","R","T","R","E","M","M","$","R","B",null,"M","?","?","?","M","R","?","?","T","R","M","E","$","M","R","B",null,"M","?","?","$","M","R","$","M","T","E","$","R","E","M","R","B"],"character_chosen":"IRONCLAD","items_purchased":["Apotheosis","Metallicize","Red Skull","Strange Spoon","Bronze Scales","Immolate","Master of Strategy","Whetstone","Mercury Hourglass","Bottled Tornado","Feel No Pain"],"campfire_rested":7,"item_purchase_floors":[14,30,30,38,38,38,38,38,38,38,45],"current_hp_per_floor":[66,66,66,66,71,42,47,71,71,71,42,40,30,30,54,24,68,68,52,52,52,52,77,77,71,71,71,61,44,44,46,73,14,73,60,60,60,60,51,79,79,63,63,22,22,53,31,23,53,0,0],"gold":79,"neow_bonus":"ONE_RANDOM_RARE_CARD","is_daily":false,"chose_seed":false,"campfire_upgraded":2,"win_rate":0.0,"timestamp":1614216372,"path_taken":["M","?","$","?","M","E","?","R","T","R","E","M","M","$","R","BOSS","M","?","?","?","?","R","?","?","T","R","M","E","$","M","R","BOSS","M","?","?","$","M","R","?","M","T","E","?","R","E","M","R","BOSS"],"items_purchased_type":["Card","Card","Relic","Relic","Relic","Card","Card","Relic","Relic","Relic","Card"],"build_version":"2020-12-22","purchased_purges":1,"victory":false,"max_hp_per_floor":[80,80,80,80,80,80,80,80,80,80,80,80,82,82,82,82,82,82,82,82,82,84,84,84,84,84,84,84,91,91,93,93,93,93,93,93,93,93,95,95,95,97,97,97,97,99,101,101,101,101,101],"card_choices":[{"not_picked":["Sever Soul","Wild Strike"],"picked":"Twin Strike","floor":1},{"not_picked":["Perfected Strike","Cleave"],"picked":"Twin Strike","floor":5},{"not_picked":["Shrug It Off","Warcry"],"picked":"Thunderclap","floor":6},{"not_picked":["Burning Pact","Carnage"],"picked":"Reckless Charge","floor":7},{"not_picked":["Heavy Blade","Clothesline"],"picked":"Fire Breathing","floor":11},{"not_picked":["Clothesline","Metallicize"],"picked":"Power Through","floor":12},{"not_picked":["Headbutt","Pummel","Clash"],"picked":"Singing Bowl","floor":13},{"not_picked":["Double Tap","Exhume"],"picked":"Offering","floor":16},{"not_picked":["Iron Wave","Armaments"],"picked":"Rupture","floor":18},{"not_picked":["Clothesline+1","Shrug It Off","Clash"],"picked":"Singing Bowl","floor":22},{"not_picked":["Spot Weakness","Clash","Combust"],"picked":"Rupture+1","floor":28},{"not_picked":["Pommel Strike","Cleave","Warcry"],"picked":"Shrug It Off+1","floor":29},{"not_picked":["Thunderclap","Sword Boomerang","Sever Soul","Cleave"],"picked":"Singing Bowl","floor":31},{"not_picked":["Immolate","Exhume","Feed"],"picked":"Limit Break","floor":33},{"not_picked":["Dark Embrace","Body Slam","Entrench"],"picked":"Battle Trance","floor":35},{"not_picked":["Cleave+1","Headbutt","Sever Soul","Havoc+1"],"picked":"Singing Bowl","floor":39},{"not_picked":["Seeing Red+1","Headbutt+1","Reckless Charge","Perfected Strike"],"picked":"Singing Bowl","floor":42},{"not_picked":["Searing Blow","Metallicize","Headbutt+1"],"picked":"Power Through","floor":44},{"not_picked":["Thunderclap","Body Slam","Blood for Blood","Headbutt"],"picked":"Singing Bowl","floor":46},{"not_picked":["Cleave","Inflame","Thunderclap","Pummel"],"picked":"Singing Bowl","floor":47},{"not_picked":["Infernal Blade","Carnage","Havoc"],"picked":"Evolve","floor":48},{"not_picked":["Searing Blow","Heavy Blade","Spot Weakness"],"picked":"Barricade","floor":49}],"player_experience":1028089,"relics_obtained":[{"floor":6,"key":"Blue Candle"},{"floor":9,"key":"Singing Bowl"},{"floor":11,"key":"MawBank"},{"floor":19,"key":"Nilry\u0027s Codex"},{"floor":26,"key":"Question Card"},{"floor":29,"key":"Strawberry"},{"floor":34,"key":"Bag of Preparation"},{"floor":34,"key":"Kunai"},{"floor":34,"key":"Du-Vu Doll"},{"floor":43,"key":"Dream Catcher"},{"floor":44,"key":"Toy Ornithopter"},{"floor":47,"key":"Ginger"}],"event_choices":[{"damage_healed":0,"gold_gain":0,"player_choice":"Paid Gold","damage_taken":0,"relics_obtained":["The Courier"],"max_hp_gain":0,"max_hp_loss":0,"event_name":"WeMeetAgain","floor":2,"gold_loss":107},{"cards_removed":["Strike_R"],"damage_healed":0,"gold_gain":0,"player_choice":"Purged","damage_taken":0,"max_hp_gain":0,"max_hp_loss":0,"event_name":"Purifier","floor":4,"gold_loss":0},{"damage_healed":0,"gold_gain":0,"player_choice":"Obtained Book","damage_taken":16,"max_hp_gain":0,"max_hp_loss":0,"event_name":"Cursed Tome","floor":19,"gold_loss":0},{"damage_healed":0,"gold_gain":0,"player_choice":"Obtain J.A.X.","damage_taken":0,"max_hp_gain":0,"max_hp_loss":0,"event_name":"Drug Dealer","floor":20,"gold_loss":0,"cards_obtained":["J.A.X."]},{"damage_healed":0,"gold_gain":0,"player_choice":"Obtained Relic","damage_taken":0,"relics_obtained":["Lantern"],"max_hp_gain":0,"max_hp_loss":0,"event_name":"Addict","floor":21,"gold_loss":85},{"damage_healed":0,"gold_gain":0,"player_choice":"Simplicity","damage_taken":0,"max_hp_gain":0,"max_hp_loss":0,"event_name":"Back to Basics","floor":24,"gold_loss":0,"cards_upgraded":["Strike_R","Strike_R","Strike_R","Strike_R","Defend_R","Defend_R","Defend_R","Defend_R"]},{"damage_healed":0,"gold_gain":0,"player_choice":"Joined the Cult","damage_taken":6,"max_hp_gain":0,"max_hp_loss":0,"event_name":"Nest","floor":25,"gold_loss":0,"cards_obtained":["RitualDagger"]},{"damage_healed":0,"gold_gain":999,"player_choice":"Gold","damage_taken":0,"max_hp_gain":0,"max_hp_loss":0,"event_name":"MindBloom","floor":36,"gold_loss":0,"cards_obtained":["Normality","Normality"]},{"cards_removed":["Twin Strike"],"damage_healed":0,"gold_gain":0,"player_choice":"Removed Attack","damage_taken":0,"max_hp_gain":0,"max_hp_loss":0,"event_name":"Falling","floor":37,"gold_loss":0}],"is_beta":false,"boss_relics":[{"not_picked":["Snecko Eye","Black Star"],"picked":"Cursed Key"},{"not_picked":["Tiny House","Pandora\u0027s Box"],"picked":"Calling Bell"}],"items_purged_floors":[38],"is_endless":false,"potions_floor_spawned":[7,11,12,18,28,33,44,48],"killed_by":"Donu and Deca","ascension_level":13}}