{"host":"tv94t6gxbgkn39zb","time":1614293763,"event":{"mods":["Abigail Mod","Bartender","BaseMod","CCEM2","Dio Mod","Downfall","Fox Events","Gremlin Mod","HololiveMod","Jorbs\u0027s Wanderer Trilogy","Koishi","Minty Spire (QoL Compilation)","Practice Mode","Prisma Mod","READ ME - Guardian Mod","READ ME - Snecko Mod","Rare Cards Sparkle","Reimu??????","Replay The Spire","SCP261 Mod","SIMod","Shade Mod","Shapeshifter Mod","StSLib","The Construct","The Cursed","The Death Knight","The Forsaken","The Hierophant","The Juggle","The Necromancer","The Servant 0.9.4","The Witch","TheVacant","Treasure Hunter","Waifu the Spire"],"gold_per_floor":[123,135,135,135,152,152,36,54,54,54,54,72,3,30,30,149,149,165,165,165,183,183,183,204,204,227,251,161,86,100,2,2,123,123,148,148,148,70,0,0,0,25,25,50,50,97,146,160,160,168,168],"floor_reached":50,"language":"FRA","playtime":3887,"items_purged":["CommonCold"],"score":530,"play_id":"c24a091d-73f2-4576-a46b-b918a1ce4d16","local_time":"20210225235603","is_ascension_mode":false,"campfire_choices":[{"data":"StSShapeShifter:DragonForm","floor":6,"key":"SMITH"},{"data":"StSShapeShifter:CosmicShifter","floor":15,"key":"SMITH"},{"data":"StSShapeShifter:RitualOfTheElders","floor":23,"key":"SMITH"},{"floor":32,"key":"REST"},{"data":"StSShapeShifter:UnicornForm","floor":40,"key":"SMITH"},{"floor":45,"key":"RECALL"}],"circlet_count":0,"master_deck":["StSShapeShifter:ShapeShifter_Strike","StSShapeShifter:ShapeShifter_Strike","StSShapeShifter:ShapeShifter_Strike","StSShapeShifter:ShapeShifter_Strike","StSShapeShifter:ShapeShifter_Strike+1","StSShapeShifter:ShapeShifter_Defend","StSShapeShifter:ShapeShifter_Defend","StSShapeShifter:ShapeShifter_Defend","StSShapeShifter:ShapeShifter_Defend","StSShapeShifter:ShapeShifter_Defend","StSShapeShifter:Tortoise_Form+1","StSShapeShifter:Lynx_Form","StSShapeShifter:ShiftingStrike","StSShapeShifter:ClimbTree","StSShapeShifter:DragonForm+1","StSShapeShifter:WolfForm","StSShapeShifter:CosmicShifter+1","StSShapeShifter:BloomingSlash+1","Injury","StSShapeShifter:Forgiveness","StSShapeShifter:EntForm","TH:CursedSword+1","StSShapeShifter:RitualOfTheElders+1","StSShapeShifter:EagleForm+1","StSShapeShifter:MagicMushrooms","StSShapeShifter:RaptorForm","TH:DeckOfManyThings+1","StSShapeShifter:BurstingSpore","StSShapeShifter:BaskInBloom","Dramatic Entrance","StSShapeShifter:PowerShifter","StSShapeShifter:UnicornForm+1","StSShapeShifter:SpiritOfTheEarth+1","StSShapeShifter:BulwarkOfDiscovery+1","TH:DeckOfManyThings+1","Parasite","StSShapeShifter:FoxForm+1","StSShapeShifter:RaptorForm","StSShapeShifter:OwlForm+1"],"relics":["StSShapeShifter:AnimalHeart","StSShapeShifter:TheShapeShiftersMagnolia","Hololive_LightStick","TH:Anvil","Golden Idol","Blue Doll","RedLine:ReiMu","Ring of Searing","Ring of Fury","MutagenicStrength","CCEMRelics:Sandal","Philosopher\u0027s Stone","Blue Candle","Red Mask","CCEMRelics:TeddyBear","Whetstone","Strawberry"],"acts_visited":["Exordium","TheCity","TheBeyond"],"potions_floor_usage":[21,21,21,33,33,46,50],"damage_taken":[{"damage":0,"enemies":"2 Louse","floor":1,"turns":3},{"damage":0,"enemies":"Small Slimes","floor":2,"turns":3},{"damage":0,"enemies":"Jaw Worm","floor":5,"turns":2},{"damage":0,"enemies":"3 Louse","floor":8,"turns":1},{"damage":0,"enemies":"Looter","floor":12,"turns":3},{"damage":25,"enemies":"Fading Forest","floor":16,"turns":11},{"damage":22,"enemies":"Chosen","floor":18,"turns":6},{"damage":19,"enemies":"Shell Parasite","floor":21,"turns":5},{"damage":0,"enemies":"Snecko","floor":24,"turns":2},{"damage":6,"enemies":"Cultist and Chosen","floor":27,"turns":3},{"damage":18,"enemies":"Centurion and Healer","floor":30,"turns":5},{"damage":75,"enemies":"Champ","floor":33,"turns":8},{"damage":0,"enemies":"3 Darklings","floor":35,"turns":2},{"damage":2,"enemies":"Orb Walker","floor":42,"turns":2},{"damage":30,"enemies":"Writhing Mass","floor":44,"turns":5},{"damage":0,"enemies":"Sphere and 2 Shapes","floor":46,"turns":4},{"damage":8,"enemies":"4 Shapes","floor":48,"turns":3},{"damage":105,"enemies":"Awakened One","floor":50,"turns":10}],"seed_played":"-3915435715230613094","potions_obtained":[{"floor":2,"key":"MagicPotion:ReiMu"},{"floor":5,"key":"LiquidMemories"},{"floor":8,"key":"Explosive Potion"},{"floor":24,"key":"SCP261:DewritoBlazePotion"},{"floor":27,"key":"Swift Potion"},{"floor":28,"key":"SCP261:BarrettColaPotion"},{"floor":30,"key":"hexamod:SoulburnPotion"},{"floor":42,"key":"DistilledChaos"}],"is_trial":false,"path_per_floor":["M","M","?","?","M","R","$","M","T","?","?","M","$","T","R","B",null,"M","?","?","M","?","R","M","T","T","M","?","$","M","$","R","B",null,"M","?","?","$","?","R","?","M","T","M","R","M","T","M","R","B"],"character_chosen":"SHAPESHIFTER","items_purchased":["StSShapeShifter:WolfForm","StSShapeShifter:CosmicShifter","StSShapeShifter:EntForm","Dramatic Entrance","StSShapeShifter:SpiritOfTheEarth"],"campfire_rested":1,"item_purchase_floors":[7,7,13,31,38],"current_hp_per_floor":[78,78,66,66,66,66,66,66,66,71,71,73,73,73,73,68,83,63,63,63,69,69,69,72,72,72,71,71,71,67,67,95,55,99,99,94,94,94,94,94,94,96,96,74,74,74,81,80,80,0,0],"gold":168,"neow_bonus":"UPGRADE_CARD","is_daily":false,"chose_seed":false,"campfire_upgraded":4,"win_rate":0.0,"timestamp":1614293763,"path_taken":["M","M","?","?","M","R","$","M","T","?","?","M","$","?","R","BOSS","M","?","?","M","?","R","M","?","T","M","?","$","?","$","R","BOSS","M","?","?","$","?","R","?","M","T","?","R","M","?","M","R","BOSS"],"items_purchased_type":["Card","Card","Card","Card","Card"],"build_version":"2020-12-22","purchased_purges":1,"victory":false,"max_hp_per_floor":[78,78,78,78,78,78,78,78,78,83,83,83,83,83,83,83,83,85,85,85,87,87,87,90,90,90,93,93,93,96,96,96,99,99,99,99,99,99,99,99,99,99,99,99,99,99,106,109,109,112,112],"card_choices":[{"not_picked":["StSShapeShifter:Guard","StSShapeShifter:FlowerShield"],"picked":"StSShapeShifter:ShiftingStrike","floor":1},{"not_picked":["StSShapeShifter:WiltingWrath","StSShapeShifter:BarkSkin"],"picked":"StSShapeShifter:ClimbTree","floor":2},{"not_picked":["StSShapeShifter:MonkeyForm","StSShapeShifter:EmbraceTheCycle"],"picked":"StSShapeShifter:DragonForm","floor":5},{"not_picked":["StSShapeShifter:AdaptiveStrikes","StSShapeShifter:FlowerShield"],"picked":"StSShapeShifter:BloomingSlash","floor":8},{"not_picked":["TH:PixieDust","TH:EnergyPotion"],"picked":"SKIP","floor":9},{"not_picked":["StSShapeShifter:DeepWound","StSShapeShifter:FesteringBite"],"picked":"StSShapeShifter:Forgiveness","floor":12},{"not_picked":["TH:ElvenBoots"],"picked":"TH:CursedSword","floor":14},{"not_picked":["StSShapeShifter:BurrBomb","StSShapeShifter:Earthquake"],"picked":"StSShapeShifter:RitualOfTheElders","floor":16},{"not_picked":["StSShapeShifter:RaptorForm","StSShapeShifter:Bonk+1"],"picked":"StSShapeShifter:EagleForm+1","floor":18},{"not_picked":["StSShapeShifter:ThornToss","StSShapeShifter:DeerForm"],"picked":"StSShapeShifter:MagicMushrooms","floor":21},{"not_picked":["StSShapeShifter:OakBlade","StSShapeShifter:Sapling"],"picked":"StSShapeShifter:RaptorForm","floor":24},{"not_picked":["TH:EnergyPotion"],"picked":"TH:DeckOfManyThings","floor":25},{"not_picked":["TH:CopperCoins","TH:EnergyPotion"],"picked":"SKIP","floor":26},{"not_picked":["StSShapeShifter:Evolution+1","StSShapeShifter:BarkSkin"],"picked":"StSShapeShifter:BurstingSpore","floor":27},{"not_picked":["StSShapeShifter:PorcupineForm","StSShapeShifter:FallingLeaves"],"picked":"StSShapeShifter:BaskInBloom","floor":30},{"not_picked":["StSShapeShifter:BurrBomb","StSShapeShifter:RitualOfTheExtinct"],"picked":"StSShapeShifter:PowerShifter","floor":33},{"not_picked":["StSShapeShifter:DeerForm+1","StSShapeShifter:PoisonIvy+1","StSShapeShifter:RatForm"],"picked":"SKIP","floor":35},{"not_picked":["StSShapeShifter:ShiftingStrike","StSShapeShifter:BarkSkin"],"picked":"StSShapeShifter:BulwarkOfDiscovery+1","floor":42},{"not_picked":["TH:EnergyPotion"],"picked":"TH:DeckOfManyThings","floor":43},{"not_picked":["StSShapeShifter:OakBlade","StSShapeShifter:Rest+1"],"picked":"StSShapeShifter:FoxForm+1","floor":44},{"not_picked":["StSShapeShifter:Bonk","StSShapeShifter:VineHandcuffs"],"picked":"StSShapeShifter:RaptorForm","floor":46},{"not_picked":["TH:BikiniMail","TH:Mimic"],"picked":"SKIP","floor":47},{"not_picked":["StSShapeShifter:Guard","StSShapeShifter:Rest+1"],"picked":"StSShapeShifter:OwlForm+1","floor":48}],"player_experience":360233,"relics_obtained":[{"floor":9,"key":"TH:Anvil"},{"floor":14,"key":"Blue Doll"},{"floor":19,"key":"Ring of Searing"},{"floor":19,"key":"Ring of Fury"},{"floor":25,"key":"CCEMRelics:Sandal"},{"floor":43,"key":"CCEMRelics:TeddyBear"},{"floor":46,"key":"Whetstone"},{"floor":47,"key":"Strawberry"}],"event_choices":[{"damage_healed":0,"gold_gain":0,"player_choice":"Success","damage_taken":12,"relics_obtained":["Hololive_LightStick"],"max_hp_gain":0,"max_hp_loss":0,"event_name":"Scrap Ooze","floor":3,"gold_loss":0},{"damage_healed":0,"gold_gain":0,"player_choice":"Donut","damage_taken":0,"max_hp_gain":5,"max_hp_loss":0,"event_name":"Big Fish","floor":10,"gold_loss":0},{"damage_healed":0,"gold_gain":0,"player_choice":"Take Wound","damage_taken":0,"relics_obtained":["Golden Idol"],"max_hp_gain":0,"max_hp_loss":0,"event_name":"Golden Idol","floor":11,"gold_loss":0,"cards_obtained":["Injury"]},{"damage_healed":0,"gold_gain":0,"player_choice":"Ignored","damage_taken":0,"max_hp_gain":0,"max_hp_loss":0,"event_name":"Ghosts","floor":20,"gold_loss":0},{"damage_healed":0,"gold_gain":0,"player_choice":"Inject Mutagens","damage_taken":0,"relics_obtained":["MutagenicStrength"],"max_hp_gain":0,"max_hp_loss":0,"event_name":"Drug Dealer","floor":22,"gold_loss":0},{"damage_healed":0,"gold_gain":0,"player_choice":"Paid","damage_taken":0,"relics_obtained":["Red Mask"],"max_hp_gain":0,"max_hp_loss":0,"event_name":"Tomb of Lord Red Mask","floor":39,"gold_loss":70},{"damage_healed":0,"gold_gain":0,"player_choice":"Forge","damage_taken":0,"max_hp_gain":0,"max_hp_loss":0,"event_name":"Accursed Blacksmith","floor":49,"gold_loss":0,"cards_upgraded":["StSShapeShifter:SpiritOfTheEarth"]}],"is_beta":false,"boss_relics":[{"not_picked":["theForsaken:PaleLantern","Ring of Chaos"],"picked":"RedLine:ReiMu"},{"not_picked":["Calling Bell","Runic Pyramid"],"picked":"Philosopher\u0027s Stone"}],"items_purged_floors":[29],"is_endless":false,"potions_floor_spawned":[2,5,8,24,27,30,42],"killed_by":"Awakened One","ascension_level":0}}