{"host":"21t8ql0hig042hj0","time":1614297131,"event":{"mods":["AchievementEnabler","BaseMod","Colored Map","Colored Powertips","Minty Spire (QoL Compilation)"],"gold_per_floor":[113,113,39,39,214,214,249,249,249,269,31,71,87,105,105,226,226,241,241,265,286,310,346,346,385,411,436,448,460,493,204,204,204,204],"floor_reached":33,"language":"ENG","playtime":2559,"items_purged":["Doubt"],"score":345,"play_id":"ea44f8e3-357e-434c-8b4c-a420098b5f70","local_time":"20210225185211","is_ascension_mode":false,"campfire_choices":[{"data":"Static Discharge","floor":6,"key":"SMITH"},{"floor":8,"key":"DIG"},{"floor":15,"key":"DIG"},{"floor":24,"key":"REST"},{"floor":29,"key":"REST"},{"floor":32,"key":"DIG"}],"circlet_count":0,"master_deck":["Defend_B","Defend_B","Defend_B","Defend_B","Zap","Dualcast","Redo","Storm","Static Discharge+1","Capacitor","Loop","Static Discharge","Barrage","Electrodynamics","Rainbow","Go for the Eyes","Ball Lightning","Hello World","Consume+1","Defragment+1","Bite","Bite","Bite","Bite","Bite","Self Repair","Jack Of All Trades"],"relics":["Cracked Core","NeowsBlessing","Golden Idol","Shovel","Mercury Hourglass","FossilizedHelix","Bottled Tornado","Pantograph","Bird Faced Urn","Black Star","Darkstone Periapt","Vajra","Ancient Tea Set","Juzu Bracelet","MawBank","Bag of Preparation"],"acts_visited":["Exordium","TheCity"],"potions_floor_usage":[16,23,23],"damage_taken":[{"damage":0,"enemies":"Cultist","floor":1,"turns":1},{"damage":0,"enemies":"Gremlin Nob","floor":7,"turns":1},{"damage":0,"enemies":"2 Louse","floor":10,"turns":1},{"damage":17,"enemies":"3 Sentries","floor":12,"turns":5},{"damage":5,"enemies":"Jaw Worm","floor":13,"turns":5},{"damage":9,"enemies":"Blue Slaver","floor":14,"turns":3},{"damage":7,"enemies":"Slime Boss","floor":16,"turns":7},{"damage":5,"enemies":"Chosen","floor":18,"turns":3},{"damage":13,"enemies":"Spheric Guardian","floor":20,"turns":3},{"damage":16,"enemies":"Centurion and Healer","floor":21,"turns":4},{"damage":21,"enemies":"Snake Plant","floor":22,"turns":3},{"damage":16,"enemies":"Slavers","floor":23,"turns":2},{"damage":34,"enemies":"Gremlin Leader","floor":25,"turns":3},{"damage":20,"enemies":"Sentry and Sphere","floor":27,"turns":3},{"damage":4,"enemies":"Snecko","floor":30,"turns":4},{"damage":80,"enemies":"Automaton","floor":33,"turns":6}],"seed_played":"-1425115090172940571","potions_obtained":[{"floor":10,"key":"Dexterity Potion"},{"floor":12,"key":"DistilledChaos"},{"floor":18,"key":"GamblersBrew"},{"floor":21,"key":"Energy Potion"},{"floor":22,"key":"Strength Potion"},{"floor":27,"key":"AttackPotion"}],"is_trial":false,"path_per_floor":["M","?","$","?","?","R","E","R","T","M","$","E","M","M","R","B",null,"M","?","M","M","M","E","R","E","T","M","?","R","M","$","R","B"],"character_chosen":"DEFECT","items_purchased":["Storm","Bottled Tornado","DuplicationPotion","Self Repair","Jack Of All Trades"],"campfire_rested":2,"item_purchase_floors":[3,11,31,31,31],"current_hp_per_floor":[75,57,57,57,57,57,57,57,57,57,57,40,35,26,26,54,75,75,75,62,52,41,29,51,27,27,17,17,32,42,42,42,0,0],"gold":204,"neow_bonus":"THREE_ENEMY_KILL","is_daily":false,"chose_seed":false,"campfire_upgraded":1,"win_rate":0.0,"timestamp":1614297131,"path_taken":["M","?","$","?","?","R","E","R","T","M","?","E","M","M","R","BOSS","M","?","M","?","M","E","R","E","T","M","?","R","M","$","R","BOSS"],"items_purchased_type":["Card","Relic","Potion","Card","Card"],"build_version":"2020-12-22","purchased_purges":1,"victory":false,"max_hp_per_floor":[75,75,75,75,75,75,75,75,75,75,75,75,75,75,75,75,75,75,75,75,75,75,75,75,75,75,75,52,52,52,52,52,52,52],"card_choices":[{"not_picked":["Leap","Conserve Battery"],"picked":"Redo","floor":1},{"not_picked":["Scrape","Ball Lightning"],"picked":"Capacitor","floor":7},{"not_picked":["Leap","Steam","Compile Driver"],"picked":"SKIP","floor":10},{"not_picked":["Genetic Algorithm","Streamline"],"picked":"Loop","floor":12},{"not_picked":["Redo","Beam Cell"],"picked":"Static Discharge","floor":13},{"not_picked":["Fusion","Hologram"],"picked":"Barrage","floor":14},{"not_picked":["Creative AI","Biased Cognition"],"picked":"Electrodynamics","floor":16},{"not_picked":["Coolheaded","Streamline","Compile Driver"],"picked":"SKIP","floor":18},{"not_picked":["Compile Driver","Hologram"],"picked":"Go for the Eyes","floor":20},{"not_picked":["Barrage","Steam Power"],"picked":"Ball Lightning","floor":21},{"not_picked":["Barrage","Scrape"],"picked":"Hello World","floor":22},{"not_picked":["Reinforced Body","Leap"],"picked":"Consume+1","floor":23},{"not_picked":["Skim","Machine Learning"],"picked":"Defragment+1","floor":25},{"not_picked":["Consume","Compile Driver","Hello World"],"picked":"SKIP","floor":27},{"not_picked":["BootSequence","Fusion+1","Steam"],"picked":"SKIP","floor":30}],"player_experience":21418,"relics_obtained":[{"floor":7,"key":"Shovel"},{"floor":8,"key":"Mercury Hourglass"},{"floor":9,"key":"FossilizedHelix"},{"floor":12,"key":"Pantograph"},{"floor":15,"key":"Bird Faced Urn"},{"floor":23,"key":"Darkstone Periapt"},{"floor":23,"key":"Vajra"},{"floor":25,"key":"Ancient Tea Set"},{"floor":25,"key":"Juzu Bracelet"},{"floor":26,"key":"MawBank"},{"floor":32,"key":"Bag of Preparation"}],"event_choices":[{"damage_healed":0,"gold_gain":0,"player_choice":"Take Damage","damage_taken":18,"relics_obtained":["Golden Idol"],"max_hp_gain":0,"max_hp_loss":0,"event_name":"Golden Idol","floor":2,"gold_loss":0},{"damage_healed":0,"gold_gain":0,"cards_transformed":["Strike_B"],"player_choice":"Change","damage_taken":0,"max_hp_gain":0,"max_hp_loss":0,"event_name":"Living Wall","floor":4,"gold_loss":0,"cards_obtained":["Static Discharge"]},{"damage_healed":0,"gold_gain":175,"player_choice":"AGREE","damage_taken":0,"max_hp_gain":0,"max_hp_loss":0,"event_name":"Liars Game","floor":5,"gold_loss":0,"cards_obtained":["Doubt"]},{"damage_healed":0,"gold_gain":0,"player_choice":"1 cards matched","damage_taken":0,"max_hp_gain":0,"max_hp_loss":0,"event_name":"Match and Keep!","floor":19,"gold_loss":0,"cards_obtained":["Rainbow"]},{"damage_healed":0,"gold_gain":0,"player_choice":"Became a vampire","damage_taken":0,"max_hp_gain":0,"max_hp_loss":23,"event_name":"Vampires","floor":28,"gold_loss":0,"cards_obtained":["Bite","Bite","Bite","Bite","Bite"]}],"is_beta":false,"boss_relics":[{"not_picked":["Runic Pyramid","FrozenCore"],"picked":"Black Star"}],"items_purged_floors":[31],"is_endless":false,"potions_floor_spawned":[10,12,18,21,22,27],"killed_by":"Automaton","ascension_level":0}}