{"host":"ox77rn1xcurm2t5a","time":1614261281,"event":{"mods":["2.2 Compatiblity","AchievementEnabler","Act Like it!","Aspiration","BaseMod","Best Route Mod","Better Match","Better Note","Better Sensory Stone","Block Reminder","Colored Map","Colored Powertips","Conjunction","Conspire","Custom Start","Energized Spire","GifTheSpireLib","Gold Saver","Gremlin Skip","Halation","Highlight Path","Hubris","Infinite Spire","Minty Spire (QoL Compilation)","Pale of the Ancients","Quick Restart","Reliquary","Replay The Spire","Reworked Bosses","ShortenTheSpire","Spire Exporter","StSLib","Stuff the Spire","Wandering Minibosses"],"gold_per_floor":[244,244,261,275,51,76,94,94,94,121,7183,7201,7201,7234,7234,7338,7338,7293,7293,7018,7018,6784,6784,6784,6784,6784,6784,6784,6656,6656,6656,6656,6656,6656,6656,6656,6656,6656,6656],"floor_reached":38,"language":"ENG","playtime":1255,"items_purged":["Defend_R","Defend_R"],"score":890,"play_id":"fc2440a6-8708-430b-8658-57041ae1cb39","local_time":"20210225155441","is_ascension_mode":true,"campfire_choices":[{"floor":8,"key":"RECALL"},{"data":"Apotheosis","floor":13,"key":"SMITH"},{"data":"Bash","floor":15,"key":"SMITH"},{"data":"Inflame","floor":32,"key":"SMITH"}],"circlet_count":0,"master_deck":["AscendersBane","Strike_R","Strike_R","Strike_R","Strike_R","Strike_R","Defend_R+1","Defend_R","Bash+1","Thunderclap","Perfected Strike","Cleave","Battle Trance","Anger","Shrug It Off+1","Apotheosis+1","Anger","Dropkick+1","Thunderclap","Cleave+1","Inflame+1","Thunderclap","Perfected Strike","Heavy Blade","Berserk","Headbutt+1","Sword Boomerang"],"relics":["Burning Blood","StuffTheSpire:Experiment12","reliquary:PurpleTingedLeaf","Replay:Accelerometer","infinitespire:EmpoweringShard","Gremlin Horn","infinitespire:Lychee Nut","Ectoplasm","Membership Card","Paper Frog","Replay:Bandana","reliquary:TuningFork","Iron Hammer","War Paint","Orichalcum","Shuriken","TheAbacus","conspire:SlowCooker"],"acts_visited":["Exordium","TheCity","TheBeyond"],"potions_floor_usage":[3,7,10,14,16,18,23,25,28,33,33,35,36,37,38],"damage_taken":[{"damage":14.0,"enemies":"Jaw Worm","floor":1.0,"turns":3.0},{"damage":10,"enemies":"Cultist","floor":3,"turns":4},{"damage":4,"enemies":"2 Louse","floor":4,"turns":4},{"damage":28,"enemies":"Gremlin Nob","floor":6,"turns":4},{"damage":10,"enemies":"Large Slime","floor":7,"turns":4},{"damage":31,"enemies":"3 Sentries","floor":10,"turns":6},{"damage":0,"enemies":"Exordium Wildlife","floor":12,"turns":2},{"damage":2,"enemies":"Lagavulin","floor":14,"turns":3},{"damage":0,"enemies":"Fading Forest","floor":16,"turns":11},{"damage":11,"enemies":"2 Thieves","floor":18,"turns":4},{"damage":7,"enemies":"Spheric Guardian","floor":19,"turns":3},{"damage":0,"enemies":"Gremlin Leader","floor":23,"turns":3},{"damage":0,"enemies":"Snake Plant","floor":24,"turns":2},{"damage":0,"enemies":"Slavers","floor":25,"turns":1},{"damage":17,"enemies":"Book of Stabbing","floor":28,"turns":3},{"damage":8,"enemies":"Shelled Parasite and Fungi","floor":30,"turns":3},{"damage":6,"enemies":"Chosen and Byrds","floor":31,"turns":3},{"damage":18,"enemies":"Automaton","floor":33,"turns":5},{"damage":10,"enemies":"3 Darklings","floor":35,"turns":3},{"damage":24,"enemies":"3 Shapes","floor":36,"turns":1},{"damage":36,"enemies":"Maw","floor":37,"turns":5},{"damage":25,"enemies":"conspire:MimicChest","floor":38,"turns":4}],"seed_played":"5214607815395496117","potions_obtained":[{"floor":1.0,"key":"Venom Potion"},{"floor":6,"key":"Fruit Juice"},{"floor":7,"key":"FearPotion"},{"floor":14,"key":"SteroidPotion"},{"floor":16,"key":"BlessingOfTheForge"},{"floor":23,"key":"DuplicationPotion"},{"floor":25,"key":"BloodPotion"},{"floor":33,"key":"Conjunction:LightningMarble"},{"floor":35,"key":"Regen Potion"},{"floor":36,"key":"PowerPotion"},{"floor":37,"key":"infinitespire:BlackPotion"}],"is_trial":false,"path_per_floor":["M","?","M","M","$","E","M","R","T","E","$","M","R","E","R","B",null,"M","M","$","?","$","E","M","E","T","?","E","$","M","M","R","B",null,"M","M","M","?"],"character_chosen":"IRONCLAD","items_purchased":["StuffTheSpire:Experiment12","Energy Potion","infinitespire:EmpoweringShard","Gremlin Horn","Shrug It Off","Apotheosis","Membership Card","Paper Frog","Cleave+1","Inflame","Replay:Bandana","reliquary:TuningFork","Strength Potion","TheAbacus","Energy Potion","Strength Potion"],"campfire_rested":0,"item_purchase_floors":[5,11,11,11,11,11,20,20,22,22,22,22,22,29,29,29],"current_hp_per_floor":[64,64,60,62,62,40,42,42,42,18,18,24,24,29,29,63,63,62,62,62,62,62,63,63,63,63,63,63,63,61,63,63,53,61,59,41,18,0,0],"gold":6656,"neow_bonus":"HUNDRED_GOLD","is_daily":false,"chose_seed":false,"campfire_upgraded":3,"win_rate":0.0,"timestamp":1614261281,"path_taken":["M","?","M","M","$","E","?","R","T","E","$","M","R","E","R","BOSS","M","M","$","?","$","E","M","E","T","?","E","?","?","M","R","BOSS","M","?","M","?"],"items_purchased_type":["Relic","Potion","Relic","Relic","Card","Card","Relic","Relic","Card","Card","Relic","Relic","Potion","Relic","Potion","Potion"],"build_version":"2020-12-22","purchased_purges":2,"victory":false,"max_hp_per_floor":[80,80,80,80,80,80,85,85,85,85,85,85,85,63,63,63,63,63,63,63,63,63,63,63,63,63,63,63,63,63,63,63,63,63,63,63,63,63,63],"card_choices":[{"not_picked":["Flex","Sword Boomerang"],"picked":"Thunderclap","floor":1.0},{"not_picked":["Rupture","Hemokinesis","ReplayTheSpireMod:LeadingStrike"],"picked":"SKIP","floor":3},{"not_picked":["Pommel Strike","hubris:ReadiedAction"],"picked":"Perfected Strike","floor":4},{"not_picked":["Disarm","infinitespire:OneForAll"],"picked":"Cleave","floor":6},{"not_picked":["Body Slam","Feed"],"picked":"Battle Trance","floor":7},{"not_picked":["Burning Pact","Battle Trance"],"picked":"Anger","floor":10},{"not_picked":["Armaments","StuffTheSpire:Slingshot"],"picked":"Anger","floor":12},{"not_picked":["Replay:Undeath\u0027s Touch","Bloodletting","StuffTheSpire:RockThrow"],"picked":"SKIP","floor":14},{"not_picked":["True Grit","Rampage"],"picked":"Dropkick+1","floor":18},{"not_picked":["Havoc","Dual Wield"],"picked":"Thunderclap","floor":19},{"not_picked":["Carnage","Fiend Fire"],"picked":"Thunderclap","floor":23},{"not_picked":["Disarm","Shrug It Off"],"picked":"Perfected Strike","floor":24},{"not_picked":["Body Slam","Clothesline","Feel No Pain"],"picked":"SKIP","floor":25},{"not_picked":["Havoc+1","Carnage","conspire:ExplosiveBarrier"],"picked":"SKIP","floor":28},{"not_picked":["Havoc","Iron Wave","Run Through+1"],"picked":"SKIP","floor":30},{"not_picked":["Shrug It Off","Whirlwind"],"picked":"Heavy Blade","floor":31},{"not_picked":["Feed","Corruption"],"picked":"Berserk","floor":33},{"not_picked":["hubris:CleavingFinish+1","True Grit+1"],"picked":"Headbutt+1","floor":35},{"not_picked":["Reckless Charge","ReplayTheSpireMod:Strike From Hell","hubris:ReadiedAction"],"picked":"SKIP","floor":36},{"not_picked":["StuffTheSpire:Resist","Havoc"],"picked":"Sword Boomerang","floor":37}],"player_experience":3258273,"relics_obtained":[{"floor":6,"key":"reliquary:PurpleTingedLeaf"},{"floor":10,"key":"Replay:Accelerometer"},{"floor":14,"key":"infinitespire:Lychee Nut"},{"floor":23,"key":"Iron Hammer"},{"floor":25,"key":"War Paint"},{"floor":26,"key":"Orichalcum"},{"floor":28,"key":"Shuriken"}],"event_choices":[{"damage_healed":0.0,"max_hp_gain":0.0,"max_hp_loss":0.0,"gold_gain":0.0,"event_name":"betterNote:BetterNote","player_choice":"Ignored","floor":2.0,"gold_loss":0.0,"damage_taken":0.0,"cards_obtained":["Strike_P"]}],"is_beta":false,"boss_relics":[{"not_picked":["Electric Blood","energizedSpire:StickyHand"],"picked":"Ectoplasm"},{"not_picked":["SacredBark","hubris:HollowSoul"],"picked":"conspire:SlowCooker"}],"items_purged_floors":[5,11],"is_endless":false,"potions_floor_spawned":[1,6,7,14,16,23,25,30,31,33,35,36,37],"killed_by":"conspire:MimicChest","ascension_level":12}}