{"host":"1xo5g347e5o4auts","time":1614241013,"event":{"mods":["BaseMod","Minty Spire (QoL Compilation)","Permanent Neow","StSLib"],"gold_per_floor":[111,129,13,13,31,59,59,59,59],"floor_reached":8,"language":"ENG","playtime":231,"items_purged":[],"score":112,"play_id":"32a9b6f5-a1c0-4cce-be5b-5d0ed595624e","local_time":"20210225101653","is_ascension_mode":true,"campfire_choices":[{"data":"Predator","floor":7.0,"key":"SMITH"}],"circlet_count":0,"master_deck":["AscendersBane","Strike_G","Strike_G","Strike_G","Strike_G","Defend_G","Defend_G","Defend_G","Defend_G","Defend_G","Survivor","Neutralize","Sucker Punch","Blade Dance","Predator+1","Caltrops","Backstab"],"relics":["Ring of the Snake","Bronze Scales","Sundial"],"acts_visited":["Exordium"],"potions_floor_usage":[8],"damage_taken":[{"damage":5.0,"enemies":"Cultist","floor":1.0,"turns":4.0},{"damage":1.0,"enemies":"Jaw Worm","floor":2.0,"turns":3.0},{"damage":7.0,"enemies":"Small Slimes","floor":5.0,"turns":4.0},{"damage":19.0,"enemies":"3 Sentries","floor":6.0,"turns":8.0},{"damage":28,"enemies":"Lagavulin","floor":8,"turns":8}],"seed_played":"8795729798252647497","potions_obtained":[{"floor":5.0,"key":"Dexterity Potion"}],"is_trial":false,"path_per_floor":["M","M","$","?","M","E","R","E"],"character_chosen":"THE_SILENT","items_purchased":["Predator","Caltrops"],"campfire_rested":0,"item_purchase_floors":[3,3],"current_hp_per_floor":[54,53,53,53,46,27,27,0,0],"gold":59,"neow_bonus":"RANDOM_COMMON_RELIC","is_daily":false,"chose_seed":false,"campfire_upgraded":1,"win_rate":0.0,"timestamp":1614241013,"path_taken":["M","M","?","?","?","E","R","E"],"items_purchased_type":["Card","Card"],"build_version":"2020-12-22","purchased_purges":0,"victory":false,"max_hp_per_floor":[66,66,66,66,66,66,66,66,66],"card_choices":[{"not_picked":["Flying Knee","Slice"],"picked":"Sucker Punch","floor":1.0},{"not_picked":["Finisher","Flying Knee"],"picked":"Blade Dance","floor":2.0},{"not_picked":["Prepared","Flying Knee"],"picked":"Backstab","floor":5.0},{"not_picked":["Cloak And Dagger","Grand Finale","Slice"],"picked":"SKIP","floor":6.0}],"player_experience":1513108,"relics_obtained":[{"floor":6.0,"key":"Sundial"}],"event_choices":[{"cards_removed":["Strike_G"],"damage_healed":0.0,"max_hp_gain":0.0,"max_hp_loss":0.0,"gold_gain":0.0,"event_name":"Purifier","player_choice":"Purged","floor":4.0,"gold_loss":0.0,"damage_taken":0.0}],"is_beta":false,"boss_relics":[],"items_purged_floors":[],"is_endless":false,"potions_floor_spawned":[5],"killed_by":"Lagavulin","ascension_level":20}}