{"host":"djiix4i1c37u08ye","time":1614231450,"event":{"mods":["Act Like it!","BaseMod","Better Altar","Better Match","Better Skull","Better Third Choice","Bossed Relics","Colored Map","Gold Saver","Minty Spire (QoL Compilation)","Pale of the Ancients","Rare Cards Sparkle","Replay The Spire","Robot Space Explorer","Spicy Shops","Spire Arcade","StSLib","The Blue Laboratory","Wandering Minibosses"],"gold_per_floor":[3566,3626,2482,2482,2482,2578,2683,2770,2793,2793,2871,2973,1729,1822,1822,2116,2116,2152,2152,2077,735,780,864,864,948,948,1050,510,634,373,373,382,697,697,736,401,480,549,609,714,555,542,542,651,651,766,766,866,866,876,963,1012,1291,1075,1084,1133,1142,806,806,824],"floor_reached":61,"language":"ENG","playtime":4728,"items_purged":["Pain","ReplayTheSpireMod:Splinters","Pain"],"score":1862,"play_id":"6cafc025-bfe0-4d6d-8034-f9297a2c3944","local_time":"20210225003730","daily_mods":["Draft","Vintage","Red Cards","Colorless Cards","Heirloom","Time Dilation","Flight","DeadlyEvents","Elite Swarm","Midas"],"is_ascension_mode":false,"campfire_choices":[{"floor":15.0,"key":"REST"},{"floor":24.0,"key":"REST"},{"floor":32.0,"key":"REST"},{"floor":45,"key":"DIG"},{"floor":55,"key":"REST"},{"floor":57,"key":"REST"}],"circlet_count":0,"master_deck":["RobotSpaceExplorer:ImprovisedAttack+1","Replay:Bootleg Shield Generator","RobotSpaceExplorer:PowerCollector+1","Finesse","RobotSpaceExplorer:Electroshield","Clothesline+1","Flex","RobotSpaceExplorer:Calculate","Enlightenment+1","RobotSpaceExplorer:SlimeMissile","Run Through","Clash","RobotSpaceExplorer:MetalStrike","RobotSpaceExplorer:Pulsar","RobotSpaceExplorer:PowerGlove","Shrug It Off+1","RobotSpaceExplorer:SurgingShield+1","RobotSpaceExplorer:ScrapMissile+1","RobotSpaceExplorer:Probe+1","RobotSpaceExplorer:Comet","Demon Form","ReplayUltimateDefense","Apotheosis","Impervious","RobotSpaceExplorer:Discharger+1","RobotSpaceExplorer:Discharger+1","Chrysalis+1","RobotSpaceExplorer:Blitz+1","Reaper+1","Bludgeon+1","Fire Breathing","Fire Breathing","RobotSpaceExplorer:Calculate+1","Hemokinesis+1","RobotSpaceExplorer:StarLightning+1","Crow Ritual+1","Thunderclap+1","Sadistic Nature","RobotSpaceExplorer:HighVoltage+1","Pot Of Greed+1","Pot Of Greed+1","Pot Of Greed+1","Pot Of Greed+1","ReplayTheSpireMod:LeadingStrike+1","HandOfGreed+1","HandOfGreed+1","Forethought+1","RobotSpaceExplorer:ChargingLaser+1","RobotSpaceExplorer:StunGrenade+1","Cleave+1","Metamorphosis+1","Mayhem","Pot Of Greed+1","ReplayTheSpireMod:Private Reserves+1","RobotSpaceExplorer:ScrapMissile+1","Body Slam+1","Immolate+1","Ghostly Armor+1","Metamorphosis+1","Barricade+1","RobotSpaceExplorer:BlastShield+1","Berserk+1","Pot Of Greed+1","Blind+1","Bandage Up+1","Inflame+1","RobotSpaceExplorer:StunGrenade+1","ReplayTheSpireMod:Limb From Limb+1","The Bomb+1","Metamorphosis+1","ReplayTheSpireMod:Trickstab+1"],"relics":["RobotSpaceExplorer:RoboCore","Lizard Tail","Blood Vial","Blue Doll","Lee\u0027s Waffle","Bronze Scales","Molten Egg 2","Omamori","TheAbacus","NeowsBlessing","Smiling Mask","Gremlin Food","Pear","Orichalcum","Replay:Towering Pillar of Hats","ReplayTheSpireMod:Lightbulb","ReplayTheSpireMod:CursedCoin","Matryoshka","Toxic Egg 2","Chemical X","InkBottle","RobotSpaceExplorer:PlasmaHourglass","Calling Bell","Dream Catcher","Eternal Feather","RobotSpaceExplorer:ToughPlating","Oddly Smooth Stone","MutagenicStrength","Strange Spoon","RobotSpaceExplorer:BottledGravity","Replay:Multitool","ClockworkSouvenir","Counterbalance","Divine Protection","Replay:Baseball","Bag of Preparation","Blue Candle","CeramicFish","Membership Card","Letter Opener","Grinning Jar","Bag of Marbles","Gremlin Horn","Question Card","Replay:WaspNest","Black Star","Potion Belt","RobotSpaceExplorer:SlideRule","ReplayFunnel","MawBank","Golden Egg","Lantern","Art of War","Pantograph","Replay:Wax Seal","TungstenRod","Bottled Lightning","Toolbox","Anchor","Bottled Tornado","Pen Nib","PreservedInsect","Du-Vu Doll","Whetstone","Incense Burner","Thread and Needle","Replay:Bandana","Garlic","MealTicket","paleoftheancients:Timepiece","HornCleat","paleoftheancients:SoulOfTheWatcher","Ornamental Fan","Pet Ghost","Replay:Rubber Ducky","Nunchaku","ReplayTheSpireMod:ShopPack","ReplayTheSpireMod:TigerMarble","Bottled Flame"],"acts_visited":["Exordium","TheCity","TheBeyond","paleoftheancients:PaleOfTheAncients"],"potions_floor_usage":[37,38,38,39,42,42,42,44,44,46,48,50,50,51,52,52,56,56,56,56,60,60,60,60,60,60,60,60,60,60,60,60,60],"damage_taken":[{"damage":1.0,"enemies":"Cultist","floor":1.0,"turns":3.0},{"damage":0.0,"enemies":"Small Slimes","floor":2.0,"turns":2.0},{"damage":0.0,"enemies":"Gremlin Nob","floor":6.0,"turns":1.0},{"damage":0.0,"enemies":"3 Sentries","floor":7.0,"turns":2.0},{"damage":0.0,"enemies":"Gremlin Nob","floor":8.0,"turns":1.0},{"damage":0.0,"enemies":"Lagavulin","floor":11.0,"turns":3.0},{"damage":40.0,"enemies":"Gremlin Nob","floor":12.0,"turns":6.0},{"damage":0.0,"enemies":"3 Sentries","floor":14.0,"turns":6.0},{"damage":26.0,"enemies":"Slime Boss","floor":16.0,"turns":7.0},{"damage":2.0,"enemies":"Shell Parasite","floor":18.0,"turns":4.0},{"damage":20.0,"enemies":"3 Byrds","floor":22.0,"turns":4.0},{"damage":12.0,"enemies":"Replay:Snechameleon","floor":23.0,"turns":3.0},{"damage":0.0,"enemies":"Book of Stabbing","floor":25.0,"turns":4.0},{"damage":2.0,"enemies":"Slavers","floor":27.0,"turns":3.0},{"damage":0.0,"enemies":"Replay:Snechameleon","floor":29.0,"turns":3.0},{"damage":11.0,"enemies":"Automaton","floor":33.0,"turns":6.0},{"damage":0.0,"enemies":"3 Darklings","floor":35.0,"turns":2.0},{"damage":0,"enemies":"3 Shapes","floor":37,"turns":2},{"damage":10,"enemies":"Writhing Mass","floor":38,"turns":4},{"damage":0,"enemies":"Transient","floor":39,"turns":5},{"damage":0,"enemies":"R_Hoarder","floor":40,"turns":3},{"damage":3,"enemies":"Giant Head","floor":42,"turns":5},{"damage":38,"enemies":"Nemesis","floor":44,"turns":3},{"damage":0,"enemies":"R_Hoarder","floor":46,"turns":2},{"damage":0,"enemies":"Reptomancer","floor":48,"turns":1},{"damage":0,"enemies":"Time Eater","floor":50,"turns":5},{"damage":5,"enemies":"Time Eater","floor":51,"turns":4},{"damage":0,"enemies":"Time Eater","floor":52,"turns":7},{"damage":0,"enemies":"Time Eater","floor":56,"turns":3},{"damage":0,"enemies":"paleoftheancients:N","floor":60,"turns":9}],"seed_played":"4546453493389125699","potions_obtained":[{"floor":6.0,"key":"BlessingOfTheForge"},{"floor":8.0,"key":"Adrenaline Potion"},{"floor":10.0,"key":"Fire Potion"},{"floor":16.0,"key":"Weak Potion"},{"floor":22.0,"key":"Swift Potion"},{"floor":23.0,"key":"Block Potion"},{"floor":25.0,"key":"FearPotion"},{"floor":33.0,"key":"RobotSpaceExplorer:RecyclePotion"},{"floor":35,"key":"blueLaboratory:Moonshine"},{"floor":37,"key":"blueLaboratory:LouseDecoction"},{"floor":40,"key":"blueLaboratory:NullPotion"},{"floor":44,"key":"PowerPotion"},{"floor":49,"key":"SteroidPotion"},{"floor":49,"key":"Energy Potion"},{"floor":51,"key":"blueLaboratory:BubblePotion"},{"floor":53,"key":"BlessingOfTheForge"},{"floor":53,"key":"Reflective Coating"}],"is_trial":true,"path_per_floor":["M","M","$","WH","?","E","E","E","T","?","E","E","$","E","R","B",null,"M","?","?","$","M","E","R","E","T","E","$","E","$","WH","R","B",null,"M","$","M","M","M","E","$","E","T","E","R","E","?","E","R_BF","B","M","M","?","$","R","M","R","$","?","B",null],"character_chosen":"RobotSpaceExplorer","items_purchased":["Lee\u0027s Waffle","Bronze Scales","Molten Egg 2","Omamori","TheAbacus","RobotSpaceExplorer:PowerGlove","Explosive Potion","ColorlessPotion","Shrug It Off","RobotSpaceExplorer:SurgingShield+1","RobotSpaceExplorer:ScrapMissile+1","RobotSpaceExplorer:Probe+1","ReplayTheSpireMod:CursedCoin","Matryoshka","Toxic Egg 2","Chemical X","InkBottle","Weak Potion","blueLaboratory:BubblePotion","RobotSpaceExplorer:Discharger","Chrysalis+1","RobotSpaceExplorer:Blitz+1","Strange Spoon","RobotSpaceExplorer:BottledGravity","Replay:Multitool","ClockworkSouvenir","PowerPotion","blueLaboratory:Moonshine","Fire Breathing","RobotSpaceExplorer:Calculate+1","Hemokinesis+1","RobotSpaceExplorer:StarLightning+1","Membership Card","Letter Opener","Grinning Jar","blueLaboratory:PhilterOfMotion","Toxic Potion","ReplayTheSpireMod:LeadingStrike+1","HandOfGreed+1","Bag of Marbles","Forethought+1","Question Card","Replay:WaspNest","RobotSpaceExplorer:StunGrenade+1","RobotSpaceExplorer:SlideRule","DuplicationPotion","blueLaboratory:BottleOfRum","Mayhem","ReplayTheSpireMod:Private Reserves+1","RobotSpaceExplorer:ScrapMissile+1","Body Slam+1","ReplayFunnel","Replay:Wax Seal","TungstenRod","Bottled Lightning","Ghostly Armor+1","Toolbox","PowerPotion","Replay:Rubber Ducky","SkillPotion","Bandage Up+1","Inflame","ReplayTheSpireMod:ShopPack","ReplayTheSpireMod:TigerMarble","Bottled Flame","blueLaboratory:BottleOfRum","blueLaboratory:BottledHope","blueLaboratory:PhilterOfMotion"],"campfire_rested":5,"item_purchase_floors":[3,3,3,3,3,3,3,3,3,3,3,3,13,13,13,13,13,13,13,13,13,13,21,21,21,21,21,21,21,21,21,21,28,28,28,28,28,28,28,28,28,30,30,30,36,36,36,36,36,36,36,36,41,41,41,41,41,41,54,54,54,54,58,58,58,58,58,58],"current_hp_per_floor":[74,75,82,82,82,82,82,92,92,92,92,52,52,54,81,64,92,92,92,92,92,72,62,92,92,92,90,90,92,92,101,101,101,101,101,101,101,91,101,101,101,98,98,62,98,101,101,101,101,111,109,111,111,111,111,111,111,111,111,111],"gold":824,"neow_bonus":"TEN_PERCENT_HP_BONUS","is_daily":false,"chose_seed":false,"campfire_upgraded":0,"win_rate":0.0,"timestamp":1614231450,"path_taken":["M","M","$","WH","?","E","?","E","T","?","E","E","$","?","R","BOSS","M","?","?","$","M","E","R","E","T","E","$","E","$","WH","R","BOSS","M","$","M","M","M","E","$","E","T","E","R","E","?","?","R_BF","BOSS","M","M","?","$","R","M","R","$","?","BOSS"],"items_purchased_type":["Relic","Relic","Relic","Relic","Relic","Card","Potion","Potion","Card","Card","Card","Card","Relic","Relic","Relic","Relic","Relic","Potion","Potion","Card","Card","Card","Relic","Relic","Relic","Relic","Potion","Potion","Card","Card","Card","Card","Relic","Relic","Relic","Potion","Potion","Card","Card","Relic","Card","Relic","Relic","Card","Relic","Potion","Potion","Card","Card","Card","Card","Relic","Relic","Relic","Relic","Card","Relic","Potion","Relic","Potion","Card","Card","Relic","Relic","Relic","Potion","Potion","Potion"],"build_version":"2020-12-22","purchased_purges":3,"victory":true,"max_hp_per_floor":[75,75,82,82,82,82,82,92,92,92,92,92,92,92,92,92,92,92,92,92,92,92,92,92,92,92,92,92,92,92,101,101,101,101,101,101,101,101,101,101,101,101,101,101,101,101,101,101,101,111,111,111,111,111,111,111,111,111,111,111],"card_choices":[{"not_picked":["RobotSpaceExplorer:Probe","Body Slam"],"picked":"RobotSpaceExplorer:ImprovisedAttack","floor":0.0},{"not_picked":["Battle Trance","Enlightenment"],"picked":"Replay:Bootleg Shield Generator","floor":0.0},{"not_picked":["Blind","RobotSpaceExplorer:MakeshiftVolley"],"picked":"RobotSpaceExplorer:PowerCollector","floor":0.0},{"not_picked":["Replay:Undeath\u0027s Touch","Warcry"],"picked":"Finesse","floor":0.0},{"not_picked":["Warcry","Spot Weakness"],"picked":"RobotSpaceExplorer:Electroshield","floor":0.0},{"not_picked":["Perfected Strike","Life Link"],"picked":"Clothesline","floor":0.0},{"not_picked":["RobotSpaceExplorer:Probe","PanicButton"],"picked":"Flex","floor":0.0},{"not_picked":["RobotSpaceExplorer:Ammunition","Perfected Strike"],"picked":"RobotSpaceExplorer:Calculate","floor":0.0},{"not_picked":["Burning Pact","RobotSpaceExplorer:FrostMissile"],"picked":"Enlightenment","floor":0.0},{"not_picked":["RobotSpaceExplorer:GlueSpray","Warcry"],"picked":"RobotSpaceExplorer:SlimeMissile","floor":0.0},{"not_picked":["Iron Wave","Uppercut"],"picked":"Run Through","floor":0.0},{"not_picked":["Headbutt","Rupture"],"picked":"Clash","floor":0.0},{"not_picked":["Feel No Pain","True Grit"],"picked":"Armaments","floor":0.0},{"not_picked":["Impatience","RobotSpaceExplorer:GlueSpray"],"picked":"RobotSpaceExplorer:MetalStrike","floor":0.0},{"not_picked":["RobotSpaceExplorer:SurgingShield","Perfected Strike"],"picked":"RobotSpaceExplorer:Pulsar","floor":0.0},{"not_picked":["RobotSpaceExplorer:Accelerator","Magnetism"],"picked":"RobotSpaceExplorer:Comet","floor":6.0},{"not_picked":["Panache","Transmutation"],"picked":"Demon Form","floor":7.0},{"not_picked":["RobotSpaceExplorer:DroneSwarm","RobotSpaceExplorer:Autoloader"],"picked":"ReplayUltimateDefense","floor":8.0},{"not_picked":["RobotSpaceExplorer:Explosion+1","ReplayUltimateDefense"],"picked":"Apotheosis","floor":11.0},{"not_picked":["RobotSpaceExplorer:Multitool","Crow Ritual"],"picked":"Impervious","floor":12.0},{"not_picked":["RobotSpaceExplorer:Accelerator","Panache"],"picked":"Reaper+1","floor":14.0},{"not_picked":["RobotSpaceExplorer:Multitool","RobotSpaceExplorer:Autoloader"],"picked":"Bludgeon+1","floor":16.0},{"not_picked":["Apotheosis+1","RobotSpaceExplorer:Scanner"],"picked":"Crow Ritual","floor":23.0},{"not_picked":["RobotSpaceExplorer:SwiftStep+1","Flex+1"],"picked":"Thunderclap+1","floor":24.0},{"not_picked":["Demonic Infusion+1","Eclipse+1"],"picked":"Sadistic Nature","floor":25.0},{"not_picked":["RobotSpaceExplorer:Explosion+1","Violence+1"],"picked":"RobotSpaceExplorer:HighVoltage+1","floor":27.0},{"not_picked":["Reaper+1","Transmutation+1"],"picked":"RobotSpaceExplorer:ChargingLaser+1","floor":29.0},{"not_picked":["Heavy Blade+1","Spot Weakness+1","RobotSpaceExplorer:FranticSearch+1"],"picked":"Cleave+1","floor":32.0},{"not_picked":["Demon Form","Secret Weapon+1","Master of Strategy+1"],"picked":"Metamorphosis+1","floor":33.0},{"not_picked":["RobotSpaceExplorer:Multitool","ReplayTheSpireMod:Necrogeddon+1","Reaper+1"],"picked":"Immolate+1","floor":40},{"not_picked":["Master of Strategy+1","Brutality","Secret Technique+1"],"picked":"Metamorphosis+1","floor":42},{"not_picked":["RobotSpaceExplorer:Arsenal+1","RobotSpaceExplorer:ChargingLaser+1","Demonic Infusion+1"],"picked":"Barricade","floor":44},{"not_picked":["Metamorphosis+1","Fiend Fire+1","ReplayTheSpireMod:Brewmster"],"picked":"RobotSpaceExplorer:BlastShield+1","floor":46},{"not_picked":["Immolate+1","Transmutation+1","RobotSpaceExplorer:Exploration+1"],"picked":"Berserk","floor":48},{"not_picked":["RobotSpaceExplorer:ShovelStrike+1","Headbutt+1","RobotSpaceExplorer:ScrapToss+1"],"picked":"Blind+1","floor":53},{"not_picked":["Replay:Undeath\u0027s Touch+1","RobotSpaceExplorer:Electroshield+1","Clash+1"],"picked":"RobotSpaceExplorer:StunGrenade+1","floor":55},{"not_picked":["Headbutt+1","Dropkick+1","RobotSpaceExplorer:FrostMissile+1"],"picked":"ReplayTheSpireMod:Limb From Limb+1","floor":57},{"not_picked":["HandOfGreed","Mayhem","Secret Technique"],"picked":"The Bomb","floor":58},{"not_picked":["Secret Weapon","Dramatic Entrance","Replay:Sssssssssstrike"],"picked":"Metamorphosis","floor":58},{"not_picked":["Survey Options","Sadistic Nature","Flash of Steel"],"picked":"ReplayTheSpireMod:Trickstab","floor":58}],"player_experience":546311,"relics_obtained":[{"floor":1.0,"key":"Blood Vial"},{"floor":2.0,"key":"Blue Doll"},{"floor":6.0,"key":"Smiling Mask"},{"floor":7.0,"key":"Gremlin Food"},{"floor":8.0,"key":"Pear"},{"floor":9.0,"key":"Orichalcum"},{"floor":11.0,"key":"Replay:Towering Pillar of Hats"},{"floor":12.0,"key":"ReplayTheSpireMod:Lightbulb"},{"floor":14.0,"key":"RobotSpaceExplorer:PlasmaHourglass"},{"floor":17.0,"key":"Dream Catcher"},{"floor":17.0,"key":"Eternal Feather"},{"floor":17.0,"key":"RobotSpaceExplorer:ToughPlating"},{"floor":18.0,"key":"Oddly Smooth Stone"},{"floor":22.0,"key":"Counterbalance"},{"floor":23.0,"key":"Divine Protection"},{"floor":25.0,"key":"Replay:Baseball"},{"floor":26.0,"key":"Bag of Preparation"},{"floor":26.0,"key":"Blue Candle"},{"floor":27.0,"key":"CeramicFish"},{"floor":29.0,"key":"Gremlin Horn"},{"floor":35,"key":"Potion Belt"},{"floor":37,"key":"MawBank"},{"floor":38,"key":"Golden Egg"},{"floor":39,"key":"Lantern"},{"floor":40,"key":"Art of War"},{"floor":40,"key":"Pantograph"},{"floor":42,"key":"Anchor"},{"floor":42,"key":"Bottled Tornado"},{"floor":43,"key":"Pen Nib"},{"floor":43,"key":"PreservedInsect"},{"floor":44,"key":"Du-Vu Doll"},{"floor":44,"key":"Whetstone"},{"floor":45,"key":"Incense Burner"},{"floor":46,"key":"Thread and Needle"},{"floor":46,"key":"Replay:Bandana"},{"floor":48,"key":"Garlic"},{"floor":48,"key":"MealTicket"},{"floor":51,"key":"HornCleat"},{"floor":52,"key":"paleoftheancients:SoulOfTheWatcher"},{"floor":52,"key":"Ornamental Fan"},{"floor":53,"key":"Pet Ghost"},{"floor":56,"key":"Nunchaku"}],"event_choices":[{"damage_healed":0.0,"max_hp_gain":0.0,"max_hp_loss":0.0,"gold_gain":0.0,"event_name":"Upgrade Shrine","player_choice":"Upgraded","floor":5.0,"gold_loss":0.0,"damage_taken":0.0,"cards_upgraded":["RobotSpaceExplorer:PowerCollector"]},{"damage_healed":0.0,"max_hp_gain":0.0,"max_hp_loss":0.0,"gold_gain":0.0,"event_name":"Lab","player_choice":"Got Potions","floor":10.0,"gold_loss":0.0,"damage_taken":0.0},{"damage_healed":0.0,"max_hp_gain":0.0,"max_hp_loss":0.0,"gold_gain":0.0,"event_name":"Drug Dealer","player_choice":"Inject Mutagens","floor":19.0,"gold_loss":0.0,"damage_taken":0.0,"relics_obtained":["MutagenicStrength"]},{"cards_removed":["Armaments"],"damage_healed":0.0,"max_hp_gain":0.0,"max_hp_loss":0.0,"gold_gain":0.0,"event_name":"Beggar","player_choice":"Gave Gold","floor":20.0,"gold_loss":75.0,"damage_taken":0.0},{"damage_healed":0,"gold_gain":0,"player_choice":"Ignored","damage_taken":0,"max_hp_gain":0,"max_hp_loss":0,"event_name":"NoteForYourself","floor":47,"gold_loss":0}],"is_beta":false,"boss_relics":[{"not_picked":["Sozu","Velvet Choker"],"picked":"Calling Bell"},{"not_picked":["ReplayTheSpireMod:DimensionalGlitch","Astrolabe"],"picked":"Black Star"}],"items_purged_floors":[3,54,58],"is_endless":false,"potions_floor_spawned":[6,7,8,12,16,22,23,25,33,35,37,40,44,51],"ascension_level":0}}