{"host":"l1pf8md6w6jccf6p","time":1614242748,"event":{"mods":["AchievementEnabler","BaseMod","Block Reminder","Colored Map","Googly Eyes","Minty Spire (QoL Compilation)","StSLib","The Cursed"],"gold_per_floor":[111,111,111,128,139,164,164,164,190,365,29,29,64,14,14,110,110,128,147,147,2,2,2,32,32,32,69,69,95,107,134,134,240,240,256,275,294,308,308,308],"floor_reached":39,"language":"ENG","playtime":2396,"items_purged":["Doubt","ClearTheMind"],"score":497,"play_id":"33239884-9a65-4f4a-a64d-1185dbc645e3","local_time":"20210225034548","is_ascension_mode":false,"campfire_choices":[{"data":"Adaptation","floor":8,"key":"SMITH"},{"data":"Consecrate","floor":12,"key":"SMITH"},{"floor":15,"key":"REST"},{"data":"Bite","floor":23,"key":"SMITH"},{"data":"Bite","floor":25,"key":"SMITH"},{"data":"ForeignInfluence","floor":32,"key":"SMITH"}],"circlet_count":0,"master_deck":["Eruption","Vigilance","Adaptation+1","EmptyFist","Protect","Consecrate+1","Devotion","ClearTheMind","Wallop","Meditate","EmptyMind","ClearTheMind","Brilliance","Omniscience","EmptyBody+1","ForeignInfluence+1","Bite+1","Bite+1","Bite","Bite","Bite","FlurryOfBlows","Wallop","ClearTheMind","Wallop","Establishment","Evaluate+1","Wallop+1"],"relics":["Runic Pyramid","HornCleat","War Paint","Blood Vial","Bronze Scales","Gremlin Horn","Smiling Mask","Pandora\u0027s Box","Sling","Mercury Hourglass","Yang","CeramicFish","FaceOfCleric","Strawberry","VioletLotus"],"acts_visited":["Exordium","TheCity","TheBeyond"],"potions_floor_usage":[6,27,27,33,35,37,39],"damage_taken":[{"damage":4,"enemies":"Small Slimes","floor":1,"turns":3},{"damage":3,"enemies":"Jaw Worm","floor":4,"turns":3},{"damage":0,"enemies":"Cultist","floor":5,"turns":3},{"damage":13,"enemies":"Lagavulin","floor":6,"turns":5},{"damage":2,"enemies":"3 Sentries","floor":13,"turns":5},{"damage":36,"enemies":"Hexaghost","floor":16,"turns":7},{"damage":10,"enemies":"Chosen","floor":18,"turns":4},{"damage":20,"enemies":"2 Thieves","floor":19,"turns":3},{"damage":19,"enemies":"Slavers","floor":24,"turns":5},{"damage":19,"enemies":"Gremlin Leader","floor":27,"turns":4},{"damage":12,"enemies":"Snake Plant","floor":29,"turns":5},{"damage":3,"enemies":"Sentry and Sphere","floor":30,"turns":4},{"damage":10,"enemies":"Book of Stabbing","floor":31,"turns":4},{"damage":15,"enemies":"Collector","floor":33,"turns":6},{"damage":5,"enemies":"3 Shapes","floor":35,"turns":2},{"damage":0,"enemies":"Orb Walker","floor":36,"turns":3},{"damage":4,"enemies":"Spire Growth","floor":37,"turns":3},{"damage":47,"enemies":"Transient","floor":38,"turns":5},{"damage":40,"enemies":"Writhing Mass","floor":39,"turns":6}],"seed_played":"-3927426937841741441","potions_obtained":[{"floor":5,"key":"PowerPotion"},{"floor":16,"key":"EssenceOfSteel"},{"floor":24,"key":"Ancient Potion"},{"floor":27,"key":"Strength Potion"},{"floor":31,"key":"ColorlessPotion"},{"floor":35,"key":"Energy Potion"},{"floor":38,"key":"FearPotion"}],"is_trial":false,"path_per_floor":["M","?","?","M","M","E","T","R","T","?","$","R","E","$","R","B",null,"M","M","?","$","?","R","E","R","T","E","?","M","M","E","R","B",null,"M","M","M","M","M"],"character_chosen":"WATCHER","items_purchased":["Gremlin Horn","Sling"],"campfire_rested":1,"item_purchase_floors":[11,21],"current_hp_per_floor":[68,61,61,58,58,45,45,45,45,45,45,45,45,45,66,32,72,62,44,44,44,44,44,38,38,38,33,33,36,48,55,55,56,61,62,63,62,26,0,0],"gold":308,"neow_bonus":"BOSS_RELIC","is_daily":false,"chose_seed":false,"campfire_upgraded":5,"win_rate":0.0,"timestamp":1614242748,"path_taken":["M","?","?","?","M","E","?","R","T","?","$","R","E","?","R","BOSS","M","?","?","$","?","R","E","R","T","E","?","M","?","E","R","BOSS","M","?","?","?","M"],"items_purchased_type":["Relic","Relic"],"build_version":"2020-12-22","purchased_purges":2,"victory":false,"max_hp_per_floor":[72,72,72,72,72,72,72,72,72,72,72,72,72,72,72,72,72,72,72,50,50,50,50,50,50,50,50,50,51,52,60,60,61,61,62,63,64,65,65,65],"card_choices":[{"not_picked":["ClearTheMind","TalkToTheHand"],"picked":"Adaptation","floor":1},{"not_picked":["Evaluate","ThirdEye"],"picked":"EmptyFist","floor":4},{"not_picked":["JustLucky","CutThroughFate"],"picked":"Protect","floor":5},{"not_picked":["Fasting2","Alpha"],"picked":"Consecrate","floor":6},{"not_picked":["DeceiveReality","InnerPeace"],"picked":"ClearTheMind","floor":13},{"not_picked":["DeusExMachina","Vault"],"picked":"Devotion","floor":16},{"not_picked":["Prostrate","Protect"],"picked":"EmptyBody+1","floor":18},{"not_picked":["Nirvana+1","Adaptation"],"picked":"ForeignInfluence","floor":19},{"not_picked":["EmptyFist","Swivel+1"],"picked":"Wallop","floor":24},{"not_picked":["Swivel","MasterReality"],"picked":"ClearTheMind","floor":27},{"not_picked":["Prostrate","SandsOfTime"],"picked":"Wallop","floor":29},{"not_picked":["Fasting2","Indignation","SandsOfTime"],"picked":"SKIP","floor":30},{"not_picked":["PathToVictory","CrushJoints","WindmillStrike"],"picked":"SKIP","floor":31},{"not_picked":["SpiritShield","Omniscience"],"picked":"Establishment","floor":33},{"not_picked":["Study","Adaptation","Tantrum"],"picked":"SKIP","floor":35},{"not_picked":["Sanctity","WreathOfFlame+1"],"picked":"Evaluate+1","floor":36},{"not_picked":["FollowUp+1","CrushJoints"],"picked":"Wallop+1","floor":37},{"not_picked":["Wireheading","JustLucky","Halt+1"],"picked":"SKIP","floor":38}],"player_experience":87442,"relics_obtained":[{"floor":3,"key":"HornCleat"},{"floor":6,"key":"War Paint"},{"floor":7,"key":"Blood Vial"},{"floor":9,"key":"Bronze Scales"},{"floor":13,"key":"Smiling Mask"},{"floor":24,"key":"Mercury Hourglass"},{"floor":26,"key":"Yang"},{"floor":27,"key":"CeramicFish"},{"floor":31,"key":"Strawberry"}],"event_choices":[{"cards_removed":["Strike_P"],"damage_healed":0,"gold_gain":0,"player_choice":"Card Removal","damage_taken":7,"max_hp_gain":0,"max_hp_loss":0,"event_name":"Golden Wing","floor":2,"gold_loss":0},{"damage_healed":0,"gold_gain":0,"player_choice":"Relic","damage_taken":0,"max_hp_gain":0,"max_hp_loss":0,"event_name":"Wheel of Change","floor":3,"gold_loss":0},{"damage_healed":0,"gold_gain":175,"player_choice":"AGREE","damage_taken":0,"max_hp_gain":0,"max_hp_loss":0,"event_name":"Liars Game","floor":10,"gold_loss":0,"cards_obtained":["Doubt"]},{"damage_healed":0,"gold_gain":0,"player_choice":"Became a vampire","damage_taken":0,"max_hp_gain":0,"max_hp_loss":22,"event_name":"Vampires","floor":20,"gold_loss":0,"cards_obtained":["Bite","Bite","Bite","Bite","Bite"]},{"damage_healed":0,"gold_gain":0,"player_choice":"Read","damage_taken":0,"max_hp_gain":0,"max_hp_loss":0,"event_name":"The Library","floor":22,"gold_loss":0,"cards_obtained":["FlurryOfBlows"]},{"damage_healed":0,"gold_gain":0,"player_choice":"Trade","damage_taken":0,"relics_obtained":["FaceOfCleric"],"max_hp_gain":0,"max_hp_loss":0,"event_name":"FaceTrader","floor":28,"gold_loss":0}],"is_beta":false,"boss_relics":[{"not_picked":["Coffee Dripper","SacredBark"],"picked":"Pandora\u0027s Box"},{"not_picked":["Snecko Eye","Astrolabe"],"picked":"VioletLotus"}],"items_purged_floors":[11,14],"is_endless":false,"potions_floor_spawned":[5,16,24,27,31,35,38],"killed_by":"Writhing Mass","ascension_level":0}}