{"host":"z0i2956snhkzdzmn","time":1614232083,"event":{"mods":["2.2 Compatiblity","Act Like it!","Arknights","BaseMod","Better Skull","Better Vampires","BetterRewards","Block Reminder","CatGirl Mod","Colored Powertips","Conspire","Curses Come First","Dota2Spire","GifTheSpireLib","GungeonMod","Highlight Path","Minty Spire (QoL Compilation)","Pale of the Ancients","Permanent Neow","Quick Restart","Rare Cards Sparkle","Relic Stats","Reliquary","StSLib","The Judge","The Marked","The Showman","TheBandit","Unceasing Turn Reminder","thorton"],"gold_per_floor":[113,128,145,145,158,158,188,188,188,206,8,8,35,35,35,137,137,147,13,13,13,30,30,63,63,63,63,73,73,102,113,113,213,213,229,248,248,248,248],"floor_reached":38,"language":"ENG","playtime":1631,"items_purged":[],"score":464,"play_id":"829bb9e5-e801-44ec-a83b-3b0bc571659b","local_time":"20210224214803","is_ascension_mode":true,"campfire_choices":[{"floor":6,"key":"REST"},{"floor":8,"key":"REST"},{"floor":12,"key":"REST"},{"floor":15,"key":"REST"},{"floor":23,"key":"REST"},{"floor":25,"key":"REST"},{"data":"After Image","floor":27,"key":"SMITH"},{"data":"conspire:PoisonWeapons","floor":29,"key":"SMITH"},{"floor":32,"key":"REST"}],"circlet_count":0,"master_deck":["Survivor","Neutralize","Flechettes","Bane","Caltrops","Cloak And Dagger","Blade Dance","Deadly Poison","After Image+1","Corpse Explosion","Backflip","Doppelganger","Slice","Crippling Poison","Night Terror","Prepared","Setup","Backstab","Deadly Poison","conspire:PoisonWeapons+1","conspire:DoublingDagger+1","Footwork","PiercingWail","Slice","Shame","Poisoned Stab","Poisoned Stab","Footwork","Blur","Dagger Spray","Burst","Footwork+1","Deflect+1"],"relics":["reliquary:RustamsPendant","reliquary:Knoch","Nunchaku","TwistedFunnel","Smiling Mask","Pandora\u0027s Box","Regal Pillow","Turnip","Oddly Smooth Stone","reliquary:ThirdArm"],"acts_visited":["Exordium","TheCity","TheBeyond"],"potions_floor_usage":[13,13,13,33,35],"damage_taken":[{"damage":5,"enemies":"Jaw Worm","floor":1,"turns":4},{"damage":5,"enemies":"ats:Genji","floor":2,"turns":4},{"damage":0,"enemies":"2 Louse","floor":3,"turns":3},{"damage":16,"enemies":"Exordium Wildlife","floor":5,"turns":6},{"damage":45,"enemies":"Lagavulin","floor":7,"turns":10},{"damage":31,"enemies":"Gremlin Gang","floor":10,"turns":6},{"damage":11,"enemies":"Gremlin Nob","floor":13,"turns":3},{"damage":26,"enemies":"Hexaghost","floor":16,"turns":10},{"damage":13,"enemies":"Spheric Guardian","floor":18,"turns":5},{"damage":29,"enemies":"2 Thieves","floor":22,"turns":4},{"damage":24,"enemies":"conspire:SneckoGhost","floor":24,"turns":6},{"damage":7,"enemies":"Snake Plant","floor":28,"turns":4},{"damage":6,"enemies":"Book of Stabbing","floor":30,"turns":4},{"damage":7,"enemies":"Sentry and Sphere","floor":31,"turns":4},{"damage":68,"enemies":"conspire:MysteriousRune","floor":33,"turns":9},{"damage":28,"enemies":"3 Darklings","floor":35,"turns":6},{"damage":22,"enemies":"3 Shapes","floor":36,"turns":5},{"damage":23,"enemies":"3 Darklings","floor":38,"turns":1}],"seed_played":"-2570140469258606377","potions_obtained":[{"floor":3,"key":"FearPotion"},{"floor":5,"key":"Weak Potion"},{"floor":7,"key":"Strength Potion"},{"floor":24,"key":"Energy Potion"},{"floor":33,"key":"SkillPotion"},{"floor":36,"key":"SteroidPotion"}],"is_trial":false,"path_per_floor":["M","M","M","?","M","R","E","R","T","M","$","R","E","?","R","B",null,"M","$","?","?","M","R","E","R","T","R","M","R","E","M","R","B",null,"M","M","?","M"],"character_chosen":"THE_SILENT","items_purchased":["TwistedFunnel","Deadly Poison","Footwork","PiercingWail","Slice"],"campfire_rested":7,"item_purchase_floors":[11,11,19,19,19],"current_hp_per_floor":[65,60,60,70,54,70,25,46,46,15,15,36,25,25,46,20,70,57,57,57,57,28,64,40,70,70,70,63,63,57,50,70,2,70,42,20,20,0,0],"gold":248,"neow_bonus":"BOSS_RELIC","is_daily":false,"chose_seed":false,"campfire_upgraded":2,"win_rate":0.0,"timestamp":1614232083,"path_taken":["M","M","M","?","M","R","E","R","T","M","?","R","E","?","R","BOSS","M","$","?","?","?","R","E","R","T","R","M","R","E","M","R","BOSS","M","?","?","M"],"items_purchased_type":["Relic","Card","Card","Card","Card"],"build_version":"2020-12-22","purchased_purges":0,"victory":false,"max_hp_per_floor":[70,70,70,70,70,70,70,70,70,70,70,70,70,70,70,70,70,70,70,70,70,70,70,70,70,70,70,70,70,70,70,70,70,70,70,70,70,70,70],"relic_stats":{"Nunchaku":[17],"Regal Pillow":24,"counters":[18,94],"Pandora\u0027s Box":["Backflip","Doppelganger","Slice","Crippling Poison","Night Terror","Prepared","Setup","Backstab","Deadly Poison","conspire:PoisonWeapons"],"Turnip":[10],"Smiling Mask":0,"obtain_stats":[{"TwistedFunnel":11,"reliquary:RustamsPendant":0,"Nunchaku":9,"Regal Pillow":20,"Oddly Smooth Stone":30,"Pandora\u0027s Box":17,"DemoMod:GlassGuonStoneRelic":2,"Turnip":24,"reliquary:Knoch":7,"Smiling Mask":13,"reliquary:ThirdArm":34,"Ring of the Snake":0},{"TwistedFunnel":6,"reliquary:RustamsPendant":0,"Nunchaku":5,"Regal Pillow":9,"Oddly Smooth Stone":13,"Pandora\u0027s Box":8,"DemoMod:GlassGuonStoneRelic":2,"Turnip":11,"reliquary:Knoch":5,"Smiling Mask":7,"reliquary:ThirdArm":15,"Ring of the Snake":0},{"TwistedFunnel":33,"reliquary:RustamsPendant":0,"Nunchaku":27,"Regal Pillow":51,"Oddly Smooth Stone":69,"Pandora\u0027s Box":46,"DemoMod:GlassGuonStoneRelic":8,"Turnip":61,"reliquary:Knoch":27,"Smiling Mask":36,"reliquary:ThirdArm":82,"Ring of the Snake":0}]},"card_choices":[{"not_picked":["Quick Slash","Well Laid Plans"],"picked":"conspire:PoisonWeapons","floor":1},{"not_picked":["All Out Attack","Quick Slash"],"picked":"Flechettes","floor":2},{"not_picked":["Backflip","Finisher"],"picked":"Bane","floor":3},{"not_picked":["Expertise","Reflex"],"picked":"Caltrops","floor":5},{"not_picked":["Tactician","Calculated Gamble"],"picked":"Cloak And Dagger","floor":7},{"not_picked":["Outmaneuver","Flechettes"],"picked":"Blade Dance","floor":10},{"not_picked":["Malaise","Infinite Blades"],"picked":"After Image","floor":13},{"not_picked":["After Image","Night Terror"],"picked":"Corpse Explosion","floor":16},{"not_picked":["PiercingWail","Blade Dance"],"picked":"conspire:DoublingDagger+1","floor":18},{"not_picked":["Dodge and Roll","Dagger Throw+1"],"picked":"Poisoned Stab","floor":22},{"not_picked":["Calculated Gamble","Venomology"],"picked":"Poisoned Stab","floor":24},{"not_picked":["Slice+1","Flying Knee"],"picked":"Footwork","floor":28},{"not_picked":["All Out Attack","Distraction"],"picked":"Blur","floor":30},{"not_picked":["Prepared","Flying Knee"],"picked":"Dagger Spray","floor":31},{"not_picked":["Bullet Time","Corpse Explosion"],"picked":"Burst","floor":33},{"not_picked":["Choke","Underhanded Strike"],"picked":"Footwork+1","floor":35},{"not_picked":["Prepared+1","Dagger Throw+1"],"picked":"Deflect+1","floor":36}],"player_experience":181306,"relics_obtained":[{"floor":7,"key":"reliquary:Knoch"},{"floor":9,"key":"Nunchaku"},{"floor":13,"key":"Smiling Mask"},{"floor":24,"key":"Turnip"},{"floor":30,"key":"Oddly Smooth Stone"}],"event_choices":[{"cards_removed":["conspire:PoisonWeapons"],"damage_healed":10,"gold_gain":0,"player_choice":"Offered Uncommon","damage_taken":0,"max_hp_gain":0,"max_hp_loss":0,"event_name":"Bonfire Elementals","floor":4,"gold_loss":0},{"damage_healed":0,"gold_gain":0,"player_choice":"Disagree","damage_taken":0,"max_hp_gain":0,"max_hp_loss":0,"event_name":"conspire:LoneGhost","floor":14,"gold_loss":0},{"damage_healed":0,"gold_gain":0,"player_choice":"Stole Relic","damage_taken":0,"relics_obtained":["Regal Pillow"],"max_hp_gain":0,"max_hp_loss":0,"event_name":"Addict","floor":20,"gold_loss":0,"cards_obtained":["Shame"]},{"damage_healed":0,"gold_gain":0,"player_choice":"Leave","damage_taken":0,"max_hp_gain":0,"max_hp_loss":0,"event_name":"conspire:Investor","floor":21,"gold_loss":0},{"damage_healed":0,"gold_gain":0,"player_choice":"Ignored","damage_taken":0,"max_hp_gain":0,"max_hp_loss":0,"event_name":"Mysterious Sphere","floor":37,"gold_loss":0}],"is_beta":false,"boss_relics":[{"not_picked":["Ectoplasm","thethorton:GreedFountain"],"picked":"Pandora\u0027s Box"},{"not_picked":["reliquary:Craggleroot","reliquary:RedPaperclip"],"picked":"reliquary:ThirdArm"}],"items_purged_floors":[],"is_endless":false,"potions_floor_spawned":[3,5,7,10,24,33,36],"killed_by":"3 Darklings","ascension_level":2}}