{"host":"8t5dkgm85abdp22d","time":1614257932,"event":{"mods":["100% Spire Juice","ATMod(阿瑾Mod)","Act Like it!","BaseMod","Colored Powertips","Conspire","Gensokyo","Hallownest","Library of Ruina","Marisa（F雨　魔理沙）","Minty Spire (QoL Compilation)","MostiFishMod","Remilia（蕾米莉亚）","RumiaBox-露米娅的神秘盒子","StSLib","The Bug Knight","UnlockEverythingMod","Waifu the Spire","WarShipGirlsR/战舰少女R mod","Wide Potions","Yakumo Yukari mod"],"gold_per_floor":[115,69,82,82,98,131,151,164,164,193,204,223,223,254,254,358,358,358],"floor_reached":17,"language":"ZHS","playtime":547,"items_purged":[],"score":304,"play_id":"f01551e7-8888-4e57-a1aa-6773a27e54ea","local_time":"20210225205852","is_ascension_mode":true,"campfire_choices":[{"data":"SenseQuarry","floor":15,"key":"SMITH"}],"circlet_count":0,"master_deck":["Dodge","LightDefense","LightAttack","LightAttack","LightAttack","LightDefense","LightDefense","ChargeAndCover","FocusedStrikes","TendonChords","SenseQuarry+1","WillOfThePrescript","FrontalAssault","HardRehearsal","BayonetCombat","TieShanKao"],"relics":["PageOfLibrarian","AT_ATBox","DaveBox","DianPoetry","SynthV:TestCard","Ancient Tea Set","conspire:TopHat","PlanX","ChiXiaoBlade"],"acts_visited":["Exordium","TheCity"],"potions_floor_usage":[],"damage_taken":[{"damage":0,"enemies":"Cultist","floor":1,"turns":3},{"damage":0,"enemies":"Small Slimes","floor":3,"turns":3},{"damage":7,"enemies":"Jaw Worm","floor":5,"turns":3},{"damage":0,"enemies":"Lagavulin","floor":6,"turns":3},{"damage":0,"enemies":"Red Slaver","floor":7,"turns":2},{"damage":2,"enemies":"Looter","floor":8,"turns":2},{"damage":0,"enemies":"Gremlin Nob","floor":10,"turns":3},{"damage":0,"enemies":"Gremlin Gang","floor":11,"turns":4},{"damage":0,"enemies":"Lots of Slimes","floor":12,"turns":3},{"damage":0,"enemies":"Lagavulin","floor":14,"turns":3},{"damage":14,"enemies":"Hexaghost","floor":16,"turns":4}],"seed_played":"-7026934271982276619","potions_obtained":[{"floor":3,"key":"SneckoOil"},{"floor":5,"key":"GamblersBrew"},{"floor":8,"key":"FearPotion"}],"is_trial":false,"path_per_floor":["M","$","M","$","M","E","M","M","T","E","M","M","?","E","R","B",null],"character_chosen":"Librarian","items_purchased":["TendonChords"],"campfire_rested":0,"item_purchase_floors":[2],"current_hp_per_floor":[60,60,66,66,68,74,80,82,82,82,82,82,75,82,82,74,82,82],"gold":358,"neow_bonus":"RANDOM_COLORLESS","is_daily":false,"chose_seed":false,"campfire_upgraded":1,"win_rate":0.0,"timestamp":1614257932,"path_taken":["M","$","M","?","M","E","M","M","T","E","?","M","?","E","R","BOSS"],"items_purchased_type":["Card"],"build_version":"2020-12-22","purchased_purges":0,"victory":false,"max_hp_per_floor":[91,91,91,91,91,82,82,82,82,82,82,82,82,82,82,82,82,82],"card_choices":[{"not_picked":["HighKick","BackAttack","Gamble","AutonomousRush"],"picked":"SKIP","floor":1},{"not_picked":["TrimTheIngredients","DarkCloud","Leap_lor","JiaoTu","SnakesPrey"],"picked":"SenseQuarry","floor":3},{"not_picked":["Diversion","EmotionalTurbulence","FrontalAssault","HardRehearsal","SunsetBlade"],"picked":"WillOfThePrescript","floor":5},{"not_picked":["EnergyCycle","Parry2","Outburst","FleetEdge","DimensionalRift"],"picked":"FrontalAssault","floor":6},{"not_picked":["HighKick","GuardingStance","WrathOfTorment","Punishment","Rewind"],"picked":"HardRehearsal","floor":7},{"not_picked":["AlloutWar","BackAttack","UpbeatPerformance","ChargeUp","GuidanceOfTheGears","SharpSwipe"],"picked":"SKIP","floor":8},{"not_picked":["CoordinatedAssault","AlloutWar","DarkCloud","GuardingStance","SinglePointStab","FervidEmotions"],"picked":"SKIP","floor":10},{"not_picked":["GuardingStance","SinglePointStab","ViolentFlame","WaitUp","Reload"],"picked":"BayonetCombat","floor":11},{"not_picked":["ForTheFamily","SuppressingShot","Leap_lor","WildCard","Execute_lor","SuanNi"],"picked":"SKIP","floor":12},{"not_picked":["CoordinatedAssault","Rewind","Parry2","Standoff","Reload","AlloutWar"],"picked":"SKIP","floor":14},{"not_picked":["Punishment","UnforgettableMelody","FormingStorm","SuanNi"],"picked":"TieShanKao","floor":16}],"player_experience":132471,"relics_obtained":[{"floor":1,"key":"SynthV:TestCard"},{"floor":6,"key":"Ancient Tea Set"},{"floor":10,"key":"conspire:TopHat"},{"floor":14,"key":"PlanX"}],"event_choices":[{"cards_removed":["LightDefense"],"damage_healed":0,"gold_gain":0,"player_choice":"Card Removal","damage_taken":7,"max_hp_gain":0,"max_hp_loss":0,"event_name":"Golden Wing","floor":13,"gold_loss":0}],"is_beta":false,"boss_relics":[{"not_picked":["conspire:SeveredTorchhead","RhineFirstAidKit"],"picked":"ChiXiaoBlade"}],"items_purged_floors":[],"is_endless":false,"potions_floor_spawned":[3,5,8,11,16],"ascension_level":2}}