{"host":"siagz6a7l016lv9o","time":1614283106,"event":{"mods":["AchievementEnabler","BaseMod","Colored Map","Downfall","Minty Spire (QoL Compilation)","Permanent Neow","StSLib"],"gold_per_floor":[115,129,27,43,43,68,68,97,97,97,132,146,146,2,2,99,99,116,136,136,8,8,34,34,63,63,63,76,111,129,162,162,258,258,273,320,320,320,420,446,466,466,489,92,112,125,49,75,75,75],"floor_reached":51,"language":"ENG","playtime":1853,"items_purged":["Normality","Regret","Defend_R"],"score":1095,"play_id":"a6373415-4d4a-4a16-9841-6235a8c50e53","local_time":"20210225205826","is_ascension_mode":true,"campfire_choices":[{"data":"Perfected Strike","floor":10.0,"key":"SMITH"},{"data":"Perfected Strike","floor":13.0,"key":"SMITH"},{"floor":15.0,"key":"REST"},{"data":"Perfected Strike","floor":27.0,"key":"SMITH"},{"data":"Perfected Strike","floor":32.0,"key":"SMITH"},{"data":"Perfected Strike","floor":49,"key":"SMITH"}],"circlet_count":0,"master_deck":["Strike_R","Strike_R","Strike_R","Strike_R","Strike_R","Defend_R","Bash","Perfected Strike+1","Perfected Strike+1","Perfected Strike+1","Perfected Strike+1","Offering","Twin Strike","Shockwave","Pommel Strike","Perfected Strike+1","Twin Strike","Perfected Strike+1","Flame Barrier+1","Madness","Madness","Master of Strategy","Perfected Strike+1","Pommel Strike"],"relics":["Burning Blood","Gambling Chip","Frozen Egg 2","Kunai","Lantern","Sundial","Question Card","Membership Card","Mark of Pain","Enchiridion","Oddly Smooth Stone","Letter Opener","PreservedInsect","Gremlin Horn","Blood Vial","Smiling Mask","Empty Cage","Lizard Tail","Blue Candle","MealTicket","Vajra","Toolbox","Pear","Orichalcum","Prayer Wheel"],"acts_visited":["Exordium","TheCity","TheBeyond"],"potions_floor_usage":[50,50,50],"damage_taken":[{"damage":3.0,"enemies":"Small Slimes","floor":1.0,"turns":4.0},{"damage":8.0,"enemies":"Jaw Worm","floor":2.0,"turns":3.0},{"damage":0.0,"enemies":"2 Louse","floor":4.0,"turns":2.0},{"damage":14.0,"enemies":"Gremlin Nob","floor":6.0,"turns":3.0},{"damage":37.0,"enemies":"3 Sentries","floor":8.0,"turns":8.0},{"damage":33.0,"enemies":"Lagavulin","floor":11.0,"turns":4.0},{"damage":0.0,"enemies":"Looter","floor":12.0,"turns":1.0},{"damage":35.0,"enemies":"Slime Boss","floor":16.0,"turns":11.0},{"damage":5.0,"enemies":"Chosen","floor":18.0,"turns":2.0},{"damage":6.0,"enemies":"Shell Parasite","floor":19.0,"turns":1.0},{"damage":7.0,"enemies":"Book of Stabbing","floor":23.0,"turns":3.0},{"damage":6.0,"enemies":"Slavers","floor":25.0,"turns":3.0},{"damage":0.0,"enemies":"Sentry and Sphere","floor":28.0,"turns":2.0},{"damage":16.0,"enemies":"Book of Stabbing","floor":29.0,"turns":3.0},{"damage":10.0,"enemies":"Centurion and Healer","floor":30.0,"turns":2.0},{"damage":0.0,"enemies":"Gremlin Leader","floor":31.0,"turns":2.0},{"damage":6.0,"enemies":"Collector","floor":33.0,"turns":6.0},{"damage":0.0,"enemies":"3 Shapes","floor":35.0,"turns":2.0},{"damage":9.0,"enemies":"2 Orb Walkers","floor":36.0,"turns":3.0},{"damage":6,"enemies":"Giant Head","floor":40,"turns":4},{"damage":16,"enemies":"3 Darklings","floor":41,"turns":2},{"damage":6,"enemies":"Sphere and 2 Shapes","floor":45,"turns":1},{"damage":6,"enemies":"Spire Growth","floor":46,"turns":1},{"damage":0,"enemies":"Reptomancer","floor":48,"turns":1},{"damage":21,"enemies":"Awakened One","floor":50,"turns":6}],"seed_played":"6054134287847007162","potions_obtained":[{"floor":2.0,"key":"CultistPotion"},{"floor":11.0,"key":"BlessingOfTheForge"},{"floor":16.0,"key":"DistilledChaos"},{"floor":19.0,"key":"hexamod:SoulburnPotion"},{"floor":25.0,"key":"SmokeBomb"},{"floor":29.0,"key":"Strength Potion"}],"is_trial":false,"path_per_floor":["M","M","$","M","?","E","$","E","T","R","E","M","R","$","R","B",null,"M","M","?","$","?","E","$","E","T","R","M","E","M","E","R","B",null,"M","?","?","?","?","E","M","?","T","$","M","M","$","E","R","B",null],"character_chosen":"IRONCLAD","items_purchased":["Perfected Strike","Membership Card","Oddly Smooth Stone","Master of Strategy","Toolbox","Pear","HeartOfIron","Orichalcum"],"campfire_rested":1,"item_purchase_floors":[3,14,21,44,44,44,44,47],"current_hp_per_floor":[80,78,78,80,80,72,72,41,41,41,14,20,20,20,44,15,80,80,80,64,64,64,63,63,63,63,63,69,59,57,65,65,67,80,80,77,72,62,62,64,56,56,56,81,83,85,90,90,90,75],"gold":75,"neow_bonus":"ONE_RARE_RELIC","is_daily":false,"chose_seed":false,"campfire_upgraded":5,"win_rate":0.0,"timestamp":1614283106,"path_taken":["M","M","$","M","?","E","$","E","T","R","E","M","R","?","R","BOSS","M","M","?","$","?","E","$","E","T","R","M","E","M","E","R","BOSS","M","?","?","?","?","E","?","?","T","?","M","M","$","E","R","BOSS"],"items_purchased_type":["Card","Relic","Relic","Card","Relic","Relic","Potion","Relic"],"build_version":"2020-12-22","purchased_purges":3,"victory":true,"max_hp_per_floor":[80,80,80,80,80,80,80,80,80,80,80,80,80,80,80,80,80,80,80,80,80,80,80,80,80,80,80,80,80,80,80,80,80,80,80,80,80,80,80,80,80,80,80,90,90,90,90,90,90,90],"card_choices":[{"not_picked":["Power Through","Body Slam"],"picked":"Perfected Strike","floor":1.0},{"not_picked":["Rampage","Thunderclap"],"picked":"Perfected Strike","floor":2.0},{"not_picked":["Combust","Anger"],"picked":"Perfected Strike","floor":4.0},{"not_picked":["Anger","Blood for Blood","Bloodletting"],"picked":"SKIP","floor":6.0},{"not_picked":["Sever Soul","Body Slam","Reaper"],"picked":"SKIP","floor":8.0},{"not_picked":["Sword Boomerang","Armaments","Flex"],"picked":"SKIP","floor":11.0},{"not_picked":["Sword Boomerang","Entrench","Dark Embrace+1"],"picked":"True Grit","floor":12.0},{"not_picked":["Juggernaut+1","Limit Break","Berserk+1"],"picked":"Offering","floor":16.0},{"not_picked":["Heavy Blade","Rage","Ghostly Armor+1","Warcry"],"picked":"SKIP","floor":18.0},{"not_picked":["Perfected Strike","Body Slam","Flex"],"picked":"Twin Strike","floor":19.0},{"not_picked":["Dual Wield","Perfected Strike","Entrench"],"picked":"Shockwave","floor":23.0},{"not_picked":["Clash","Brutality+1","Shrug It Off","Fiend Fire"],"picked":"SKIP","floor":25.0},{"not_picked":["Reckless Charge+1","Clothesline","Ghostly Armor"],"picked":"Pommel Strike","floor":28.0},{"not_picked":["Spot Weakness","Intimidate","Shrug It Off"],"picked":"Perfected Strike","floor":29.0},{"not_picked":["Sword Boomerang+1","Shrug It Off","Iron Wave"],"picked":"Twin Strike","floor":30.0},{"not_picked":["Corruption+1","Hemokinesis","Dropkick","Shrug It Off"],"picked":"SKIP","floor":31.0},{"not_picked":["Pummel","Twin Strike","Feel No Pain+1"],"picked":"Perfected Strike+1","floor":35.0},{"not_picked":["Clash","Sword Boomerang+1","Bloodletting+1"],"picked":"Flame Barrier+1","floor":36.0},{"not_picked":["Hemokinesis+1","Cleave+1","Anger","Feel No Pain+1"],"picked":"SKIP","floor":40},{"not_picked":["Searing Blow","Iron Wave","Clothesline","Headbutt+1"],"picked":"SKIP","floor":41},{"not_picked":["Thunderclap","Shockwave","Pommel Strike+1"],"picked":"Perfected Strike+1","floor":45},{"not_picked":["Warcry","Clothesline","Rupture+1","Feel No Pain+1"],"picked":"SKIP","floor":46},{"not_picked":["Pommel Strike","Feed","Warcry+1","Second Wind"],"picked":"SKIP","floor":48},{"not_picked":["Feed","Warcry+1","Second Wind"],"picked":"Pommel Strike","floor":48}],"player_experience":19939,"relics_obtained":[{"floor":6.0,"key":"Kunai"},{"floor":8.0,"key":"Lantern"},{"floor":9.0,"key":"Sundial"},{"floor":11.0,"key":"Question Card"},{"floor":20.0,"key":"Enchiridion"},{"floor":23.0,"key":"Letter Opener"},{"floor":25.0,"key":"PreservedInsect"},{"floor":26.0,"key":"Gremlin Horn"},{"floor":29.0,"key":"Blood Vial"},{"floor":31.0,"key":"Smiling Mask"},{"floor":36.0,"key":"Lizard Tail"},{"floor":40,"key":"MealTicket"},{"floor":43,"key":"Vajra"},{"floor":48,"key":"Prayer Wheel"}],"event_choices":[{"damage_healed":0.0,"max_hp_gain":0.0,"max_hp_loss":0.0,"gold_gain":0.0,"event_name":"Big Fish","player_choice":"Box","floor":5.0,"gold_loss":0.0,"damage_taken":0.0,"relics_obtained":["Frozen Egg 2"],"cards_obtained":["Regret"]},{"damage_healed":0.0,"max_hp_gain":0.0,"max_hp_loss":0.0,"gold_gain":0.0,"event_name":"Cursed Tome","player_choice":"Obtained Book","floor":20.0,"gold_loss":0.0,"damage_taken":16.0},{"damage_healed":0.0,"max_hp_gain":0.0,"max_hp_loss":0.0,"gold_gain":0.0,"event_name":"Vampires","player_choice":"Ignored","floor":22.0,"gold_loss":0.0,"damage_taken":0.0},{"damage_healed":0.0,"max_hp_gain":0.0,"max_hp_loss":0.0,"gold_gain":0.0,"event_name":"Mysterious Sphere","player_choice":"Fight","floor":36.0,"gold_loss":0.0,"damage_taken":0.0},{"damage_healed":0,"gold_gain":0,"player_choice":"Embrace Madness","damage_taken":10,"max_hp_gain":0,"max_hp_loss":0,"event_name":"Winding Halls","floor":38,"gold_loss":0,"cards_obtained":["Madness","Madness"]},{"damage_healed":0,"gold_gain":100,"player_choice":"Pray","damage_taken":0,"max_hp_gain":0,"max_hp_loss":0,"event_name":"Golden Shrine","floor":39,"gold_loss":0},{"cards_removed":["True Grit"],"damage_healed":0,"gold_gain":0,"player_choice":"Removed Skill","damage_taken":0,"max_hp_gain":0,"max_hp_loss":0,"event_name":"Falling","floor":42,"gold_loss":0}],"is_beta":false,"boss_relics":[{"not_picked":["Black Blood","Astrolabe"],"picked":"Mark of Pain"},{"not_picked":["Black Star","SacredBark"],"picked":"Empty Cage"}],"items_purged_floors":[3,21,44],"is_endless":false,"potions_floor_spawned":[2,11,16,19,25,28,29,36,40,45],"ascension_level":1}}