{"host":"64qzurqwi0x0qgxo","time":1614242958,"event":{"mods":["ATMod(°¢èªMod)","Act Like it!","BaseMod","BetterRewards","Colored Map","Colored Powertips","Downfall","Googly Eyes","Keyboard Shortcuts","Koishi","KomeijiMod","Library of Ruina","Library of Ruina Extra","Lobotomy","LobotomyExtend","Minty Spire (QoL Compilation)","MostiFishMod","Quick Restart","Rare Cards Sparkle","Relic Stats","Remove Card Discount Mod","Replay The Spire","StSLib","The Animator","noobMod","²ÐÁôÖ®Îï"],"gold_per_floor":[118,118,21377,21377,21388,21388,21398,21398,21424,21453,20845,20868,20923,20957,20957,21052,21052,21070,19981,19981,19442,19442,19442,19486,19486,19486,19504,19543,19557,19557,19557,19507,19526,19526,19655,19655,19655,19655,19164,19253,19303],"floor_reached":25,"language":"ZHS","playtime":1692,"items_purged":["PlaceholderMod:BaseDefend","PlaceholderMod:BaseDefend","PlaceholderMod:BaseDefend","PlaceholderMod:BaseDefend","PlaceholderMod:BaseDefend","PlaceholderMod:Crystal","PlaceholderMod:BaseStrike","PlaceholderMod:BaseStrike","PlaceholderMod:BaseStrike","PlaceholderMod:BaseStrike","PlaceholderMod:BaseStrike","PlaceholderMod:ContinueSpray","PlaceholderMod:HornyBlast"],"score":854,"play_id":"d92b69f8-c06e-4907-a5e2-38c8ca45a934","local_time":"20210225164918","is_ascension_mode":false,"campfire_choices":[{"data":"AT_FocusSwordFire","floor":6,"key":"SMITH"},{"floor":8,"key":"RECALL"},{"floor":15,"key":"DIG"},{"data":"PlaceholderMod:QualitativeChange","floor":6,"key":"SMITH"},{"data":"MostiFishMod:MusicBox","floor":8,"key":"SMITH"},{"data":"PlaceholderMod:HornyCollision","floor":21,"key":"SMITH"}],"circlet_count":0,"master_deck":["ShyLook","PlaceholderMod:QualitativeChange+1","PlaceholderMod:Colorful","PlaceholderMod:AbsorbTouch","PlaceholderMod:HardStinger","MostiFishMod:MusicBox+1","CherryBlossoms","OSAHOGD","SpiderBud","PlaceholderMod:Break","Scorched","PlaceholderMod:MultiReaction","BeautyBeast","PlaceholderMod:DiffusionPoison","UniverseFragment","PlaceholderMod:HornyCollision+1","Crow Ritual","WallGazer","PlaceholderMod:DirectingGroup+1"],"relics":["PlaceholderMod:Tancle","ice","DaveBox","AT_ATBox","CogitoBucket","BirthdayGift-Tetrahedron","SynthV:TestCard","PageOfScorchedGirl","Frozen Eye","Onion Ring","PageOfOzma","PageOfFairyFestival","DollysMirror","Omamori","Anchor","AT_Manta","Pet Ghost","ReplayFunnel","Sozu","Gaze_r","Moonlight_r","ice","Theresia","SynthV:TestCard","LetterFromLob","PlaceholderMod:SlimeBlood","Replay:PocketPolymizer","ReplayTheSpireMod:ShopPack","Golden Idol","PageOfSpiderBud","PageOfWayBackHome","Sling","Thread and Needle","AT_ImmortalShieldbow","AT_BellowingDragoncrestRing","HellTrain","Replay:Baseball","AT_MibuBalloonWealth","TungstenRod","RedMistMask"],"acts_visited":["Exordium","TheCity","TheEnding"],"potions_floor_usage":[],"damage_taken":[{"damage":2,"enemies":"Small Slimes","floor":1,"turns":2},{"damage":25,"enemies":"Jaw Worm","floor":5,"turns":2},{"damage":0,"enemies":"Cultist","floor":7,"turns":1},{"damage":19,"enemies":"Replay:BlueRogue","floor":10,"turns":2},{"damage":5,"enemies":"Gremlin Nob","floor":13,"turns":1},{"damage":5,"enemies":"Lagavulin","floor":14,"turns":1},{"damage":28,"enemies":"The Guardian","floor":16,"turns":2},{"damage":7,"enemies":"2 Thieves","floor":18,"turns":2},{"damage":5,"enemies":"2 Louse","floor":1,"turns":3},{"damage":3,"enemies":"Gremlin Nob","floor":7,"turns":2},{"damage":2,"enemies":"Cultist","floor":10,"turns":1},{"damage":2,"enemies":"Lagavulin","floor":11,"turns":1},{"damage":2,"enemies":"Jaw Worm","floor":12,"turns":1},{"damage":2,"enemies":"2 Fungi Beasts","floor":16,"turns":1},{"damage":2,"enemies":"Slime Boss","floor":18,"turns":1},{"damage":3,"enemies":"Slime Boss","floor":19,"turns":2},{"damage":44,"enemies":"Shield and Spear","floor":23,"turns":2},{"damage":1,"enemies":"The Heart","floor":24,"turns":4}],"seed_played":"5010203030306921780","potions_obtained":[{"floor":10,"key":"PowerPotion"},{"floor":13,"key":"LifebloodPotion"},{"floor":14,"key":"Explosive Potion"}],"is_trial":false,"path_per_floor":["M","?","$","?","M","R","M","R","T","E","$","T","?","E","R_BF","B",null,"M","M","$","?","$","?","R","E","R","T","M","E","M","PTL","PTL","?","M","R_BF","B",null,null,"R","$","E","B",null],"character_chosen":"THE_PLACEHOLDER","items_purchased":["PlaceholderMod:ThreeBenzyolStart","PlaceholderMod:EvolutionSpray","PlaceholderMod:ContinueSpray","PageOfScorchedGirl","Frozen Eye","Onion Ring","PageOfFairyFestival","DollysMirror","Omamori","PlaceholderMod:QualitativeChange","PlaceholderMod:Colorful","PlaceholderMod:AbsorbTouch","PlaceholderMod:HardStinger","PlaceholderMod:SlimeBlood","Replay:PocketPolymizer","ReplayTheSpireMod:ShopPack","PageOfSpiderBud","PageOfWayBackHome","Sling","Replay:Baseball","AT_MibuBalloonWealth","Crow Ritual"],"campfire_rested":0,"item_purchase_floors":[3,3,3,3,3,3,11,11,11,2,2,2,2,2,2,2,4,4,4,22,22,22],"current_hp_per_floor":[76,78,78,78,53,53,65,65,65,58,58,58,65,60,60,55,78,74,74,53,53,53,53,50,50,50,48,46,44,44,44,44,42,85,83,80,87,87,87,43,50],"gold":19303,"neow_bonus":"","is_daily":false,"chose_seed":false,"campfire_upgraded":4,"win_rate":0.0,"timestamp":1614242958,"path_taken":["M","?","$","?","M","R","?","R","T","E","?","?","?","E","R_BF","BOSS","M","M","$","?","$","?","R","E","R","T","M","E","?","PTL","PTL","?","M","R_BF","BOSS","R","$","E","BOSS"],"items_purchased_type":["Card","Card","Card","Relic","Relic","Relic","Relic","Relic","Relic","Card","Card","Card","Card","Relic","Relic","Relic","Relic","Relic","Relic","Relic","Relic","Card"],"build_version":"2020-12-22","purchased_purges":13,"victory":true,"max_hp_per_floor":[78,78,78,78,78,78,78,78,78,78,78,78,78,78,78,78,78,85,85,85,85,85,85,85,85,85,85,85,85,85,85,85,85,85,85,87,87,87,87,90,114],"relic_stats":{"Sozu":0,"counters":[20,33],"Golden Idol":87,"obtain_stats":[{"ReplayFunnel":15,"PlaceholderMod:Tancle":0,"PlaceholderMod:SlimeBlood":2,"AT_ATBox":0,"Replay:PocketPolymizer":2,"DaveBox":0,"AT_MibuBalloonWealth":22,"ice":0,"Sling":4,"Pet Ghost":14,"PageOfSpiderBud":4,"Sozu":17,"Frozen Eye":3,"PageOfWayBackHome":4,"CogitoBucket":0,"PageOfFairyFestival":11,"DollysMirror":11,"BirthdayGift-Tetrahedron":0,"PageOfOzma":10,"AT_Manta":13,"Golden Idol":3,"Thread and Needle":7,"Omamori":11,"Gaze_r":18,"AT_ImmortalShieldbow":9,"Moonlight_r":18,"Anchor":12,"Replay:Baseball":22,"SynthV:TestCard":1,"AT_BellowingDragoncrestRing":11,"PageOfScorchedGirl":3,"Onion Ring":3,"RedMistMask":23,"LetterFromLob":1,"HellTrain":16,"Theresia":1,"TungstenRod":23,"ReplayTheSpireMod:ShopPack":2},{"ReplayFunnel":6,"PlaceholderMod:Tancle":0,"PlaceholderMod:SlimeBlood":10,"AT_ATBox":0,"Replay:PocketPolymizer":10,"DaveBox":0,"AT_MibuBalloonWealth":18,"ice":0,"Sling":10,"Pet Ghost":6,"PageOfSpiderBud":10,"Sozu":7,"Frozen Eye":1,"PageOfWayBackHome":10,"CogitoBucket":0,"PageOfFairyFestival":4,"DollysMirror":4,"BirthdayGift-Tetrahedron":0,"PageOfOzma":4,"AT_Manta":5,"Golden Idol":10,"Thread and Needle":11,"Omamori":4,"Gaze_r":8,"AT_ImmortalShieldbow":11,"Moonlight_r":8,"Anchor":4,"Replay:Baseball":18,"SynthV:TestCard":1,"AT_BellowingDragoncrestRing":13,"PageOfScorchedGirl":1,"Onion Ring":1,"RedMistMask":19,"LetterFromLob":1,"HellTrain":16,"Theresia":10,"TungstenRod":19,"ReplayTheSpireMod:ShopPack":10},{"ReplayFunnel":9,"PlaceholderMod:Tancle":0,"PlaceholderMod:SlimeBlood":17,"AT_ATBox":0,"Replay:PocketPolymizer":17,"DaveBox":0,"AT_MibuBalloonWealth":27,"ice":0,"Sling":17,"Pet Ghost":9,"PageOfSpiderBud":17,"Sozu":11,"Frozen Eye":2,"PageOfWayBackHome":17,"CogitoBucket":0,"PageOfFairyFestival":7,"DollysMirror":7,"BirthdayGift-Tetrahedron":0,"PageOfOzma":7,"AT_Manta":8,"Golden Idol":17,"Thread and Needle":19,"Omamori":7,"Gaze_r":13,"AT_ImmortalShieldbow":19,"Moonlight_r":13,"Anchor":7,"Replay:Baseball":27,"SynthV:TestCard":2,"AT_BellowingDragoncrestRing":21,"PageOfScorchedGirl":2,"Onion Ring":2,"RedMistMask":29,"LetterFromLob":2,"HellTrain":24,"Theresia":17,"TungstenRod":29,"ReplayTheSpireMod:ShopPack":17}],"TungstenRod":2},"card_choices":[{"not_picked":["BeautyBeast","Funeral"],"picked":"DreamingCurrent","floor":1},{"not_picked":["PlaceholderMod:ParasiteChange","PlaceholderMod:Internalization","PlaceholderMod:PoisonAbsorb"],"picked":"SKIP","floor":1},{"not_picked":["Bloodbath","WallGazer"],"picked":"QueenOfHatred","floor":5},{"not_picked":["PlaceholderMod:HardStinger","PlaceholderMod:SeverePoisonStrike","PlaceholderMod:ParasiteChange","PlaceholderMod:PoisonExcitation"],"picked":"PlaceholderMod:Sweep","floor":5},{"not_picked":["Murderer","CrumblingArmor"],"picked":"MHz","floor":7},{"not_picked":["PlaceholderMod:CrystallizationStrike","PlaceholderMod:Package","PlaceholderMod:PoisonAbsorb","PlaceholderMod:ParasiteChange"],"picked":"PlaceholderMod:SeverePoisonStrike","floor":7},{"not_picked":["RedShoes","BlackSwan"],"picked":"FairyFestival","floor":10},{"not_picked":["PlaceholderMod:Polyp","PlaceholderMod:HealingAttack","PlaceholderMod:SelfCoupling","PlaceholderMod:Break","PlaceholderMod:HornyBlast"],"picked":"SKIP","floor":10},{"not_picked":["PlaceholderMod:Polyp","PlaceholderMod:HealingAttack","PlaceholderMod:SelfCoupling","PlaceholderMod:Break","PlaceholderMod:HornyBlast"],"picked":"SKIP","floor":10},{"not_picked":["Bloodbath","OldLady"],"picked":"PunishingBird","floor":13},{"not_picked":["GreedKing","UniverseFragment"],"picked":"Wellcheers","floor":14},{"not_picked":["PlaceholderMod:StrongAcid","PlaceholderMod:HardStinger","PlaceholderMod:OHStrongAttack","PlaceholderMod:ConsolidateHit"],"picked":"PlaceholderMod:PoisonBlast","floor":14},{"not_picked":["OldLady","Bloodbath"],"picked":"BlackSwan","floor":16},{"not_picked":["PlaceholderMod:BlastSpray","PlaceholderMod:Assimilation","PlaceholderMod:GrowthForm","PlaceholderMod:MultiReaction"],"picked":"PlaceholderMod:Inner","floor":16},{"not_picked":["BigBadWolf","Scorched"],"picked":"ShyLook","floor":1},{"not_picked":["PlaceholderMod:PoisonExcitation","PlaceholderMod:Polyp","PlaceholderMod:SevereHeat","PlaceholderMod:ParasiteChange"],"picked":"PlaceholderMod:HornyBlast","floor":1},{"not_picked":["Sadistic Nature","Violence","Chrysalis","Secret Weapon","ReplayTheSpireMod:Brewmster","Searching"],"picked":"MostiFishMod:MusicBox","floor":2},{"not_picked":["AT_Homeward","Purity","Specialist","ReplayTheSpireMod:Uncanny Aura","Replay:Sssssssssshield","MostiFishMod:TheLastGuard"],"picked":"Finesse","floor":2},{"not_picked":["Replay:BasicMightCard","RidiculousThoughts","GradualImprovement","AT_FamilyPortrait","ReplayTheSpireMod:Private Reserves","ReplayTheSpireMod:Uncanny Aura"],"picked":"MostiFishMod:MusicBox","floor":2},{"not_picked":["PunishingBird","Variant"],"picked":"CherryBlossoms","floor":7},{"not_picked":["PlaceholderMod:ComplexForm","PlaceholderMod:PoisonExcitation","PlaceholderMod:NearChange","PlaceholderMod:DiffusionChemical","PlaceholderMod:TriggerStrike","PlaceholderMod:ConsolidateHit","PlaceholderMod:GrowthForm"],"picked":"SKIP","floor":7},{"not_picked":["PunishingBird","SnowQueen"],"picked":"OSAHOGD","floor":10},{"not_picked":["PlaceholderMod:Sweep","PlaceholderMod:PoisonAbsorb","PlaceholderMod:ConsolidateHit","PlaceholderMod:Turn","PlaceholderMod:PoisonBlast","PlaceholderMod:TriggerStrike","PlaceholderMod:HardStinger"],"picked":"SKIP","floor":10},{"not_picked":["CrumblingArmor","Scorched"],"picked":"SpiderBud","floor":11},{"not_picked":["PlaceholderMod:InnerStable","PlaceholderMod:EnergyAbsorb","PlaceholderMod:InnerSoften","PlaceholderMod:HornyBlast","PlaceholderMod:PoisonExcitation","PlaceholderMod:SpinBlade"],"picked":"PlaceholderMod:Break","floor":11},{"not_picked":["BeautyBeast","GalaxyChild"],"picked":"Scorched","floor":12},{"not_picked":["PlaceholderMod:SevereHeat","PlaceholderMod:Package","PlaceholderMod:Polyp","PlaceholderMod:SeverePoisonStrike","PlaceholderMod:HighConcentration","PlaceholderMod:Corrosion"],"picked":"PlaceholderMod:MultiReaction","floor":12},{"not_picked":["MHz","Scarecrow"],"picked":"BeautyBeast","floor":16},{"not_picked":["PlaceholderMod:SeverePoisonStrike","PlaceholderMod:HornyBlast","PlaceholderMod:TriggerStrike","PlaceholderMod:ConsolidateHit","PlaceholderMod:HardStinger","PlaceholderMod:StrongAcid"],"picked":"PlaceholderMod:DiffusionPoison","floor":16},{"not_picked":["BigBird","PunishingBird"],"picked":"UniverseFragment","floor":18},{"not_picked":["PlaceholderMod:PericyclicReaction","PlaceholderMod:DoublePoint","PlaceholderMod:CorePoison","PlaceholderMod:DiffusionPoison","PlaceholderMod:SelfCoupling","PlaceholderMod:QualitativeChange"],"picked":"PlaceholderMod:HornyCollision","floor":18},{"not_picked":["PunishingBird","Yin"],"picked":"WallGazer","floor":23},{"not_picked":["PlaceholderMod:EvolutionSpray","PlaceholderMod:InnerStable","PlaceholderMod:StrongAcid+1","PlaceholderMod:NearChange+1","PlaceholderMod:Package+1","PlaceholderMod:DissolvingSpikes+1"],"picked":"PlaceholderMod:DirectingGroup+1","floor":23}],"player_experience":156716,"relics_obtained":[{"floor":1,"key":"SynthV:TestCard"},{"floor":1,"key":"LetterFromLob"},{"floor":10,"key":"PageOfOzma"},{"floor":12,"key":"Anchor"},{"floor":13,"key":"AT_Manta"},{"floor":14,"key":"Pet Ghost"},{"floor":15,"key":"ReplayFunnel"},{"floor":1,"key":"SynthV:TestCard"},{"floor":1,"key":"LetterFromLob"},{"floor":7,"key":"Thread and Needle"},{"floor":9,"key":"AT_ImmortalShieldbow"},{"floor":11,"key":"AT_BellowingDragoncrestRing"},{"floor":23,"key":"TungstenRod"},{"floor":23,"key":"RedMistMask"}],"event_choices":[{"damage_healed":0,"gold_gain":0,"player_choice":"Searched \u00272\u0027 times","damage_taken":0,"max_hp_gain":0,"max_hp_loss":0,"event_name":"Dead Adventurer","floor":13,"gold_loss":0},{"damage_healed":0,"gold_gain":0,"player_choice":"Take Damage","damage_taken":21,"relics_obtained":["Golden Idol"],"max_hp_gain":0,"max_hp_loss":0,"event_name":"Golden Idol","floor":3,"gold_loss":0},{"cards_removed":["PlaceholderMod:HardStinger"],"damage_healed":0,"gold_gain":0,"player_choice":"Card Removal","damage_taken":0,"max_hp_gain":0,"max_hp_loss":0,"event_name":"Wheel of Change","floor":5,"gold_loss":0},{"cards_removed":["MostiFishMod:MusicBox"],"damage_healed":0,"gold_gain":0,"player_choice":"Card Removal","damage_taken":0,"max_hp_gain":0,"max_hp_loss":0,"event_name":"The Cleric","floor":15,"gold_loss":50},{"cards_removed":["Finesse"],"damage_healed":43,"gold_gain":0,"player_choice":"Offered Uncommon","damage_taken":0,"max_hp_gain":0,"max_hp_loss":0,"event_name":"Bonfire Elementals","floor":17,"gold_loss":0}],"is_beta":false,"boss_relics":[{"not_picked":["MoonlightInvasionPlan","bronze:MakeshiftBattery"],"picked":"Sozu"}],"items_purged_floors":[3,3,3,3,3,3,3,3,3,3,11,11,2],"is_endless":false,"potions_floor_spawned":[10,13,14,11,12],"ascension_level":0}}