{"host":"71mgpozmht821pzh","time":1614221297,"event":{"mods":["BaseMod","Downfall","Minty Spire (QoL Compilation)","Replay The Spire","StSLib"],"gold_per_floor":[116,130,140,160,179,207,207,207,230,230,250,278,278,5,5,108,108,119,79,94,94,94,94,94,94,94,113,113,113,113,142,142,242,242,262,72,90,90,90,90,122,47,126,157,113,139,139,158,118,118],"floor_reached":51,"language":"ENG","playtime":6482,"items_purged":["Shame","Languid"],"score":792,"play_id":"5f557d01-4eca-4ecd-98f4-57a0f71b4311","local_time":"20210224204817","daily_mods":["Flight"],"is_ascension_mode":true,"campfire_choices":[{"floor":7,"key":"REST"},{"data":"bronze:Goto","floor":8,"key":"SMITH"},{"data":"bronze:Replicate","floor":10,"key":"SMITH"},{"floor":13,"key":"REST"},{"data":"ReplayTheSpireMod:Brewmster","floor":23,"key":"SMITH"},{"data":"bronze:MaxOutput","floor":24,"key":"SMITH"},{"data":"bronze:MaxOutput","floor":25,"key":"SMITH"},{"data":"bronze:Invalidate","floor":28,"key":"SMITH"},{"data":"bronze:InfiniteBeams","floor":29,"key":"SMITH"},{"data":"bronze:CutThrough","floor":30,"key":"SMITH"},{"floor":32,"key":"DIG"},{"floor":40,"key":"REST"},{"floor":47,"key":"REST"}],"circlet_count":0,"master_deck":["bronze:Replicate+1","bronze:Goto+1","bronze:ChildClass","bronze:MaxOutput+1","bronze:MaxOutput+1","bronze:Allocate+1","Slimebound:Dissolve+1","Slimebound:LeechingTouch","Slimebound:SlimeSpikes","Slimebound:Schlurp","Slimebound:SplitMire","bronze:Invalidate+1","Slimebound:SplitMire","ReplayTheSpireMod:Brewmster+1","bronze:InfiniteBeams+1","Slimebound:FinishingTackle","bronze:CutThrough+1","Slimebound:LeechLife","Slimebound:SplitLeeching","bronze:Repair","Bite","Bite","Bite","Bite","Bite","Slimebound:SamplingLick","Slimebound:RainOfGoop","bronze:FineTuning","bronze:BronzeOrb","bronze:BitShift","bronze:FineTuning+1","Slimebound:Recycling","bronze:Boost","Slimebound:Schlurp","Slimebound:Schlurp","Flash of Steel","Madness","ReplayTheSpireMod:Brewmster","Slimebound:MassRepurpose","Slimebound:SamplingLick+1","bronze:Deprecate","bronze:BronzeOrb+1","ReplayTheSpireMod:Doomed","Madness","bronze:InfiniteBeams+1","Slimebound:FormOfPuddle+1","bronze:Library+1","Slimebound:Darklings"],"relics":["bronze:BronzeCore","replay:Trail_Library","Replay:PocketPolymizer","ReplayTheSpireMod:Lightbulb","Odd Mushroom","Dream Catcher","Runic Pyramid","WarpedTongs","Unceasing Top","Pet Ghost","Replay:Accelerometer","Fusion Hammer","bronze:DonusWashers","Slimebound:StickyStick","Divine Protection","Ancient Tea Set","ReplayTheSpireMod:CursedCoin","Frozen Egg 2"],"acts_visited":["Exordium","TheCity","TheBeyond"],"potions_floor_usage":[16,16,18,20,27,27,31,33,33,33,33,33,33,35,35,37,41,41,41,41,41,41,41,41,44,44,44,46,46,49,50,50,50,50,50,50],"damage_taken":[{"damage":0,"enemies":"Small Slimes","floor":1,"turns":3},{"damage":9,"enemies":"Jaw Worm","floor":2,"turns":5},{"damage":0,"enemies":"Cultist","floor":3,"turns":5},{"damage":2,"enemies":"Blue Slaver","floor":4,"turns":7},{"damage":2,"enemies":"3 Louse","floor":5,"turns":4},{"damage":21,"enemies":"3 Sentries","floor":6,"turns":9},{"damage":0,"enemies":"The Mushroom Lair","floor":11,"turns":3},{"damage":25,"enemies":"Gremlin Nob","floor":12,"turns":4},{"damage":57,"enemies":"The Guardian","floor":16,"turns":10},{"damage":14,"enemies":"3 Byrds","floor":18,"turns":8},{"damage":7,"enemies":"Spheric Guardian","floor":20,"turns":5},{"damage":3,"enemies":"Chosen and Byrds","floor":27,"turns":4},{"damage":44,"enemies":"Book of Stabbing","floor":31,"turns":5},{"damage":40,"enemies":"Pondfish","floor":33,"turns":12},{"damage":16,"enemies":"3 Darklings","floor":35,"turns":6},{"damage":0,"enemies":"3 Shapes","floor":37,"turns":3},{"damage":39,"enemies":"Giant Head","floor":41,"turns":8},{"damage":32,"enemies":"Nemesis","floor":44,"turns":7},{"damage":4,"enemies":"Reptomancer","floor":46,"turns":7},{"damage":0,"enemies":"Transient","floor":48,"turns":5},{"damage":18,"enemies":"Replay:Hell Engine","floor":50,"turns":10}],"seed_played":"-3424891264553793198","potions_obtained":[{"floor":1,"key":"hexamod:SoulburnPotion"},{"floor":3,"key":"Languid Potion"},{"floor":4,"key":"Swift Potion"},{"floor":16,"key":"BlessingOfTheForge"},{"floor":18,"key":"Swift Potion"},{"floor":33,"key":"Dexterity Potion"},{"floor":46,"key":"SpeedPotion"},{"floor":48,"key":"Milkshake"},{"floor":49,"key":"Fruit Juice"},{"floor":49,"key":"CultistPotion"}],"is_trial":true,"path_per_floor":["M","M","M","M","M","E","R","R","T","R","?","E","R","$","R","B",null,"M","?","M","?","?","R","R","R","T","M","R","R","R","E","R","B",null,"M","$","M","?","?","R","E","$","T","E","$","E","R","M","R","B",null],"character_chosen":"THE_AUTOMATON","items_purchased":["ReplayTheSpireMod:Brewmster","bronze:InfiniteBeams","bronze:DonusWashers","Slimebound:Schlurp","ReplayTheSpireMod:CursedCoin","Madness"],"campfire_rested":4,"item_purchase_floors":[14,14,36,36,45,45],"current_hp_per_floor":[70,61,61,59,57,36,57,57,57,57,57,32,53,53,70,21,70,70,70,70,49,49,49,49,49,49,49,49,49,49,34,34,39,49,39,39,49,39,39,49,49,49,49,49,49,49,49,49,54,51],"gold":118,"neow_bonus":"","is_daily":false,"chose_seed":false,"campfire_upgraded":8,"win_rate":0.0,"timestamp":1614221297,"path_taken":["M","M","M","M","M","E","R","R","T","R","?","E","R","$","R","BOSS","M","?","?","?","?","R","R","R","T","M","R","R","R","E","R","BOSS","M","$","?","?","?","R","E","$","T","E","$","E","R","M","R","BOSS"],"items_purchased_type":["Card","Card","Relic","Card","Relic","Card"],"build_version":"2020-12-22","purchased_purges":2,"victory":true,"max_hp_per_floor":[70,70,70,70,70,70,70,70,70,70,70,70,70,70,70,70,70,70,70,70,49,49,49,49,49,49,49,49,49,49,49,49,49,49,49,49,49,49,49,49,49,49,49,49,49,49,49,49,54,54],"card_choices":[{"not_picked":["Slimebound:SlimeTap","Slimebound:SlimeBarrage"],"picked":"bronze:ChildClass","floor":1},{"not_picked":["bronze:ClassDefault","bronze:BuggyMess"],"picked":"bronze:MaxOutput","floor":2},{"not_picked":["Slimebound:SlimeBrawl","Slimebound:DivideAndConquer"],"picked":"bronze:MaxOutput","floor":3},{"not_picked":["Slimebound:AcidTongue","bronze:Shield"],"picked":"bronze:Allocate","floor":4},{"not_picked":["Slimebound:SlimeBarrage","Slimebound:GoopTackle"],"picked":"Slimebound:ComboTackle","floor":5},{"not_picked":["Slimebound:SlimeSpikes","Slimebound:RollThrough"],"picked":"Slimebound:Dissolve","floor":6},{"not_picked":["Slimebound:Repurpose","Slimebound:SplitBruiser"],"picked":"Slimebound:SplitMire","floor":11},{"not_picked":["bronze:MaxOutput","Slimebound:TongueLash"],"picked":"bronze:Invalidate","floor":12},{"not_picked":["Slimebound:ItLooksTasty","Slimebound:Repurpose"],"picked":"Slimebound:Equalize","floor":13},{"not_picked":["bronze:Shield","Slimebound:Nibble"],"picked":"bronze:CutThrough","floor":15},{"not_picked":["bronze:BurnOut","bronze:HyperBeam"],"picked":"Slimebound:LeechLife","floor":16},{"not_picked":["bronze:Deprecate","bronze:OilSpill"],"picked":"Slimebound:SplitLeeching","floor":18},{"not_picked":["Slimebound:SplitAcid","Slimebound:SplitBruiser"],"picked":"bronze:Repair","floor":20},{"not_picked":["bronze:DarkDash","bronze:BuggyMess"],"picked":"bronze:FineTuning","floor":27},{"not_picked":["bronze:Overheat","bronze:Hardcode"],"picked":"bronze:FineTuning+1","floor":31},{"not_picked":["Slimebound:PrepareCrush","Slimebound:OozeBath"],"picked":"Slimebound:Recycling","floor":33},{"not_picked":["Slimebound:SplitBruiser","bronze:Refactor"],"picked":"bronze:Boost","floor":35},{"not_picked":["bronze:ChosenStrike","bronze:OilSpill","bronze:ForLoop+1"],"picked":"SKIP","floor":37},{"not_picked":["Jack Of All Trades","Survey Options"],"picked":"Flash of Steel","floor":38},{"not_picked":["Replay:BasicMightCard","Good Instincts"],"picked":"Madness","floor":38},{"not_picked":["Deep Breath","Dramatic Entrance"],"picked":"ReplayTheSpireMod:Brewmster","floor":38},{"not_picked":["bronze:Iterate","Slimebound:LeechEnergy+1"],"picked":"Slimebound:SamplingLick+1","floor":40},{"not_picked":["Slimebound:Grow+1","bronze:ClassDefault+1"],"picked":"bronze:Deprecate","floor":41},{"not_picked":["bronze:Deprecate","bronze:Philosophize+1"],"picked":"bronze:BronzeOrb+1","floor":44},{"not_picked":["Slimebound:GoopTackle+1","bronze:CloningBeam+1","bronze:Optimize+1"],"picked":"SKIP","floor":46},{"not_picked":["Slimebound:GoopTackle+1","bronze:CloningBeam+1","bronze:Optimize+1"],"picked":"SKIP","floor":46},{"not_picked":["bronze:Shell+1","Slimebound:Schlurp+1"],"picked":"Slimebound:FormOfPuddle+1","floor":47},{"not_picked":["Slimebound:Nibble+1","bronze:Separator"],"picked":"bronze:Library+1","floor":48}],"player_experience":6550502,"relics_obtained":[{"floor":6,"key":"Replay:PocketPolymizer"},{"floor":9,"key":"ReplayTheSpireMod:Lightbulb"},{"floor":11,"key":"Odd Mushroom"},{"floor":12,"key":"Dream Catcher"},{"floor":26,"key":"Unceasing Top"},{"floor":31,"key":"Pet Ghost"},{"floor":32,"key":"Replay:Accelerometer"},{"floor":41,"key":"Slimebound:StickyStick"},{"floor":43,"key":"Divine Protection"},{"floor":44,"key":"Ancient Tea Set"},{"floor":46,"key":"Frozen Egg 2"}],"event_choices":[{"damage_healed":0,"gold_gain":0,"player_choice":"Fought Mushrooms","damage_taken":0,"max_hp_gain":0,"max_hp_loss":0,"event_name":"Mushrooms","floor":11,"gold_loss":0},{"damage_healed":0,"gold_gain":0,"player_choice":"Upgrade","damage_taken":0,"max_hp_gain":0,"max_hp_loss":0,"event_name":"Designer","floor":19,"gold_loss":40,"cards_upgraded":["bronze:Allocate"]},{"damage_healed":0,"gold_gain":0,"player_choice":"Became a vampire","damage_taken":0,"max_hp_gain":0,"max_hp_loss":21,"event_name":"Vampires","floor":21,"gold_loss":0,"cards_obtained":["Bite","Bite","Bite","Bite","Bite"]},{"damage_healed":0,"gold_gain":0,"player_choice":"Memory 3","damage_taken":10,"max_hp_gain":0,"max_hp_loss":0,"event_name":"SensoryStone","floor":38,"gold_loss":0},{"damage_healed":0,"gold_gain":0,"player_choice":"2 cards matched","damage_taken":0,"max_hp_gain":0,"max_hp_loss":0,"event_name":"Match and Keep!","floor":39,"gold_loss":0,"cards_obtained":["Writhe","Slimebound:MassRepurpose"]},{"damage_healed":0,"gold_gain":0,"player_choice":"Bought 3 Potions","damage_taken":0,"max_hp_gain":0,"max_hp_loss":0,"event_name":"The Woman in Blue","floor":49,"gold_loss":0}],"is_beta":false,"boss_relics":[{"not_picked":["Abe\u0027s Treasure","Snecko Eye"],"picked":"Runic Pyramid"},{"not_picked":["bronze:ElectromagneticCoil","ReplayTheSpireMod:DimensionalGlitch"],"picked":"Fusion Hammer"}],"items_purged_floors":[42,45],"is_endless":false,"potions_floor_spawned":[1,3,4,16,18,33,41,46,48],"ascension_level":1}}