{"host":"htvce8wym9d6pe5b","time":1614289184,"event":{"mods":["Act Like it!","BaseMod","Colored Map","Conspire","Downfall","Hermit","Highlight Path","Hubris","Infinite Spire","Jorbs\u0027s Wanderer Trilogy","Minty Spire (QoL Compilation)","Replay The Spire","StSLib","The Bug Knight","The Cursed","The Disciple","The Hierophant","The Runesmith"],"gold_per_floor":[116,116,116,159,197,276,12,12,12,0,64,89,156,156,156,241,241,505,505,588,667,667,582,582,582,648,131,154,5,185,185,185,271,271,644,644,747,747,815,400,558,558,667,667,692,791,972,964,964],"floor_reached":48,"language":"ENG","playtime":2891,"items_purged":["hierophant:Mercenaries","hierophant:Smite"],"score":745,"play_id":"e9981c03-67a0-4ae3-88c4-1b9fe6b7c9f5","local_time":"20210225153944","daily_mods":["SealedDeck","Specialized","Midas"],"is_ascension_mode":false,"campfire_choices":[{"floor":8,"key":"REST"},{"floor":17,"key":"REST"},{"data":"hierophant:AuricShield","floor":25,"key":"PURGE"},{"data":"hierophant:SolarFlare","floor":32,"key":"PURGE"},{"floor":34,"key":"DIG"},{"floor":42,"key":"REST"},{"floor":44,"key":"REST"}],"circlet_count":0,"master_deck":["hubris:Hubris","hierophant:AuricShield","hierophant:AuricShield","hierophant:AuricShield","hierophant:AuricShield","hierophant:Blessing","hierophant:DisplayOfPower","hierophant:HolyVerse","hierophant:Remorse","hierophant:ThreeLashes","hierophant:AuricShield","hierophant:CursedGold","hierophant:Doubloon","hierophant:AuricShield","hierophant:Doubloon","hierophant:Doubloon","hierophant:FaithHealing","hierophant:Doubloon+1","hierophant:Doubloon","hierophant:RustyCrate","hierophant:Doubloon","hierophant:CursedGold","hierophant:HolyVerse","hierophant:HolyVerse","hierophant:Charity","hierophant:Doubloon","hierophant:Batter","hierophant:FlamingChariot","hierophant:Flagellation","hierophant:Encroach","hierophant:OrnateBuckler","hierophant:RepressedViolence","hierophant:Kindle","TheCursedMod:Dregs","CommonCold","stsjorbsmod:PollutedStrike","hierophant:Upheaval","hierophant:Batter","downfall:Bewildered","infinitespire:Punishment","hubris:InfiniteBlow","hierophant:Smite","hierophant:AuricForm","hierophant:Bribe","hierophant:Exaltation","hierophant:Doubloon","ReplayTheSpireMod:Splinters","hierophant:Doubloon","hierophant:RecallFunds","hierophant:Glossolalia","hierophant:Doubloon+1","hierophant:Generosity","hierophant:Determination","hierophant:Smite+1","ReplayTheSpireMod:Splinters","hierophant:FieryStrike+1","hierophant:MintersHammer","hierophant:Doubloon","hierophant:CoinFling","hierophant:Doubloon","hierophant:Determination","hierophant:Doubloon","hierophant:CoinFling","hierophant:Doubloon","hierophant:CursedGold","hierophant:SecretStash+1"],"relics":["hierophant:PropheticMaskRelic","replay:Trail_Library","Replay:Wax Seal","Peace Pipe","hubris:TenFootPole","Replay:Ancient Bell","Akabeko","Garlic","conspire:GlowingRock","sneckomod:BabySnecko","Letter Opener","Durian","PreservedInsect","infinitespire:Broken Mirror","Runesmith:AutoHammer","Gremlin Horn","Ring of Fangs","Ring of Searing","Vajra","conspire:RunicOctahedron","Strange Spoon","Regal Pillow","ReplayTheSpireMod:TigerMarble"],"acts_visited":["Exordium","TheCity","TheBeyond"],"potions_floor_usage":[16],"damage_taken":[{"damage":0,"enemies":"Cultist","floor":1,"turns":2},{"damage":8,"enemies":"Small Slimes","floor":4,"turns":4},{"damage":5,"enemies":"Jaw Worm","floor":5,"turns":4},{"damage":21,"enemies":"Lots of Slimes","floor":6,"turns":3},{"damage":27,"enemies":"Large Slime","floor":11,"turns":4},{"damage":13,"enemies":"3 Louse","floor":13,"turns":2},{"damage":15,"enemies":"Blue Slaver","floor":16,"turns":4},{"damage":12,"enemies":"Fading Forest","floor":18,"turns":11},{"damage":19,"enemies":"conspire:FuzzyDice","floor":20,"turns":6},{"damage":0,"enemies":"3 Byrds","floor":21,"turns":3},{"damage":28,"enemies":"Book of Stabbing","floor":26,"turns":5},{"damage":0,"enemies":"3 Cultists","floor":33,"turns":2},{"damage":19,"enemies":"hubris:MusketHawk","floor":35,"turns":6},{"damage":9,"enemies":"3 Shapes","floor":37,"turns":2},{"damage":22,"enemies":"3 Darklings","floor":39,"turns":3},{"damage":10,"enemies":"Jaw Worm Horde","floor":41,"turns":2},{"damage":29,"enemies":"Sphere and 2 Shapes","floor":43,"turns":4},{"damage":33,"enemies":"Spire Growth","floor":46,"turns":3},{"damage":11,"enemies":"Reptomancer","floor":47,"turns":3},{"damage":56,"enemies":"Writhing Mass","floor":48,"turns":3}],"seed_played":"-3707564486316133987","potions_obtained":[{"floor":4,"key":"Reflective Coating"},{"floor":6,"key":"Weak Potion"},{"floor":18,"key":"Dexterity Potion"},{"floor":21,"key":"EssenceOfSteel"},{"floor":46,"key":"hexamod:SoulburnPotion"}],"is_trial":true,"path_per_floor":["M","T","?","M","M","M","$","R","T","$","M","T","M","PTL","PTL","M","R_BF","B",null,"M","M","?","?","AVR","R","E","$","T","$","?","?","R","M","R_BF","B",null,"M","?","M","$","M","R","M","R","T","M","E","M"],"character_chosen":"HIEROPHANT","items_purchased":["hierophant:Charity","hierophant:Batter","hierophant:FlamingChariot","hierophant:AuricForm","hierophant:Bribe","infinitespire:Broken Mirror","hierophant:Exaltation","hierophant:Doubloon","hierophant:MintersHammer","hierophant:Doubloon","Strange Spoon","hierophant:CoinFling"],"campfire_rested":4,"item_purchase_floors":[7,7,7,27,27,27,27,29,40,40,40,40],"current_hp_per_floor":[75,75,75,67,62,41,41,63,63,63,43,43,30,30,30,15,37,40,75,56,56,56,56,61,61,33,33,33,33,33,33,33,33,33,14,80,71,71,49,49,39,63,64,80,80,56,45,0,0],"gold":964,"neow_bonus":"","is_daily":false,"chose_seed":false,"campfire_upgraded":0,"win_rate":0.0,"timestamp":1614289184,"path_taken":["?","?","?","M","M","?","$","R","T","$","M","?","?","PTL","PTL","M","R_BF","BOSS","M","M","?","?","AVR","R","E","$","T","$","?","?","R","M","R_BF","BOSS","M","?","?","$","M","R","?","R","T","M","E","M"],"items_purchased_type":["Card","Card","Card","Card","Card","Relic","Card","Card","Card","Card","Relic","Card"],"build_version":"2020-12-22","purchased_purges":2,"victory":false,"max_hp_per_floor":[75,75,75,75,75,75,75,75,75,75,75,75,75,75,75,75,75,75,75,75,75,75,75,80,80,80,80,80,80,80,80,80,80,80,80,80,80,80,80,80,80,80,80,80,80,80,80,80,80],"card_choices":[{"not_picked":["hierophant:Purify","hierophant:Rebuild"],"picked":"hierophant:FaithHealing","floor":1},{"not_picked":["hierophant:Blessing","hierophant:MorningPrayer"],"picked":"hierophant:CursedGold","floor":4},{"not_picked":["hierophant:Refuge","hierophant:Community"],"picked":"hierophant:HolyVerse","floor":5},{"not_picked":["hierophant:RustyCrate","hierophant:CoinFling"],"picked":"hierophant:HolyVerse","floor":6},{"not_picked":["hierophant:Refuge","hierophant:AuricForm"],"picked":"hierophant:Flagellation","floor":11},{"not_picked":["hierophant:ThreeLashes","hierophant:DisplayOfPower"],"picked":"hierophant:Encroach","floor":13},{"not_picked":["hierophant:Sermon","hierophant:ThreeLashes"],"picked":"hierophant:RepressedViolence","floor":16},{"not_picked":["hierophant:Anathema","hierophant:DeathKnell"],"picked":"hierophant:Kindle","floor":18},{"not_picked":["hubris:Wrath","Spreading Infection"],"picked":"TheCursedMod:Dregs","floor":19},{"not_picked":["Hallucinations","stsjorbsmod:PollutedStrike"],"picked":"CommonCold","floor":19},{"not_picked":["hubris:Greed","SwitchConfidence"],"picked":"stsjorbsmod:PollutedStrike","floor":19},{"not_picked":["hierophant:Repentance","hierophant:ConvertCurrency+1"],"picked":"hierophant:Upheaval","floor":20},{"not_picked":["hierophant:HammerAndAnvil","hierophant:CursedGold"],"picked":"hierophant:Batter","floor":21},{"not_picked":["hierophant:Flagellation","hierophant:DisplayOfPower"],"picked":"hierophant:Smite","floor":26},{"not_picked":["hierophant:FlamingChariot+1","hierophant:Shelter+1"],"picked":"hierophant:RecallFunds","floor":30},{"not_picked":["hierophant:FlamingChariot+1","hierophant:RustyCrate"],"picked":"hierophant:Glossolalia","floor":30},{"not_picked":["hierophant:PristineSoul","hierophant:RustyCrate"],"picked":"hierophant:Generosity","floor":33},{"not_picked":["hierophant:Cornucopia","hierophant:Anathema"],"picked":"hierophant:Determination","floor":35},{"not_picked":["hierophant:RustyCrate+1","hierophant:Purify"],"picked":"hierophant:Smite+1","floor":37},{"not_picked":["hierophant:PassingBell+1","hierophant:Encroach+1"],"picked":"hierophant:FieryStrike+1","floor":39},{"not_picked":["hierophant:RustyCrate","hierophant:PassingBell"],"picked":"hierophant:Determination","floor":41},{"not_picked":["hierophant:Purify","hierophant:Encroach"],"picked":"hierophant:CoinFling","floor":43},{"not_picked":["hierophant:HammerAndAnvil+1","hierophant:Empathy"],"picked":"hierophant:CursedGold","floor":46},{"not_picked":["hierophant:HammerAndAnvil+1","hierophant:Chorus"],"picked":"hierophant:SecretStash+1","floor":47}],"player_experience":30682,"relics_obtained":[{"floor":2,"key":"Replay:Wax Seal"},{"floor":9,"key":"Peace Pipe"},{"floor":12,"key":"hubris:TenFootPole"},{"floor":26,"key":"PreservedInsect"},{"floor":28,"key":"Runesmith:AutoHammer"},{"floor":30,"key":"Gremlin Horn"},{"floor":31,"key":"Ring of Fangs"},{"floor":31,"key":"Ring of Searing"},{"floor":34,"key":"Vajra"},{"floor":45,"key":"Regal Pillow"},{"floor":47,"key":"ReplayTheSpireMod:TigerMarble"}],"event_choices":[{"damage_healed":0,"gold_gain":0,"player_choice":"Obtained Relic","damage_taken":0,"relics_obtained":["Letter Opener"],"max_hp_gain":0,"max_hp_loss":0,"event_name":"Addict","floor":23,"gold_loss":85}],"is_beta":false,"boss_relics":[{"not_picked":["conspire:SpecialSausage","Busted Crown"],"picked":"Replay:Ancient Bell"},{"not_picked":["CeramicFish","Bag of Preparation"],"picked":"Akabeko"},{"not_picked":["Frozen Egg 2","Slimebound:PreparedRelic"],"picked":"Garlic"},{"not_picked":["infinitespire:Magic Flask","infinitespire:Lychee Nut"],"picked":"conspire:GlowingRock"},{"not_picked":["hubris:GrandSneckoEye","Replay:Grab Bag"],"picked":"conspire:RunicOctahedron"}],"items_purged_floors":[10,29],"is_endless":false,"potions_floor_spawned":[4,6,18,21,39,41,46],"killed_by":"Writhing Mass","ascension_level":0}}