{"host":"zp8jvycvinn13jdb","time":1614282704,"event":{"mods":["BaseMod","Better Match","Colored Powertips","Downfall","Googly Eyes","Hermit","Minty Spire (QoL Compilation)","Rare Cards Sparkle","Relic Stats","StSLib","SuperFastMode","Synergy Search","The Bug Knight","The Cursed"],"gold_per_floor":[113,126,32,32,32,65,65,80,131,161,177,187,203,278,278,383,383,402,402,402,402,74,74,173,173,173,173,185,210,242,260,260,361,361,379,251,271,36,54,54,0,0,23,48,60,92,104,136,148,160],"floor_reached":51,"language":"ENG","playtime":4183,"items_purged":["Strike_R"],"score":700,"play_id":"d8f86044-51c3-42b7-82a3-ce123ff6044c","local_time":"20210225145143","is_ascension_mode":false,"campfire_choices":[{"floor":7,"key":"REST"},{"data":"Blind","floor":15,"key":"SMITH"},{"floor":23,"key":"REST"},{"data":"Feed","floor":25,"key":"SMITH"},{"floor":32,"key":"REST"},{"data":"Demon Form","floor":40,"key":"SMITH"},{"floor":47,"key":"REST"},{"floor":49,"key":"REST"}],"circlet_count":0,"master_deck":["Strike_R","Strike_R","Strike_R","Strike_R+1","Defend_R","Defend_R","Defend_R","Defend_R","Bash+1","Armaments+1","Blind+1","Feed+1","Ghostly Armor","Headbutt","Finesse","Armaments","Demon Form+1","Flame Barrier","Heavy Blade","Impatience","downfall:Aged","Madness"],"relics":["Burning Blood","Blood Vial","Whetstone","Paper Frog","Velvet Choker","MutagenicStrength","Vajra","Meat on the Bone","HollowMod:PaleOreRelic","Regal Pillow","Cursed Key","Pen Nib","Red Mask","MawBank"],"acts_visited":["Exordium","TheCity","TheBeyond"],"potions_floor_usage":[10,16,16,30,33,33,50,50,50],"damage_taken":[{"damage":11,"enemies":"Jaw Worm","floor":1,"turns":2},{"damage":12,"enemies":"Small Slimes","floor":2,"turns":3},{"damage":33,"enemies":"Gremlin Nob","floor":6,"turns":5},{"damage":0,"enemies":"2 Louse","floor":8,"turns":5},{"damage":3,"enemies":"Lagavulin","floor":10,"turns":5},{"damage":7,"enemies":"Looter","floor":11,"turns":3},{"damage":0,"enemies":"Large Slime","floor":12,"turns":6},{"damage":2,"enemies":"Blue Slaver","floor":13,"turns":5},{"damage":78,"enemies":"Slime Boss","floor":16,"turns":14},{"damage":19,"enemies":"Chosen","floor":18,"turns":7},{"damage":10,"enemies":"3 Byrds","floor":28,"turns":8},{"damage":10,"enemies":"Book of Stabbing","floor":30,"turns":4},{"damage":27,"enemies":"Sentry and Sphere","floor":31,"turns":6},{"damage":98,"enemies":"Collector","floor":33,"turns":16},{"damage":10,"enemies":"Orb Walker","floor":35,"turns":3},{"damage":11,"enemies":"3 Darklings","floor":37,"turns":9},{"damage":13,"enemies":"Spire Growth","floor":39,"turns":5},{"damage":11,"enemies":"Jaw Worm Horde","floor":44,"turns":6},{"damage":71,"enemies":"Maw","floor":46,"turns":9},{"damage":54,"enemies":"4 Shapes","floor":48,"turns":7},{"damage":66,"enemies":"Awakened One","floor":50,"turns":9}],"seed_played":"9135951739365644608","potions_obtained":[{"floor":0,"key":"Explosive Potion"},{"floor":0,"key":"SmokeBomb"},{"floor":0,"key":"hexamod:SoulburnPotion"},{"floor":10,"key":"Dexterity Potion"},{"floor":12,"key":"hexamod:SoulburnPotion"},{"floor":16,"key":"hexamod:SoulburnPotion"},{"floor":18,"key":"Swift Potion"},{"floor":28,"key":"AttackPotion"},{"floor":31,"key":"LiquidBronze"},{"floor":37,"key":"FearPotion"},{"floor":44,"key":"LiquidBronze"}],"is_trial":false,"path_per_floor":["M","M","$","?","$","E","R","M","T","E","M","M","M","?","R","B",null,"M","?","?","?","$","R","?","R","T","$","M","T","E","M","R","B",null,"M","$","M","$","M","R","?","?","T","M","?","M","R","M","R","B",null],"character_chosen":"IRONCLAD","items_purchased":["Blind","Vajra","Finesse","Flame Barrier","hexamod:SoulburnPotion","Pen Nib","Impatience"],"campfire_rested":5,"item_purchase_floors":[3,22,22,36,36,38,38],"current_hp_per_floor":[75,69,69,69,69,42,66,78,78,87,87,91,91,80,80,13,94,81,81,81,81,81,94,94,94,94,94,94,94,92,77,102,22,102,102,102,99,99,98,98,98,98,98,99,99,48,97,67,117,74],"gold":172,"neow_bonus":"THREE_SMALL_POTIONS","is_daily":false,"chose_seed":false,"campfire_upgraded":3,"win_rate":0.0,"timestamp":1614282703,"path_taken":["M","M","$","?","$","E","R","M","T","E","M","M","M","?","R","BOSS","M","?","?","?","$","R","?","R","T","?","M","?","E","M","R","BOSS","M","$","M","$","M","R","?","?","T","M","?","M","R","M","R","BOSS"],"items_purchased_type":["Card","Relic","Card","Card","Potion","Relic","Card"],"build_version":"2020-12-22","purchased_purges":1,"victory":true,"max_hp_per_floor":[80,80,80,80,80,80,80,84,84,88,88,91,91,91,91,94,94,94,94,94,94,94,94,94,94,94,94,98,98,98,102,102,102,102,106,106,106,106,110,110,110,110,110,114,114,114,114,118,118,122],"relic_stats":{"Blood Vial":23,"Regal Pillow":30,"counters":[21,137],"Pen Nib":[5],"Whetstone":["Bash","Strike_R"],"Cursed Key":1,"MawBank":96,"obtain_stats":[{"Regal Pillow":30,"Velvet Choker":17,"Vajra":22,"Pen Nib":38,"Whetstone":9,"Cursed Key":34,"MawBank":43,"Burning Blood":0,"Blood Vial":6,"MutagenicStrength":20,"Red Mask":41,"HollowMod:PaleOreRelic":29,"Paper Frog":10,"Meat on the Bone":26},{"Regal Pillow":12,"Velvet Choker":9,"Vajra":10,"Pen Nib":16,"Whetstone":4,"Cursed Key":14,"MawBank":17,"Burning Blood":0,"Blood Vial":3,"MutagenicStrength":10,"Red Mask":17,"HollowMod:PaleOreRelic":11,"Paper Frog":5,"Meat on the Bone":10},{"Regal Pillow":67,"Velvet Choker":48,"Vajra":55,"Pen Nib":101,"Whetstone":15,"Cursed Key":89,"MawBank":106,"Burning Blood":0,"Blood Vial":10,"MutagenicStrength":55,"Red Mask":106,"HollowMod:PaleOreRelic":63,"Paper Frog":20,"Meat on the Bone":55}],"Burning Blood":116,"Meat on the Bone":48},"card_choices":[{"not_picked":["Iron Wave","Seeing Red","Perfected Strike"],"picked":"SKIP","floor":1},{"not_picked":["Cleave","Body Slam"],"picked":"Armaments","floor":2},{"not_picked":["Pummel","Battle Trance"],"picked":"Feed","floor":6},{"not_picked":["Hemokinesis","Metallicize"],"picked":"Ghostly Armor","floor":8},{"not_picked":["Pommel Strike","Havoc","Clash"],"picked":"SKIP","floor":10},{"not_picked":["Entrench","Perfected Strike","Twin Strike"],"picked":"SKIP","floor":11},{"not_picked":["Feel No Pain","Infernal Blade"],"picked":"Headbutt","floor":12},{"not_picked":["Evolve","Flex","Pommel Strike"],"picked":"SKIP","floor":13},{"not_picked":["Clothesline","Second Wind+1","Cleave"],"picked":"SKIP","floor":18},{"not_picked":["Bloodletting","Headbutt","Clash"],"picked":"SKIP","floor":28},{"not_picked":["Clash+1","Wild Strike","Headbutt"],"picked":"SKIP","floor":30},{"not_picked":["Uppercut","Warcry"],"picked":"Armaments","floor":31},{"not_picked":["Reaper","Feed"],"picked":"Demon Form","floor":33},{"not_picked":["Iron Wave+1","Havoc","Cleave"],"picked":"SKIP","floor":35},{"not_picked":["Rampage","Combust+1"],"picked":"Heavy Blade","floor":37},{"not_picked":["Wild Strike","Perfected Strike","Iron Wave+1"],"picked":"SKIP","floor":39},{"not_picked":["Entrench","Thunderclap","Seeing Red+1"],"picked":"SKIP","floor":44},{"not_picked":["Purity","Impatience"],"picked":"Madness","floor":45},{"not_picked":["Pommel Strike","Ghostly Armor","Impervious"],"picked":"SKIP","floor":46},{"not_picked":["Clash","Combust","Thunderclap"],"picked":"SKIP","floor":48}],"player_experience":182958,"relics_obtained":[{"floor":6,"key":"Blood Vial"},{"floor":9,"key":"Whetstone"},{"floor":10,"key":"Paper Frog"},{"floor":26,"key":"Meat on the Bone"},{"floor":29,"key":"HollowMod:PaleOreRelic"},{"floor":30,"key":"Regal Pillow"},{"floor":43,"key":"MawBank"}],"event_choices":[{"damage_healed":0,"gold_gain":0,"player_choice":"Grow","damage_taken":0,"max_hp_gain":0,"max_hp_loss":0,"event_name":"Living Wall","floor":4,"gold_loss":0,"cards_upgraded":["Armaments"]},{"damage_healed":0,"gold_gain":75,"player_choice":"Gather Gold","damage_taken":11,"max_hp_gain":0,"max_hp_loss":0,"event_name":"World of Goop","floor":14,"gold_loss":0},{"damage_healed":0,"gold_gain":0,"player_choice":"Inject Mutagens","damage_taken":0,"relics_obtained":["MutagenicStrength"],"max_hp_gain":0,"max_hp_loss":0,"event_name":"Drug Dealer","floor":20,"gold_loss":0},{"damage_healed":0,"gold_gain":0,"player_choice":"Ignored","damage_taken":0,"max_hp_gain":0,"max_hp_loss":0,"event_name":"Ghosts","floor":21,"gold_loss":0},{"damage_healed":0,"gold_gain":99,"player_choice":"Stole From Cult","damage_taken":0,"max_hp_gain":0,"max_hp_loss":0,"event_name":"Nest","floor":24,"gold_loss":0},{"damage_healed":0,"gold_gain":0,"player_choice":"Paid","damage_taken":0,"relics_obtained":["Red Mask"],"max_hp_gain":0,"max_hp_loss":0,"event_name":"Tomb of Lord Red Mask","floor":41,"gold_loss":54},{"damage_healed":0,"gold_gain":0,"player_choice":"Ignored","damage_taken":0,"max_hp_gain":0,"max_hp_loss":0,"event_name":"Mysterious Sphere","floor":42,"gold_loss":0},{"damage_healed":0,"gold_gain":0,"player_choice":"Memory 1","damage_taken":0,"max_hp_gain":0,"max_hp_loss":0,"event_name":"SensoryStone","floor":45,"gold_loss":0}],"is_beta":false,"boss_relics":[{"not_picked":["Fusion Hammer","Busted Crown"],"picked":"Velvet Choker"},{"not_picked":["Philosopher\u0027s Stone","SacredBark"],"picked":"Cursed Key"}],"items_purged_floors":[22],"is_endless":false,"potions_floor_spawned":[1,10,12,16,18,28,31,37,44],"ascension_level":0}}