{"host":"f14d6hm2349s9jse","time":1614281793,"event":{"mods":["2.2 Compatiblity","BaseMod","Lobotomy","Minty Spire (QoL Compilation)","StSLib"],"gold_per_floor":[113,124,124,136,136,162,162,186,186,186,186],"floor_reached":10,"language":"ENG","playtime":450,"items_purged":[],"score":132,"play_id":"41ffac75-6e9b-4198-929e-81d4d41fd039","local_time":"20210225143633","is_ascension_mode":true,"campfire_choices":[],"circlet_count":0,"master_deck":["AscendersBane","Strike_B","Strike_B","Strike_B","Strike_B","Defend_B","Defend_B","Defend_B","Defend_B","Zap","Dualcast","Conserve Battery","Seek","Wellcheers","FTL","Woodsman","White Noise","DespairKnight","Injury"],"relics":["Cracked Core","CogitoBucket","Potion Belt","Golden Idol","Vajra","Pear"],"acts_visited":["Exordium"],"potions_floor_usage":[],"damage_taken":[{"damage":2.0,"enemies":"2 Louse","floor":1.0,"turns":3.0},{"damage":17.0,"enemies":"Cultist","floor":2.0,"turns":4.0},{"damage":7.0,"enemies":"Jaw Worm","floor":4.0,"turns":4.0},{"damage":56.0,"enemies":"Lagavulin","floor":6.0,"turns":8.0},{"damage":62,"enemies":"Gremlin Nob","floor":10,"turns":4}],"seed_played":"-558356842085277654","potions_obtained":[{"floor":1.0,"key":"PotionOfCapacity"},{"floor":2.0,"key":"Explosive Potion"},{"floor":4.0,"key":"Regen Potion"}],"is_trial":false,"path_per_floor":["M","M","?","M","$","E","?","T","T","E"],"character_chosen":"DEFECT","items_purchased":[],"campfire_rested":0,"item_purchase_floors":[],"current_hp_per_floor":[62,57,57,56,56,24,24,24,34,0,0],"gold":186,"neow_bonus":"","is_daily":false,"chose_seed":false,"campfire_upgraded":0,"win_rate":0.0,"timestamp":1614281793,"path_taken":["M","M","?","?","$","E","?","?","T","E"],"items_purchased_type":[],"build_version":"2020-12-22","purchased_purges":0,"victory":false,"max_hp_per_floor":[71,71,71,71,71,71,71,71,81,81,81],"card_choices":[{"not_picked":["Sweeping Beam","Leap"],"picked":"Conserve Battery","floor":1.0},{"not_picked":["VoidDream","FairyFestival"],"picked":"DreamingCurrent","floor":1.0},{"not_picked":["Doom and Gloom","Leap"],"picked":"Seek","floor":2.0},{"not_picked":["FairyFestival","Bloodbath"],"picked":"Wellcheers","floor":2.0},{"not_picked":["Redo","Steam"],"picked":"FTL","floor":4.0},{"not_picked":["VoidDream","Scarecrow"],"picked":"Woodsman","floor":4.0},{"not_picked":["Reprogram","All For One"],"picked":"White Noise","floor":6.0},{"not_picked":["NakedNest","FairyFestival"],"picked":"DespairKnight","floor":6.0}],"player_experience":2474823,"relics_obtained":[{"floor":6.0,"key":"Potion Belt"},{"floor":8.0,"key":"Vajra"},{"floor":9.0,"key":"Pear"}],"event_choices":[{"cards_removed":["DreamingCurrent"],"damage_healed":0.0,"max_hp_gain":0.0,"max_hp_loss":0.0,"gold_gain":0.0,"event_name":"Wheel of Change","player_choice":"Card Removal","floor":3.0,"gold_loss":0.0,"damage_taken":0.0},{"damage_healed":0.0,"max_hp_gain":0.0,"max_hp_loss":0.0,"gold_gain":0.0,"event_name":"Golden Idol","player_choice":"Take Wound","floor":7.0,"gold_loss":0.0,"damage_taken":0.0,"relics_obtained":["Golden Idol"],"cards_obtained":["Injury"]}],"is_beta":false,"boss_relics":[],"items_purged_floors":[],"is_endless":false,"potions_floor_spawned":[1,2,4],"killed_by":"Gremlin Nob","ascension_level":20}}