{"host":"lehbxtjrpalkmwwj","time":1614270068,"event":{"mods":["ATMod(°¢èªMod)","Aspiration","BaseMod","Challenge The Spire","Colored Map","Colored Powertips","Conspire","Dota2Spire","Energized Spire","Hunter ÁÔÈË","Minty Spire (QoL Compilation)","Quick Restart","Relic Stats","Reliquary","Replay The Spire","Spicy Shops","StSLib","TestMod","The Cursed","The IronCluck","The Poker Player","Waifu the Spire","Wide Potions","[IsaacMod]ÒÔÈö¼âËþ","¡¾ÒÅÎï¿¨ÅÆ¡¿REMEMod","É³µñ²ÄÖÊ°ümod","óô»ðÖ¸ÄÏ"],"gold_per_floor":[388,488,506,19,19,49,49,80,125,136,166,185,199,228,228,330,330,363,394,425,454,39,70,70,27,27,27,56,56,90,120,120,202,202,238,238,303,303,691,728,728,796,796,827,888,926,985,1019,1090,1123,1130,1130,1130,84,111,146],"floor_reached":57,"language":"ZHS","playtime":2215,"items_purged":["Defend_B","Strike_B"],"score":4640,"play_id":"3fbae4df-9f5b-4aa2-99e1-69adf9e995ff","local_time":"20210226002108","is_ascension_mode":true,"campfire_choices":[{"floor":7.0,"key":"REST"},{"floor":15.0,"key":"RECALL"},{"data":"FIFO Queue","floor":24.0,"key":"SMITH"},{"data":"White Noise","floor":29.0,"key":"SMITH"},{"data":"Decay","floor":32.0,"key":"PURGE"},{"data":"PokerPlayerMod:ChangeRules","floor":41.0,"key":"SMITH"},{"data":"Consume","floor":53.0,"key":"SMITH"}],"circlet_count":0,"master_deck":["Strike_B","Strike_B","Strike_B","Defend_B","Defend_B","Defend_B","Zap","Dualcast","EpicFetus","AT_FamilyPortrait","PokerPlayerMod:ChangeRules+1","Static Discharge","Consume+1","Amplify","Coolheaded","Leap","ReplayTheSpireMod:Omega Cannon","White Noise+1","Steam","Capacitor","FIFO Queue+1","Mirror Shield","White Noise+1","REME_DataAnalysis","ReplayRNGCard","BootSequence","Ball Lightning","Ball Lightning","Draining Mist+1","AT_ThreeBodyProblem","Clothesline","REME_BuildACard","testmod-FightingIntention","REME_Flogging","testmod-Provocation","testmod-Reproduce","Replay:Bootleg Shield Generator","Turbo","Infinite Combo","Scrape","testmod-PainDetonator","TheCursedMod:RavingStaff+1","Flex","Consecrate","Struggle Attack+1","Predator+1","testmod-ComboMaster+1","Footwork","Lockon","Ragnarok"],"relics":["Cracked Core","HushsDoor","AT_ATBox","testmod-TestBox","REME_ComplimentaryCards","BloodBag","testmod-NegativeEmotionEnhancer","NeowsBlessing","Dota2Spire:EtherealBlade","testmod-IndustrialRevolution","Dota2Spire:EyeOfSkadi","reliquary:LoveEmittingDiode","Dota2Spire:PhaseBoots","reliquary:SharkskinSheath","ReplayFunnel","testmod-IntensifyImprint","ChampionBelt","Question Card","Prayer Wheel","reliquary:Firecrackers","BelialBook","reliquary:Spinner","PrismaticShard","aspiration:Nostalgia","PokerPlayerMod:DeckCase","Replay:Rubber Ducky","Bird Faced Urn","Counterbalance","testmod-TheFather","testmod-ArcanaOfDestiny","reliquary:WritOfMandamus","Dota2Spire:HandOfMidas","Incense Burner","Prayer Wheel","TheBean","TuHaoJin","reliquary:Boomerang","AT_TimeSand","Dota2Spire:MonkeyKingBar","Gremlin Food","Bottled Lightning","Centennial Puzzle","aspiration:FrozenJewel","Pear","testmod-InjuryResistance","Dota2Spire:CrimsonGuard","GuppysPaw","testmod-ThousandKnives","TheBattery","SteamSale"],"acts_visited":["Exordium","TheCity","TheBeyond","TheEnding"],"potions_floor_usage":[56,56,56,56,56],"damage_taken":[{"damage":0.0,"enemies":"Jaw Worm","floor":1.0,"turns":1.0},{"damage":0.0,"enemies":"Cultist","floor":3.0,"turns":1.0},{"damage":0.0,"enemies":"Lagavulin","floor":6.0,"turns":1.0},{"damage":23.0,"enemies":"Gremlin Nob","floor":8.0,"turns":4.0},{"damage":0.0,"enemies":"2 Louse","floor":10.0,"turns":2.0},{"damage":0.0,"enemies":"Lagavulin","floor":11.0,"turns":4.0},{"damage":0.0,"enemies":"2 Fungi Beasts","floor":12.0,"turns":2.0},{"damage":0.0,"enemies":"Looter","floor":13.0,"turns":4.0},{"damage":11.0,"enemies":"3 Sentries","floor":14.0,"turns":3.0},{"damage":7.0,"enemies":"Slime Boss","floor":16.0,"turns":9.0},{"damage":0.0,"enemies":"Slavers","floor":18.0,"turns":2.0},{"damage":19.0,"enemies":"conspire:Head Lice","floor":19.0,"turns":6.0},{"damage":16.0,"enemies":"Book of Stabbing","floor":20.0,"turns":4.0},{"damage":37.0,"enemies":"Slavers","floor":21.0,"turns":3.0},{"damage":0.0,"enemies":"Book of Stabbing","floor":23.0,"turns":5.0},{"damage":0.0,"enemies":"Gremlin Leader","floor":28.0,"turns":4.0},{"damage":0.0,"enemies":"Replay:Snechameleon","floor":30.0,"turns":6.0},{"damage":0.0,"enemies":"conspire:SneckoGhost","floor":31.0,"turns":4.0},{"damage":0.0,"enemies":"conspire:MysteriousRune","floor":33.0,"turns":3.0},{"damage":0.0,"enemies":"R_Hoarder","floor":35.0,"turns":3.0},{"damage":0.0,"enemies":"Nemesis","floor":37.0,"turns":3.0},{"damage":9.9999999E7,"enemies":"R_Hoarder","floor":39.0,"turns":5.0},{"damage":0.0,"enemies":"Reptomancer","floor":40.0,"turns":3.0},{"damage":0.0,"enemies":"Giant Head","floor":42.0,"turns":2.0},{"damage":0.0,"enemies":"Reptomancer","floor":44.0,"turns":2.0},{"damage":0.0,"enemies":"R_Hoarder","floor":45.0,"turns":3.0},{"damage":0.0,"enemies":"Nemesis","floor":46.0,"turns":3.0},{"damage":0.0,"enemies":"Giant Head","floor":47.0,"turns":3.0},{"damage":6.0,"enemies":"Nemesis","floor":48.0,"turns":3.0},{"damage":1.0,"enemies":"Time Eater","floor":50.0,"turns":6.0},{"damage":4.0,"enemies":"Donu and Deca","floor":51.0,"turns":2.0},{"damage":4,"enemies":"Shield and Spear","floor":55,"turns":2},{"damage":0,"enemies":"The Heart","floor":56,"turns":3}],"seed_played":"-7458824007232025521","potions_obtained":[{"floor":1.0,"key":"BlessingOfTheForge"},{"floor":3.0,"key":"Energy Potion"},{"floor":6.0,"key":"Death Potion"},{"floor":10.0,"key":"Explosive Potion"},{"floor":20.0,"key":"SkillPotion"},{"floor":21.0,"key":"FocusPotion"},{"floor":28.0,"key":"Explosive Potion"},{"floor":30.0,"key":"FearPotion"},{"floor":39.0,"key":"EntropicBrew"},{"floor":39.0,"key":"FocusPotion"},{"floor":42.0,"key":"Dota2Spire:HealingSalve"},{"floor":44.0,"key":"Reflective Coating"},{"floor":48.0,"key":"conspire:TimeTravelPotion"},{"floor":55,"key":"AttackPotion"}],"is_trial":false,"path_per_floor":["M","?","M","$","?","E","R","E","T","M","E","M","M","E","R","B",null,"M","M","M","M","$","E","R","$","T","?","E","R","M","E","R_BF","B",null,"M","?","M","?","M","E","R","E","T","M","E","M","E","M","R_BF","B","B",null,"R","$","E","B",null],"character_chosen":"DEFECT","items_purchased":["Dota2Spire:EtherealBlade","Amplify","testmod-IndustrialRevolution","ReplayTheSpireMod:Fabricate Wheel","PrismaticShard","aspiration:Nostalgia","Replay:Rubber Ducky","Ball Lightning","ReplayTheSpireMod:Fabricate Wheel","FairyPotion","SuicideKing","GuppysPaw","testmod-ThousandKnives","Lockon","TheBattery"],"campfire_rested":1,"item_purchase_floors":[4,4,4,17,22,22,22,25,34,34,34,54,54,54,54],"current_hp_per_floor":[28,28,30,30,17,19,46,25,25,28,30,33,35,28,28,26,76,80,71,57,24,24,26,26,26,26,26,42,42,56,70,70,78,86,90,80,91,91,31,47,47,53,53,66,70,88,98,100,100,109,111,111,111,111,112,113],"gold":146,"neow_bonus":"THREE_ENEMY_KILL","is_daily":false,"chose_seed":false,"campfire_upgraded":4,"win_rate":0.0,"timestamp":1614270068,"path_taken":["M","?","M","$","?","E","R","E","T","M","E","M","M","E","R","BOSS","BOSS","M","?","M","M","?","E","R","?","T","?","E","R","M","E","R_BF","BOSS","M","?","M","?","M","E","R","E","T","M","E","?","E","M","R_BF","BOSS","BOSS","R","$","E","BOSS"],"items_purchased_type":["Relic","Card","Relic","Card","Relic","Relic","Relic","Card","Card","Potion","Card","Relic","Relic","Card","Relic"],"build_version":"2020-12-22","purchased_purges":2,"victory":true,"max_hp_per_floor":[83,83,84,84,89,90,90,91,91,92,93,94,95,96,96,97,93,94,95,96,97,97,98,98,98,98,98,99,99,100,101,101,102,89,90,90,91,91,92,93,93,94,94,95,96,107,108,109,109,110,111,111,111,111,112,113],"relic_stats":{"Centennial Puzzle":[12],"counters":[33,111],"Bird Faced Urn":[110],"Prayer Wheel":0,"Question Card":26,"obtain_stats":[{"AT_ATBox":0,"testmod-NegativeEmotionEnhancer":0,"AT_TimeSand":39,"Dota2Spire:EtherealBlade":4,"Centennial Puzzle":44,"TheBean":39,"Dota2Spire:EyeOfSkadi":5,"Dota2Spire:CrimsonGuard":48,"Prayer Wheel":19,"TuHaoJin":39,"reliquary:SharkskinSheath":9,"KeepersGift":0,"testmod-IntensifyImprint":14,"Dota2Spire:HandOfMidas":35,"testmod-TestBox":0,"Pear":46,"aspiration:Nostalgia":22,"Counterbalance":28,"BelialBook":20,"BloodBag":0,"Question Card":18,"SteamSale":55,"aspiration:FrozenJewel":45,"Bird Faced Urn":23,"reliquary:WritOfMandamus":34,"HushsDoor":0,"Dota2Spire:MonkeyKingBar":40,"BloodDonationMachine":0,"Dota2Spire:PhaseBoots":8,"ReplayFunnel":11,"reliquary:Boomerang":39,"GuppysPaw":54,"reliquary:Firecrackers":19,"Incense Burner":37,"TheBattery":54,"PrismaticShard":22,"Replay:Rubber Ducky":22,"PokerPlayerMod:DeckCase":22,"ChampionBelt":17,"testmod-InjuryResistance":47,"testmod-ThousandKnives":54,"testmod-TheFather":30,"Cracked Core":0,"testmod-ArcanaOfDestiny":31,"Gremlin Food":42,"reliquary:LoveEmittingDiode":6,"NeowsBlessing":0,"reliquary:Spinner":21,"testmod-IndustrialRevolution":4,"Bottled Lightning":43,"REME_ComplimentaryCards":0},{"AT_ATBox":0,"testmod-NegativeEmotionEnhancer":0,"AT_TimeSand":22,"Dota2Spire:EtherealBlade":2,"Centennial Puzzle":25,"TheBean":22,"Dota2Spire:EyeOfSkadi":2,"Dota2Spire:CrimsonGuard":29,"Prayer Wheel":12,"TuHaoJin":22,"reliquary:SharkskinSheath":4,"KeepersGift":0,"testmod-IntensifyImprint":9,"Dota2Spire:HandOfMidas":20,"testmod-TestBox":0,"Pear":27,"aspiration:Nostalgia":14,"Counterbalance":16,"BelialBook":13,"BloodBag":0,"Question Card":11,"SteamSale":32,"aspiration:FrozenJewel":26,"Bird Faced Urn":15,"reliquary:WritOfMandamus":19,"HushsDoor":0,"Dota2Spire:MonkeyKingBar":23,"BloodDonationMachine":0,"Dota2Spire:PhaseBoots":4,"ReplayFunnel":6,"reliquary:Boomerang":22,"GuppysPaw":31,"reliquary:Firecrackers":12,"Incense Burner":21,"TheBattery":31,"PrismaticShard":14,"Replay:Rubber Ducky":14,"PokerPlayerMod:DeckCase":14,"ChampionBelt":10,"testmod-InjuryResistance":28,"testmod-ThousandKnives":31,"testmod-TheFather":17,"Cracked Core":0,"testmod-ArcanaOfDestiny":18,"Gremlin Food":24,"reliquary:LoveEmittingDiode":3,"NeowsBlessing":0,"reliquary:Spinner":14,"testmod-IndustrialRevolution":2,"Bottled Lightning":24,"REME_ComplimentaryCards":0},{"AT_ATBox":0,"testmod-NegativeEmotionEnhancer":0,"AT_TimeSand":79,"Dota2Spire:EtherealBlade":2,"Centennial Puzzle":86,"TheBean":79,"Dota2Spire:EyeOfSkadi":2,"Dota2Spire:CrimsonGuard":98,"Prayer Wheel":38,"TuHaoJin":79,"reliquary:SharkskinSheath":7,"KeepersGift":0,"testmod-IntensifyImprint":22,"Dota2Spire:HandOfMidas":71,"testmod-TestBox":0,"Pear":92,"aspiration:Nostalgia":46,"Counterbalance":55,"BelialBook":43,"BloodBag":0,"Question Card":33,"SteamSale":108,"aspiration:FrozenJewel":89,"Bird Faced Urn":51,"reliquary:WritOfMandamus":68,"HushsDoor":0,"Dota2Spire:MonkeyKingBar":82,"BloodDonationMachine":0,"Dota2Spire:PhaseBoots":7,"ReplayFunnel":13,"reliquary:Boomerang":79,"GuppysPaw":106,"reliquary:Firecrackers":39,"Incense Burner":74,"TheBattery":106,"PrismaticShard":46,"Replay:Rubber Ducky":46,"PokerPlayerMod:DeckCase":46,"ChampionBelt":31,"testmod-InjuryResistance":95,"testmod-ThousandKnives":106,"testmod-TheFather":61,"Cracked Core":0,"testmod-ArcanaOfDestiny":65,"Gremlin Food":84,"reliquary:LoveEmittingDiode":3,"NeowsBlessing":0,"reliquary:Spinner":46,"testmod-IndustrialRevolution":2,"Bottled Lightning":84,"REME_ComplimentaryCards":0}]},"card_choices":[{"not_picked":[],"picked":"EpicFetus","floor":0.0},{"not_picked":["Undo","Hologram"],"picked":"Static Discharge","floor":1.0},{"not_picked":["Conserve Battery","AT_HeatAcrobatics"],"picked":"Bomb","floor":2.0},{"not_picked":["Sweeping Beam","conspire:SharedLibrary"],"picked":"Consume","floor":3.0},{"not_picked":["Beam Cell","Leap"],"picked":"Coolheaded","floor":6.0},{"not_picked":["Hologram","Redo"],"picked":"Leap","floor":8.0},{"not_picked":["Scrape","FTL"],"picked":"ReplayTheSpireMod:Omega Cannon","floor":10.0},{"not_picked":["Bomb","Compile Driver"],"picked":"White Noise","floor":11.0},{"not_picked":["Hologram","Cold Snap"],"picked":"Steam","floor":12.0},{"not_picked":["conspire:Rain","Sweeping Beam"],"picked":"Capacitor","floor":13.0},{"not_picked":["Turbo","Hologram"],"picked":"FIFO Queue","floor":14.0},{"not_picked":["ElectricPowerLearning","Amplify"],"picked":"Mirror Shield","floor":16.0},{"not_picked":["AT_HeatAcrobatics","Steam Power","ReplaySort"],"picked":"SKIP","floor":18.0},{"not_picked":["Ball Lightning","Compile Driver","Hologram","Pulse"],"picked":"White Noise+1","floor":19.0},{"not_picked":["Gash","AT_RobotInSpace","Hologram"],"picked":"REME_DataAnalysis","floor":20.0},{"not_picked":["Blizzard","Rebound","Coolheaded+1","Sunder"],"picked":"ReplayRNGCard","floor":21.0},{"not_picked":["CrushJoints","TheCursedMod:WearCloak","EagleSecond"],"picked":"BootSequence","floor":23.0},{"not_picked":["Thunderclap","testmod-EnhanceArmerment","TheCursedMod:HellfireBreathing"],"picked":"Draining Mist+1","floor":28.0},{"not_picked":["Spirit Of Beast","TheCursedMod:CursedMace","TheCursedMod:RapidMovement"],"picked":"AT_ThreeBodyProblem","floor":30.0},{"not_picked":["testmod-EnhanceArmerment","Barrage","TheCursedMod:Stigma"],"picked":"Clothesline","floor":31.0},{"not_picked":["testmod-Wormhole","REME_GrazeFinale","Recover HP"],"picked":"REME_BuildACard","floor":33.0},{"not_picked":["Blizzard","Replay:Undeath\u0027s Touch","testmod-AutoReboundSystem"],"picked":"testmod-FightingIntention","floor":35.0},{"not_picked":["testmod-ComboMaster","testmod-Reproduce","ReplayTheSpireMod:Trickstab"],"picked":"REME_Flogging","floor":36.0},{"not_picked":["testmod-Reflect","Dramatic Entrance","REME_TwoStrings"],"picked":"testmod-Provocation","floor":36.0},{"not_picked":["Swift Strike","Panacea","Impatience"],"picked":"testmod-Reproduce","floor":36.0},{"not_picked":["Clone Minion","AT_LightSaberMaster","Acrobatics"],"picked":"Replay:Bootleg Shield Generator","floor":37.0},{"not_picked":["testmod-PocketStoneCalender","Compile Driver","TheCursedMod:WearCloak"],"picked":"Turbo","floor":39.0},{"not_picked":["Discovery+1","TheCursedMod:WearCloak","HPGrowth_Giant"],"picked":"Infinite Combo","floor":39.0},{"not_picked":["TheCursedMod:PrepareRite","TheCursedMod:FleshFromBone","EagleSecond"],"picked":"Scrape","floor":39.0},{"not_picked":["Deflect","Calmness Giant+1","TheCursedMod:ForbiddenAlchemy"],"picked":"testmod-PainDetonator","floor":39.0},{"not_picked":["TheCursedMod:RapidMovement","PokerPlayerMod:Promotion","LikeWater"],"picked":"TheCursedMod:RavingStaff+1","floor":40.0},{"not_picked":["EagleSecond","BasicCrystalCard","Clothesline"],"picked":"Flex","floor":42.0},{"not_picked":["FlurryOfBlows","TheCursedMod:SpitefulStrike","Sucker Punch"],"picked":"Consecrate","floor":44.0},{"not_picked":["CrushJoints","EmptyMind","Grand Finale"],"picked":"Struggle Attack+1","floor":45.0},{"not_picked":["Ball Lightning","Sentinel","Fanatic Cultist"],"picked":"Predator+1","floor":46.0},{"not_picked":["Clash","Random Death Rattle+1","PokerPlayerMod:DiamondStrike"],"picked":"testmod-ComboMaster+1","floor":47.0},{"not_picked":["TheCursedMod:RavingStaff","testmod-LimitFlipper+1","FlurryOfBlows"],"picked":"Footwork","floor":48.0},{"not_picked":["Barrage","Leap","Underhanded Strike+1"],"picked":"Ragnarok","floor":55}],"player_experience":234998,"relics_obtained":[{"floor":6.0,"key":"reliquary:LoveEmittingDiode"},{"floor":8.0,"key":"Dota2Spire:PhaseBoots"},{"floor":9.0,"key":"reliquary:SharkskinSheath"},{"floor":11.0,"key":"ReplayFunnel"},{"floor":14.0,"key":"testmod-IntensifyImprint"},{"floor":18.0,"key":"Question Card"},{"floor":19.0,"key":"reliquary:Firecrackers"},{"floor":20.0,"key":"BelialBook"},{"floor":21.0,"key":"reliquary:Spinner"},{"floor":23.0,"key":"Bird Faced Urn"},{"floor":28.0,"key":"Counterbalance"},{"floor":30.0,"key":"testmod-TheFather"},{"floor":31.0,"key":"testmod-ArcanaOfDestiny"},{"floor":35.0,"key":"Dota2Spire:HandOfMidas"},{"floor":37.0,"key":"Incense Burner"},{"floor":39.0,"key":"TheBean"},{"floor":39.0,"key":"TuHaoJin"},{"floor":39.0,"key":"reliquary:Boomerang"},{"floor":39.0,"key":"AT_TimeSand"},{"floor":40.0,"key":"Dota2Spire:MonkeyKingBar"},{"floor":42.0,"key":"Gremlin Food"},{"floor":43.0,"key":"Bottled Lightning"},{"floor":44.0,"key":"Centennial Puzzle"},{"floor":45.0,"key":"aspiration:FrozenJewel"},{"floor":46.0,"key":"Pear"},{"floor":47.0,"key":"testmod-InjuryResistance"},{"floor":48.0,"key":"Dota2Spire:CrimsonGuard"},{"floor":55,"key":"SteamSale"}],"event_choices":[{"damage_healed":0.0,"max_hp_gain":0.0,"max_hp_loss":0.0,"gold_gain":0.0,"event_name":"Scrap Ooze","player_choice":"Success","floor":5.0,"gold_loss":0.0,"damage_taken":18.0,"relics_obtained":["Dota2Spire:EyeOfSkadi"]},{"damage_healed":0.0,"max_hp_gain":0.0,"max_hp_loss":0.0,"gold_gain":0.0,"event_name":"Forgotten Altar","player_choice":"Smashed Altar","floor":27.0,"gold_loss":0.0,"damage_taken":0.0,"cards_obtained":["Decay"]},{"damage_healed":0.0,"max_hp_gain":0.0,"max_hp_loss":0.0,"gold_gain":0.0,"event_name":"SensoryStone","player_choice":"Memory 3","floor":36.0,"gold_loss":0.0,"damage_taken":10.0}],"is_beta":false,"boss_relics":[{"not_picked":["Replay:Drink Me","energizedSpire:EnergizedDie"],"picked":"ChampionBelt"},{"not_picked":[]},{"not_picked":["testmod-Prudence","testmod-GoldenSoul"],"picked":"reliquary:WritOfMandamus"},{"not_picked":[]}],"items_purged_floors":[54,54],"is_endless":false,"potions_floor_spawned":[1,3,6,10,20,21,28,30,33,35,42,44,48,55],"ascension_level":20}}