{"host":"uceopoba4zvqsgiy","time":1614223765,"event":{"mods":["2.2 Compatiblity","Act Like it!","BaseMod","Better Skull","Better Third Choice","Elementarium","Evolution","GifTheSpireLib","Hermit","Humility","Infinite Spire","Jorbs\u0027s Wanderer Trilogy","Marked Mod","Minty Spire (QoL Compilation)","Potionbrewer","Reliquary","Replay The Spire","Robot Space Explorer","Shade Mod","Spicy Shops","StS++","StSLib","Stuff the Spire","The Blue Laboratory","The Caster","The Cursed","The Dragon Tamer","The Dragonkin","The Hierophant","The Judge","The Jungle","TheSurvivalist","Wandering Minibosses"],"gold_per_floor":[118,118,132,132,148,148,175,175,227,9,9,0,0],"floor_reached":12,"language":"ENG","playtime":661,"items_purged":[],"score":114,"play_id":"99f61db2-04d1-4072-ae9b-7029276fe6a3","local_time":"20210225135925","is_ascension_mode":true,"campfire_choices":[{"data":"Capacitor","floor":6,"key":"SMITH"}],"circlet_count":0,"master_deck":["AscendersBane","Strike_B","Strike_B","Strike_B","Strike_B","Defend_B","Defend_B","Defend_B","Defend_B","Zap","Dualcast","Capacitor+1","StuffTheSpire:CuriosityCurse","Ball Lightning","Regret","Biased Cognition"],"relics":["Cracked Core","EVO:Axolotl","NeowsBlessing","Ginger","Nunchaku","StuffTheSpire:RedRose"],"acts_visited":["Exordium"],"potions_floor_usage":[7,7,7],"damage_taken":[{"damage":0,"enemies":"2 Louse","floor":1,"turns":1},{"damage":0,"enemies":"Cultist","floor":3,"turns":1},{"damage":0,"enemies":"Small Slimes","floor":5,"turns":1},{"damage":40,"enemies":"Lagavulin","floor":7,"turns":7},{"damage":35,"enemies":"Gremlin Nob","floor":12,"turns":2}],"seed_played":"-3407836950299380578","potions_obtained":[{"floor":1,"key":"blueLaboratory:HeartbeatPotion"},{"floor":2,"key":"Block Potion"},{"floor":2,"key":"Toxic Potion"},{"floor":3,"key":"blueLaboratory:TrueEctoplasm"},{"floor":7,"key":"blueLaboratory:PhilterOfMotion"}],"is_trial":false,"path_per_floor":["M","?","M","?","M","R","E","?","T","$","$","E"],"character_chosen":"DEFECT","items_purchased":["Biased Cognition"],"campfire_rested":0,"item_purchase_floors":[10],"current_hp_per_floor":[68,68,68,68,68,68,28,28,28,28,28,0,0],"gold":0,"neow_bonus":"THREE_ENEMY_KILL","is_daily":false,"chose_seed":false,"campfire_upgraded":1,"win_rate":0.0,"timestamp":1614223765,"path_taken":["M","?","?","?","M","R","E","?","T","?","$","E"],"items_purchased_type":["Card"],"build_version":"2020-12-22","purchased_purges":0,"victory":false,"max_hp_per_floor":[75,75,75,75,75,75,75,75,75,75,75,75,75],"card_choices":[{"not_picked":["StSpp:Pointer","Streamline","StuffTheSpire:LoadUp"],"picked":"SKIP","floor":1},{"not_picked":["Conserve Battery","ReplaySolidLightProjector"],"picked":"Capacitor","floor":3},{"not_picked":["Aggregate","Turbo"],"picked":"Ball Lightning","floor":5},{"not_picked":["ReplayTheSpireMod:Reroute Power","Cold Snap","Go for the Eyes"],"picked":"SKIP","floor":7}],"player_experience":1889682,"relics_obtained":[{"floor":7,"key":"Nunchaku"}],"event_choices":[{"damage_healed":0,"gold_gain":0,"player_choice":"Got Potions","damage_taken":0,"max_hp_gain":0,"max_hp_loss":0,"event_name":"Lab","floor":2,"gold_loss":0}],"is_beta":false,"boss_relics":[],"items_purged_floors":[],"is_endless":false,"potions_floor_spawned":[1,3,7],"killed_by":"Gremlin Nob","ascension_level":10,"is_humility":true}}