{"host":"bf5upntvbdompq33","time":1614293009,"event":{"mods":["BaseMod","Bestiary","Colored Map","Colored Powertips","Curses Come First","Highlight Path","Minty Spire (QoL Compilation)","StSLib","ojb\u0027s Info Mod"],"gold_per_floor":[113,125,125,125,125,154,154,188,212,222,232,232,242,270,270,373,373,387,3,17,34,47,47,74,74,74,102,102,202,73,73,73,73,73],"floor_reached":33,"language":"ENG","playtime":1666,"items_purged":["Strike_G"],"score":525,"play_id":"8bfd8f8b-cb36-43c2-bc00-55b329c2627a","local_time":"20210225154329","is_ascension_mode":true,"campfire_choices":[{"data":"Neutralize","floor":7,"key":"SMITH"},{"data":"Dash","floor":12,"key":"SMITH"},{"floor":15,"key":"REST"},{"data":"Leg Sweep","floor":23,"key":"SMITH"},{"data":"Wraith Form v2","floor":25,"key":"SMITH"},{"floor":32,"key":"REST"}],"circlet_count":0,"master_deck":["AscendersBane","Strike_G","Strike_G","Defend_G","Defend_G+1","Defend_G+1","Defend_G","Defend_G","Survivor","Neutralize+1","Poisoned Stab","Poisoned Stab","Poisoned Stab","Dash+1","Dagger Throw","Outmaneuver","Dagger Throw","Bane","Unload","Leg Sweep+1","Wraith Form v2+1","Glass Knife","Bane+1","Dagger Spray","Blade Dance","Slice","Dash","Infinite Blades","Backflip+1","Acrobatics"],"relics":["Ring of the Snake","NeowsBlessing","Vajra","CaptainsWheel","Bag of Preparation","Toy Ornithopter","Potion Belt","HoveringKite","Bronze Scales","War Paint","Bottled Flame","Centennial Puzzle","Turnip","Meat on the Bone"],"acts_visited":["Exordium","TheCity"],"potions_floor_usage":[11,14,22,22,27,33],"damage_taken":[{"damage":0,"enemies":"Small Slimes","floor":1,"turns":1},{"damage":0,"enemies":"2 Louse","floor":2,"turns":1},{"damage":0,"enemies":"3 Sentries","floor":6,"turns":1},{"damage":9,"enemies":"Gremlin Nob","floor":8,"turns":5},{"damage":0,"enemies":"Cultist","floor":10,"turns":3},{"damage":7,"enemies":"Exordium Wildlife","floor":11,"turns":4},{"damage":5,"enemies":"2 Fungi Beasts","floor":13,"turns":3},{"damage":7,"enemies":"Lagavulin","floor":14,"turns":4},{"damage":27,"enemies":"Hexaghost","floor":16,"turns":9},{"damage":0,"enemies":"Chosen","floor":18,"turns":4},{"damage":11,"enemies":"Spheric Guardian","floor":20,"turns":3},{"damage":7,"enemies":"Snake Plant","floor":21,"turns":4},{"damage":20,"enemies":"Shelled Parasite and Fungi","floor":22,"turns":5},{"damage":10,"enemies":"Slavers","floor":24,"turns":6},{"damage":2,"enemies":"Gremlin Leader","floor":27,"turns":7},{"damage":4,"enemies":"Colosseum Slavers","floor":29,"turns":3},{"damage":9,"enemies":"Colosseum Nobs","floor":29,"turns":4},{"damage":51,"enemies":"Champ","floor":33,"turns":10}],"seed_played":"-3782171578693483551","potions_obtained":[{"floor":2,"key":"ColorlessPotion"},{"floor":5,"key":"GhostInAJar"},{"floor":5,"key":"Poison Potion"},{"floor":13,"key":"PowerPotion"},{"floor":14,"key":"GamblersBrew"},{"floor":16,"key":"EssenceOfSteel"},{"floor":18,"key":"GamblersBrew"},{"floor":29,"key":"LiquidMemories"}],"is_trial":false,"path_per_floor":["M","M","?","?","?","E","R","E","T","M","M","R","M","E","R","B",null,"M","$","M","M","M","R","E","R","T","E","?","?","$","?","R","B"],"character_chosen":"THE_SILENT","items_purchased":["Wraith Form v2","Bronze Scales","Glass Knife","Acrobatics"],"campfire_rested":2,"item_purchase_floors":[19,19,19,30],"current_hp_per_floor":[63,63,63,56,56,56,56,47,47,47,45,45,40,38,59,32,61,61,61,50,43,33,33,23,23,23,26,26,13,13,4,25,0,0],"gold":73,"neow_bonus":"THREE_ENEMY_KILL","is_daily":false,"chose_seed":false,"campfire_upgraded":4,"win_rate":0.0,"timestamp":1614293009,"path_taken":["M","M","?","?","?","E","R","E","T","?","M","R","M","E","R","BOSS","M","$","M","M","M","R","E","R","T","E","?","?","?","?","R","BOSS"],"items_purchased_type":["Card","Relic","Card","Card"],"build_version":"2020-12-22","purchased_purges":1,"victory":false,"max_hp_per_floor":[70,70,70,70,70,70,70,70,70,70,70,70,70,70,70,70,70,70,70,70,70,70,70,70,70,70,70,70,70,70,70,70,70,70],"card_choices":[{"not_picked":["Blade Dance","Dodge and Roll"],"picked":"Poisoned Stab","floor":1},{"not_picked":["Finisher","Backflip"],"picked":"Poisoned Stab","floor":2},{"not_picked":["After Image","Infinite Blades"],"picked":"Poisoned Stab","floor":6},{"not_picked":["Blade Dance","Cloak And Dagger"],"picked":"Dash","floor":8},{"not_picked":["Eviscerate","Cloak And Dagger"],"picked":"Dagger Throw","floor":10},{"not_picked":["Flying Knee","Choke"],"picked":"Outmaneuver","floor":11},{"not_picked":["Poisoned Stab","Prepared"],"picked":"Dagger Throw","floor":13},{"not_picked":["Escape Plan","Skewer"],"picked":"Bane","floor":14},{"not_picked":["Burst","Malaise"],"picked":"Unload","floor":16},{"not_picked":["PiercingWail","Sucker Punch"],"picked":"Leg Sweep","floor":18},{"not_picked":["Prepared","Flying Knee+1"],"picked":"Bane+1","floor":20},{"not_picked":["Deflect","Dagger Throw"],"picked":"Dagger Spray","floor":21},{"not_picked":["Finisher","Leg Sweep","Dagger Spray"],"picked":"SKIP","floor":22},{"not_picked":["Underhanded Strike","Outmaneuver+1"],"picked":"Blade Dance","floor":24},{"not_picked":["Sucker Punch","Masterful Stab"],"picked":"Slice","floor":27},{"not_picked":["Calculated Gamble","After Image"],"picked":"Backflip+1","floor":29}],"player_experience":1743370,"relics_obtained":[{"floor":6,"key":"CaptainsWheel"},{"floor":8,"key":"Bag of Preparation"},{"floor":9,"key":"Toy Ornithopter"},{"floor":14,"key":"Potion Belt"},{"floor":24,"key":"War Paint"},{"floor":26,"key":"Bottled Flame"},{"floor":27,"key":"Centennial Puzzle"},{"floor":29,"key":"Turnip"},{"floor":29,"key":"Meat on the Bone"}],"event_choices":[{"damage_healed":0,"gold_gain":0,"player_choice":"Box","damage_taken":0,"relics_obtained":["Vajra"],"max_hp_gain":0,"max_hp_loss":0,"event_name":"Big Fish","floor":3,"gold_loss":0,"cards_obtained":["Regret"]},{"cards_removed":["Regret"],"damage_healed":0,"gold_gain":0,"player_choice":"Card Removal","damage_taken":7,"max_hp_gain":0,"max_hp_loss":0,"event_name":"Golden Wing","floor":4,"gold_loss":0},{"damage_healed":0,"gold_gain":0,"player_choice":"Got Potions","damage_taken":0,"max_hp_gain":0,"max_hp_loss":0,"event_name":"Lab","floor":5,"gold_loss":0},{"damage_healed":0,"gold_gain":0,"cards_transformed":["Strike_G","Strike_G"],"player_choice":"Became Test Subject","damage_taken":0,"max_hp_gain":0,"max_hp_loss":0,"event_name":"Drug Dealer","floor":28,"gold_loss":0,"cards_obtained":["Dash","Infinite Blades"]},{"damage_healed":0,"gold_gain":0,"player_choice":"Fight","damage_taken":0,"max_hp_gain":0,"max_hp_loss":0,"event_name":"Colosseum","floor":29,"gold_loss":0},{"damage_healed":0,"gold_gain":0,"player_choice":"Fought Nobs","damage_taken":0,"max_hp_gain":0,"max_hp_loss":0,"event_name":"Colosseum","floor":29,"gold_loss":0},{"damage_healed":0,"gold_gain":0,"player_choice":"Stopped","damage_taken":9,"max_hp_gain":0,"max_hp_loss":0,"event_name":"Cursed Tome","floor":31,"gold_loss":0}],"is_beta":false,"boss_relics":[{"not_picked":["Ectoplasm","Busted Crown"],"picked":"HoveringKite"}],"items_purged_floors":[30],"is_endless":false,"potions_floor_spawned":[2,6,13,14,16,18,20,21,29],"killed_by":"Champ","ascension_level":12}}