{"host":"684z1xpuwaoqmmh1","time":1614245508,"event":{"mods":["BaseMod","CatGirl Mod","Downfall","Hermit","Jorbs\u0027s Wanderer Trilogy","Marisa????????","Minty Spire (QoL Compilation)","Robot Space Explorer","Shade Mod","Shapeshifter Mod","StSLib","The Bug Knight","The Clintock","The Dragon Tamer","The Elementalist","The Hayseed","The Hierophant","The Marked","The Mystic","The Poker Player","The Runesmith","The Sage","The Saiyan","The Showman","The Spell Scribe","The Valiant","The Vixen","TheBandit","TheFirefly","TheVacant"],"gold_per_floor":[119,194,207,39,49,79,79,112,137,171,171,184,184,209,209,338,338,362,362,375,389,489,489,522,541,541,541,575,596,636,546,546,669,669,685,685,685,458,474,509,509,549,549,584,598,598,636,636,636,636,636,636,55,88,88],"floor_reached":56,"language":"ENG","playtime":2950,"items_purged":["StSShapeShifter:ShapeShifter_Strike","StSShapeShifter:ShapeShifter_Strike"],"score":1655,"play_id":"cedd113c-9337-4b46-b14b-5e0d227dec75","local_time":"20210225113148","is_ascension_mode":true,"campfire_choices":[{"data":"StSShapeShifter:ReplenishingNectar","floor":7.0,"key":"SMITH"},{"data":"StSShapeShifter:StormGryphonForm","floor":15.0,"key":"SMITH"},{"floor":23.0,"key":"RECALL"},{"floor":27.0,"key":"REST"},{"floor":32,"key":"REST"},{"floor":41,"key":"REST"},{"floor":49,"key":"REST"},{"floor":52,"key":"REST"}],"circlet_count":0,"master_deck":["StSShapeShifter:ShapeShifter_Strike","StSShapeShifter:ShapeShifter_Strike","StSShapeShifter:ShapeShifter_Defend","StSShapeShifter:ShapeShifter_Defend","StSShapeShifter:ShapeShifter_Defend","StSShapeShifter:ShapeShifter_Defend","StSShapeShifter:ShapeShifter_Defend","StSShapeShifter:OakBlade","StSShapeShifter:HummingbirdForm","StSShapeShifter:BurstingSpore","StSShapeShifter:ReplenishingNectar+1","StSShapeShifter:Blossom2","StSShapeShifter:MammothForm","StSShapeShifter:BaskInBloom","StSShapeShifter:SunflowerShuriken","StSShapeShifter:StormGryphonForm+1","StSShapeShifter:BarkSkin","StSShapeShifter:MooseForm","StSShapeShifter:BulwarkOfDiscovery+1","StSShapeShifter:PoisonIvy","StSShapeShifter:BladeOfGrass+1","StSShapeShifter:Pounce","StSShapeShifter:EmbraceTheCycle+1","StSShapeShifter:Synchronicity+1","StSShapeShifter:RaptorForm+1","StSShapeShifter:SkullBash","StSShapeShifter:BurrBomb"],"relics":["StSShapeShifter:AnimalHeart","StSShapeShifter:TheShapeShiftersMagnolia","Ancient Tea Set","Bag of Preparation","Winged Necklace","Strawberry","Bag of Marbles","Akabeko","Golden Idol","Fusion Hammer","StSShapeShifter:AlarmClock","Sundial","Letter Opener","HollowMod:PaleOreRelic","Philosopher\u0027s Stone","Blue Candle","sneckomod:BlankCard","Juzu Bracelet","Question Card","Runesmith:AutoHammer","Darkstone Periapt","Happy Flower","Nunchaku","Blood Vial"],"acts_visited":["Exordium","TheCity","TheBeyond","TheEnding"],"potions_floor_usage":[30,35,40,44,47,55,55,55,55,55,55],"damage_taken":[{"damage":7.0,"enemies":"Jaw Worm","floor":1.0,"turns":6.0},{"damage":0.0,"enemies":"Small Slimes","floor":3.0,"turns":2.0},{"damage":0.0,"enemies":"2 Louse","floor":5.0,"turns":2.0},{"damage":8.0,"enemies":"3 Sentries","floor":6.0,"turns":7.0},{"damage":18.0,"enemies":"Gremlin Nob","floor":8.0,"turns":3.0},{"damage":15.0,"enemies":"3 Sentries","floor":10.0,"turns":8.0},{"damage":0.0,"enemies":"Exordium Thugs","floor":12.0,"turns":2.0},{"damage":8.0,"enemies":"Large Slime","floor":14.0,"turns":5.0},{"damage":5.0,"enemies":"Hexaghost","floor":16.0,"turns":8.0},{"damage":9.0,"enemies":"Shell Parasite","floor":18.0,"turns":8.0},{"damage":1.0,"enemies":"Chosen","floor":20.0,"turns":4.0},{"damage":11.0,"enemies":"Centurion and Healer","floor":21.0,"turns":7.0},{"damage":18.0,"enemies":"Gremlin Leader","floor":24.0,"turns":5.0},{"damage":0.0,"enemies":"3 Cultists","floor":25.0,"turns":4.0},{"damage":0.0,"enemies":"Slavers","floor":28.0,"turns":4.0},{"damage":0,"enemies":"Snake Plant","floor":29,"turns":3},{"damage":2,"enemies":"Book of Stabbing","floor":30,"turns":6},{"damage":62,"enemies":"Champ","floor":33,"turns":11},{"damage":12,"enemies":"3 Darklings","floor":35,"turns":7},{"damage":1,"enemies":"Orb Walker","floor":39,"turns":4},{"damage":7,"enemies":"Reptomancer","floor":40,"turns":7},{"damage":0,"enemies":"Giant Head","floor":42,"turns":9},{"damage":35,"enemies":"Reptomancer","floor":44,"turns":7},{"damage":21,"enemies":"Maw","floor":45,"turns":5},{"damage":8,"enemies":"Giant Head","floor":47,"turns":5},{"damage":69,"enemies":"Donu and Deca","floor":50,"turns":9},{"damage":44,"enemies":"Shield and Spear","floor":54,"turns":6},{"damage":41,"enemies":"The Heart","floor":55,"turns":9}],"seed_played":"-9203955354334538787","potions_obtained":[{"floor":3.0,"key":"Swift Potion"},{"floor":10.0,"key":"Strength Potion"},{"floor":14.0,"key":"sneckomod:MuddlingPotion"},{"floor":20.0,"key":"ColorlessPotion"},{"floor":24.0,"key":"PowerPotion"},{"floor":25.0,"key":"Guardian:BlockOnCardUsePotion"},{"floor":29,"key":"Slimebound:ThreeZeroPotion"},{"floor":33,"key":"Energy Potion"},{"floor":35,"key":"SkillPotion"},{"floor":44,"key":"CultistPotion"},{"floor":45,"key":"sneckomod:MuddlingPotion"}],"is_trial":false,"path_per_floor":["M","?","M","$","M","E","R","E","T","E","?","M","?","M","R","B",null,"M","?","M","M","?","R","E","M","T","R","E","M","E","?","R","B",null,"M","?","?","$","M","E","R","E","T","E","M","?","E","?","R","B",null,"R","$","E","B",null],"character_chosen":"SHAPESHIFTER","items_purchased":["StSShapeShifter:BurstingSpore","Bag of Preparation","sneckomod:BlankCard","Happy Flower","Nunchaku","StSShapeShifter:BurrBomb","EntropicBrew"],"campfire_rested":5,"item_purchase_floors":[4,4,38,53,53,53,53],"current_hp_per_floor":[71,60,60,60,60,53,53,44,44,33,12,18,10,10,10,15,85,79,79,78,75,75,75,71,85,85,85,85,85,83,83,85,43,85,73,68,68,68,81,81,81,81,81,74,81,81,81,81,81,46,81,81,81,37,36],"gold":88,"neow_bonus":"RANDOM_COMMON_RELIC","is_daily":false,"chose_seed":false,"campfire_upgraded":2,"win_rate":0.0,"timestamp":1614245508,"path_taken":["M","?","M","?","M","E","R","E","T","E","?","M","?","M","R","BOSS","M","?","M","M","?","R","E","?","T","R","E","M","E","?","R","BOSS","M","?","?","$","M","E","R","E","T","E","M","?","E","?","R","BOSS","R","$","E","BOSS"],"items_purchased_type":["Card","Relic","Relic","Relic","Relic","Card","Potion"],"build_version":"2020-12-22","purchased_purges":2,"victory":true,"max_hp_per_floor":[78,78,78,78,78,78,78,85,85,85,85,85,85,85,85,85,85,85,85,85,85,85,85,85,85,85,85,85,85,85,85,85,85,85,85,85,81,81,81,81,81,81,81,81,81,81,81,81,81,81,81,81,81,81,81],"card_choices":[{"not_picked":["StSShapeShifter:Roar","StSShapeShifter:FlowerShield"],"picked":"StSShapeShifter:OakBlade","floor":1.0},{"not_picked":["StSShapeShifter:VineHandcuffs","StSShapeShifter:OpportuneSwoop"],"picked":"StSShapeShifter:HummingbirdForm","floor":3.0},{"not_picked":["StSShapeShifter:ThornToss","StSShapeShifter:Roar"],"picked":"StSShapeShifter:ReplenishingNectar","floor":5.0},{"not_picked":["StSShapeShifter:ThornedSkin","StSShapeShifter:BurstingSpore"],"picked":"StSShapeShifter:Blossom2","floor":6.0},{"not_picked":["StSShapeShifter:OpportuneSwoop","StSShapeShifter:BarkSkin"],"picked":"StSShapeShifter:MammothForm","floor":8.0},{"not_picked":["StSShapeShifter:Ensconce","StSShapeShifter:WiltingWrath"],"picked":"StSShapeShifter:BaskInBloom","floor":10.0},{"not_picked":["StSShapeShifter:Guard","StSShapeShifter:Sapling"],"picked":"StSShapeShifter:SunflowerShuriken","floor":12.0},{"not_picked":["StSShapeShifter:CursedApple","StSShapeShifter:RockSlide"],"picked":"StSShapeShifter:BarkSkin","floor":14.0},{"not_picked":["StSShapeShifter:Tornado","StSShapeShifter:RestoreBalance"],"picked":"StSShapeShifter:MooseForm","floor":16.0},{"not_picked":["StSShapeShifter:PoisonIvy","StSShapeShifter:RockSlide+1"],"picked":"StSShapeShifter:BulwarkOfDiscovery","floor":18.0},{"not_picked":["StSShapeShifter:OakBlade","StSShapeShifter:BloomingSlash"],"picked":"StSShapeShifter:PoisonIvy","floor":20.0},{"not_picked":["StSShapeShifter:Wildfire2","StSShapeShifter:FlowerShield","StSShapeShifter:Sapling"],"picked":"SKIP","floor":21.0},{"not_picked":["StSShapeShifter:Wildfire2+1","StSShapeShifter:CursedApple","StSShapeShifter:EntForm"],"picked":"SKIP","floor":24.0},{"not_picked":["StSShapeShifter:WaspSwarmForm+1","StSShapeShifter:ThornToss","StSShapeShifter:RockSlide"],"picked":"SKIP","floor":25.0},{"not_picked":["StSShapeShifter:SquirrelForm","StSShapeShifter:ShiftingStrike"],"picked":"StSShapeShifter:BladeOfGrass+1","floor":28.0},{"not_picked":["StSShapeShifter:VileMushroom","StSShapeShifter:FallingLeaves","StSShapeShifter:ClimbTree"],"picked":"SKIP","floor":29},{"not_picked":["StSShapeShifter:Guard","StSShapeShifter:CursedApple","StSShapeShifter:Wildfire2"],"picked":"SKIP","floor":30},{"not_picked":["StSShapeShifter:RestoreBalance","StSShapeShifter:Forgiveness"],"picked":"StSShapeShifter:Pounce","floor":33},{"not_picked":["StSShapeShifter:Guard","StSShapeShifter:Sapling+1"],"picked":"StSShapeShifter:EmbraceTheCycle+1","floor":35},{"not_picked":["StSShapeShifter:HummingbirdForm+1","StSShapeShifter:EagleForm+1"],"picked":"StSShapeShifter:Synchronicity+1","floor":39},{"not_picked":["StSShapeShifter:Sapling","StSShapeShifter:Wildfire2"],"picked":"StSShapeShifter:RaptorForm+1","floor":40},{"not_picked":["StSShapeShifter:BurstingSpore+1","StSShapeShifter:EntForm","StSShapeShifter:LeapingSlash+1"],"picked":"SKIP","floor":42},{"not_picked":["StSShapeShifter:ForestFire","StSShapeShifter:FlowerShield+1","StSShapeShifter:FallingLeaves"],"picked":"StSShapeShifter:SkullBash","floor":44},{"not_picked":["StSShapeShifter:Synchronicity","StSShapeShifter:RockSlide+1","StSShapeShifter:FoxForm+1","StSShapeShifter:PantherForm"],"picked":"SKIP","floor":45},{"not_picked":["StSShapeShifter:RockSlide+1","StSShapeShifter:LionForm","StSShapeShifter:RitualOfTheExtinct","StSShapeShifter:OakBlade+1"],"picked":"SKIP","floor":47},{"not_picked":["StSShapeShifter:BurstingSpore","StSShapeShifter:Ensconce","StSShapeShifter:Evolution","StSShapeShifter:ReplenishingNectar+1"],"picked":"SKIP","floor":54}],"player_experience":3163312,"relics_obtained":[{"floor":6.0,"key":"Winged Necklace"},{"floor":8.0,"key":"Strawberry"},{"floor":9.0,"key":"Bag of Marbles"},{"floor":10.0,"key":"Akabeko"},{"floor":24.0,"key":"StSShapeShifter:AlarmClock"},{"floor":26.0,"key":"Sundial"},{"floor":28.0,"key":"Letter Opener"},{"floor":30,"key":"HollowMod:PaleOreRelic"},{"floor":40,"key":"Juzu Bracelet"},{"floor":42,"key":"Question Card"},{"floor":44,"key":"Runesmith:AutoHammer"},{"floor":47,"key":"Darkstone Periapt"},{"floor":54,"key":"Blood Vial"}],"event_choices":[{"damage_healed":0.0,"max_hp_gain":0.0,"max_hp_loss":0.0,"gold_gain":75.0,"event_name":"World of Goop","player_choice":"Gather Gold","floor":2.0,"gold_loss":0.0,"damage_taken":11.0},{"damage_healed":0.0,"max_hp_gain":0.0,"max_hp_loss":0.0,"gold_gain":0.0,"event_name":"Golden Idol","player_choice":"Take Damage","floor":11.0,"gold_loss":0.0,"damage_taken":21.0,"relics_obtained":["Golden Idol"]},{"damage_healed":0.0,"max_hp_gain":0.0,"max_hp_loss":0.0,"gold_gain":100.0,"event_name":"Golden Shrine","player_choice":"Pray","floor":22.0,"gold_loss":0.0,"damage_taken":0.0},{"cards_removed":["StSShapeShifter:ShapeShifter_Strike"],"damage_healed":0,"gold_gain":0,"player_choice":"Upgrade and Remove","damage_taken":0,"max_hp_gain":0,"max_hp_loss":0,"event_name":"Designer","floor":31,"gold_loss":90,"cards_upgraded":["StSShapeShifter:BulwarkOfDiscovery"]},{"damage_healed":0,"gold_gain":0,"player_choice":"Max HP","damage_taken":0,"max_hp_gain":0,"max_hp_loss":4,"event_name":"Winding Halls","floor":37,"gold_loss":0},{"damage_healed":0,"gold_gain":0,"player_choice":"Ignored","damage_taken":0,"max_hp_gain":0,"max_hp_loss":0,"event_name":"SecretPortal","floor":46,"gold_loss":0},{"damage_healed":0,"gold_gain":0,"player_choice":"Ignored","damage_taken":0,"max_hp_gain":0,"max_hp_loss":0,"event_name":"Tomb of Lord Red Mask","floor":48,"gold_loss":0}],"is_beta":false,"boss_relics":[{"not_picked":["Tiny House","SacredBark"],"picked":"Fusion Hammer"},{"not_picked":["Astrolabe","Coffee Dripper"],"picked":"Philosopher\u0027s Stone"}],"items_purged_floors":[38,53],"is_endless":false,"potions_floor_spawned":[3,10,14,20,24,25,29,33,35,44,45,54],"ascension_level":3}}