{"host":"ormi09wwzv7sq47a","time":1614223081,"event":{"mods":["2.2 Compatiblity","AchievementEnabler","Act Like it!","BaseMod","Bestiary","Better Altar","Better Note","Better Sensory Stone","Better Silent Start","Better Skull","Better Third Choice","Better Vampires","BetterRewards","Block Reminder","Card Forge","Colored Map","Colored Powertips","Curses Come First","Downfall","Highlight Path","Minty Spire (QoL Compilation)","Permanent Neow","Quick Restart","Rare Cards Sparkle","Relic Stats","Shop Mod","StSLib","The Jungle"],"gold_per_floor":[113,13,25,40,40,75,75,104,104,104,4,37,48,83,83,160,160,175,191,191,116,136,136,166,180,180,180,191,218,47,59,59,59,59],"floor_reached":33,"language":"ENG","playtime":1566,"items_purged":["Strike_B","Strike_B"],"score":680,"play_id":"d6e37dff-ec12-426a-bcdc-4b44488efdba","local_time":"20210225001801","is_ascension_mode":true,"campfire_choices":[{"data":"Strike_B","floor":7,"key":"PURGE"},{"data":"Dramatic Entrance","floor":10,"key":"SMITH"},{"data":"Impatience","floor":15,"key":"SMITH"},{"data":"Electrodynamics","floor":23,"key":"SMITH"},{"data":"Defend_B","floor":27,"key":"PURGE"},{"data":"Thunder Strike","floor":32,"key":"SMITH"}],"circlet_count":0,"master_deck":["AscendersBane","Defend_B","Defend_B","Zap","Dualcast","Coolheaded","Dramatic Entrance+1","Self Repair","Doom and Gloom+1","Compile Driver+1","Aggregate","Tempest","Steam","Impatience+1","All For One","FTL","Loop","Electrodynamics+1","Turbo+1","Double Energy","Hologram","Reinforced Body","Steam","Seek","Thunder Strike+1"],"relics":["Cracked Core","Hammer of Thor","Seething Fire","Anvil of the Gods","DataDisk","Peace Pipe","Anchor","PreservedInsect","Kunai","Tiny Chest","Whetstone","hexamod:BolsterEngine","Inserter","champ:DeflectingBracers","Bottled Lightning","Potion Belt"],"acts_visited":["Exordium","TheCity"],"potions_floor_usage":[6,8,18,24,33,33,33,33],"damage_taken":[{"damage":0,"enemies":"Jaw Worm","floor":1,"turns":3},{"damage":0,"enemies":"Small Slimes","floor":3,"turns":2},{"damage":1,"enemies":"2 Louse","floor":4,"turns":2},{"damage":2,"enemies":"3 Sentries","floor":6,"turns":4},{"damage":18,"enemies":"Lagavulin","floor":8,"turns":6},{"damage":14,"enemies":"Gremlin Nob","floor":12,"turns":3},{"damage":0,"enemies":"Exordium Wildlife","floor":13,"turns":1},{"damage":0,"enemies":"3 Sentries","floor":14,"turns":3},{"damage":22,"enemies":"The Guardian","floor":16,"turns":9},{"damage":0,"enemies":"2 Thieves","floor":18,"turns":2},{"damage":14,"enemies":"Shell Parasite","floor":19,"turns":4},{"damage":2,"enemies":"Centurion and Healer","floor":22,"turns":5},{"damage":4,"enemies":"Book of Stabbing","floor":24,"turns":4},{"damage":0,"enemies":"Chosen and Byrds","floor":25,"turns":3},{"damage":0,"enemies":"3 Cultists","floor":28,"turns":2},{"damage":13,"enemies":"Slavers","floor":29,"turns":2},{"damage":0,"enemies":"Centurion and Healer","floor":31,"turns":3},{"damage":74,"enemies":"Collector","floor":33,"turns":8}],"seed_played":"440992728442381810","potions_obtained":[{"floor":3,"key":"DuplicationPotion"},{"floor":6,"key":"Regen Potion"},{"floor":14,"key":"sneckomod:MuddlingPotion"},{"floor":16,"key":"bronze:BurnAndBuffPotion"},{"floor":22,"key":"FocusPotion"},{"floor":28,"key":"PotionOfCapacity"},{"floor":29,"key":"SpeedPotion"},{"floor":31,"key":"SkillPotion"}],"is_trial":false,"path_per_floor":["M","$","M","M","?","E","R","E","T","R","$","E","M","E","R","B",null,"M","M","?","?","M","R","E","M","T","R","M","E","$","M","R","B"],"character_chosen":"DEFECT","items_purchased":["DataDisk","Anchor","Coolheaded","Dramatic Entrance","Self Repair","Impatience","Seek"],"campfire_rested":0,"item_purchase_floors":[0,0,0,0,0,11,30],"current_hp_per_floor":[39,39,39,45,38,43,43,46,46,46,46,39,46,53,53,38,63,63,56,56,56,61,61,57,57,57,57,57,44,44,51,51,0,0],"gold":59,"neow_bonus":"","is_daily":false,"chose_seed":false,"campfire_upgraded":4,"win_rate":0.0,"timestamp":1614223081,"path_taken":["M","$","M","M","?","E","R","E","T","R","$","E","M","E","R","BOSS","M","M","?","?","M","R","E","M","T","R","M","E","?","M","R","BOSS"],"items_purchased_type":["Relic","Relic","Card","Card","Card","Card","Card"],"build_version":"2020-12-22","purchased_purges":2,"victory":false,"max_hp_per_floor":[71,71,71,71,71,71,71,71,71,71,71,71,71,71,71,71,71,71,71,71,71,71,71,71,71,71,71,71,71,71,71,71,71,71],"relic_stats":{"Peace Pipe":2,"Inserter":[16],"counters":[18,66],"Tiny Chest":0,"PreservedInsect":169,"Kunai":[6],"Whetstone":["Doom and Gloom","Compile Driver"],"obtain_stats":[{"Potion Belt":29,"Inserter":17,"Hammer of Thor":0,"PreservedInsect":6,"champ:DeflectingBracers":24,"Seething Fire":0,"Whetstone":12,"Peace Pipe":0,"DataDisk":0,"Anchor":0,"Anvil of the Gods":0,"Tiny Chest":9,"Kunai":8,"Bottled Lightning":26,"hexamod:BolsterEngine":14,"Cracked Core":0},{"Potion Belt":16,"Inserter":9,"Hammer of Thor":0,"PreservedInsect":4,"champ:DeflectingBracers":13,"Seething Fire":0,"Whetstone":6,"Peace Pipe":0,"DataDisk":0,"Anchor":0,"Anvil of the Gods":0,"Tiny Chest":5,"Kunai":5,"Bottled Lightning":14,"hexamod:BolsterEngine":8,"Cracked Core":0},{"Potion Belt":55,"Inserter":33,"Hammer of Thor":0,"PreservedInsect":11,"champ:DeflectingBracers":48,"Seething Fire":0,"Whetstone":20,"Peace Pipe":0,"DataDisk":0,"Anchor":0,"Anvil of the Gods":0,"Tiny Chest":17,"Kunai":17,"Bottled Lightning":51,"hexamod:BolsterEngine":24,"Cracked Core":0}]},"card_choices":[{"not_picked":["Heatsinks","Sweeping Beam"],"picked":"Doom and Gloom","floor":1},{"not_picked":["Darkness","Cold Snap"],"picked":"Compile Driver","floor":3},{"not_picked":["Ball Lightning","Steam Power"],"picked":"Aggregate","floor":4},{"not_picked":["Reprogram","Streamline"],"picked":"Tempest","floor":6},{"not_picked":["Meteor Strike","Coolheaded"],"picked":"Steam","floor":8},{"not_picked":["Beam Cell","Rebound"],"picked":"All For One","floor":12},{"not_picked":["Steam Power","Sweeping Beam"],"picked":"FTL","floor":13},{"not_picked":["Compile Driver","Beam Cell"],"picked":"Loop","floor":14},{"not_picked":["Thunder Strike","Hyperbeam"],"picked":"Electrodynamics","floor":16},{"not_picked":["Genetic Algorithm","Streamline"],"picked":"Turbo+1","floor":18},{"not_picked":["Ball Lightning","Storm"],"picked":"Double Energy","floor":19},{"not_picked":["Ball Lightning","Chaos"],"picked":"Hologram","floor":22},{"not_picked":["Stack","Cold Snap+1"],"picked":"Reinforced Body","floor":24},{"not_picked":["Loop","Tempest","Genetic Algorithm"],"picked":"SKIP","floor":25},{"not_picked":["Storm","Darkness"],"picked":"Steam","floor":28},{"not_picked":["Genetic Algorithm","Reprogram","Beam Cell"],"picked":"SKIP","floor":29},{"not_picked":["Beam Cell","Rebound"],"picked":"Thunder Strike","floor":31}],"player_experience":1160657,"relics_obtained":[{"floor":6,"key":"PreservedInsect"},{"floor":8,"key":"Kunai"},{"floor":9,"key":"Tiny Chest"},{"floor":12,"key":"Whetstone"},{"floor":14,"key":"hexamod:BolsterEngine"},{"floor":24,"key":"champ:DeflectingBracers"},{"floor":26,"key":"Bottled Lightning"},{"floor":29,"key":"Potion Belt"}],"event_choices":[{"cards_removed":["Strike_B"],"damage_healed":0,"gold_gain":0,"player_choice":"Card Removal","damage_taken":7,"max_hp_gain":0,"max_hp_loss":0,"event_name":"Golden Wing","floor":5,"gold_loss":0},{"cards_removed":["Defend_B"],"damage_healed":0,"gold_gain":0,"player_choice":"Gave Gold","damage_taken":0,"max_hp_gain":0,"max_hp_loss":0,"event_name":"Beggar","floor":21,"gold_loss":75}],"is_beta":false,"boss_relics":[{"not_picked":["Cursed Key","Runic Pyramid"],"picked":"Inserter"}],"items_purged_floors":[0,2],"is_endless":false,"potions_floor_spawned":[3,6,14,16,22,28,29,31],"killed_by":"Collector","ascension_level":20}}