{"host":"7xwe9tmiyvwn0fou","time":1614217518,"event":{"mods":["2.2 Compatiblity","AchievementEnabler","Act Like it!","Aspiration","BaseMod","Better Altar","Better Match","Better Note","Better Sensory Stone","Better Skull","Better Third Choice","BetterRewards","CapriCore","Colored Map","Colored Powertips","Conspire","Downfall","Elementarium","Energized Spire","Friendly Minions","Gensokyo","GifTheSpireLib","Halation","Hallownest","Hero for Fun","Highlight Path","Hubris","Infinite Spire","LagranYue(???·?)","Lobotomy","Minty Spire (QoL Compilation)","MostiFishMod","Rare Cards Sparkle","Reliquary","Ruina","Shop Mod","Spikes Relics","Spire Arcade","StSLib","Stuff the Spire","Td1madao Mod","The Bug Knight","The Jungle","Waifu the Spire","everything is the same but u backflip on backflip","slay the spire mod where everything is the same but ironclad has a cowboy hat"],"gold_per_floor":[117,117,129,0,20,40,40,79,106,126,153,153,118,151,151,247,247,267,277,95,109,109,136,136,136,136,136,136,136,136,148,148,250,250,264,281,300,315,335,335,355,355,355,355,355,365,365,24,24,24,24,24,18,43,43],"floor_reached":56,"language":"ENG","playtime":7241,"items_purged":["Strike_C","Strike_C","Strike_C","Cooling Song","Cooling Song"],"score":1302,"play_id":"f33e49cd-2a4d-4c17-8f54-16a67c67d4f8","local_time":"20210224204518","is_ascension_mode":false,"campfire_choices":[{"data":"Break Into","floor":7.0,"key":"SMITH"},{"data":"Break Into","floor":12.0,"key":"SMITH"},{"data":"Winding Magic","floor":15.0,"key":"SMITH"},{"data":"Black Warm Hole","floor":24.0,"key":"SMITH"},{"data":"Knight Kick","floor":27.0,"key":"PURGE"},{"data":"Mayhem","floor":29.0,"key":"SMITH"},{"data":"Backup","floor":32.0,"key":"SMITH"},{"data":"White Contract","floor":40,"key":"PURGE"},{"floor":42,"key":"RECALL"},{"data":"Fire Up","floor":45,"key":"PURGE"},{"floor":49,"key":"REST"},{"data":"Black Warm Hole","floor":52,"key":"SMITH"}],"circlet_count":0,"master_deck":["Defend_C","Defend_C","Defend_C","Defend_C","Chip","Break Into+1","Winding Magic+1","Break Into+1","Black Warm Hole+1","Backup+1","Black Warm Hole+1","MostiFishMod:StoryBook","Mayhem+1","Energy Supply+1","Gensokyo:UnhurriedMind+1"],"relics":["Apod","DaveBox","LagranYue:RandomDrawCardRelic","DaCapo","SynthV:TestCard","halation:PinkSoulGem","Hallownest:BankAccountRelic","hubris:SphereOfDissonance","JellyFishMachine","MerchantsRug","theJungle:BirthdayCakeSlice","hubris:Stopwatch","Chemical X","FossilizedHelix","SynthV:C4"],"acts_visited":["Hallownest:Greenpath","theJungle:Jungle","Gensokyo:Gensokyoest","TheEnding"],"potions_floor_usage":[46],"damage_taken":[{"damage":13.0,"enemies":"Hallownest:monsterHuskGuard","floor":1.0,"turns":8.0},{"damage":0.0,"enemies":"Hallownest:2_Baldur","floor":3.0,"turns":8.0},{"damage":6.0,"enemies":"Hallownest:2_Tiktiks_and_1_Crawlid","floor":5.0,"turns":5.0},{"damage":13.0,"enemies":"Hallownest:Guard_and_Warrior","floor":6.0,"turns":7.0},{"damage":6.0,"enemies":"conspire:MimicChest","floor":8.0,"turns":7.0},{"damage":2.0,"enemies":"Hallownest:MossCreep_and_Mosskin","floor":10.0,"turns":6.0},{"damage":0.0,"enemies":"Hallownest:eliteVengeflyKing","floor":11.0,"turns":4.0},{"damage":0.0,"enemies":"Hallownest:eliteMossKnight","floor":14.0,"turns":4.0},{"damage":18.0,"enemies":"Hallownest:BossFalseKnight","floor":16.0,"turns":6.0},{"damage":16.0,"enemies":"theJungle:GiantWrat","floor":18.0,"turns":4.0},{"damage":6.0,"enemies":"Shell Parasite","floor":19.0,"turns":4.0},{"damage":8.0,"enemies":"theJungle:Snecko_Cultist_And_Trap","floor":21.0,"turns":5.0},{"damage":8.0,"enemies":"theJungle:Cassacara","floor":23.0,"turns":3.0},{"damage":5.0,"enemies":"theJungle:SlimyTreeVines","floor":31.0,"turns":3.0},{"damage":0.0,"enemies":"theJungle:QueenSpyder","floor":33.0,"turns":3.0},{"damage":0.0,"enemies":"Gensokyo:3_Bats","floor":35.0,"turns":1.0},{"damage":0.0,"enemies":"Gensokyo:3_Boulders","floor":36.0,"turns":1.0},{"damage":14.0,"enemies":"Gensokyo:Dusk_and_Dawn","floor":37.0,"turns":3.0},{"damage":20.0,"enemies":"Gensokyo:Rafflesia","floor":38.0,"turns":3.0},{"damage":0,"enemies":"Gensokyo:Sharpion","floor":39,"turns":2},{"damage":0,"enemies":"Gensokyo:3_Boulders","floor":41,"turns":2},{"damage":0,"enemies":"Gensokyo:Rafflesia","floor":46,"turns":2},{"damage":0,"enemies":"Gensokyo:Rafflesia","floor":47,"turns":11},{"damage":0,"enemies":"Gensokyo:Scarlet_Devils","floor":50,"turns":2},{"damage":10,"enemies":"Shield and Spear","floor":54,"turns":2},{"damage":53,"enemies":"The Heart","floor":55,"turns":3}],"seed_played":"-4197556989814857624","potions_obtained":[{"floor":1.0,"key":"Fire Potion"},{"floor":5.0,"key":"Strength Potion"},{"floor":10.0,"key":"BlessingOfTheForge"},{"floor":11.0,"key":"FearPotion"},{"floor":18.0,"key":"Ancient Potion"},{"floor":21.0,"key":"LiquidBronze"},{"floor":23.0,"key":"LiquidMemories"},{"floor":33.0,"key":"GamblersBrew"},{"floor":35.0,"key":"AttackPotion"},{"floor":38.0,"key":"infinitespire:BlackPotion"},{"floor":39,"key":"Swift Potion"},{"floor":46,"key":"SkillPotion"}],"is_trial":false,"path_per_floor":["M","?","M","?","M","M","R","?","T","M","E","R","$","E","R","B",null,"M","M","$","M","?","E","R","AVR","T","R","?","R","?","M","R","B",null,"M","M","M","M","M","R","M","R","T","?","R","M","?","$","R","B",null,"R","$","E","B",null],"character_chosen":"TD1MADAO_CLASS","items_purchased":["MerchantsRug","Cooling Song","Chemical X","FossilizedHelix"],"campfire_rested":1,"item_purchase_floors":[20,20,48,48],"current_hp_per_floor":[57,57,57,57,51,38,38,32,32,30,30,30,30,30,30,12,70,54,48,48,40,45,37,37,37,37,37,37,37,45,40,40,40,75,75,75,61,41,41,41,41,41,41,49,49,49,49,49,71,71,75,75,75,65,12],"gold":43,"neow_bonus":"REMOVE_CARD","is_daily":false,"chose_seed":false,"campfire_upgraded":7,"win_rate":0.0,"timestamp":1614217518,"path_taken":["M","?","M","?","M","M","R","?","T","M","E","R","$","E","R","BOSS","M","M","$","M","?","E","R","AVR","T","R","?","R","?","M","R","BOSS","M","?","?","M","M","R","M","R","T","?","R","?","?","?","R","BOSS","R","$","E","BOSS"],"items_purchased_type":["Relic","Card","Relic","Relic"],"build_version":"2020-12-22","purchased_purges":5,"victory":true,"max_hp_per_floor":[70,70,70,70,70,70,70,70,70,70,70,70,70,70,70,70,70,70,70,70,70,75,75,75,75,75,75,75,75,75,75,75,75,75,75,75,75,75,75,75,75,75,75,75,75,75,75,75,75,75,75,75,75,75,75],"card_choices":[{"not_picked":["Provocative","Oblique Hack"],"picked":"Break Into","floor":1.0},{"not_picked":["Lunge","White Contract","Afterwards","Bugfix"],"picked":"Winding Magic","floor":3.0},{"not_picked":["Provocative","Floating Swing Kick","Afterwards","Perfect Defend","Sudden Beat"],"picked":"SKIP","floor":5.0},{"not_picked":["Afterwards","Fixing","Floating Swing Kick","Data Freezing"],"picked":"Cooling Song","floor":6.0},{"not_picked":["Oblique Hack","Sub Weapons","Black Execution","Resistance"],"picked":"White Contract","floor":8.0},{"not_picked":["Reinforcement Parts","Cooling Song","Recovery Mechanism","Sub Weapons"],"picked":"Break Into","floor":10.0},{"not_picked":["Energy Supply","Chip Synthesis","Preloading","Fire Blade"],"picked":"Black Warm Hole","floor":11.0},{"not_picked":["Twin Teeth","Judgment","Black Dance","Floating Swing Kick"],"picked":"Fire Up","floor":14.0},{"not_picked":["Data Freezing","Retrieval Recycling","Memory Alloy","Optimization"],"picked":"Backup","floor":16.0},{"not_picked":["Provocative","Light Attack","Black Dance+1","Black Hand","White Contract"],"picked":"SKIP","floor":18.0},{"not_picked":["Fire Blade","Here Defend Chip","Fire Up","Black Hand","New Defend Magic+1"],"picked":"SKIP","floor":19.0},{"not_picked":["Lunge","Thunder Jump","Rupture+1","Recovery Mechanism","Three Hit+1"],"picked":"SKIP","floor":21.0},{"not_picked":["Resistance","White Contract","Fire Up","Preloading+1"],"picked":"Black Warm Hole","floor":23.0},{"not_picked":["Trip","Dark Shackles","Discovery","Impatience"],"picked":"MostiFishMod:StoryBook","floor":28.0},{"not_picked":["Impatience","MostiFishMod:SupremeArchaeology","Panacea","StuffTheSpire:Recharge"],"picked":"Mayhem","floor":28.0},{"not_picked":["Fire Blade","Light Attack","Machining+1","Cursed Blade+1","Rupture+1"],"picked":"SKIP","floor":31.0},{"not_picked":["Oblique Hack+1","Resistance","Floating Swing Kick+1","Memory Alloy","E MP+1"],"picked":"SKIP","floor":35.0},{"not_picked":["Awareness+1","Afterwards","Oblique Hack+1","Here Defend Chip+1","Revenge+1"],"picked":"SKIP","floor":36.0},{"not_picked":["Rupture","Transfer Energy+1","White Contract+1","Black Execution","Im Angry"],"picked":"SKIP","floor":37.0},{"not_picked":["Twin Teeth","E MP","Provocative+1","Reinforcement Parts"],"picked":"Energy Supply+1","floor":38.0},{"not_picked":["Twin Teeth","Three Hit+1","Lunge+1","E MP","Fire Blade"],"picked":"SKIP","floor":39},{"not_picked":["Provocative+1","Cursed Blade+1","Here Defend Chip+1","Black Contract","Reinforcement Parts+1"],"picked":"SKIP","floor":41},{"not_picked":["Transfer Energy+1","White Contract+1","Lore","Machining+1","Winding Magic+1"],"picked":"SKIP","floor":46},{"not_picked":["Gensokyo:MorningStar+1","Gensokyo:RisingWorld+1"],"picked":"Gensokyo:UnhurriedMind+1","floor":47},{"not_picked":["Preloading","New Defend Magic+1","Thunder Jump+1","Gravity Defend","Resistance+1"],"picked":"SKIP","floor":54}],"player_experience":51982,"relics_obtained":[{"floor":1.0,"key":"SynthV:TestCard"},{"floor":8.0,"key":"hubris:SphereOfDissonance"},{"floor":9.0,"key":"aspiration:TomeofQuesting"},{"floor":11.0,"key":"Gremlin Horn"},{"floor":14.0,"key":"reliquary:GummyVitamins"},{"floor":23.0,"key":"StuffTheSpire:MayFlowers"},{"floor":26.0,"key":"Peace Pipe"},{"floor":54,"key":"SynthV:C4"}],"event_choices":[{"damage_healed":0.0,"max_hp_gain":0.0,"max_hp_loss":0.0,"gold_gain":2.0,"event_name":"betterStone:BetterStone","player_choice":"1","floor":28.0,"gold_loss":0.0,"damage_taken":0.0}],"is_beta":false,"boss_relics":[{"not_picked":["Snecko Eye","Calling Bell"],"picked":"JellyFishMachine"},{"not_picked":["Cursed Key","aspiration:IroncladSkillbook"],"picked":"hubris:Stopwatch"}],"items_purged_floors":[13,20,25,48,53],"is_endless":false,"potions_floor_spawned":[1,5,10,11,18,21,23,33,35,38,39,46],"ascension_level":0}}