{"host":"6406jj8da6015sxr","time":1614280045,"event":{"mods":["AchievementEnabler","BaseMod","Colored Map","DeckTracker","Keyboard Shortcuts","Minty Spire (QoL Compilation)","Permanent Neow","Relic Stats","SuperFastMode","everything is the same but u backflip on backflip"],"gold_per_floor":[118,118,137,156,156,156,28,28,28,40,60,84,118,133,133,215,224,241,263,282,83,102,102,102,102],"floor_reached":24,"language":"KOR","playtime":3140,"items_purged":["Strike_G"],"score":450,"play_id":"0f994cb5-c0c0-442a-b92c-be41e92f4bea","local_time":"20210226040725","is_ascension_mode":true,"campfire_choices":[{"data":"Phantasmal Killer","floor":6.0,"key":"SMITH"},{"data":"Neutralize","floor":8.0,"key":"SMITH"},{"data":"Footwork","floor":15.0,"key":"SMITH"},{"floor":23.0,"key":"REST"}],"circlet_count":0,"master_deck":["AscendersBane","Strike_G","Strike_G","Strike_G","Defend_G","Defend_G","Defend_G","Defend_G","Defend_G","Survivor","Neutralize+1","Phantasmal Killer+1","Flying Knee","Acrobatics+1","Deadly Poison","Deflect+1","Footwork+1","Masterful Stab","Venomology","Masterful Stab","Acrobatics","Dodge and Roll","Malaise","CurseOfTheBell","Tactician","Dagger Spray","Bouncing Flask","PiercingWail","Eviscerate"],"relics":["Ring of the Snake","Matryoshka","Odd Mushroom","CeramicFish","Calling Bell","Bronze Scales","Eternal Feather","Ice Cream"],"acts_visited":["Exordium","TheCity"],"potions_floor_usage":[24,24],"damage_taken":[{"damage":3.0,"enemies":"2 Louse","floor":1.0,"turns":5.0},{"damage":4.0,"enemies":"Small Slimes","floor":3.0,"turns":3.0},{"damage":7.0,"enemies":"Jaw Worm","floor":4.0,"turns":5.0},{"damage":0.0,"enemies":"2 Fungi Beasts","floor":10.0,"turns":4.0},{"damage":6.0,"enemies":"Large Slime","floor":11.0,"turns":8.0},{"damage":0.0,"enemies":"The Mushroom Lair","floor":12.0,"turns":5.0},{"damage":0.0,"enemies":"Gremlin Nob","floor":13.0,"turns":2.0},{"damage":0.0,"enemies":"3 Louse","floor":14.0,"turns":2.0},{"damage":13.0,"enemies":"The Guardian","floor":16.0,"turns":15.0},{"damage":0.0,"enemies":"3 Byrds","floor":18.0,"turns":3.0},{"damage":7.0,"enemies":"Chosen","floor":19.0,"turns":8.0},{"damage":14.0,"enemies":"Shelled Parasite and Fungi","floor":20.0,"turns":10.0},{"damage":22.0,"enemies":"Cultist and Chosen","floor":22.0,"turns":9.0},{"damage":59,"enemies":"Gremlin Leader","floor":24,"turns":8}],"seed_played":"1382841733376127541","potions_obtained":[{"floor":3.0,"key":"Regen Potion"},{"floor":4.0,"key":"Poison Potion"},{"floor":22.0,"key":"Energy Potion"}],"is_trial":false,"path_per_floor":["M","?","M","M","?","R","$","R","T","M","M","?","E","M","R","B",null,"M","M","M","$","M","R","E"],"character_chosen":"THE_SILENT","items_purchased":["Footwork","Masterful Stab","Bouncing Flask","PiercingWail"],"campfire_rested":1,"item_purchase_floors":[7,7,21,21],"current_hp_per_floor":[56,56,52,45,25,25,25,25,25,25,34,34,34,34,34,21,55,55,48,34,34,12,46,2,2],"gold":102,"neow_bonus":"ONE_RANDOM_RARE_CARD","is_daily":false,"chose_seed":false,"campfire_upgraded":3,"win_rate":0.0,"timestamp":1614280045,"path_taken":["M","?","M","M","?","R","?","R","T","M","M","?","E","M","R","BOSS","M","M","M","$","M","R","E"],"items_purchased_type":["Card","Card","Card","Card"],"build_version":"2020-12-22","purchased_purges":1,"victory":false,"max_hp_per_floor":[66,66,66,66,66,66,66,66,66,66,66,66,66,66,66,66,66,66,66,66,66,66,66,66,66],"relic_stats":{"counters":[14,87],"CeramicFish":72,"Bronze Scales":[179],"Eternal Feather":15,"obtain_stats":[{"Calling Bell":17,"Ice Cream":17,"Matryoshka":9,"CeramicFish":13,"Bronze Scales":17,"Eternal Feather":17,"Odd Mushroom":12,"Ring of the Snake":0},{"Calling Bell":9,"Ice Cream":9,"Matryoshka":3,"CeramicFish":7,"Bronze Scales":9,"Eternal Feather":9,"Odd Mushroom":6,"Ring of the Snake":0},{"Calling Bell":49,"Ice Cream":49,"Matryoshka":13,"CeramicFish":32,"Bronze Scales":49,"Eternal Feather":49,"Odd Mushroom":30,"Ring of the Snake":0}],"Ring of the Snake":[28]},"card_choices":[{"not_picked":["Outmaneuver","PiercingWail"],"picked":"Flying Knee","floor":1.0},{"not_picked":["Finisher","Infinite Blades"],"picked":"Deadly Poison","floor":3.0},{"not_picked":["Backflip","Underhanded Strike"],"picked":"Deflect","floor":4.0},{"not_picked":["Acrobatics","Crippling Poison"],"picked":"Venomology","floor":10.0},{"not_picked":["Deadly Poison","Dodge and Roll"],"picked":"Masterful Stab","floor":11.0},{"not_picked":["Reflex","Skewer"],"picked":"Acrobatics","floor":12.0},{"not_picked":["Acrobatics","Bane"],"picked":"Dodge and Roll","floor":13.0},{"not_picked":["Riddle With Holes","Flechettes","Dagger Throw"],"picked":"SKIP","floor":14.0},{"not_picked":["Unload","After Image"],"picked":"Malaise","floor":16.0},{"not_picked":["Prepared","Outmaneuver","Sucker Punch"],"picked":"SKIP","floor":18.0},{"not_picked":["Tools of the Trade","Deflect"],"picked":"Tactician","floor":19.0},{"not_picked":["Dodge and Roll+1","Cloak And Dagger"],"picked":"Dagger Spray","floor":20.0},{"not_picked":["Cloak And Dagger","Slice"],"picked":"Eviscerate","floor":22.0}],"player_experience":116571,"relics_obtained":[{"floor":9.0,"key":"Matryoshka"},{"floor":12.0,"key":"Odd Mushroom"},{"floor":13.0,"key":"CeramicFish"},{"floor":17.0,"key":"Bronze Scales"},{"floor":17.0,"key":"Eternal Feather"},{"floor":17.0,"key":"Ice Cream"}],"event_choices":[{"damage_healed":0.0,"max_hp_gain":0.0,"max_hp_loss":0.0,"gold_gain":0.0,"cards_transformed":["Strike_G"],"event_name":"Living Wall","player_choice":"Change","floor":2.0,"gold_loss":0.0,"damage_taken":0.0,"cards_obtained":["Acrobatics"]},{"damage_healed":0.0,"max_hp_gain":0.0,"max_hp_loss":0.0,"gold_gain":0.0,"event_name":"Shining Light","player_choice":"Entered Light","floor":5.0,"gold_loss":0.0,"damage_taken":20.0,"cards_upgraded":["Deflect","Acrobatics"]},{"damage_healed":0.0,"max_hp_gain":0.0,"max_hp_loss":0.0,"gold_gain":0.0,"event_name":"Mushrooms","player_choice":"Fought Mushrooms","floor":12.0,"gold_loss":0.0,"damage_taken":0.0}],"is_beta":false,"boss_relics":[{"not_picked":["Ectoplasm","Runic Pyramid"],"picked":"Calling Bell"}],"items_purged_floors":[21],"is_endless":false,"potions_floor_spawned":[3,4,14,16,22],"killed_by":"Gremlin Leader","ascension_level":20}}