{"host":"5aai2e5pcxh5kz9q","time":1614268486,"event":{"mods":["BaseMod","Block Reminder","DeckTracker","Highlight Path","Minty Spire (QoL Compilation)","Relic Sorter","StSLib","The Problem Sleuth"],"gold_per_floor":[117,292,303,320,338,338,364,364,445,478,478,47,12,25,25,121,121,46,46,46,46,46,46,46,46,46,46,46,46,46,46,46,46,46,46,46,46,46,46,46,46,46,46,46,46,46,46,46,46,46],"floor_reached":51,"language":"ENG","playtime":5929,"items_purged":["Doubt"],"score":807,"play_id":"2dc6b5c9-8e20-422a-af1d-c7e4e06b0985","local_time":"20210225095446","is_ascension_mode":true,"campfire_choices":[{"data":"theSleuth:Fortune","floor":6.0,"key":"SMITH"},{"floor":8.0,"key":"REST"},{"data":"theSleuth:PezUzi","floor":11.0,"key":"SMITH"},{"data":"theSleuth:TheZillyhammer","floor":15.0,"key":"SMITH"},{"floor":24.0,"key":"REST"},{"floor":29.0,"key":"REST"},{"data":"theSleuth:CandyCornVampire","floor":32.0,"key":"SMITH"},{"data":"1","floor":40,"key":"LIFT"},{"data":"2","floor":42,"key":"LIFT"},{"data":"3","floor":44,"key":"LIFT"},{"data":"theSleuth:HairpinMachinegun","floor":49,"key":"SMITH"}],"circlet_count":0,"master_deck":["theSleuth:Strike+1","theSleuth:Strike+1","theSleuth:Strike+1","theSleuth:Defend+1","theSleuth:Defend+1","theSleuth:Defend+1","theSleuth:KeyHandgun","theSleuth:TakeInventory","theSleuth:Diplomacy","theSleuth:Fortune+1","theSleuth:FairShake","theSleuth:Taze","theSleuth:PezUzi+1","theSleuth:BenStillerBust","theSleuth:Fortune+1","theSleuth:TheZillyhammer+1","theSleuth:FudgeDeck","theSleuth:VictoryPose+1","theSleuth:KeyringTommygun","theSleuth:RetrieveArms+1","theSleuth:CandyCornVampire+1","theSleuth:FlaskOfWhiskey+1","theSleuth:Unscale+1","theSleuth:LeverageHeight","theSleuth:Joust","theSleuth:Leer+1","theSleuth:VictoryPose+1","theSleuth:WizardSudoku+1","theSleuth:ThinkAhead+1","theSleuth:CandyLeather+1","theSleuth:HairpinMachinegun+1","theSleuth:PezUzi+1","theSleuth:Ogle+1","Parasite","theSleuth:Fortify+1","theSleuth:FairShake","theSleuth:ThinkAhead+1","theSleuth:WilsonBust+1","Forethought+1"],"relics":["theSleuth:Typewriter","FossilizedHelix","Toxic Egg 2","Ancient Tea Set","Ectoplasm","Girya","Dream Catcher","Ornamental Fan","Bottled Tornado","Sozu","Torii","The Courier","Question Card","theSleuth:Tectrixcalibur"],"acts_visited":["Exordium","TheCity","TheBeyond"],"potions_floor_usage":[50,50],"damage_taken":[{"damage":0.0,"enemies":"2 Louse","floor":1.0,"turns":3.0},{"damage":2.0,"enemies":"Small Slimes","floor":3.0,"turns":7.0},{"damage":2.0,"enemies":"Jaw Worm","floor":4.0,"turns":9.0},{"damage":14.0,"enemies":"Exordium Thugs","floor":5.0,"turns":7.0},{"damage":18.0,"enemies":"3 Sentries","floor":7.0,"turns":10.0},{"damage":0.0,"enemies":"Gremlin Nob","floor":10.0,"turns":5.0},{"damage":0.0,"enemies":"3 Louse","floor":14.0,"turns":3.0},{"damage":15.0,"enemies":"The Guardian","floor":16.0,"turns":19.0},{"damage":6.0,"enemies":"2 Thieves","floor":18.0,"turns":4.0},{"damage":6.0,"enemies":"Spheric Guardian","floor":20.0,"turns":6.0},{"damage":18.0,"enemies":"Gremlin Leader","floor":23.0,"turns":7.0},{"damage":7.0,"enemies":"Slavers","floor":25.0,"turns":6.0},{"damage":12.0,"enemies":"Gremlin Leader","floor":27.0,"turns":8.0},{"damage":7.0,"enemies":"Snake Plant","floor":28.0,"turns":5.0},{"damage":0.0,"enemies":"Cultist and Chosen","floor":30.0,"turns":8.0},{"damage":0.0,"enemies":"Sentry and Sphere","floor":31.0,"turns":5.0},{"damage":19.0,"enemies":"Collector","floor":33.0,"turns":14.0},{"damage":0,"enemies":"3 Shapes","floor":35,"turns":5},{"damage":0,"enemies":"Mind Bloom Boss Battle","floor":36,"turns":11},{"damage":0,"enemies":"3 Darklings","floor":37,"turns":4},{"damage":0,"enemies":"Writhing Mass","floor":38,"turns":11},{"damage":0,"enemies":"Sphere and 2 Shapes","floor":39,"turns":5},{"damage":0,"enemies":"Nemesis","floor":41,"turns":9},{"damage":0,"enemies":"3 Darklings","floor":47,"turns":4},{"damage":53,"enemies":"Time Eater","floor":50,"turns":15}],"seed_played":"1566465524533381686","potions_obtained":[{"floor":4.0,"key":"EntropicBrew"},{"floor":7.0,"key":"Strength Potion"},{"floor":10.0,"key":"LiquidBronze"},{"floor":16.0,"key":"CultistPotion"},{"floor":25.0,"key":"SteroidPotion"},{"floor":28.0,"key":"Strength Potion"},{"floor":30.0,"key":"Regen Potion"}],"is_trial":false,"path_per_floor":["M","?","M","M","M","R","E","R","T","E","R","$","?","M","R","B",null,"M","$","M","?","?","E","R","E","T","E","M","R","M","M","R","B",null,"M","?","M","M","M","R","E","R","T","R","$","?","M","?","R","B",null],"character_chosen":"THE_sleuth","items_purchased":["theSleuth:TheZillyhammer","theSleuth:FudgeDeck","theSleuth:VictoryPose+1","theSleuth:KeyringTommygun"],"campfire_rested":3,"item_purchase_floors":[12,12,12,12],"current_hp_per_floor":[73,73,71,74,60,60,42,65,65,65,65,65,78,78,78,63,78,72,72,66,66,66,48,71,64,64,52,45,68,68,68,68,49,78,78,78,78,78,78,78,78,78,78,78,78,78,78,78,78,39],"gold":46,"neow_bonus":"REMOVE_CARD","is_daily":false,"chose_seed":false,"campfire_upgraded":5,"win_rate":0.0,"timestamp":1614268486,"path_taken":["M","?","M","M","M","R","E","R","T","E","R","$","?","M","R","BOSS","M","$","M","?","?","E","R","E","T","E","M","R","M","M","R","BOSS","M","?","M","M","M","R","E","R","T","R","$","?","M","?","R","BOSS"],"items_purchased_type":["Card","Card","Card","Card"],"build_version":"2020-12-22","purchased_purges":1,"victory":true,"max_hp_per_floor":[73,73,73,78,78,78,78,78,78,78,78,78,78,78,78,78,78,78,78,78,78,78,78,78,78,78,78,78,78,78,78,78,78,78,78,78,78,78,78,78,78,78,78,78,78,78,78,78,78,78],"card_choices":[{"not_picked":["theSleuth:TruffleShuffle","theSleuth:ThinkAhead"],"picked":"theSleuth:Fortune","floor":1.0},{"not_picked":["theSleuth:Unscale","theSleuth:BellyOTheWhale"],"picked":"theSleuth:FairShake","floor":3.0},{"not_picked":["theSleuth:ClubClubClub","theSleuth:Ignore"],"picked":"theSleuth:Taze","floor":4.0},{"not_picked":["theSleuth:CharismaBlast","theSleuth:ThinkAhead"],"picked":"theSleuth:PezUzi","floor":5.0},{"not_picked":["theSleuth:PezUzi","theSleuth:BellyOTheWhale"],"picked":"theSleuth:BenStillerBust","floor":7.0},{"not_picked":["theSleuth:PezUzi","theSleuth:Tootshotgun"],"picked":"theSleuth:Fortune+1","floor":10.0},{"not_picked":["theSleuth:GummyWormZombie","theSleuth:TripleScuffle"],"picked":"theSleuth:RetrieveArms+1","floor":14.0},{"not_picked":["theSleuth:HeroBust+1","theSleuth:WeirdPuzzleShit+1"],"picked":"theSleuth:CandyCornVampire","floor":16.0},{"not_picked":["theSleuth:Unscale+1","theSleuth:CharismaBlast"],"picked":"theSleuth:FlaskOfWhiskey+1","floor":18.0},{"not_picked":["theSleuth:BellyOTheWhale+1","theSleuth:TruffleTrouble"],"picked":"theSleuth:Unscale+1","floor":20.0},{"not_picked":["theSleuth:Fortune+1","theSleuth:KeyringTommygun"],"picked":"theSleuth:LeverageHeight","floor":23.0},{"not_picked":["theSleuth:TruffleTrouble","theSleuth:CharismaBlast"],"picked":"theSleuth:Joust","floor":25.0},{"not_picked":["theSleuth:Treaty+1","theSleuth:Pepperminthryl+1"],"picked":"theSleuth:Leer+1","floor":27.0},{"not_picked":["theSleuth:BenStillerBust","theSleuth:BellyOTheWhale"],"picked":"theSleuth:VictoryPose+1","floor":28.0},{"not_picked":["theSleuth:TruffleShuffle","theSleuth:Ignore+1"],"picked":"theSleuth:WizardSudoku+1","floor":29.0},{"not_picked":["theSleuth:Fortune+1","theSleuth:Tootshotgun"],"picked":"theSleuth:ThinkAhead+1","floor":30.0},{"not_picked":["theSleuth:CharismaBlast","theSleuth:TruffleShuffle"],"picked":"theSleuth:CandyLeather+1","floor":31.0},{"not_picked":["theSleuth:RollBoxcars+1","theSleuth:LeverageHeight"],"picked":"theSleuth:HairpinMachinegun","floor":33.0},{"not_picked":["theSleuth:TruffleTrouble","theSleuth:FoolPlate+1","theSleuth:Ignore+1"],"picked":"SKIP","floor":35},{"not_picked":["theSleuth:Unscale+1","theSleuth:BellyOTheWhale+1"],"picked":"theSleuth:PezUzi+1","floor":36},{"not_picked":["theSleuth:BenStillerBust+1","theSleuth:TruffleShuffle+1"],"picked":"theSleuth:Ogle+1","floor":37},{"not_picked":["theSleuth:FoolPlate+1","theSleuth:HairpinMachinegun"],"picked":"theSleuth:Fortify+1","floor":38},{"not_picked":["theSleuth:ClubClubClub","theSleuth:TruffleShuffle"],"picked":"theSleuth:FairShake","floor":39},{"not_picked":["theSleuth:Leer","theSleuth:Deprogram+1"],"picked":"theSleuth:ThinkAhead+1","floor":41},{"not_picked":["theSleuth:Ignore+1","theSleuth:FlaskOfWhiskey+1","theSleuth:RetrieveArms+1"],"picked":"theSleuth:WilsonBust+1","floor":47},{"not_picked":["The Bomb+1","Good Instincts+1","Metamorphosis+1"],"picked":"Forethought+1","floor":48}],"player_experience":251073,"relics_obtained":[{"floor":7.0,"key":"FossilizedHelix"},{"floor":9.0,"key":"Toxic Egg 2"},{"floor":10.0,"key":"Ancient Tea Set"},{"floor":23.0,"key":"Girya"},{"floor":25.0,"key":"Dream Catcher"},{"floor":26.0,"key":"Ornamental Fan"},{"floor":27.0,"key":"Bottled Tornado"},{"floor":36,"key":"Torii"},{"floor":41,"key":"The Courier"},{"floor":43,"key":"Question Card"}],"event_choices":[{"damage_healed":0.0,"max_hp_gain":0.0,"max_hp_loss":0.0,"gold_gain":175.0,"event_name":"Liars Game","player_choice":"AGREE","floor":2.0,"gold_loss":0.0,"damage_taken":0.0,"cards_obtained":["Doubt"]},{"damage_healed":19.0,"max_hp_gain":0.0,"max_hp_loss":0.0,"gold_gain":0.0,"event_name":"The Cleric","player_choice":"Healed","floor":13.0,"gold_loss":35.0,"damage_taken":0.0},{"damage_healed":0.0,"max_hp_gain":0.0,"max_hp_loss":0.0,"gold_gain":0.0,"event_name":"Back to Basics","player_choice":"Simplicity","floor":21.0,"gold_loss":0.0,"damage_taken":0.0,"cards_upgraded":["theSleuth:Strike","theSleuth:Strike","theSleuth:Strike","theSleuth:Defend","theSleuth:Defend","theSleuth:Defend"]},{"damage_healed":0.0,"max_hp_gain":0.0,"max_hp_loss":0.0,"gold_gain":99.0,"event_name":"Nest","player_choice":"Stole From Cult","floor":22.0,"gold_loss":0.0,"damage_taken":0.0},{"damage_healed":0,"gold_gain":0,"player_choice":"Fight","damage_taken":0,"max_hp_gain":0,"max_hp_loss":0,"event_name":"MindBloom","floor":36,"gold_loss":0},{"damage_healed":0,"gold_gain":0,"player_choice":"Memory 1","damage_taken":0,"max_hp_gain":0,"max_hp_loss":0,"event_name":"SensoryStone","floor":48,"gold_loss":0}],"is_beta":false,"boss_relics":[{"not_picked":["theSleuth:MegatonKey","Coffee Dripper"],"picked":"Ectoplasm"},{"not_picked":["Pandora\u0027s Box","Fusion Hammer"],"picked":"Sozu"}],"items_purged_floors":[12],"is_endless":false,"potions_floor_spawned":[4,7,10,16,25,28,30,33,36,39,41,47],"ascension_level":1}}