{"host":"lgow17wc5wawziz1","time":1614224174,"event":{"mods":["AchievementEnabler","Act Like it!","Aspiration","BaseMod","Better Third Choice","Colored Map","Friendly Minions","Gensokyo","Hubris","Kiyohime£¨?ýï£©","Minty Spire (QoL Compilation)","MostiFishMod","Permanent Neow","Quick Restart","Replay The Spire","StSLib","SuperFastMode","¡¼?Úª?ø«¡½REMEMod"],"gold_per_floor":[115,115,43,60,60,60,12,286,313,313,624,854,217,249,249,249,249],"floor_reached":16,"language":"KOR","playtime":735,"items_purged":["Clumsy"],"score":165,"play_id":"6129e30e-e256-4e8e-adc1-f16212db3b0b","local_time":"20210225123614","is_ascension_mode":true,"campfire_choices":[{"data":"Armaments","floor":6,"key":"SMITH"},{"floor":10,"key":"REST"},{"data":"Searing Blow","floor":15,"key":"SMITH"}],"circlet_count":0,"master_deck":["AscendersBane","Strike_R","Strike_R","Strike_R","Strike_R","Strike_R","Defend_R","Defend_R","Defend_R","Defend_R","Bash","KiyohimeMod:Barrier","Armaments+1","Searing Blow+1","Turbo","Beam Cell","REME_MawOfCthun","Dark Shackles","Gash"],"relics":["Burning Blood","REME_ComplimentaryCards","DaveBox","Dodecahedron","aspiration:Nostalgia","Iron Core","SynthV:TestCard","Gensokyo:OccultBall","Gensokyo:NagashiBinaDoll","Red Skull","Strawberry","PreservedInsect","BrkXgEgg","Ornamental Fan"],"acts_visited":["Gensokyo:Gensokyo"],"potions_floor_usage":[16],"damage_taken":[{"damage":16,"enemies":"Gensokyo:2_Kodama","floor":1,"turns":7},{"damage":16,"enemies":"Gensokyo:3_Fairies","floor":4,"turns":5},{"damage":51,"enemies":"Gensokyo:Gryphon","floor":8,"turns":9},{"damage":4,"enemies":"Gensokyo:CorruptedTreant","floor":11,"turns":6},{"damage":24,"enemies":"Gensokyo:Cirno","floor":12,"turns":7},{"damage":3,"enemies":"Gensokyo:Mamizou","floor":14,"turns":7},{"damage":30,"enemies":"Gensokyo:Yukari","floor":16,"turns":10}],"seed_played":"3258415624257926268","potions_obtained":[{"floor":12,"key":"SkillPotion"}],"is_trial":false,"path_per_floor":["M","?","$","M","?","R","COS","M","T","R","M","E","$","E","R","B"],"character_chosen":"IRONCLAD","items_purchased":["Searing Blow","PreservedInsect","REME_MawOfCthun","Dark Shackles","BrkXgEgg"],"campfire_rested":1,"item_purchase_floors":[3,13,13,13,13],"current_hp_per_floor":[62,62,62,52,52,52,52,7,7,31,33,22,22,25,25,0,0],"gold":249,"neow_bonus":"NOSTALGIA","is_daily":false,"chose_seed":false,"campfire_upgraded":2,"win_rate":0.0,"timestamp":1614224174,"path_taken":["M","?","$","M","?","R","COS","M","T","R","M","E","?","E","R","BOSS"],"items_purchased_type":["Card","Relic","Card","Card","Relic"],"build_version":"2020-12-22","purchased_purges":1,"victory":false,"max_hp_per_floor":[80,80,80,80,80,80,80,80,80,80,80,87,87,87,87,87,87],"card_choices":[{"not_picked":["ReplayTheSpireMod:Limb From Limb","Shrug It Off"],"picked":"Armaments","floor":1},{"not_picked":["Uppercut","Warcry","Hemokinesis","WeaponsOverheat"],"picked":"Turbo","floor":4},{"not_picked":["REME_SingleHolding","Sword Boomerang","Cold Snap","Iron Wave"],"picked":"Beam Cell","floor":8},{"not_picked":["Sever Soul","Searing Blow","ReplayTheSpireMod:Strike From Hell","hubris:ReadiedAction","Cleave"],"picked":"SKIP","floor":11},{"not_picked":["Warcry","Barricade","Flex","Headbutt","Sword Boomerang"],"picked":"SKIP","floor":12},{"not_picked":["Carnage","ReplayTheSpireMod:LeadingStrike","Body Slam","ReplayTheSpireMod:Muscle Training"],"picked":"Gash","floor":14}],"player_experience":369488,"relics_obtained":[{"floor":1,"key":"SynthV:TestCard"},{"floor":4,"key":"Gensokyo:OccultBall"},{"floor":9,"key":"Red Skull"},{"floor":12,"key":"Strawberry"},{"floor":14,"key":"Ornamental Fan"}],"event_choices":[],"is_beta":false,"boss_relics":[],"items_purged_floors":[13],"is_endless":false,"potions_floor_spawned":[12],"killed_by":"Gensokyo:Yukari","ascension_level":13}}