{"host":"dkr0dog13pegamnp","time":1614266784,"event":{"mods":["AchievementEnabler","BaseMod","Minty Spire (QoL Compilation)","Rare Cards Sparkle","StSLib","SuperFastMode","everything is the same but u backflip on backflip"],"gold_per_floor":[112,125,136,136,149,149,4,4,30,56,71,90,108,121,121,199,199,215,215,226,244,259,259,259,259,259,273,273,304,304,229,229,307,307,319,329,184,202,46,46,73,91,91,101,126,151,170,187,187,187,187],"floor_reached":50,"language":"KOR","playtime":1674,"items_purged":["Strike_G"],"score":944,"play_id":"c5b73561-0af4-4e3b-b0f7-3923d2eec30b","local_time":"20210226002624","is_ascension_mode":true,"campfire_choices":[{"data":"Deadly Poison","floor":6.0,"key":"SMITH"},{"data":"Neutralize","floor":8.0,"key":"SMITH"},{"data":"Bouncing Flask","floor":15.0,"key":"SMITH"},{"data":"Burst","floor":23.0,"key":"SMITH"},{"data":"Footwork","floor":25.0,"key":"SMITH"},{"data":"RitualDagger","floor":30.0,"key":"SMITH"},{"data":"Concentrate","floor":32.0,"key":"SMITH"},{"data":"Prepared","floor":40.0,"key":"SMITH"},{"floor":49,"key":"REST"}],"circlet_count":0,"master_deck":["AscendersBane","Strike_G","Strike_G","Strike_G","Defend_G","Defend_G","Defend_G","Defend_G","Defend_G","Survivor","Neutralize+1","Deadly Poison+1","Bouncing Flask+1","Backflip","Footwork+1","Escape Plan","Corpse Explosion","RitualDagger+1","PiercingWail+1","Burst+1","Concentrate+1","Prepared+1","Noxious Fumes","Catalyst","Calculated Gamble","Footwork+1","Prepared+1","Tactician"],"relics":["Ring of the Snake","Anchor","Toy Ornithopter","Lee\u0027s Waffle","Pen Nib","Oddly Smooth Stone","Runic Pyramid","Sundial","Potion Belt","SacredBark","Medical Kit","Ancient Tea Set","Mummified Hand","TungstenRod","HornCleat"],"acts_visited":["Exordium","TheCity","TheBeyond"],"potions_floor_usage":[47,47,50],"damage_taken":[{"damage":7.0,"enemies":"Small Slimes","floor":1.0,"turns":5.0},{"damage":6.0,"enemies":"Cultist","floor":2.0,"turns":6.0},{"damage":1.0,"enemies":"Jaw Worm","floor":3.0,"turns":5.0},{"damage":1.0,"enemies":"3 Louse","floor":5.0,"turns":3.0},{"damage":7.0,"enemies":"Gremlin Nob","floor":10.0,"turns":4.0},{"damage":2.0,"enemies":"2 Fungi Beasts","floor":11.0,"turns":4.0},{"damage":2.0,"enemies":"Large Slime","floor":12.0,"turns":6.0},{"damage":1.0,"enemies":"Looter","floor":13.0,"turns":3.0},{"damage":0.0,"enemies":"2 Fungi Beasts","floor":14.0,"turns":3.0},{"damage":27.0,"enemies":"Hexaghost","floor":16.0,"turns":10.0},{"damage":10.0,"enemies":"Spheric Guardian","floor":18.0,"turns":4.0},{"damage":12.0,"enemies":"2 Thieves","floor":20.0,"turns":5.0},{"damage":2.0,"enemies":"Snecko","floor":21.0,"turns":5.0},{"damage":14.0,"enemies":"Centurion and Healer","floor":22.0,"turns":9.0},{"damage":8.0,"enemies":"Cultist and Chosen","floor":27.0,"turns":5.0},{"damage":15.0,"enemies":"Slavers","floor":29.0,"turns":5.0},{"damage":9.0,"enemies":"Automaton","floor":33.0,"turns":11.0},{"damage":11.0,"enemies":"3 Shapes","floor":35.0,"turns":2.0},{"damage":1.0,"enemies":"Orb Walker","floor":36.0,"turns":4.0},{"damage":0.0,"enemies":"3 Darklings","floor":38.0,"turns":3.0},{"damage":26.0,"enemies":"Reptomancer","floor":41.0,"turns":9.0},{"damage":1.0,"enemies":"4 Shapes","floor":42.0,"turns":5.0},{"damage":13.0,"enemies":"Maw","floor":44.0,"turns":5.0},{"damage":0,"enemies":"Mind Bloom Boss Battle","floor":45,"turns":5},{"damage":8,"enemies":"Giant Head","floor":46,"turns":7},{"damage":0,"enemies":"Sphere and 2 Shapes","floor":47,"turns":4},{"damage":16,"enemies":"Jaw Worm Horde","floor":48,"turns":3},{"damage":40,"enemies":"Awakened One","floor":50,"turns":11}],"seed_played":"7257549460261442102","potions_obtained":[{"floor":2.0,"key":"Block Potion"},{"floor":3.0,"key":"AttackPotion"},{"floor":16.0,"key":"FearPotion"},{"floor":20.0,"key":"BlessingOfTheForge"},{"floor":22.0,"key":"Strength Potion"},{"floor":33.0,"key":"Fire Potion"},{"floor":35.0,"key":"Weak Potion"},{"floor":38.0,"key":"Energy Potion"},{"floor":44.0,"key":"Explosive Potion"},{"floor":46,"key":"PowerPotion"},{"floor":47,"key":"Poison Potion"}],"is_trial":false,"path_per_floor":["M","M","M","?","M","R","$","R","T","E","M","M","M","M","R","B",null,"M","?","M","M","M","R","?","R","T","M","?","E","R","?","R","B",null,"M","M","$","M","$","R","E","M","T","M","?","E","M","M","R","B"],"character_chosen":"THE_SILENT","items_purchased":["Lee\u0027s Waffle","Noxious Fumes","Medical Kit"],"campfire_rested":1,"item_purchase_floors":[7,37,39],"current_hp_per_floor":[52,46,45,45,44,44,73,73,73,66,69,67,66,66,66,39,65,55,49,37,35,26,26,50,50,50,42,42,37,37,37,37,28,62,56,55,55,55,55,55,39,38,38,25,25,17,27,11,32,0,0],"gold":187,"neow_bonus":"RANDOM_COMMON_RELIC","is_daily":false,"chose_seed":false,"campfire_upgraded":8,"win_rate":0.0,"timestamp":1614266784,"path_taken":["M","M","M","?","M","R","$","R","T","E","?","M","M","M","R","BOSS","M","?","M","M","M","R","?","R","T","M","?","E","R","?","R","BOSS","M","M","$","M","$","R","E","M","T","M","?","E","M","M","R","BOSS"],"items_purchased_type":["Relic","Card","Relic"],"build_version":"2020-12-22","purchased_purges":1,"victory":false,"max_hp_per_floor":[66,66,66,66,66,66,73,73,73,73,73,73,73,73,73,73,73,73,73,73,73,73,73,73,73,73,73,73,73,73,73,73,73,73,73,73,73,73,73,73,73,73,73,73,73,73,73,73,73,73,73],"card_choices":[{"not_picked":["Sucker Punch","Quick Slash","Distraction"],"picked":"SKIP","floor":1.0},{"not_picked":["Quick Slash","Outmaneuver"],"picked":"Deadly Poison","floor":2.0},{"not_picked":["Sucker Punch","Infinite Blades","Deflect"],"picked":"SKIP","floor":3.0},{"not_picked":["Slice","Distraction","Quick Slash"],"picked":"SKIP","floor":5.0},{"not_picked":["Doppelganger","Heel Hook"],"picked":"Bouncing Flask","floor":10.0},{"not_picked":["Bane","Cloak And Dagger"],"picked":"Backflip","floor":11.0},{"not_picked":["Deflect","Slice"],"picked":"Footwork","floor":12.0},{"not_picked":["Flying Knee","Sucker Punch"],"picked":"Escape Plan","floor":13.0},{"not_picked":["Expertise","Bouncing Flask","Masterful Stab"],"picked":"SKIP","floor":14.0},{"not_picked":["Die Die Die","Night Terror"],"picked":"Corpse Explosion","floor":16.0},{"not_picked":["Skewer","Poisoned Stab","Deflect"],"picked":"SKIP","floor":18.0},{"not_picked":["Sucker Punch","Blade Dance","Deadly Poison"],"picked":"SKIP","floor":20.0},{"not_picked":["Predator","Quick Slash"],"picked":"PiercingWail+1","floor":21.0},{"not_picked":["PiercingWail+1","Sucker Punch"],"picked":"Burst","floor":22.0},{"not_picked":["Blade Dance+1","Backflip","Accuracy"],"picked":"SKIP","floor":27.0},{"not_picked":["Dagger Throw","Bane"],"picked":"Concentrate","floor":29.0},{"not_picked":["Outmaneuver+1","Poisoned Stab"],"picked":"Prepared","floor":35.0},{"not_picked":["Heel Hook","Backstab","Dagger Throw+1"],"picked":"SKIP","floor":36.0},{"not_picked":["Deadly Poison","PiercingWail","Deflect"],"picked":"SKIP","floor":38.0},{"not_picked":["Night Terror","Tools of the Trade","Blade Dance+1"],"picked":"SKIP","floor":41.0},{"not_picked":["Slice+1","Prepared"],"picked":"Catalyst","floor":42.0},{"not_picked":["Acrobatics","Poisoned Stab"],"picked":"Calculated Gamble","floor":44.0},{"not_picked":["Dagger Spray","Deflect"],"picked":"Footwork+1","floor":45},{"not_picked":["Doppelganger","Quick Slash"],"picked":"Prepared+1","floor":46},{"not_picked":["Caltrops","Terror","Dodge and Roll"],"picked":"SKIP","floor":47},{"not_picked":["Cloak And Dagger","Blade Dance"],"picked":"Tactician","floor":48}],"player_experience":115470,"relics_obtained":[{"floor":4.0,"key":"Toy Ornithopter"},{"floor":9.0,"key":"Pen Nib"},{"floor":10.0,"key":"Oddly Smooth Stone"},{"floor":26.0,"key":"Sundial"},{"floor":29.0,"key":"Potion Belt"},{"floor":41.0,"key":"Ancient Tea Set"},{"floor":43.0,"key":"Mummified Hand"},{"floor":45,"key":"TungstenRod"},{"floor":46,"key":"HornCleat"}],"event_choices":[{"damage_healed":0.0,"max_hp_gain":0.0,"max_hp_loss":0.0,"gold_gain":0.0,"event_name":"Wheel of Change","player_choice":"Relic","floor":4.0,"gold_loss":0.0,"damage_taken":0.0},{"damage_healed":0.0,"max_hp_gain":0.0,"max_hp_loss":0.0,"gold_gain":0.0,"event_name":"Nest","player_choice":"Joined the Cult","floor":19.0,"gold_loss":0.0,"damage_taken":6.0,"cards_obtained":["RitualDagger"]},{"damage_healed":24.0,"max_hp_gain":0.0,"max_hp_loss":0.0,"gold_gain":0.0,"event_name":"The Library","player_choice":"Heal","floor":24.0,"gold_loss":0.0,"damage_taken":0.0},{"damage_healed":0.0,"max_hp_gain":0.0,"max_hp_loss":0.0,"gold_gain":0.0,"event_name":"Vampires","player_choice":"Ignored","floor":28.0,"gold_loss":0.0,"damage_taken":0.0},{"cards_removed":["Strike_G"],"damage_healed":0.0,"max_hp_gain":0.0,"max_hp_loss":0.0,"gold_gain":0.0,"event_name":"Beggar","player_choice":"Gave Gold","floor":31.0,"gold_loss":75.0,"damage_taken":0.0},{"damage_healed":0,"gold_gain":0,"player_choice":"Fight","damage_taken":0,"max_hp_gain":0,"max_hp_loss":0,"event_name":"MindBloom","floor":45,"gold_loss":0}],"is_beta":false,"boss_relics":[{"not_picked":["Sozu","HoveringKite"],"picked":"Runic Pyramid"},{"not_picked":["Empty Cage","Velvet Choker"],"picked":"SacredBark"}],"items_purged_floors":[37],"is_endless":false,"potions_floor_spawned":[2,3,5,16,20,21,22,33,35,38,44,46,47],"killed_by":"Awakened One","ascension_level":14}}