{"host":"gfmcepcjap0l8d24","time":1614280368,"event":{"mods":["AchievementEnabler","Act Like it!","BaseMod","BetterRewards","Card Filter","Card Forge","Colored Map","Colored Powertips","Custom Start","DeckTracker","Defuse TimeMaze Blight","Gold Saver","Key Reminder","Minty Spire (QoL Compilation)","Permanent Neow","Practice Mode","Quick Restart","Relic Filter","Shop Mod","StSLib","SuperFastMode"],"gold_per_floor":[636,279,279,296,316,344,344,382,382,382,406,237,272,293,302,415,415,443,153,172,195,45,75,75,118,118,129,129,129,129,151,151,264,264,289,136,136,162,184,184,242,268,268,164,164,509,509,538,538,538,538,538,145,184,184],"floor_reached":56,"language":"JPN","playtime":3822,"items_purged":["Defend_G","Strike_G","Strike_G","Strike_G"],"score":1360,"play_id":"0fd6beea-438b-484a-908a-4851150c3b42","local_time":"20210226041248","is_ascension_mode":false,"campfire_choices":[{"floor":7,"key":"RECALL"},{"data":"Madness","floor":10,"key":"SMITH"},{"floor":15,"key":"REST"},{"data":"Acrobatics","floor":24,"key":"SMITH"},{"data":"Acrobatics","floor":29,"key":"SMITH"},{"data":"Prepared","floor":32,"key":"SMITH"},{"data":"Adrenaline","floor":40,"key":"SMITH"},{"floor":45,"key":"REST"},{"data":"Blade Dance","floor":49,"key":"SMITH"},{"data":"Terror","floor":52,"key":"SMITH"}],"circlet_count":0,"master_deck":["Survivor","Neutralize","Madness+1","Eviscerate","Adrenaline+1","Blade Dance","Sadistic Nature","Acrobatics+1","Caltrops+1","Concentrate+1","Prepared+1","Concentrate+1","Eviscerate","Noxious Fumes","Prepared+1","Acrobatics+1","Corpse Explosion","Blade Dance+1","Sadistic Nature","Envenom+1","Escape Plan+1","Terror+1","Cloak And Dagger+1","Backflip","Phantasmal Killer+1","Reflex","Blade Dance+1","Backflip+1","Reflex+1","Acrobatics+1","After Image+1","Cloak And Dagger+1","Sucker Punch+1","After Image","Blur"],"relics":["Ring of the Snake","Hammer of Thor","Seething Fire","Anvil of the Gods","Ornamental Fan","Pear","CeramicFish","Potion Belt","Cursed Key","Orichalcum","Paper Crane","HoveringKite","Sling","Juzu Bracelet","Old Coin","Kunai","War Paint"],"acts_visited":["Exordium","TheCity","TheBeyond","TheEnding"],"potions_floor_usage":[8,55,55,55],"damage_taken":[{"damage":0,"enemies":"Cultist","floor":1,"turns":4},{"damage":0,"enemies":"2 Louse","floor":4,"turns":2},{"damage":0,"enemies":"Jaw Worm","floor":5,"turns":3},{"damage":24,"enemies":"3 Sentries","floor":6,"turns":9},{"damage":14,"enemies":"Gremlin Nob","floor":8,"turns":3},{"damage":3,"enemies":"Lots of Slimes","floor":11,"turns":4},{"damage":10,"enemies":"Lagavulin","floor":13,"turns":4},{"damage":2,"enemies":"3 Louse","floor":14,"turns":2},{"damage":35,"enemies":"Slime Boss","floor":16,"turns":8},{"damage":6,"enemies":"3 Byrds","floor":18,"turns":3},{"damage":6,"enemies":"Spheric Guardian","floor":20,"turns":3},{"damage":0,"enemies":"Snake Plant","floor":21,"turns":3},{"damage":23,"enemies":"Slavers","floor":23,"turns":2},{"damage":3,"enemies":"Book of Stabbing","floor":25,"turns":2},{"damage":0,"enemies":"Snecko","floor":27,"turns":1},{"damage":5,"enemies":"Shelled Parasite and Fungi","floor":31,"turns":2},{"damage":0,"enemies":"Automaton","floor":33,"turns":3},{"damage":4,"enemies":"3 Shapes","floor":35,"turns":3},{"damage":12,"enemies":"Orb Walker","floor":38,"turns":3},{"damage":21,"enemies":"3 Darklings","floor":39,"turns":3},{"damage":0,"enemies":"Reptomancer","floor":41,"turns":2},{"damage":13,"enemies":"4 Shapes","floor":42,"turns":3},{"damage":0,"enemies":"2 Orb Walkers","floor":46,"turns":2},{"damage":0,"enemies":"Spire Growth","floor":48,"turns":2},{"damage":38,"enemies":"Time Eater","floor":50,"turns":8},{"damage":0,"enemies":"Shield and Spear","floor":54,"turns":2},{"damage":1,"enemies":"The Heart","floor":55,"turns":5}],"seed_played":"-4726666939361936651","potions_obtained":[{"floor":5,"key":"SteroidPotion"},{"floor":8,"key":"AttackPotion"},{"floor":11,"key":"GamblersBrew"},{"floor":16,"key":"Swift Potion"},{"floor":18,"key":"FearPotion"},{"floor":20,"key":"AttackPotion"},{"floor":21,"key":"Energy Potion"},{"floor":38,"key":"Strength Potion"},{"floor":39,"key":"Dexterity Potion"}],"is_trial":false,"path_per_floor":["M","$","?","M","M","E","R","E","T","R","M","$","E","M","R","B",null,"M","$","M","M","$","E","R","E","T","M","T","R","$","M","R","B",null,"M","$","?","M","M","R","E","M","T","$","R","?","?","M","R","B",null,"R","$","E","B",null],"character_chosen":"THE_SILENT","items_purchased":["Eviscerate","Ornamental Fan","Eviscerate","Sadistic Nature","Sling","GhostInAJar","After Image","Kunai"],"campfire_rested":2,"item_purchase_floors":[2,2,12,19,36,44,53,53],"current_hp_per_floor":[70,70,70,70,70,56,56,42,42,42,39,39,29,27,51,16,80,74,74,68,68,68,45,45,42,42,42,42,42,42,37,37,37,80,76,76,76,64,43,43,43,30,30,30,54,54,54,54,54,16,80,80,80,80,79],"gold":184,"neow_bonus":"RANDOM_COLORLESS","is_daily":false,"chose_seed":false,"campfire_upgraded":7,"win_rate":0.0,"timestamp":1614280368,"path_taken":["M","?","?","?","M","E","R","E","T","R","M","$","E","M","R","BOSS","M","?","M","M","$","E","R","E","T","M","?","R","$","M","R","BOSS","M","?","?","M","?","R","E","M","T","$","R","?","?","M","R","BOSS","R","$","E","BOSS"],"items_purchased_type":["Card","Relic","Card","Card","Relic","Potion","Card","Relic"],"build_version":"2020-12-22","purchased_purges":4,"victory":true,"max_hp_per_floor":[70,70,70,70,70,80,80,80,80,80,80,80,80,80,80,80,80,80,80,80,80,80,80,80,80,80,80,80,80,80,80,80,80,80,80,80,80,80,80,80,80,80,80,80,80,80,80,80,80,80,80,80,80,80,80],"card_choices":[{"not_picked":["Impatience","Bandage Up"],"picked":"Madness","floor":0},{"not_picked":["Deflect","Flying Knee","Dagger Throw"],"picked":"SKIP","floor":1},{"not_picked":["Backflip","Well Laid Plans"],"picked":"Acrobatics","floor":4},{"not_picked":["Dagger Spray","Poisoned Stab"],"picked":"Caltrops","floor":5},{"not_picked":["Sucker Punch","Dagger Spray"],"picked":"Concentrate","floor":6},{"not_picked":["A Thousand Cuts","Skewer"],"picked":"Prepared","floor":8},{"not_picked":["Masterful Stab","Distraction"],"picked":"Concentrate","floor":11},{"not_picked":["Choke","Leg Sweep"],"picked":"Noxious Fumes","floor":13},{"not_picked":["Predator","Bane"],"picked":"Prepared","floor":14},{"not_picked":["Grand Finale","Phantasmal Killer"],"picked":"Corpse Explosion","floor":16},{"not_picked":["Accuracy+1","Flying Knee"],"picked":"Blade Dance","floor":18},{"not_picked":["Masterful Stab+1","Endless Agony"],"picked":"Escape Plan+1","floor":20},{"not_picked":["Bouncing Flask","Deadly Poison"],"picked":"Terror","floor":21},{"not_picked":["Outmaneuver","Terror","Flying Knee"],"picked":"SKIP","floor":23},{"not_picked":["Prepared","Setup"],"picked":"Cloak And Dagger+1","floor":25},{"not_picked":["Quick Slash","All Out Attack+1","Die Die Die"],"picked":"SKIP","floor":27},{"not_picked":["Blade Dance","Bouncing Flask"],"picked":"Backflip","floor":31},{"not_picked":["Malaise","Grand Finale"],"picked":"Phantasmal Killer","floor":33},{"not_picked":["Masterful Stab+1","Dagger Spray"],"picked":"Reflex","floor":35},{"not_picked":["Cloak And Dagger","Prepared"],"picked":"Blade Dance+1","floor":38},{"not_picked":["Slice","Prepared+1"],"picked":"Backflip","floor":39},{"not_picked":["Unload","PiercingWail"],"picked":"Reflex+1","floor":41},{"not_picked":["Deadly Poison+1","Infinite Blades+1"],"picked":"Cloak And Dagger+1","floor":42},{"not_picked":["Cloak And Dagger+1","Poisoned Stab"],"picked":"Sucker Punch+1","floor":48},{"not_picked":["Slice","Outmaneuver"],"picked":"Blur","floor":54}],"player_experience":221279,"relics_obtained":[{"floor":6,"key":"Pear"},{"floor":8,"key":"CeramicFish"},{"floor":13,"key":"Potion Belt"},{"floor":23,"key":"Orichalcum"},{"floor":25,"key":"Paper Crane"},{"floor":41,"key":"Juzu Bracelet"},{"floor":46,"key":"Old Coin"},{"floor":54,"key":"War Paint"}],"event_choices":[{"damage_healed":0,"gold_gain":0,"player_choice":"0 cards matched","damage_taken":0,"max_hp_gain":0,"max_hp_loss":0,"event_name":"Match and Keep!","floor":3,"gold_loss":0,"cards_obtained":[]},{"damage_healed":0,"gold_gain":0,"player_choice":"Bought 0 Potions","damage_taken":0,"max_hp_gain":0,"max_hp_loss":0,"event_name":"The Woman in Blue","floor":37,"gold_loss":0},{"damage_healed":0,"gold_gain":0,"player_choice":"Fight","damage_taken":0,"max_hp_gain":0,"max_hp_loss":0,"event_name":"Mysterious Sphere","floor":46,"gold_loss":0},{"damage_healed":0,"gold_gain":0,"player_choice":"Ignored","damage_taken":0,"max_hp_gain":0,"max_hp_loss":0,"event_name":"SecretPortal","floor":47,"gold_loss":0}],"is_beta":false,"boss_relics":[{"not_picked":["Ectoplasm","SacredBark"],"picked":"Cursed Key"},{"not_picked":["Philosopher\u0027s Stone","Snecko Eye"],"picked":"HoveringKite"}],"items_purged_floors":[2,12,19,22],"is_endless":false,"potions_floor_spawned":[5,8,11,16,18,20,21,27,35,38,39,41],"ascension_level":0}}