{"host":"qdazo2n9x18zu9dk","time":1614262284,"event":{"mods":["BaseMod","Colored Map","Minty Spire (QoL Compilation)","Relic Stats","StSLib"],"gold_per_floor":[115,37,50,62,77,111,111,111,111],"floor_reached":8,"language":"ENG","playtime":592,"items_purged":[],"score":87,"play_id":"a154b500-dfcc-405c-a24a-ac2f2727a16f","local_time":"20210225151124","is_ascension_mode":true,"campfire_choices":[{"floor":7,"key":"REST"}],"circlet_count":0,"master_deck":["AscendersBane","Eruption","Vigilance+1","Brilliance","ConjureBlade","Establishment","Nirvana","Worship","LessonLearned+1","FollowUp","Pray","SandsOfTime+1","EmptyFist","ClearTheMind+1","ThirdEye","Study","ThirdEye"],"relics":["Pandora\u0027s Box","Shovel"],"acts_visited":["Exordium"],"potions_floor_usage":[],"damage_taken":[{"damage":0,"enemies":"2 Louse","floor":1,"turns":3},{"damage":10,"enemies":"Cultist","floor":3,"turns":4},{"damage":4,"enemies":"Small Slimes","floor":4,"turns":5},{"damage":14,"enemies":"3 Louse","floor":5,"turns":3},{"damage":36,"enemies":"3 Sentries","floor":6,"turns":8},{"damage":26,"enemies":"Lagavulin","floor":8,"turns":3}],"seed_played":"-6248116321856306884","potions_obtained":[],"is_trial":false,"path_per_floor":["M","$","M","M","M","E","R","E"],"character_chosen":"WATCHER","items_purchased":["EmptyFist","ClearTheMind"],"campfire_rested":1,"item_purchase_floors":[2,2],"current_hp_per_floor":[65,65,55,51,37,1,22,0,0],"gold":111,"neow_bonus":"BOSS_RELIC","is_daily":false,"chose_seed":false,"campfire_upgraded":0,"win_rate":0.0,"timestamp":1614262284,"path_taken":["M","$","M","M","M","E","R","E"],"items_purchased_type":["Card","Card"],"build_version":"2020-12-22","purchased_purges":0,"victory":false,"max_hp_per_floor":[72,72,72,72,72,72,72,72,72],"relic_stats":{"Shovel":0,"counters":[6,26],"Pandora\u0027s Box":["Brilliance","ConjureBlade","Establishment","Nirvana","Worship","LessonLearned","FollowUp","Pray"],"obtain_stats":[{"Shovel":6,"Pandora\u0027s Box":0,"PureWater":0},{"Shovel":5,"Pandora\u0027s Box":0,"PureWater":0},{"Shovel":23,"Pandora\u0027s Box":0,"PureWater":0}]},"card_choices":[{"not_picked":["ClearTheMind","WaveOfTheHand"],"picked":"SandsOfTime","floor":1},{"not_picked":["Adaptation","JustLucky"],"picked":"ThirdEye","floor":3},{"not_picked":["CrushJoints","Crescendo","SignatureMove"],"picked":"SKIP","floor":4},{"not_picked":["PathToVictory","JustLucky"],"picked":"Study","floor":5},{"not_picked":["Brilliance","Study"],"picked":"ThirdEye","floor":6}],"player_experience":1203112,"relics_obtained":[{"floor":6,"key":"Shovel"}],"event_choices":[],"is_beta":false,"boss_relics":[],"items_purged_floors":[],"is_endless":false,"potions_floor_spawned":[],"killed_by":"Lagavulin","ascension_level":10}}