{"host":"kda2p2afd6bvz6qo","time":1614221258,"event":{"mods":["BaseMod","Colored Map","Minty Spire (QoL Compilation)","Relic Stats"],"gold_per_floor":[118,118,118,118,138,138,57,90,90,90,108,141,141,166,166,260,260,279,279,279,279,300,344,344,388,388,412,427,467,480,494,494,585,585,609,640,207,226,226,226,265,265,265,308,308,339,359,359,359,359,359,359,359,15,54,54,54],"floor_reached":56,"language":"ENG","playtime":3978,"items_purged":["Writhe"],"score":2127,"play_id":"bc386089-e728-4195-91df-0190bc148f91","local_time":"20210225024738","is_ascension_mode":true,"campfire_choices":[{"data":"Acrobatics","floor":6.0,"key":"SMITH"},{"floor":10.0,"key":"REST"},{"data":"Noxious Fumes","floor":13.0,"key":"SMITH"},{"data":"Infinite Blades","floor":15.0,"key":"SMITH"},{"data":"Blade Dance","floor":24.0,"key":"SMITH"},{"floor":32.0,"key":"RECALL"},{"data":"Accuracy","floor":40.0,"key":"SMITH"},{"data":"Blade Dance","floor":45.0,"key":"SMITH"},{"floor":49.0,"key":"REST"},{"floor":53,"key":"REST"}],"circlet_count":0,"master_deck":["AscendersBane","Defend_G","Defend_G+1","Defend_G","Defend_G","Defend_G","Survivor+1","Neutralize","Acrobatics+1","Noxious Fumes+1","All Out Attack","Infinite Blades+1","Dash","Night Terror","Prepared","Bite","Bite","Bite","Bite","Blade Dance+1","Calculated Gamble","Cloak And Dagger","Acrobatics+1","Flechettes+1","Phantasmal Killer","Accuracy+1","PiercingWail","Blade Dance+1","Cloak And Dagger","Corpse Explosion","Endless Agony","Escape Plan"],"relics":["Busted Crown","Golden Idol","War Paint","Dead Branch","Anchor","WristBlade","Incense Burner","Strawberry","Omamori","Bottled Lightning","Philosopher\u0027s Stone","WingedGreaves","Ancient Tea Set","Bag of Preparation","Question Card","Bottled Flame","Potion Belt","The Courier","Paper Crane","Art of War","Shuriken"],"acts_visited":["Exordium","TheCity","TheBeyond","TheEnding"],"potions_floor_usage":[51,56],"damage_taken":[{"damage":0.0,"enemies":"Jaw Worm","floor":1.0,"turns":5.0},{"damage":0.0,"enemies":"2 Louse","floor":5.0,"turns":5.0},{"damage":42.0,"enemies":"3 Sentries","floor":8.0,"turns":10.0},{"damage":0.0,"enemies":"Small Slimes","floor":11.0,"turns":4.0},{"damage":4.0,"enemies":"Lagavulin","floor":12.0,"turns":6.0},{"damage":0.0,"enemies":"Exordium Thugs","floor":14.0,"turns":4.0},{"damage":9.0,"enemies":"Slime Boss","floor":16.0,"turns":7.0},{"damage":3.0,"enemies":"3 Byrds","floor":18.0,"turns":5.0},{"damage":1.0,"enemies":"Chosen","floor":22.0,"turns":6.0},{"damage":23.0,"enemies":"Gremlin Leader","floor":23.0,"turns":8.0},{"damage":6.0,"enemies":"Slavers","floor":25.0,"turns":7.0},{"damage":13.0,"enemies":"Snecko","floor":27.0,"turns":5.0},{"damage":1.0,"enemies":"Cultist and Chosen","floor":28.0,"turns":3.0},{"damage":20.0,"enemies":"Gremlin Leader","floor":29.0,"turns":6.0},{"damage":0.0,"enemies":"Shelled Parasite and Fungi","floor":30.0,"turns":3.0},{"damage":0.0,"enemies":"Sentry and Sphere","floor":31.0,"turns":3.0},{"damage":32.0,"enemies":"Champ","floor":33.0,"turns":8.0},{"damage":5.0,"enemies":"3 Shapes","floor":35.0,"turns":5.0},{"damage":16.0,"enemies":"Mind Bloom Boss Battle","floor":36.0,"turns":4.0},{"damage":0.0,"enemies":"Orb Walker","floor":38.0,"turns":3.0},{"damage":7.0,"enemies":"Reptomancer","floor":41.0,"turns":3.0},{"damage":0.0,"enemies":"Giant Head","floor":44.0,"turns":3.0},{"damage":29.0,"enemies":"Reptomancer","floor":46.0,"turns":4.0},{"damage":0.0,"enemies":"Writhing Mass","floor":47.0,"turns":2.0},{"damage":17,"enemies":"Awakened One","floor":50,"turns":5},{"damage":26,"enemies":"Donu and Deca","floor":51,"turns":6},{"damage":11,"enemies":"Shield and Spear","floor":55,"turns":3},{"damage":58,"enemies":"The Heart","floor":56,"turns":2}],"seed_played":"-5493867141528856835","potions_obtained":[{"floor":5.0,"key":"LiquidBronze"},{"floor":8.0,"key":"GamblersBrew"},{"floor":11.0,"key":"LiquidMemories"},{"floor":27.0,"key":"SteroidPotion"},{"floor":28.0,"key":"ColorlessPotion"},{"floor":41.0,"key":"SmokeBomb"},{"floor":47.0,"key":"FearPotion"}],"is_trial":false,"path_per_floor":["M","?","?","?","M","R","$","E","T","R","M","E","R","M","R","B",null,"M","?","?","?","M","E","R","E","T","M","M","E","M","M","R","B",null,"M","?","$","M","?","R","E","?","T","E","R","E","M","?","R","B","B",null,"R","$","E","B"],"character_chosen":"THE_SILENT","items_purchased":["Noxious Fumes","PiercingWail","Ancient Tea Set","Bag of Preparation","Paper Crane","Art of War"],"campfire_rested":3,"item_purchase_floors":[7,37,37,37,54,54],"current_hp_per_floor":[59,59,59,59,59,59,59,17,17,35,37,35,35,37,37,30,53,52,52,52,52,60,55,55,53,53,50,55,45,53,61,61,35,59,56,48,48,52,52,52,51,51,51,57,57,34,36,36,55,38,16,52,64,64,53,0,0],"gold":54,"neow_bonus":"BOSS_RELIC","is_daily":false,"chose_seed":false,"campfire_upgraded":6,"win_rate":0.0,"timestamp":1614221258,"path_taken":["M","?","?","?","M","R","$","E","T","R","?","E","R","M","R","BOSS","M","?","?","?","M","E","R","E","T","M","?","E","M","M","R","BOSS","M","?","$","M","?","R","E","?","T","E","R","E","M","?","R","BOSS","BOSS","R","$","E","BOSS"],"items_purchased_type":["Card","Card","Relic","Relic","Relic","Relic"],"build_version":"2020-12-22","purchased_purges":1,"victory":false,"max_hp_per_floor":[66,60,60,60,60,60,60,60,60,60,60,60,60,60,60,60,60,60,60,60,60,60,67,67,67,67,67,67,67,67,67,67,67,67,67,67,67,67,64,64,64,64,64,64,64,64,64,64,64,64,64,64,64,64,64,64,64],"relic_stats":{"Busted Crown":50,"counters":[28,135],"Golden Idol":199,"Shuriken":[3],"Dead Branch":[369],"Bag of Preparation":[20],"Art of War":[0],"War Paint":["Survivor","Defend_G"],"Question Card":4,"obtain_stats":[{"Potion Belt":44,"Golden Idol":2,"Dead Branch":8,"The Courier":46,"Incense Burner":20,"Omamori":25,"Bag of Preparation":37,"War Paint":3,"Paper Crane":54,"Ancient Tea Set":37,"Question Card":41,"Blood Vial":9,"Anchor":12,"Bottled Flame":43,"Busted Crown":0,"WristBlade":17,"Shuriken":55,"Strawberry":23,"Philosopher\u0027s Stone":34,"WingedGreaves":36,"Art of War":54,"Bottled Lightning":29,"Ring of the Snake":0},{"Potion Belt":22,"Golden Idol":1,"Dead Branch":3,"The Courier":23,"Incense Burner":8,"Omamori":11,"Bag of Preparation":19,"War Paint":1,"Paper Crane":26,"Ancient Tea Set":19,"Question Card":21,"Blood Vial":3,"Anchor":5,"Bottled Flame":21,"Busted Crown":0,"WristBlade":7,"Shuriken":27,"Strawberry":10,"Philosopher\u0027s Stone":17,"WingedGreaves":19,"Art of War":26,"Bottled Lightning":14,"Ring of the Snake":0},{"Potion Belt":113,"Golden Idol":5,"Dead Branch":20,"The Courier":117,"Incense Burner":46,"Omamori":67,"Bag of Preparation":104,"War Paint":5,"Paper Crane":130,"Ancient Tea Set":104,"Question Card":110,"Blood Vial":20,"Anchor":30,"Bottled Flame":110,"Busted Crown":0,"WristBlade":41,"Shuriken":133,"Strawberry":60,"Philosopher\u0027s Stone":95,"WingedGreaves":104,"Art of War":130,"Bottled Lightning":81,"Ring of the Snake":0}]},"card_choices":[{"not_picked":["Deflect"],"picked":"SKIP","floor":1.0},{"not_picked":[],"picked":"Acrobatics","floor":5.0},{"not_picked":[],"picked":"All Out Attack","floor":8.0},{"not_picked":[],"picked":"Infinite Blades","floor":11.0},{"not_picked":[],"picked":"Dash","floor":12.0},{"not_picked":["Dagger Spray"],"picked":"SKIP","floor":14.0},{"not_picked":[],"picked":"Night Terror","floor":16.0},{"not_picked":[],"picked":"Prepared","floor":18.0},{"not_picked":[],"picked":"Calculated Gamble","floor":22.0},{"not_picked":["Acrobatics"],"picked":"SKIP","floor":23.0},{"not_picked":[],"picked":"Cloak And Dagger","floor":25.0},{"not_picked":["Dagger Spray"],"picked":"SKIP","floor":27.0},{"not_picked":[],"picked":"Acrobatics+1","floor":28.0},{"not_picked":["Quick Slash"],"picked":"SKIP","floor":29.0},{"not_picked":["Dodge and Roll"],"picked":"SKIP","floor":30.0},{"not_picked":[],"picked":"Flechettes+1","floor":31.0},{"not_picked":[],"picked":"Phantasmal Killer","floor":33.0},{"not_picked":[],"picked":"Accuracy","floor":35.0},{"not_picked":[],"picked":"Blade Dance","floor":38.0},{"not_picked":[],"picked":"Cloak And Dagger","floor":41.0},{"not_picked":["Sucker Punch"],"picked":"Corpse Explosion","floor":44.0},{"not_picked":["Sucker Punch"],"picked":"Endless Agony","floor":46.0},{"not_picked":["Accuracy","Prepared"],"picked":"SKIP","floor":47.0},{"not_picked":["Noxious Fumes"],"picked":"Escape Plan","floor":55}],"player_experience":315661,"relics_obtained":[{"floor":8.0,"key":"Dead Branch"},{"floor":9.0,"key":"Blood Vial"},{"floor":12.0,"key":"Anchor"},{"floor":23.0,"key":"Strawberry"},{"floor":25.0,"key":"Omamori"},{"floor":29.0,"key":"Bottled Lightning"},{"floor":36.0,"key":"WingedGreaves"},{"floor":41.0,"key":"Question Card"},{"floor":43.0,"key":"Bottled Flame"},{"floor":44.0,"key":"Potion Belt"},{"floor":46.0,"key":"The Courier"},{"floor":55,"key":"Shuriken"}],"event_choices":[{"damage_healed":0.0,"max_hp_gain":0.0,"max_hp_loss":6.0,"gold_gain":0.0,"event_name":"Golden Idol","player_choice":"Lose Max HP","floor":2.0,"gold_loss":0.0,"damage_taken":0.0,"relics_obtained":["Golden Idol"]},{"damage_healed":0.0,"max_hp_gain":0.0,"max_hp_loss":0.0,"gold_gain":0.0,"event_name":"Big Fish","player_choice":"Box","floor":3.0,"gold_loss":0.0,"damage_taken":0.0,"relics_obtained":["War Paint"],"cards_obtained":["Regret"]},{"cards_removed":["Regret"],"damage_healed":0.0,"max_hp_gain":0.0,"max_hp_loss":0.0,"gold_gain":0.0,"event_name":"Living Wall","player_choice":"Forget","floor":4.0,"gold_loss":0.0,"damage_taken":0.0},{"damage_healed":0.0,"max_hp_gain":0.0,"max_hp_loss":0.0,"gold_gain":0.0,"event_name":"Vampires","player_choice":"Became a vampire (Vial)","floor":19.0,"relics_lost":["Blood Vial"],"gold_loss":0.0,"damage_taken":0.0,"cards_obtained":["Bite","Bite","Bite","Bite","Bite"]},{"damage_healed":0.0,"max_hp_gain":0.0,"max_hp_loss":0.0,"gold_gain":0.0,"event_name":"The Mausoleum","player_choice":"Opened","floor":20.0,"gold_loss":0.0,"damage_taken":0.0,"relics_obtained":["Incense Burner"],"cards_obtained":["Writhe"]},{"damage_healed":0.0,"max_hp_gain":0.0,"max_hp_loss":0.0,"gold_gain":0.0,"event_name":"The Library","player_choice":"Read","floor":21.0,"gold_loss":0.0,"damage_taken":0.0,"cards_obtained":["Blade Dance"]},{"damage_healed":0.0,"max_hp_gain":0.0,"max_hp_loss":0.0,"gold_gain":0.0,"event_name":"MindBloom","player_choice":"Fight","floor":36.0,"gold_loss":0.0,"damage_taken":0.0},{"damage_healed":0.0,"max_hp_gain":0.0,"max_hp_loss":3.0,"gold_gain":0.0,"event_name":"Winding Halls","player_choice":"Max HP","floor":39.0,"gold_loss":0.0,"damage_taken":0.0},{"damage_healed":0.0,"max_hp_gain":0.0,"max_hp_loss":0.0,"gold_gain":0.0,"event_name":"Tomb of Lord Red Mask","player_choice":"Ignored","floor":42.0,"gold_loss":0.0,"damage_taken":0.0},{"cards_removed":["Bite"],"damage_healed":0.0,"max_hp_gain":0.0,"max_hp_loss":0.0,"gold_gain":0.0,"event_name":"Falling","player_choice":"Removed Attack","floor":48.0,"gold_loss":0.0,"damage_taken":0.0}],"is_beta":false,"boss_relics":[{"not_picked":["SacredBark","Coffee Dripper"],"picked":"WristBlade"},{"not_picked":["Empty Cage","Snecko Eye"],"picked":"Philosopher\u0027s Stone"}],"items_purged_floors":[37],"is_endless":false,"potions_floor_spawned":[5,8,11,23,27,28,30,33,38,41,47],"killed_by":"The Heart","ascension_level":20}}