{"host":"dj20jyxj5yo6mk8a","time":1614284968,"event":{"mods":["AchievementEnabler","BaseMod","BetterRewards","Card Forge","Evolution","Gold Saver","Minty Spire (QoL Compilation)","Reliquary","Replay The Spire","StSLib","SuperFastMode","Uncapped"],"gold_per_floor":[840,915,933,933,948,948,983,999,1068,1097,1097,786,806,819,819,915,915,929,929,929,949,963,995,995,1023,1023,1034,1066,1084,1104,953,953,1053,1103,1117,1137,1157,1157,1173,1203,1203,1234,1258,1269,1296,1296,1070,1086,1086,1086],"floor_reached":51,"language":"ENG","playtime":2012,"items_purged":[],"score":1929,"play_id":"41a861d9-bd49-4d37-b577-cac31b27cbdd","local_time":"20210225172928","is_ascension_mode":true,"campfire_choices":[{"floor":6,"key":"REST"},{"floor":15,"key":"REST"},{"floor":49,"key":"REST"}],"circlet_count":0,"master_deck":["AscendersBane","Blade Dance+1","White Noise+1","BecomeAlmighty+1","Dark Echo+1","Dramatic Entrance+1","Discovery+1","LiveForever+1","Poisoned Strike+1","Sadistic Nature+1","Blade Dance+1","White Noise+1","BecomeAlmighty+1","Discovery+1","Dramatic Entrance+1","LiveForever+1","Poisoned Strike+1","Distraction+1","Blade Dance+1","White Noise+1","BecomeAlmighty+1","Discovery+1","LiveForever+1","LiveForever+1","LiveForever+1"],"relics":["Ring of the Snake","Hammer of Thor","Seething Fire","Anvil of the Gods","EVO:Axolotl","NeowsBlessing","CaptainsWheel","Art of War","Chameleon Ring","reliquary:Stiletto","ClockworkSouvenir","Odd Mushroom","reliquary:RedCape","Nunchaku","reliquary:SharkskinSheath","Centennial Puzzle","Pocketwatch","Membership Card","Tiny House","Bottled Lightning","Blood Vial","StoneCalendar","Torii","Regal Pillow"],"acts_visited":["Exordium","TheCity","TheBeyond"],"potions_floor_usage":[23,23,25,25,28],"damage_taken":[{"damage":0,"enemies":"Small Slimes","floor":1,"turns":1},{"damage":0,"enemies":"Jaw Worm","floor":3,"turns":1},{"damage":0,"enemies":"Cultist","floor":5,"turns":1},{"damage":0,"enemies":"3 Sentries","floor":7,"turns":1},{"damage":0,"enemies":"2 Fungi Beasts","floor":8,"turns":1},{"damage":4,"enemies":"Lagavulin","floor":10,"turns":2},{"damage":0,"enemies":"The Mushroom Lair","floor":13,"turns":1},{"damage":0,"enemies":"Lots of Slimes","floor":14,"turns":1},{"damage":0,"enemies":"Fading Forest","floor":16,"turns":8},{"damage":0,"enemies":"Chosen","floor":18,"turns":3},{"damage":0,"enemies":"Shell Parasite","floor":21,"turns":1},{"damage":2,"enemies":"Chosen and Byrds","floor":22,"turns":4},{"damage":4,"enemies":"Book of Stabbing","floor":23,"turns":3},{"damage":0,"enemies":"Slavers","floor":25,"turns":2},{"damage":0,"enemies":"Snecko","floor":27,"turns":3},{"damage":0,"enemies":"Replay:Snechameleon","floor":28,"turns":3},{"damage":0,"enemies":"Centurion and Healer","floor":29,"turns":3},{"damage":8,"enemies":"Snake Plant","floor":30,"turns":2},{"damage":7,"enemies":"Pondfish","floor":33,"turns":6},{"damage":0,"enemies":"Orb Walker","floor":35,"turns":1},{"damage":8,"enemies":"3 Shapes","floor":36,"turns":1},{"damage":0,"enemies":"Jaw Worm Horde","floor":37,"turns":1},{"damage":0,"enemies":"Maw","floor":39,"turns":4},{"damage":0,"enemies":"R_Hoarder","floor":40,"turns":5},{"damage":8,"enemies":"Nemesis","floor":42,"turns":5},{"damage":0,"enemies":"Spire Growth","floor":44,"turns":3},{"damage":13,"enemies":"Giant Head","floor":45,"turns":4},{"damage":26,"enemies":"4 Shapes","floor":48,"turns":2},{"damage":55,"enemies":"Awakened One","floor":50,"turns":7}],"seed_played":"4474266265043405960","potions_obtained":[{"floor":11,"key":"EssenceOfSteel"},{"floor":11,"key":"SteroidPotion"},{"floor":24,"key":"Swift Potion"},{"floor":24,"key":"Cursed Concoction"},{"floor":27,"key":"Weak Potion"},{"floor":32,"key":"SpeedPotion"},{"floor":32,"key":"GhostInAJar"}],"is_trial":false,"path_per_floor":["M","?","M","?","M","R","E","M","T","E","R","$","?","M","R","B",null,"M","?","?","M","M","E","R","E","T","M","E","M","M","$","R","B",null,"M","M","M","?","M","E","?","E","T","M","E","?","$","M","R","B",null],"character_chosen":"THE_SILENT","items_purchased":["reliquary:Stiletto","ClockworkSouvenir","Membership Card","Torii","Regal Pillow"],"campfire_rested":3,"item_purchase_floors":[12,12,31,47,47],"current_hp_per_floor":[63,63,63,45,45,66,66,66,66,62,62,62,62,62,70,70,70,70,70,70,70,68,64,64,64,64,64,64,64,56,56,56,49,70,70,62,62,62,62,62,62,54,54,56,45,42,42,18,55,2],"gold":1086,"neow_bonus":"THREE_ENEMY_KILL","is_daily":false,"chose_seed":false,"campfire_upgraded":0,"win_rate":0.0,"timestamp":1614284968,"path_taken":["M","?","M","?","M","R","E","M","T","E","R","$","?","M","R","BOSS","M","?","?","M","M","E","R","E","T","M","E","?","M","$","R","BOSS","M","M","M","?","M","E","?","E","T","M","E","?","$","M","R","BOSS"],"items_purchased_type":["Relic","Relic","Relic","Relic","Relic"],"build_version":"2020-12-22","purchased_purges":0,"victory":true,"max_hp_per_floor":[70,70,70,70,70,70,70,70,70,70,70,70,70,70,70,70,70,70,70,70,70,70,70,70,70,70,70,70,70,70,70,70,70,75,75,75,75,75,75,75,75,75,75,75,75,75,75,75,75,75],"card_choices":[{"not_picked":["Crippling Poison","Blade Dance","Underhanded Strike"],"picked":"SKIP","floor":1},{"not_picked":["Endless Agony","Blade Dance","Noxious Fumes"],"picked":"SKIP","floor":3},{"not_picked":["Calculated Gamble","Accuracy","Eviscerate"],"picked":"SKIP","floor":5},{"not_picked":["ReplayTheSpireMod:Necrosis","Dagger Throw","Acrobatics"],"picked":"SKIP","floor":7},{"not_picked":["Underhanded Strike","Endless Agony","ReplayTheSpireMod:Tripwire"],"picked":"SKIP","floor":8},{"not_picked":["Backflip","Riddle With Holes","Slice"],"picked":"SKIP","floor":10},{"not_picked":["Outmaneuver","Bane","Prepared"],"picked":"SKIP","floor":14},{"not_picked":["Blur","Hidden Blade","Cloak And Dagger"],"picked":"SKIP","floor":18},{"not_picked":["Bane","Deadly Poison","Sucker Punch+1"],"picked":"SKIP","floor":21},{"not_picked":["Infinite Blades+1","Cloak And Dagger","Deflect"],"picked":"SKIP","floor":22},{"not_picked":["PiercingWail","Terror","Eviscerate+1"],"picked":"SKIP","floor":23},{"not_picked":["Quick Slash","Distraction","Deadly Poison"],"picked":"SKIP","floor":25},{"not_picked":["Blade Dance","Atom Bomb","ReplayTheSpireMod:The Works"],"picked":"SKIP","floor":27},{"not_picked":["Dagger Throw","Acrobatics","Deadly Poison"],"picked":"SKIP","floor":28},{"not_picked":["Replay:Poison Smokescreen","Quick Slash","Heel Hook"],"picked":"SKIP","floor":29},{"not_picked":["Prepared","Acrobatics","Poisoned Stab"],"picked":"SKIP","floor":30},{"not_picked":["Blade Dance","Venomology","Flying Knee+1"],"picked":"SKIP","floor":35},{"not_picked":["Dodge and Roll","Prepared","Sneak Up"],"picked":"SKIP","floor":36},{"not_picked":["Poisoned Stab","Replay:Poison Smokescreen+1","Outmaneuver"],"picked":"SKIP","floor":37},{"not_picked":["Catalyst+1","Bane","ReplayTheSpireMod:Speed Training+1"],"picked":"SKIP","floor":39},{"not_picked":["Deflect","PiercingWail","Atom Bomb"],"picked":"SKIP","floor":40},{"not_picked":["Finisher+1","Cloak And Dagger+1","Backflip+1"],"picked":"SKIP","floor":42},{"not_picked":["Deadly Poison","Dodge and Roll","Dagger Throw"],"picked":"SKIP","floor":44},{"not_picked":["Underhanded Strike","Venomology","Prepared"],"picked":"SKIP","floor":45},{"not_picked":["ReplayTheSpireMod:Exploit Weakness","Dagger Spray","Deadly Poison"],"picked":"SKIP","floor":48}],"player_experience":146734,"relics_obtained":[{"floor":7,"key":"Art of War"},{"floor":10,"key":"Chameleon Ring"},{"floor":13,"key":"Odd Mushroom"},{"floor":23,"key":"reliquary:SharkskinSheath"},{"floor":26,"key":"Centennial Puzzle"},{"floor":28,"key":"Pocketwatch"},{"floor":40,"key":"Bottled Lightning"},{"floor":42,"key":"Blood Vial"},{"floor":45,"key":"StoneCalendar"}],"event_choices":[{"damage_healed":0,"gold_gain":75,"player_choice":"Gained Gold","damage_taken":0,"max_hp_gain":0,"max_hp_loss":0,"event_name":"Golden Wing","floor":2,"gold_loss":0},{"damage_healed":0,"gold_gain":0,"player_choice":"Success","damage_taken":18,"relics_obtained":["CaptainsWheel"],"max_hp_gain":0,"max_hp_loss":0,"event_name":"Scrap Ooze","floor":4,"gold_loss":0},{"damage_healed":0,"gold_gain":0,"player_choice":"Fought Mushrooms","damage_taken":0,"max_hp_gain":0,"max_hp_loss":0,"event_name":"Mushrooms","floor":13,"gold_loss":0},{"damage_healed":0,"gold_gain":0,"player_choice":"0 cards matched","damage_taken":0,"max_hp_gain":0,"max_hp_loss":0,"event_name":"Match and Keep!","floor":20,"gold_loss":0,"cards_obtained":[]},{"damage_healed":0,"gold_gain":0,"player_choice":"Ignored","damage_taken":0,"max_hp_gain":0,"max_hp_loss":0,"event_name":"Tomb of Lord Red Mask","floor":38,"gold_loss":0},{"cards_removed":["Dark Shackles"],"damage_healed":0,"gold_gain":0,"player_choice":"Removed Skill","damage_taken":0,"max_hp_gain":0,"max_hp_loss":0,"event_name":"Falling","floor":41,"gold_loss":0},{"damage_healed":0,"gold_gain":0,"player_choice":"Punched","damage_taken":3,"max_hp_gain":0,"max_hp_loss":0,"event_name":"Designer","floor":46,"gold_loss":0}],"is_beta":false,"boss_relics":[{"not_picked":["Painkiller Herb","Pandora\u0027s Box"],"picked":"reliquary:RedCape"},{"not_picked":["Kintsugi","Velvet Choker"],"picked":"Tiny House"}],"items_purged_floors":[],"is_endless":false,"potions_floor_spawned":[1,7,8,13,18,22,27,30,35,36,40,44],"ascension_level":12}}