{"host":"sim2kxx81cjsn49b","time":1614237342,"event":{"mods":["ATMod(°¢èªMod)","BaseMod","Minty Spire (QoL Compilation)","Reliquary","StSLib","TestMod","Waifu the Spire","¡¾ÒÅÎï¿¨ÅÆ¡¿REMEMod"],"gold_per_floor":[115,128,148,73,85,112,112,144,144,176,176,176,239,254,254,328,328,344,357,367,282,282,282,282,282],"floor_reached":24,"language":"ZHS","playtime":556,"items_purged":["Defend_P"],"score":607,"play_id":"90febd9f-932e-4fa4-991f-90987e8f3364","local_time":"20210225151542","is_ascension_mode":true,"campfire_choices":[{"data":"Eruption","floor":7.0,"key":"SMITH"},{"data":"AT_Desolate","floor":15,"key":"SMITH"},{"data":"Phantasmal Killer","floor":23,"key":"SMITH"}],"circlet_count":0,"master_deck":["AscendersBane","Strike_P","Strike_P","Strike_P","Strike_P","Defend_P","Defend_P","Eruption+1","Vigilance","AT_Desolate+1","Hyperbeam","AT_OneInchPunch","DeusExMachina","Indignation","AT_IrregularMenstruation","Adaptation","Pray","Blasphemy","Phantasmal Killer+1"],"relics":["PureWater","testmod-TestBox","AT_ATBox","REME_ComplimentaryCards","testmod-ArcanaOfDestiny","NeowsBlessing","Ginger","Pear","testmod-HeartOfDaVinci","Blood Vial","reliquary:MedicineBall","PreservedInsect","testmod-Fanaticism","The Specimen"],"acts_visited":["Exordium","TheCity"],"potions_floor_usage":[14,16,24],"damage_taken":[{"damage":0.0,"enemies":"Jaw Worm","floor":1.0,"turns":1.0},{"damage":0.0,"enemies":"Small Slimes","floor":2.0,"turns":1.0},{"damage":0.0,"enemies":"2 Louse","floor":3.0,"turns":2.0},{"damage":0.0,"enemies":"2 Fungi Beasts","floor":5.0,"turns":1.0},{"damage":4.0,"enemies":"3 Sentries","floor":6.0,"turns":2.0},{"damage":0.0,"enemies":"Lagavulin","floor":8.0,"turns":2.0},{"damage":0.0,"enemies":"Gremlin Nob","floor":10.0,"turns":2.0},{"damage":0.0,"enemies":"Gremlin Nob","floor":13.0,"turns":2.0},{"damage":0,"enemies":"Large Slime","floor":14,"turns":2},{"damage":34,"enemies":"Hexaghost","floor":16,"turns":6},{"damage":0,"enemies":"Spheric Guardian","floor":18,"turns":1},{"damage":42,"enemies":"Shell Parasite","floor":19,"turns":2},{"damage":18,"enemies":"Chosen and Byrds","floor":20,"turns":3},{"damage":100056,"enemies":"Book of Stabbing","floor":24,"turns":3}],"seed_played":"9200992280413552683","potions_obtained":[{"floor":2.0,"key":"Energy Potion"},{"floor":6.0,"key":"Fruit Juice"},{"floor":14,"key":"testmod-TestPotion"},{"floor":16,"key":"DuplicationPotion"}],"is_trial":false,"path_per_floor":["M","M","M","$","M","E","R","E","T","E","?","?","?","M","R","B",null,"M","M","M","?","?","R","E"],"character_chosen":"WATCHER","items_purchased":[],"campfire_rested":0,"item_purchase_floors":[],"current_hp_per_floor":[61,61,61,61,61,57,57,67,67,67,56,56,58,65,65,33,71,73,76,79,79,55,55,0,0],"gold":282,"neow_bonus":"THREE_ENEMY_KILL","is_daily":false,"chose_seed":false,"campfire_upgraded":3,"win_rate":0.0,"timestamp":1614237342,"path_taken":["M","M","M","$","M","E","R","E","T","E","?","?","?","M","R","BOSS","M","M","M","?","?","R","E"],"items_purchased_type":[],"build_version":"2020-12-22","purchased_purges":1,"victory":false,"max_hp_per_floor":[68,68,68,68,68,68,68,78,78,78,78,78,78,83,83,83,83,83,83,83,83,88,88,88,88],"card_choices":[{"not_picked":["REME_Repentance","Prostrate","Evaluate"],"picked":"SKIP","floor":1.0},{"not_picked":["EmptyFist","BattleHymn","EmptyBody"],"picked":"SKIP","floor":2.0},{"not_picked":["AT_SoftenMuscles","FollowUp"],"picked":"AT_OneInchPunch","floor":3.0},{"not_picked":["CarveReality","PathToVictory"],"picked":"DeusExMachina","floor":5.0},{"not_picked":["SashWhip","AT_RealFormLess","FlurryOfBlows"],"picked":"SKIP","floor":6.0},{"not_picked":["FollowUp","FlyingSleeves","Prostrate"],"picked":"SKIP","floor":8.0},{"not_picked":["Crescendo","Halt"],"picked":"Indignation","floor":10.0},{"not_picked":["CrushJoints","Conclude"],"picked":"Adaptation","floor":13.0},{"not_picked":["Crescendo","JustLucky"],"picked":"Pray","floor":14},{"not_picked":["Wish","MasterReality"],"picked":"Blasphemy","floor":16},{"not_picked":["EmptyFist","JustLucky","FlurryOfBlows"],"picked":"SKIP","floor":18},{"not_picked":["Protect","Prostrate","Meditate"],"picked":"SKIP","floor":19},{"not_picked":["Crescendo","Weave","CutThroughFate"],"picked":"SKIP","floor":20}],"player_experience":643040,"relics_obtained":[{"floor":6.0,"key":"Ginger"},{"floor":8.0,"key":"Pear"},{"floor":9.0,"key":"testmod-HeartOfDaVinci"},{"floor":10.0,"key":"Blood Vial"},{"floor":13.0,"key":"PreservedInsect"}],"event_choices":[{"damage_healed":0.0,"max_hp_gain":0.0,"max_hp_loss":0.0,"gold_gain":0.0,"event_name":"Scrap Ooze","player_choice":"Success","floor":11.0,"gold_loss":0.0,"damage_taken":11.0,"relics_obtained":["reliquary:MedicineBall"]},{"damage_healed":0.0,"max_hp_gain":0.0,"max_hp_loss":0.0,"gold_gain":0.0,"cards_transformed":["Defend_P"],"event_name":"Living Wall","player_choice":"Change","floor":12.0,"gold_loss":0.0,"damage_taken":0.0,"cards_obtained":["AT_IrregularMenstruation"]},{"damage_healed":0.0,"max_hp_gain":0.0,"max_hp_loss":0.0,"gold_gain":30.0,"event_name":"Dead Adventurer","player_choice":"Searched \u00272\u0027 times","floor":13.0,"gold_loss":0.0,"damage_taken":0.0},{"damage_healed":0,"gold_gain":0,"player_choice":"Obtained Relic","damage_taken":0,"relics_obtained":["The Specimen"],"max_hp_gain":0,"max_hp_loss":0,"event_name":"Addict","floor":21,"gold_loss":85},{"damage_healed":0,"gold_gain":0,"player_choice":"Shed Blood","damage_taken":29,"max_hp_gain":5,"max_hp_loss":0,"event_name":"Forgotten Altar","floor":22,"gold_loss":0}],"is_beta":false,"boss_relics":[{"not_picked":["testmod-CardMagician","REME_DemonsWealth"],"picked":"testmod-Fanaticism"}],"items_purged_floors":[4],"is_endless":false,"potions_floor_spawned":[2,6,10,14,16,19],"killed_by":"Book of Stabbing","ascension_level":20}}