{"host":"hszimsrtxxc2k25w","time":1614282958,"event":{"mods":["AchievementEnabler","BaseMod","Colored Map","DeckTracker","Minty Spire (QoL Compilation)","Rare Cards Sparkle","SuperFastMode"],"gold_per_floor":[119,119,136,152,171,171,16,16,316,326,147,169,169,169],"floor_reached":13,"language":"KOR","playtime":276,"items_purged":["Strike_P","Strike_P"],"score":131,"play_id":"68d234d8-7540-494b-98dd-5c7f740daf34","local_time":"20210226045558","is_ascension_mode":true,"campfire_choices":[{"data":"Eruption","floor":6,"key":"SMITH"},{"data":"Adaptation","floor":8,"key":"SMITH"}],"circlet_count":0,"master_deck":["AscendersBane","Strike_P","Defend_P","Defend_P","Eruption+1","Vigilance","Conclude","Ragnarok","Adaptation+1","MentalFortress"],"relics":["PureWater","Old Coin","Odd Mushroom"],"acts_visited":["Exordium"],"potions_floor_usage":[],"damage_taken":[{"damage":0,"enemies":"Jaw Worm","floor":1,"turns":6},{"damage":0,"enemies":"Cultist","floor":3,"turns":4},{"damage":0,"enemies":"Small Slimes","floor":4,"turns":2},{"damage":3,"enemies":"Blue Slaver","floor":5,"turns":4},{"damage":4,"enemies":"3 Louse","floor":10,"turns":2},{"damage":1,"enemies":"The Mushroom Lair","floor":12,"turns":3},{"damage":40,"enemies":"3 Sentries","floor":13,"turns":4}],"seed_played":"6589660013583636414","potions_obtained":[{"floor":1,"key":"Regen Potion"},{"floor":5,"key":"LiquidBronze"}],"is_trial":false,"path_per_floor":["M","?","M","M","M","R","$","R","T","M","$","?","E"],"character_chosen":"WATCHER","items_purchased":["Adaptation","MentalFortress"],"campfire_rested":0,"item_purchase_floors":[7,11],"current_hp_per_floor":[43,43,43,43,40,40,40,40,40,36,36,35,0,0],"gold":169,"neow_bonus":"REMOVE_TWO","is_daily":false,"chose_seed":false,"campfire_upgraded":2,"win_rate":0.0,"timestamp":1614282958,"path_taken":["M","?","?","M","M","R","$","R","T","M","$","?","E"],"items_purchased_type":["Card","Card"],"build_version":"2020-12-22","purchased_purges":2,"victory":false,"max_hp_per_floor":[68,68,68,68,68,68,68,68,68,68,68,68,68,68],"card_choices":[{"not_picked":["ReachHeaven","Protect","JustLucky"],"picked":"SKIP","floor":1},{"not_picked":["JustLucky","SashWhip","Crescendo"],"picked":"SKIP","floor":3},{"not_picked":["LikeWater","FollowUp"],"picked":"Conclude","floor":4},{"not_picked":["FlyingSleeves","Collect"],"picked":"Ragnarok","floor":5},{"not_picked":["Protect","WindmillStrike","Crescendo"],"picked":"SKIP","floor":10}],"player_experience":709403,"relics_obtained":[{"floor":9,"key":"Old Coin"},{"floor":12,"key":"Odd Mushroom"}],"event_choices":[{"cards_removed":["Defend_P"],"damage_healed":0,"gold_gain":0,"player_choice":"Offered Basic","damage_taken":0,"max_hp_gain":0,"max_hp_loss":0,"event_name":"Bonfire Elementals","floor":2,"gold_loss":0},{"damage_healed":0,"gold_gain":0,"player_choice":"Fought Mushrooms","damage_taken":0,"max_hp_gain":0,"max_hp_loss":0,"event_name":"Mushrooms","floor":12,"gold_loss":0}],"is_beta":false,"boss_relics":[],"items_purged_floors":[7,11],"is_endless":false,"potions_floor_spawned":[1,5,10],"killed_by":"3 Sentries","ascension_level":15}}