{"host":"gzkog77z98jljj1h","time":1614215436,"event":{"mods":["Act Like it!","Astrologer","BaseMod","Colored Map","Conspire","Downfall","Energized Spire","Fiend Mod","Halation","Hubris","Infinite Spire","Marisa????????","Mimic Mod","Minty Spire (QoL Compilation)","Random Character Button","Relic Sorter","Replay The Spire","Ruina","Shop Mod","Somnambulant","StSLib","Td1madao Mod","The Administrix","The Construct","The Cursed","The Disciple","The Elementalist","The Hierophant","The Jungle","The Marked","The Mystic","The Runesmith","The Servant 0.9.4","Trackpad"],"gold_per_floor":[99,111,129,159,159,175,211,236,236,236,336,336,348,361,374,374,374,374],"floor_reached":16,"language":"ENG","playtime":733,"items_purged":[],"score":102,"play_id":"e657f365-37f5-4486-b150-2fc18c141005","local_time":"20210224191036","is_ascension_mode":false,"campfire_choices":[{"data":"Slimebound:Split","floor":1,"key":"SMITH"},{"floor":10,"key":"REST"},{"data":"Slimebound:Grow","floor":10,"key":"SMITH"},{"data":"Slimebound:ForwardTackle","floor":12,"key":"SMITH"}],"circlet_count":0,"master_deck":["Slimebound:Strike_Slimebound","Slimebound:Strike_Slimebound","Slimebound:Strike_Slimebound","Slimebound:Tackle","Slimebound:Defend_Slimebound","Slimebound:Defend_Slimebound","Slimebound:Defend_Slimebound","Slimebound:Defend_Slimebound","Slimebound:Split+1","Slimebound:CorrosiveSpit","Slimebound:ForwardTackle+1","Slimebound:SplitAcid","Slimebound:Grow+1","Slimebound:AcidTongue","Slimebound:PrepareCrush","Slimebound:LevelUp","Slimebound:SlimeSpikes","Slimebound:PressTheAttack"],"relics":["Slimebound:AbsorbEndCombat","MealTicket","CaptainsWheel","infinitespire:Magic Flask"],"acts_visited":["Exordium"],"potions_floor_usage":[14,16,16],"damage_taken":[{"damage":6,"enemies":"Jaw Worm","floor":2,"turns":5},{"damage":3,"enemies":"2 Louse","floor":3,"turns":2},{"damage":3,"enemies":"Small Slimes","floor":6,"turns":2},{"damage":12,"enemies":"Exordium Thugs","floor":7,"turns":5},{"damage":32,"enemies":"3 Sentries","floor":8,"turns":5},{"damage":24,"enemies":"Exordium Thugs","floor":13,"turns":5},{"damage":3,"enemies":"Red Slaver","floor":14,"turns":4},{"damage":9,"enemies":"2 Fungi Beasts","floor":15,"turns":2},{"damage":38,"enemies":"DF_ARCHETYPE_STREAMLINE","floor":16,"turns":6}],"seed_played":"-6935871527902562785","potions_obtained":[{"floor":3,"key":"Adrenaline Potion"},{"floor":8,"key":"construct:ShiftPotion"},{"floor":13,"key":"LifebloodPotion"}],"is_trial":false,"path_per_floor":["R","M","M","?","?","M","MIM","E","T","R","?","R","M","M","M","B"],"character_chosen":"SLIMEBOUND","items_purchased":[],"campfire_rested":1,"item_purchase_floors":[],"current_hp_per_floor":[71,71,70,70,70,71,64,32,32,53,53,53,35,34,27,0,0,0],"gold":374,"neow_bonus":"TEN_PERCENT_HP_BONUS","is_daily":false,"chose_seed":false,"campfire_upgraded":3,"win_rate":0.0,"timestamp":1614215436,"path_taken":["R","M","M","?","?","M","MIM","E","?","R","?","R","M","?","M","BOSS"],"items_purchased_type":[],"build_version":"2020-12-22","purchased_purges":0,"victory":false,"max_hp_per_floor":[71,71,71,71,71,71,71,71,71,71,71,71,71,71,71,71,71,71],"card_choices":[{"not_picked":["Slimebound:PressTheAttack","Slimebound:Schlurp"],"picked":"Slimebound:ForwardTackle","floor":2},{"not_picked":["Slimebound:SlimeTap","Slimebound:Schlurp"],"picked":"Slimebound:SplitAcid","floor":3},{"not_picked":["Slimebound:Gluttony","Slimebound:ForwardTackle"],"picked":"Slimebound:Grow","floor":6},{"not_picked":["Slimebound:ProtectTheBoss","Slimebound:SpikyOuterGoop"],"picked":"Slimebound:AcidTongue","floor":7},{"not_picked":["Slimebound:SlimeBarrage","Slimebound:SplitAcid"],"picked":"Slimebound:PrepareCrush","floor":8},{"not_picked":["Slimebound:Nibble","Slimebound:SamplingLick"],"picked":"Slimebound:LevelUp","floor":13},{"not_picked":["Slimebound:TongueLash","Slimebound:LivingWall"],"picked":"Slimebound:SlimeSpikes","floor":14},{"not_picked":["Slimebound:ViciousTackle","Slimebound:LeechEnergy"],"picked":"Slimebound:PressTheAttack","floor":15}],"player_experience":294366,"relics_obtained":[{"floor":7,"key":"MealTicket"},{"floor":8,"key":"CaptainsWheel"},{"floor":9,"key":"infinitespire:Magic Flask"}],"event_choices":[{"damage_healed":0,"gold_gain":0,"player_choice":"Disagree","damage_taken":0,"max_hp_gain":0,"max_hp_loss":0,"event_name":"conspire:LoneGhost","floor":5,"gold_loss":0}],"is_beta":false,"boss_relics":[],"items_purged_floors":[],"is_endless":false,"potions_floor_spawned":[3,8,13],"killed_by":"DF_ARCHETYPE_STREAMLINE","ascension_level":0}}