{"host":"9n6i2vl93jt4o42q","time":1614252700,"event":{"mods":["BaseMod","Minty Spire (QoL Compilation)","Relic Stats"],"gold_per_floor":[115,132,148,164,164,164,208,208,208,251,261,261,287,329,329,414,414,442,461,487,146,174,174,174],"floor_reached":23,"language":"ENG","playtime":1797,"items_purged":["Defend_P"],"score":480,"play_id":"b1a807fe-cda6-4d15-b8cc-6ff3876de8cf","local_time":"20210225123140","is_ascension_mode":true,"campfire_choices":[{"data":"Eruption","floor":6.0,"key":"SMITH"},{"data":"EmptyFist","floor":8.0,"key":"SMITH"},{"data":"SashWhip","floor":12.0,"key":"SMITH"},{"data":"Perseverance","floor":15.0,"key":"SMITH"}],"circlet_count":0,"master_deck":["AscendersBane","Strike_P","Strike_P","Strike_P","Strike_P","Defend_P","Defend_P","Defend_P","Eruption+1","Vigilance","Perseverance+1","BattleHymn","FollowUp","CutThroughFate","SashWhip+1","EmptyFist+1","Halt","ClearTheMind","FearNoEvil","Scrawl+1","Evaluate+1","EmptyBody+1","Evaluate+1","InnerPeace+1","MentalFortress+1"],"relics":["PureWater","CeramicFish","Mercury Hourglass","Lizard Tail","Toxic Egg 2","SlaversCollar"],"acts_visited":["Exordium","TheCity"],"potions_floor_usage":[20,23],"damage_taken":[{"damage":4.0,"enemies":"Jaw Worm","floor":1.0,"turns":8.0},{"damage":1.0,"enemies":"Cultist","floor":2.0,"turns":3.0},{"damage":1.0,"enemies":"Small Slimes","floor":3.0,"turns":4.0},{"damage":6.0,"enemies":"Red Slaver","floor":4.0,"turns":3.0},{"damage":17.0,"enemies":"3 Sentries","floor":7.0,"turns":5.0},{"damage":0.0,"enemies":"Gremlin Nob","floor":10.0,"turns":2.0},{"damage":0.0,"enemies":"Lots of Slimes","floor":11.0,"turns":3.0},{"damage":5.0,"enemies":"3 Louse","floor":13.0,"turns":3.0},{"damage":9.0,"enemies":"3 Sentries","floor":14.0,"turns":5.0},{"damage":6.0,"enemies":"The Guardian","floor":16.0,"turns":7.0},{"damage":26.0,"enemies":"Chosen","floor":18.0,"turns":5.0},{"damage":9.0,"enemies":"Spheric Guardian","floor":19.0,"turns":4.0},{"damage":25,"enemies":"Shelled Parasite and Fungi","floor":20,"turns":4},{"damage":1,"enemies":"Snecko","floor":22,"turns":5},{"damage":42,"enemies":"Slavers","floor":23,"turns":4}],"seed_played":"-3887389258580540622","potions_obtained":[{"floor":1.0,"key":"Explosive Potion"},{"floor":4.0,"key":"SneckoOil"},{"floor":5.0,"key":"Strength Potion"},{"floor":13.0,"key":"Swift Potion"}],"is_trial":false,"path_per_floor":["M","M","M","M","?","R","E","R","T","E","M","R","M","E","R","B",null,"M","M","M","$","M","E"],"character_chosen":"WATCHER","items_purchased":["Evaluate+1","InnerPeace+1","StancePotion","Energy Potion"],"campfire_rested":0,"item_purchase_floors":[21,21,21,21],"current_hp_per_floor":[57,56,55,49,49,49,32,32,32,32,32,32,27,18,18,12,54,28,19,34,34,33,0,0],"gold":174,"neow_bonus":"THREE_CARDS","is_daily":false,"chose_seed":false,"campfire_upgraded":4,"win_rate":0.0,"timestamp":1614252700,"path_taken":["M","M","M","M","?","R","E","R","T","E","M","R","?","E","R","BOSS","M","M","M","$","M","E"],"items_purchased_type":["Card","Card","Potion","Potion"],"build_version":"2020-12-22","purchased_purges":1,"victory":false,"max_hp_per_floor":[68,68,68,68,68,68,68,68,68,68,68,68,68,68,68,68,68,68,68,68,68,68,68,68],"relic_stats":{"Lizard Tail":34,"counters":[15,64],"CeramicFish":90,"obtain_stats":[{"SlaversCollar":17,"Lizard Tail":10,"CeramicFish":7,"PureWater":0,"Toxic Egg 2":14,"Mercury Hourglass":9},{"SlaversCollar":10,"Lizard Tail":6,"CeramicFish":5,"PureWater":0,"Toxic Egg 2":9,"Mercury Hourglass":5},{"SlaversCollar":42,"Lizard Tail":25,"CeramicFish":23,"PureWater":0,"Toxic Egg 2":35,"Mercury Hourglass":23}],"Mercury Hourglass":[197]},"card_choices":[{"not_picked":["Fasting2","Halt"],"picked":"Perseverance","floor":0.0},{"not_picked":["WheelKick","Protect"],"picked":"BattleHymn","floor":1.0},{"not_picked":["ForeignInfluence","Protect"],"picked":"FollowUp","floor":2.0},{"not_picked":["CrushJoints","JustLucky"],"picked":"CutThroughFate","floor":3.0},{"not_picked":["ThirdEye","FlurryOfBlows"],"picked":"SashWhip","floor":4.0},{"not_picked":["Halt","Sanctity"],"picked":"EmptyFist","floor":7.0},{"not_picked":["Brilliance","ReachHeaven"],"picked":"Halt","floor":10.0},{"not_picked":["ThirdEye","Crescendo","PathToVictory"],"picked":"SKIP","floor":11.0},{"not_picked":["Protect","BowlingBash"],"picked":"ClearTheMind","floor":13.0},{"not_picked":["Ragnarok","EmptyMind+1"],"picked":"FearNoEvil","floor":14.0},{"not_picked":["DevaForm","Wish+1"],"picked":"Scrawl+1","floor":16.0},{"not_picked":["Wireheading","BowlingBash"],"picked":"Evaluate+1","floor":18.0},{"not_picked":["CrushJoints","Weave","Pray+1"],"picked":"SKIP","floor":19.0},{"not_picked":["FlurryOfBlows","WheelKick"],"picked":"EmptyBody+1","floor":20},{"not_picked":["FlyingSleeves","Evaluate+1"],"picked":"MentalFortress+1","floor":22}],"player_experience":2646870,"relics_obtained":[{"floor":7.0,"key":"CeramicFish"},{"floor":9.0,"key":"Mercury Hourglass"},{"floor":10.0,"key":"Lizard Tail"},{"floor":14.0,"key":"Toxic Egg 2"}],"event_choices":[{"damage_healed":0.0,"max_hp_gain":0.0,"max_hp_loss":0.0,"gold_gain":0.0,"event_name":"Lab","player_choice":"Got Potions","floor":5.0,"gold_loss":0.0,"damage_taken":0.0}],"is_beta":false,"boss_relics":[{"not_picked":["Calling Bell","Black Star"],"picked":"SlaversCollar"}],"items_purged_floors":[21],"is_endless":false,"potions_floor_spawned":[1,4,13,14,22],"killed_by":"Slavers","ascension_level":20}}