{"host":"rguvlafm46vqn9ib","time":1614236014,"event":{"mods":["2.2 Compatiblity","AchievementEnabler","Act Like it!","Arknights","Aspiration","BaseMod","Beaked The Cultist","Better Match","Better Note","Better Third Choice","BetterRewards","Colored Map","Downfall","Elementarium","GifTheSpireLib","Hermit","Highlight Path","Hubris","JesterMod","Mad Scientist","Minty Spire (QoL Compilation)","RRrroohrrRGHHhhh!!","Reliquary","Reorder Act Four","Replay The Spire","Retaliation","Ruina","SCP261 Mod","Small Relic Pack","Spikes Relics","StSLib","Stuff the Spire","The Blackbeard","The Blue Laboratory","The Bug Knight","The Construct","The Death Knight","The Disciple","The Forsaken","The Judge","The Marked","The Mystic","The Necromancer","The Problem Sleuth","The Runesmith","TheSwordswoman"],"gold_per_floor":[112,112,112,39,55,55,85,8,33,33,44,72,72,101,101,200,200,214,31,31,31,137,167,167,199,199,211,225,225,40,56,56,161,161,173,77,0,14,14,14,32,32,32,32,61,61,78,98,98,98],"floor_reached":51,"language":"ENG","playtime":3906,"items_purged":[],"score":768,"play_id":"8ecfe0a9-6156-4aaf-a46a-c6584a55885e","local_time":"20210225065334","is_ascension_mode":true,"campfire_choices":[{"data":"DeathKnight:DancingRuneblade","floor":6,"key":"SMITH"},{"data":"Die Die Die","floor":13,"key":"SMITH"},{"data":"DeathKnight:BludPresence","floor":15,"key":"SMITH"},{"floor":24,"key":"REST"},{"floor":29,"key":"REST"},{"floor":32,"key":"REST"},{"floor":40,"key":"REST"},{"data":"DeathKnight:Outbreak","floor":42,"key":"SMITH"},{"data":"DeathKnight:Razorice","floor":44,"key":"SMITH"},{"floor":49,"key":"REST"}],"circlet_count":0,"master_deck":["DeathKnight:Strike_DeathKnight","DeathKnight:Strike_DeathKnight","DeathKnight:Strike_DeathKnight","DeathKnight:Defend_DeathKnight","DeathKnight:Defend_DeathKnight","DeathKnight:Defend_DeathKnight","DeathKnight:RuneStrike","DeathKnight:Frostscythe","DeathKnight:BloodStrike","relicPack:TruthCard","Die Die Die+1","champ:HoldFirm","DeathKnight:PlagueStrike","DeathKnight:DancingRuneblade+1","DeathKnight:HowlingBlast","DeathKnight:Hysteria","DeathKnight:IceboundArmor","DeathKnight:IceboundArmor","DeathKnight:Culling","DeathKnight:BludPresence+1","DeathKnight:Runesurge","DeathKnight:BloodBoil","DeathKnight:SindragosasBreath","DeathKnight:DeathGrip","DeathKnight:FrosPresence","DeathKnight:Obliterate+1","DeathKnight:ScourgeStrike","DeathKnight:GargoyleSkin","DeathKnight:Razorice+1","DeathKnight:Ossuary+1","DeathKnight:MindFreeze+1","DeathKnight:Outbreak+1","DeathKnight:AntiMagicShell+1","DeathKnight:Pestilence","DeathKnight:IcyTouch","DeathKnight:BladedArmor","DeathKnight:DeathAndDecay+1","DeathKnight:HornOfWinter+1","DeathKnight:DeathCoil+1","DeathKnight:MindFreeze+1"],"relics":["DeathKnight:BrokenRuneblade","Lantern","relicPack:EdsArm","hubris:DeckOfHolding","reliquary:Knoch","aspiration:AnachronicSnailShell","Question Card","SlaversCollar","reliquary:SilkGlove","hubris:CuriousFeather","Turnip","reliquary:FingerTrap","DeathKnight:Shadowmourne","Red Mask","Snack Pack","ShockBauble","relicPack:OneForAll"],"acts_visited":["Exordium","Exordium","TheBeyond"],"potions_floor_usage":[12,12,18,25,27,28,41],"damage_taken":[{"damage":0,"enemies":"Cultist","floor":1,"turns":3},{"damage":0,"enemies":"Small Slimes","floor":5,"turns":1},{"damage":13,"enemies":"3 Sentries","floor":7,"turns":7},{"damage":1,"enemies":"2 Louse","floor":11,"turns":2},{"damage":3,"enemies":"Lagavulin","floor":12,"turns":6},{"damage":10,"enemies":"3 Sentries","floor":14,"turns":5},{"damage":22,"enemies":"The Guardian","floor":16,"turns":13},{"damage":5,"enemies":"ruina:2_Scarecrows","floor":18,"turns":5},{"damage":31,"enemies":"ruina:ServantOfWrath","floor":23,"turns":6},{"damage":14,"enemies":"ruina:Mountain","floor":25,"turns":8},{"damage":12,"enemies":"ruina:Nosferatu","floor":27,"turns":5},{"damage":7,"enemies":"ruina:KingOfGreed","floor":28,"turns":4},{"damage":11,"enemies":"ruina:Woodsman","floor":31,"turns":5},{"damage":64,"enemies":"ruina:JesterOfNihil","floor":33,"turns":10},{"damage":27,"enemies":"3 Darklings","floor":35,"turns":6},{"damage":7,"enemies":"3 Shapes","floor":38,"turns":2},{"damage":13,"enemies":"3 Darklings","floor":41,"turns":4},{"damage":4,"enemies":"Nemesis","floor":45,"turns":4},{"damage":4,"enemies":"Jaw Worm Horde","floor":47,"turns":4},{"damage":6,"enemies":"4 Shapes","floor":48,"turns":4},{"damage":65,"enemies":"Donu and Deca","floor":50,"turns":10}],"seed_played":"389616794289073370","potions_obtained":[{"floor":1,"key":"FearPotion"},{"floor":11,"key":"SCP261:DewritoBlazePotion"},{"floor":16,"key":"Swift Potion"},{"floor":23,"key":"blueLaboratory:BottleOfRum"},{"floor":25,"key":"Languid Potion"},{"floor":27,"key":"blueLaboratory:HummingbirdPotion"},{"floor":35,"key":"PowerPotion"},{"floor":41,"key":"blueLaboratory:NullPotion"}],"is_trial":false,"path_per_floor":["M","?","?","$","M","R","E","$","T","?","M","E","R","E","R","B",null,"M","$","?","?","?","E","R","E","T","M","M","R","$","M","R","B",null,"M","$","?","M","$","R","M","R","T","R","E","?","M","M","R","B",null],"character_chosen":"DEATH_KNIGHT","items_purchased":["Lantern","DeathKnight:Frostscythe","DeathKnight:AntiMagicShell+1","DeathKnight:PlagueStrike","DeathKnight:Hysteria","DeathKnight:IceboundArmor","DeathKnight:SindragosasBreath","DeathKnight:DeathGrip","DeathKnight:FrosPresence","reliquary:FingerTrap","DeathKnight:Ossuary+1","DeathKnight:Pestilence","DeathKnight:IcyTouch"],"campfire_rested":5,"item_purchase_floors":[0,0,0,4,8,8,19,19,19,30,30,36,36],"current_hp_per_floor":[75,80,75,75,75,75,62,62,62,62,61,58,58,48,48,26,75,70,70,75,75,75,44,66,52,52,40,33,55,55,44,66,2,75,48,48,48,41,41,63,50,50,50,50,56,56,52,48,70,26],"gold":98,"neow_bonus":"","is_daily":false,"chose_seed":false,"campfire_upgraded":5,"win_rate":0.0,"timestamp":1614236014,"path_taken":["M","?","?","$","M","R","E","$","T","?","M","E","R","E","R","BOSS","M","$","?","?","?","E","R","E","T","M","M","R","$","M","R","BOSS","M","$","?","M","$","R","M","R","T","R","E","?","M","M","R","BOSS"],"items_purchased_type":["Relic","Card","Card","Card","Card","Card","Card","Card","Card","Relic","Card","Card","Card"],"build_version":"2020-12-22","purchased_purges":0,"victory":true,"max_hp_per_floor":[75,80,75,75,75,75,75,75,75,75,75,75,75,75,75,75,75,75,75,75,75,75,75,75,75,75,75,75,75,75,75,75,75,75,75,75,75,75,75,75,75,75,75,75,75,75,75,75,75,75],"card_choices":[{"not_picked":["DeathKnight:UnholyFrenzy","DeathKnight:MindFreeze"],"picked":"DeathKnight:BloodStrike","floor":1},{"not_picked":["DeathKnight:RuneShock","DeathKnight:Pestilence"],"picked":"DeathKnight:DancingRuneblade","floor":5},{"not_picked":["DeathKnight:RuneShock","DeathKnight:DeathRune"],"picked":"DeathKnight:HowlingBlast","floor":7},{"not_picked":["DeathKnight:Ossuary","DeathKnight:BloodTap"],"picked":"DeathKnight:IceboundArmor","floor":11},{"not_picked":["DeathKnight:DeathAndDecay","DeathKnight:Marrowrend"],"picked":"DeathKnight:Culling","floor":12},{"not_picked":["DeathKnight:UnholyFrenzy","DeathKnight:Runeguard"],"picked":"DeathKnight:BludPresence","floor":14},{"not_picked":["DeathKnight:ReapingStrike","DeathKnight:RunicDetonation","DeathKnight:UnholyExperiment"],"picked":"DeathKnight:Runesurge","floor":16},{"not_picked":["DeathKnight:Culling","DeathKnight:BloodEchoes+1","DeathKnight:ChainsOfIce"],"picked":"DeathKnight:BloodBoil","floor":18},{"not_picked":["DeathKnight:VampiricBlood","DeathKnight:SindragosasBreath","DeathKnight:BloodStrike"],"picked":"DeathKnight:Obliterate+1","floor":23},{"not_picked":["DeathKnight:Lichborne","DeathKnight:BloodStrike","DeathKnight:DreadStrike"],"picked":"DeathKnight:ScourgeStrike","floor":25},{"not_picked":["DeathKnight:BludPresence+1","DeathKnight:DeathGrip","DeathKnight:IceboundArmor"],"picked":"DeathKnight:GargoyleSkin","floor":27},{"not_picked":["DeathKnight:Parry","DeathKnight:FrosPresence+1","DeathKnight:IceboundArmor"],"picked":"DeathKnight:Razorice","floor":28},{"not_picked":["DeathKnight:DeathGrip+1","DeathKnight:FrosPresence","DeathKnight:UnholyFrenzy"],"picked":"DeathKnight:MindFreeze+1","floor":31},{"not_picked":["DeathKnight:Runesurge","DeathKnight:BoneStorm","DeathKnight:Simulacrum"],"picked":"DeathKnight:Outbreak","floor":33},{"not_picked":["DeathKnight:Rot+1","DeathKnight:BloodTap+1","DeathKnight:BoneShield+1"],"picked":"DeathKnight:AntiMagicShell+1","floor":35},{"not_picked":["DeathKnight:IceboundArmor+1","DeathKnight:DeathRune+1","DeathKnight:HartStrike"],"picked":"DeathKnight:BladedArmor","floor":38},{"not_picked":["DeathKnight:BludPresence+1","DeathKnight:IceboundArmor","DeathKnight:DeathGrip+1"],"picked":"DeathKnight:DeathAndDecay+1","floor":41},{"not_picked":["DeathKnight:BloodEchoes+1","DeathKnight:Ossuary","DeathKnight:RuneShock+1"],"picked":"DeathKnight:HornOfWinter+1","floor":45},{"not_picked":["DeathKnight:FrostStrike","DeathKnight:ShatteringStrikes+1","DeathKnight:IcyTouch+1"],"picked":"DeathKnight:DeathCoil+1","floor":47},{"not_picked":["DeathKnight:IcyTouch","DeathKnight:DreadStrike","DeathKnight:RunicDetonation"],"picked":"DeathKnight:MindFreeze+1","floor":48}],"player_experience":1026449,"relics_obtained":[{"floor":7,"key":"hubris:DeckOfHolding"},{"floor":9,"key":"reliquary:Knoch"},{"floor":12,"key":"aspiration:AnachronicSnailShell"},{"floor":14,"key":"Question Card"},{"floor":23,"key":"reliquary:SilkGlove"},{"floor":25,"key":"hubris:CuriousFeather"},{"floor":26,"key":"Turnip"},{"floor":43,"key":"Snack Pack"},{"floor":45,"key":"ShockBauble"}],"event_choices":[{"damage_healed":0,"gold_gain":0,"player_choice":"Donut","damage_taken":0,"max_hp_gain":5,"max_hp_loss":0,"event_name":"Big Fish","floor":2,"gold_loss":0},{"damage_healed":0,"gold_gain":0,"cards_transformed":["champ:SwordThrow"],"player_choice":"Transformed","damage_taken":0,"max_hp_gain":0,"max_hp_loss":0,"event_name":"Transmorgrifier","floor":10,"gold_loss":0,"cards_obtained":["DeathKnight:BloodEchoes"]},{"damage_healed":0,"gold_gain":0,"player_choice":"Paid","damage_taken":0,"relics_obtained":["Red Mask"],"max_hp_gain":0,"max_hp_loss":0,"event_name":"Tomb of Lord Red Mask","floor":37,"gold_loss":77}],"is_beta":false,"boss_relics":[{"not_picked":["theForsaken:PaleLantern","Honey Jar"],"picked":"SlaversCollar"},{"not_picked":["construct:WeddingRing","StuffTheSpire:RunicHypercube"],"picked":"DeathKnight:Shadowmourne"}],"items_purged_floors":[],"is_endless":false,"potions_floor_spawned":[1,11,16,23,25,27,35,41],"ascension_level":2}}