{"host":"zwfzlkwql9nyrw94","time":1614284389,"event":{"mods":["AchievementEnabler","BaseMod","Colored Map","Filter the Spire","Grow up Mod","Highlight Path","Minty Spire (QoL Compilation)","Remove Card Discount Mod"],"gold_per_floor":[111,111,130,147,147,147,180,190,190,190,35,108,127,145,145,244,244,257,277,123,134,150,185,284,317,317,329,329,329,349,399,399,519,519,536,385,395,410,89,89,117,137,137,166,166,199,570,583,583,583,583,583,246,274,299],"floor_reached":56,"language":"ENG","playtime":4953,"items_purged":["Defend_P","Defend_P","Strike_P","Defend_P","Strike_P","Strike_P","Defend_P","Strike_P+1","Protect+1","Protect+1","Vigilance+1"],"score":1524,"play_id":"51d7e59c-68e2-4319-b101-1978a57d72a1","local_time":"20210225141949","is_ascension_mode":false,"campfire_choices":[{"data":"Protect","floor":6.0,"key":"SMITH"},{"data":"Protect","floor":10.0,"key":"SMITH"},{"data":"Strike_P","floor":15.0,"key":"SMITH"},{"floor":29,"key":"RECALL"},{"floor":32,"key":"REST"},{"floor":40,"key":"REST"},{"floor":49,"key":"REST"},{"floor":52,"key":"REST"}],"circlet_count":0,"master_deck":["Eruption+1","DevaForm+1","Ragnarok","SandsOfTime+1","Buffer+1","HandOfGreed+1","Worship+1","LessonLearned+1","HandOfGreed+1","Sunder+1","Mayhem+1","Bludgeon"],"relics":["Snecko Eye","Question Card","Mummified Hand","Mercury Hourglass","Fusion Hammer","PrismaticShard","Bottled Flame","CaptainsWheel","Meat on the Bone","War Paint","Kunai","Strange Spoon","Whetstone","Strawberry","Ancient Tea Set","Calipers","Old Coin","Frozen Eye","Damaru"],"acts_visited":["Exordium","TheCity","TheBeyond","TheEnding"],"potions_floor_usage":[44,50,50,55],"damage_taken":[{"damage":0.0,"enemies":"2 Louse","floor":1.0,"turns":1.0},{"damage":0.0,"enemies":"Cultist","floor":3.0,"turns":2.0},{"damage":14.0,"enemies":"Jaw Worm","floor":4.0,"turns":3.0},{"damage":12.0,"enemies":"Gremlin Nob","floor":7.0,"turns":3.0},{"damage":0.0,"enemies":"Exordium Thugs","floor":8.0,"turns":4.0},{"damage":0.0,"enemies":"Exordium Wildlife","floor":13.0,"turns":3.0},{"damage":0.0,"enemies":"Large Slime","floor":14.0,"turns":4.0},{"damage":197.0,"enemies":"Hexaghost","floor":16.0,"turns":6.0},{"damage":0,"enemies":"3 Byrds","floor":18,"turns":2},{"damage":0,"enemies":"Chosen","floor":19,"turns":2},{"damage":0,"enemies":"Snecko","floor":21,"turns":2},{"damage":0,"enemies":"Sentry and Sphere","floor":22,"turns":2},{"damage":0,"enemies":"Gremlin Leader","floor":23,"turns":2},{"damage":0,"enemies":"Slavers","floor":25,"turns":2},{"damage":0,"enemies":"Snake Plant","floor":27,"turns":2},{"damage":0,"enemies":"Centurion and Healer","floor":30,"turns":2},{"damage":2,"enemies":"Gremlin Leader","floor":31,"turns":3},{"damage":0,"enemies":"Automaton","floor":33,"turns":3},{"damage":0,"enemies":"3 Darklings","floor":35,"turns":3},{"damage":0,"enemies":"Orb Walker","floor":37,"turns":2},{"damage":0,"enemies":"Transient","floor":38,"turns":5},{"damage":18,"enemies":"Nemesis","floor":41,"turns":3},{"damage":0,"enemies":"Spire Growth","floor":42,"turns":1},{"damage":0,"enemies":"Reptomancer","floor":44,"turns":2},{"damage":0,"enemies":"Giant Head","floor":46,"turns":4},{"damage":38,"enemies":"2 Orb Walkers","floor":47,"turns":3},{"damage":4,"enemies":"Maw","floor":48,"turns":5},{"damage":0,"enemies":"Donu and Deca","floor":50,"turns":2},{"damage":62,"enemies":"Shield and Spear","floor":54,"turns":3},{"damage":192,"enemies":"The Heart","floor":55,"turns":5}],"seed_played":"51517143416711392","potions_obtained":[{"floor":1.0,"key":"BlessingOfTheForge"},{"floor":14.0,"key":"SteroidPotion"},{"floor":22,"key":"Swift Potion"},{"floor":23,"key":"SteroidPotion"},{"floor":25,"key":"Dexterity Potion"},{"floor":31,"key":"EssenceOfSteel"},{"floor":38,"key":"LiquidMemories"},{"floor":48,"key":"Dexterity Potion"}],"is_trial":false,"path_per_floor":["M","?","M","M","?","R","E","M","T","R","$","T","M","M","R","B",null,"M","M","$","M","M","E","?","E","T","M","?","R","M","E","R","B",null,"M","$","M","M","$","R","E","M","T","E","?","E","?","M","R","B",null,"R","$","E","B",null],"character_chosen":"WATCHER","items_purchased":["DevaForm","PrismaticShard","Strange Spoon","HandOfGreed","Whetstone","Mayhem","Frozen Eye"],"campfire_rested":4,"item_purchase_floors":[11,20,36,39,39,53,53],"current_hp_per_floor":[92,102,112,108,118,128,126,136,146,156,166,176,186,196,206,19,252,262,272,282,292,302,312,322,332,342,352,362,372,382,390,402,412,422,432,442,452,462,472,482,481,491,501,511,521,531,503,509,579,589,599,609,619,567,385],"gold":299,"neow_bonus":"BOSS_RELIC","is_daily":false,"chose_seed":false,"campfire_upgraded":3,"win_rate":0.0,"timestamp":1614284389,"path_taken":["M","?","?","M","?","R","E","M","T","R","?","?","M","M","R","BOSS","M","M","$","M","M","E","?","E","T","M","?","R","M","E","R","BOSS","M","$","M","M","$","R","E","M","T","E","?","E","?","M","R","BOSS","R","$","E","BOSS"],"items_purchased_type":["Card","Relic","Relic","Card","Relic","Card","Relic"],"build_version":"2020-12-22","purchased_purges":11,"victory":true,"max_hp_per_floor":[92,102,112,122,132,142,152,162,172,182,192,202,212,222,232,242,252,262,272,282,292,302,312,322,332,342,352,362,372,382,392,402,412,422,432,442,452,462,472,482,499,509,519,529,539,549,559,569,579,589,599,609,619,629,639],"card_choices":[{"not_picked":["WreathOfFlame","EmptyFist","ClearTheMind"],"picked":"SKIP","floor":1.0},{"not_picked":["Devotion","Vengeance"],"picked":"Protect","floor":3.0},{"not_picked":["ForeignInfluence","ThirdEye","BowlingBash"],"picked":"SKIP","floor":4.0},{"not_picked":["ThirdEye","PathToVictory","EmptyBody"],"picked":"SKIP","floor":7.0},{"not_picked":["BowlingBash","WaveOfTheHand","Weave"],"picked":"Protect","floor":8.0},{"not_picked":["ClearTheMind","CutThroughFate","Devotion","FollowUp"],"picked":"SKIP","floor":13.0},{"not_picked":["Consecrate","Vengeance","Crescendo","Perseverance"],"picked":"SKIP","floor":14.0},{"not_picked":["Brilliance","ConjureBlade","Omniscience"],"picked":"Ragnarok","floor":16.0},{"not_picked":["ThirdEye","Meditate+1","CrushJoints","Consecrate"],"picked":"SKIP","floor":18},{"not_picked":["ThirdEye+1","CutThroughFate","BowlingBash"],"picked":"SandsOfTime","floor":19},{"not_picked":["Outmaneuver","Warcry","Clothesline","Auto Shields"],"picked":"SKIP","floor":21},{"not_picked":["FlurryOfBlows","Stack","Sweeping Beam+1"],"picked":"Buffer","floor":22},{"not_picked":["Underhanded Strike","Entrench","Dropkick+1","Sword Boomerang"],"picked":"SKIP","floor":23},{"not_picked":["Deadly Poison","Blind+1","CrushJoints+1","Compile Driver"],"picked":"SKIP","floor":25},{"not_picked":["Impatience","Bane","Cloak And Dagger","Go for the Eyes+1"],"picked":"SKIP","floor":27},{"not_picked":["Turbo","EmptyFist","Coolheaded"],"picked":"HandOfGreed","floor":30},{"not_picked":["Flying Knee","Underhanded Strike","Cold Snap"],"picked":"Worship","floor":31},{"not_picked":["Reaper","Electrodynamics","ConjureBlade"],"picked":"LessonLearned","floor":33},{"not_picked":["Acrobatics+1","Study+1","SignatureMove+1","Bouncing Flask+1"],"picked":"SKIP","floor":35},{"not_picked":["Trip+1","Bane+1","Dramatic Entrance","Flying Knee+1"],"picked":"SKIP","floor":37},{"not_picked":["Infinite Blades+1","CutThroughFate+1","FlyingSleeves","Thunderclap"],"picked":"SKIP","floor":38},{"not_picked":["Twin Strike+1","Fire Breathing","Prostrate","Sword Boomerang"],"picked":"SKIP","floor":41},{"not_picked":["Heavy Blade","FlyingSleeves","PanicButton"],"picked":"Sunder","floor":42},{"not_picked":["Fusion","Flying Knee+1","Battle Trance+1","FollowUp+1"],"picked":"SKIP","floor":44},{"not_picked":["Cold Snap","ReachHeaven","Protect+1","FTL+1"],"picked":"SKIP","floor":46},{"not_picked":["Steam","Underhanded Strike","Twin Strike+1","Sucker Punch+1"],"picked":"SKIP","floor":48},{"not_picked":["Mind Blast","Dagger Spray","Shrug It Off"],"picked":"Bludgeon","floor":54}],"player_experience":246247,"relics_obtained":[{"floor":7.0,"key":"Question Card"},{"floor":9.0,"key":"Mummified Hand"},{"floor":12.0,"key":"Mercury Hourglass"},{"floor":23,"key":"Bottled Flame"},{"floor":25,"key":"CaptainsWheel"},{"floor":26,"key":"Meat on the Bone"},{"floor":31,"key":"Kunai"},{"floor":41,"key":"Strawberry"},{"floor":44,"key":"Ancient Tea Set"},{"floor":46,"key":"Calipers"},{"floor":47,"key":"Old Coin"},{"floor":54,"key":"Damaru"}],"event_choices":[{"damage_healed":0.0,"max_hp_gain":0.0,"max_hp_loss":0.0,"gold_gain":0.0,"event_name":"Accursed Blacksmith","player_choice":"Forge","floor":2.0,"gold_loss":0.0,"damage_taken":0.0,"cards_upgraded":["Vigilance"]},{"damage_healed":0.0,"max_hp_gain":0.0,"max_hp_loss":0.0,"gold_gain":0.0,"event_name":"The Cleric","player_choice":"Leave","floor":5.0,"gold_loss":0.0,"damage_taken":0.0},{"damage_healed":0,"gold_gain":99,"player_choice":"Stole From Cult","damage_taken":0,"max_hp_gain":0,"max_hp_loss":0,"event_name":"Nest","floor":24,"gold_loss":0},{"damage_healed":0,"gold_gain":0,"player_choice":"Opened","damage_taken":0,"relics_obtained":["War Paint"],"max_hp_gain":0,"max_hp_loss":0,"event_name":"The Mausoleum","floor":28,"gold_loss":0},{"damage_healed":0,"gold_gain":0,"player_choice":"Memory 1","damage_taken":0,"max_hp_gain":0,"max_hp_loss":0,"event_name":"SensoryStone","floor":45,"gold_loss":0},{"damage_healed":0,"gold_gain":0,"player_choice":"Fight","damage_taken":0,"max_hp_gain":0,"max_hp_loss":0,"event_name":"Mysterious Sphere","floor":47,"gold_loss":0}],"is_beta":false,"boss_relics":[{"not_picked":["Calling Bell","Runic Pyramid"],"picked":"Fusion Hammer"},{"not_picked":["Astrolabe","Busted Crown","Velvet Choker"]}],"items_purged_floors":[11,11,11,11,11,20,20,20,36,39,53],"is_endless":false,"potions_floor_spawned":[1,14,22,23,25,30,31,37,38,42,48],"ascension_level":0}}