{"host":"uioim0xrpyrmw01v","time":1614316373,"event":{"mods":["BaseMod","Minty Spire (QoL Compilation)"],"gold_per_floor":[119,131,131,150,150,150,179,190,243,215,215,248,302,312,312,410,410,421,441,441,208,222,6,6,35,35,48,68,98,115,129,129,231,231,248,259,259,259,36,71,86,86,86],"floor_reached":42,"language":"ENG","playtime":3952,"items_purged":[],"score":624,"play_id":"50f9b304-79c1-45e1-81fb-d040582e9ece","local_time":"20210225211253","is_ascension_mode":true,"campfire_choices":[{"data":"Blade Dance","floor":6.0,"key":"SMITH"},{"floor":11.0,"key":"REST"},{"floor":15.0,"key":"REST"},{"data":"Accuracy","floor":24,"key":"SMITH"},{"floor":32,"key":"REST"}],"circlet_count":0,"master_deck":["Strike_G+1","Strike_G+1","Defend_G","Defend_G","Defend_G","Survivor","Neutralize","Escape Plan","PiercingWail","Blade Dance+1","Bouncing Flask","Deadly Poison","Terror","Adrenaline","Unload+1","Tools of the Trade+1","Dodge and Roll+1","Blade Dance","Acrobatics+1","Setup","Footwork","Flechettes","Adrenaline","Accuracy+1","Blur+1","Finisher+1","PiercingWail","Catalyst","Calculated Gamble+1","Burst","CurseOfTheBell","Crippling Poison","Bouncing Flask+1","Cloak And Dagger+1"],"relics":["Ring of the Snake","Letter Opener","Art of War","MealTicket","Orichalcum","Astrolabe","Blood Vial","Eternal Feather","Regal Pillow","Blue Candle","Calling Bell","Snake Skull","Singing Bowl","Peace Pipe","TwistedFunnel","Ninja Scroll"],"acts_visited":["Exordium","TheCity","TheBeyond"],"potions_floor_usage":[25,29,33,35,36,42],"damage_taken":[{"damage":2.0,"enemies":"Jaw Worm","floor":1.0,"turns":6.0},{"damage":0.0,"enemies":"2 Louse","floor":2.0,"turns":4.0},{"damage":3.0,"enemies":"Cultist","floor":4.0,"turns":4.0},{"damage":34.0,"enemies":"Gremlin Nob","floor":7.0,"turns":5.0},{"damage":8.0,"enemies":"Gremlin Gang","floor":8.0,"turns":5.0},{"damage":18.0,"enemies":"3 Sentries","floor":12.0,"turns":7.0},{"damage":1.0,"enemies":"3 Louse","floor":14.0,"turns":4.0},{"damage":18.0,"enemies":"Hexaghost","floor":16.0,"turns":8.0},{"damage":4.0,"enemies":"Shell Parasite","floor":18.0,"turns":4.0},{"damage":0.0,"enemies":"Chosen","floor":19.0,"turns":3.0},{"damage":0,"enemies":"3 Cultists","floor":22,"turns":4},{"damage":16,"enemies":"Gremlin Leader","floor":25,"turns":5},{"damage":0,"enemies":"Shelled Parasite and Fungi","floor":27,"turns":2},{"damage":18,"enemies":"Snake Plant","floor":28,"turns":4},{"damage":24,"enemies":"Slavers","floor":29,"turns":4},{"damage":3,"enemies":"Centurion and Healer","floor":30,"turns":4},{"damage":0,"enemies":"Chosen and Byrds","floor":31,"turns":4},{"damage":16,"enemies":"Collector","floor":33,"turns":6},{"damage":0,"enemies":"3 Shapes","floor":35,"turns":4},{"damage":2,"enemies":"3 Darklings","floor":36,"turns":4},{"damage":71,"enemies":"Nemesis","floor":40,"turns":7},{"damage":0,"enemies":"Jaw Worm Horde","floor":41,"turns":3},{"damage":26,"enemies":"Giant Head","floor":42,"turns":5}],"seed_played":"2700796044628833570","potions_obtained":[{"floor":1.0,"key":"Ancient Potion"},{"floor":8.0,"key":"Strength Potion"},{"floor":14.0,"key":"CultistPotion"},{"floor":19.0,"key":"Weak Potion"},{"floor":28,"key":"Weak Potion"},{"floor":30,"key":"Energy Potion"},{"floor":31,"key":"Explosive Potion"},{"floor":40,"key":"SteroidPotion"}],"is_trial":false,"path_per_floor":["M","M","?","M","?","R","E","M","T","?","R","E","T","M","R","B",null,"M","M","?","$","M","$","R","E","T","M","M","E","M","M","R","B",null,"M","M","?","?","$","E","M","E"],"character_chosen":"THE_SILENT","items_purchased":["Footwork","Blood Vial","Adrenaline","Accuracy","TwistedFunnel","Crippling Poison"],"campfire_rested":3,"item_purchase_floors":[21,21,23,23,39,39],"current_hp_per_floor":[68,68,53,50,43,43,9,1,1,1,24,6,6,5,28,10,60,56,56,56,71,73,77,77,61,61,63,47,25,24,26,77,61,73,77,79,79,79,81,10,12,0,0],"gold":86,"neow_bonus":"TEN_PERCENT_HP_BONUS","is_daily":false,"chose_seed":false,"campfire_upgraded":2,"win_rate":0.0,"timestamp":1614316373,"path_taken":["M","M","?","M","?","R","E","M","T","?","R","E","?","M","R","BOSS","M","M","?","$","M","$","R","E","T","M","?","E","?","M","R","BOSS","M","M","?","?","$","E","?","E"],"items_purchased_type":["Card","Relic","Card","Card","Relic","Card"],"build_version":"2020-12-22","purchased_purges":0,"victory":false,"max_hp_per_floor":[77,77,77,77,77,77,77,77,77,77,77,77,77,77,77,77,77,77,77,77,77,77,77,77,77,77,77,77,77,77,77,77,77,77,79,81,81,81,81,81,81,81,81],"card_choices":[{"not_picked":["Poisoned Stab","Flying Knee"],"picked":"Escape Plan","floor":1.0},{"not_picked":["Deflect","Slice"],"picked":"PiercingWail","floor":2.0},{"not_picked":["Dagger Spray","Masterful Stab"],"picked":"Blade Dance","floor":4.0},{"not_picked":["Predator","Flying Knee"],"picked":"Bouncing Flask","floor":7.0},{"not_picked":["Prepared","Dodge and Roll","Underhanded Strike"],"picked":"SKIP","floor":8.0},{"not_picked":["Slice","PiercingWail"],"picked":"Deadly Poison","floor":12.0},{"not_picked":["Blade Dance","Quick Slash"],"picked":"Terror","floor":14.0},{"not_picked":["Doppelganger","Night Terror"],"picked":"Adrenaline","floor":16.0},{"not_picked":["Flying Knee","Riddle With Holes"],"picked":"Blade Dance","floor":18.0},{"not_picked":["Slice","Dagger Throw+1"],"picked":"Acrobatics+1","floor":19.0},{"not_picked":["Heel Hook","Dagger Throw"],"picked":"Flechettes","floor":22},{"not_picked":["Night Terror","Acrobatics"],"picked":"Blur+1","floor":25},{"not_picked":["Prepared","Backflip"],"picked":"Finisher+1","floor":27},{"not_picked":["Bane","Bouncing Flask"],"picked":"PiercingWail","floor":28},{"not_picked":["Flying Knee","Underhanded Strike+1","Wraith Form v2"],"picked":"SKIP","floor":29},{"not_picked":["Prepared+1","Predator"],"picked":"Catalyst","floor":30},{"not_picked":["All Out Attack","Flying Knee+1"],"picked":"Calculated Gamble+1","floor":31},{"not_picked":["A Thousand Cuts","Die Die Die"],"picked":"Burst","floor":33},{"not_picked":["All Out Attack+1","Heel Hook+1","Prepared"],"picked":"Singing Bowl","floor":35},{"not_picked":["Slice","Backstab+1","Quick Slash+1"],"picked":"Singing Bowl","floor":36},{"not_picked":["Venomology","Deadly Poison+1"],"picked":"Bouncing Flask+1","floor":40},{"not_picked":["Acrobatics","Tactician"],"picked":"Cloak And Dagger+1","floor":41}],"player_experience":200507,"relics_obtained":[{"floor":7.0,"key":"Letter Opener"},{"floor":9.0,"key":"Art of War"},{"floor":12.0,"key":"MealTicket"},{"floor":13.0,"key":"Orichalcum"},{"floor":25,"key":"Eternal Feather"},{"floor":26,"key":"Regal Pillow"},{"floor":29,"key":"Blue Candle"},{"floor":34,"key":"Snake Skull"},{"floor":34,"key":"Singing Bowl"},{"floor":34,"key":"Peace Pipe"},{"floor":40,"key":"Ninja Scroll"}],"event_choices":[{"damage_healed":0.0,"max_hp_gain":0.0,"max_hp_loss":0.0,"gold_gain":0.0,"event_name":"Shining Light","player_choice":"Entered Light","floor":3.0,"gold_loss":0.0,"damage_taken":15.0,"cards_upgraded":["Strike_G","Strike_G"]},{"cards_removed":["Strike_G"],"damage_healed":0.0,"max_hp_gain":0.0,"max_hp_loss":0.0,"gold_gain":0.0,"event_name":"Golden Wing","player_choice":"Card Removal","floor":5.0,"gold_loss":0.0,"damage_taken":7.0},{"damage_healed":0.0,"max_hp_gain":0.0,"max_hp_loss":0.0,"gold_gain":0.0,"event_name":"World of Goop","player_choice":"Left Gold","floor":10.0,"gold_loss":28.0,"damage_taken":0.0},{"damage_healed":0.0,"max_hp_gain":0.0,"max_hp_loss":0.0,"gold_gain":0.0,"cards_transformed":["Defend_G"],"event_name":"Transmorgrifier","player_choice":"Transformed","floor":20.0,"gold_loss":0.0,"damage_taken":0.0,"cards_obtained":["Setup"]},{"damage_healed":0,"gold_gain":0,"player_choice":"Ignored","damage_taken":0,"max_hp_gain":0,"max_hp_loss":0,"event_name":"Mysterious Sphere","floor":37,"gold_loss":0},{"damage_healed":0,"gold_gain":0,"player_choice":"Ignored","damage_taken":0,"max_hp_gain":0,"max_hp_loss":0,"event_name":"SecretPortal","floor":38,"gold_loss":0}],"is_beta":false,"boss_relics":[{"not_picked":["Sozu","Runic Pyramid"],"picked":"Astrolabe"},{"not_picked":["Fusion Hammer","Black Star"],"picked":"Calling Bell"}],"items_purged_floors":[],"is_endless":false,"potions_floor_spawned":[1,8,14,19,28,30,31,40],"killed_by":"Giant Head","ascension_level":6}}