{"host":"vms4oj7um5h6bhuu","time":1614236418,"event":{"mods":["BaseMod","Custom Start","Downfall","Hermit","Minty Spire (QoL Compilation)","READ ME - Guardian Mod","StSLib","The Cursed","The Servant 0.9.4"],"gold_per_floor":[118,118,118,118,129,161,161,161,161],"floor_reached":7,"language":"ZHS","playtime":442,"items_purged":[],"score":54,"play_id":"9bf97b43-91e3-4485-a5ae-0683d874e632","local_time":"20210225150018","daily_mods":["Heirloom","DeadlyEvents","Elite Swarm"],"is_ascension_mode":true,"campfire_choices":[],"circlet_count":0,"master_deck":["bronze:Strike","bronze:Strike","bronze:Strike","bronze:Defend","bronze:Defend","bronze:Defend","bronze:Defend","bronze:Replicate","bronze:Goto","bronze:BuggyMess","Regret","bronze:ShipIt","bronze:Repulsor","bronze:SpaghettiCode"],"relics":["bronze:BronzeCore","StoneCalendar","Tiny Chest","Nunchaku","Smiling Mask"],"acts_visited":["Exordium"],"potions_floor_usage":[7],"damage_taken":[{"damage":2,"enemies":"Jaw Worm","floor":1,"turns":6},{"damage":7,"enemies":"2 Louse","floor":5,"turns":4},{"damage":16,"enemies":"Lagavulin","floor":6,"turns":7},{"damage":33,"enemies":"3 Sentries","floor":7,"turns":3}],"seed_played":"-2571663817603067225","potions_obtained":[{"floor":5,"key":"Energy Potion"}],"is_trial":true,"path_per_floor":["M","?","?","?","M","E","E"],"character_chosen":"THE_AUTOMATON","items_purchased":[],"campfire_rested":0,"item_purchase_floors":[],"current_hp_per_floor":[68,56,56,56,49,33,0,0,0],"gold":161,"neow_bonus":"","is_daily":false,"chose_seed":false,"campfire_upgraded":0,"win_rate":0.0,"timestamp":1614236418,"path_taken":["M","?","?","?","M","E","?"],"items_purchased_type":[],"build_version":"2020-12-22","purchased_purges":0,"victory":false,"max_hp_per_floor":[70,70,70,70,70,70,70,70,70],"card_choices":[{"not_picked":["bronze:BitShift","bronze:Overload"],"picked":"bronze:BuggyMess","floor":1},{"not_picked":["bronze:ItsAFeature","bronze:BuggyMess"],"picked":"bronze:Repulsor","floor":5},{"not_picked":["bronze:HardenedForm","bronze:FindAndReplace"],"picked":"bronze:SpaghettiCode","floor":6}],"player_experience":539478,"relics_obtained":[{"floor":6,"key":"Smiling Mask"}],"event_choices":[{"damage_healed":0,"gold_gain":0,"player_choice":"Success","damage_taken":12,"relics_obtained":["Tiny Chest"],"max_hp_gain":0,"max_hp_loss":0,"event_name":"Scrap Ooze","floor":2,"gold_loss":0},{"damage_healed":0,"gold_gain":0,"player_choice":"Box","damage_taken":0,"relics_obtained":["Nunchaku"],"max_hp_gain":0,"max_hp_loss":0,"event_name":"Big Fish","floor":3,"gold_loss":0,"cards_obtained":["Regret"]},{"damage_healed":0,"gold_gain":0,"cards_transformed":["bronze:Strike"],"player_choice":"Transformed","damage_taken":0,"max_hp_gain":0,"max_hp_loss":0,"event_name":"Transmorgrifier","floor":4,"gold_loss":0,"cards_obtained":["bronze:ShipIt"]}],"is_beta":false,"boss_relics":[],"items_purged_floors":[],"is_endless":true,"potions_floor_spawned":[5],"killed_by":"3 Sentries","ascension_level":2}}