{"host":"684z1xpuwaoqmmh1","time":1614269255,"event":{"mods":["BaseMod","CatGirl Mod","Downfall","Hermit","Jorbs\u0027s Wanderer Trilogy","Marisa????????","Minty Spire (QoL Compilation)","Robot Space Explorer","Shade Mod","Shapeshifter Mod","StSLib","The Bug Knight","The Clintock","The Dragon Tamer","The Elementalist","The Hayseed","The Hierophant","The Marked","The Mystic","The Poker Player","The Runesmith","The Sage","The Saiyan","The Showman","The Spell Scribe","The Valiant","The Vixen","TheBandit","TheFirefly","TheVacant"],"gold_per_floor":[112,127,127,127,142,142,175,190,190,190,215,258,283,358,358,481,481,505,505,505,516,138,164,164,164,212,212,241,256,290,305,305,405,455,467,481,499,509,563,591,591,632,658,658,658,671,710,769,769,769,769,769,374,413,413],"floor_reached":56,"language":"ENG","playtime":3040,"items_purged":["theCatGirl:Strike","theCatGirl:Strike"],"score":1460,"play_id":"e628a78c-e436-4ea0-be2e-4ea42edb16e9","local_time":"20210225180735","is_ascension_mode":true,"campfire_choices":[{"data":"theCatGirl:Claws","floor":6.0,"key":"SMITH"},{"data":"theCatGirl:AllIn","floor":10.0,"key":"SMITH"},{"data":"theCatGirl:ClawScratch","floor":15.0,"key":"SMITH"},{"data":"theCatGirl:SevenLives","floor":24.0,"key":"SMITH"},{"data":"theCatGirl:RageClaws","floor":27.0,"key":"SMITH"},{"data":"theCatGirl:Claws","floor":32.0,"key":"SMITH"},{"floor":41,"key":"RECALL"},{"data":"theCatGirl:Enrage","floor":44,"key":"SMITH"},{"data":"theCatGirl:Howl","floor":49,"key":"SMITH"},{"data":"theCatGirl:AccidentalHeadbutt","floor":52,"key":"SMITH"}],"circlet_count":0,"master_deck":["theCatGirl:Strike","theCatGirl:Defend","theCatGirl:Defend","theCatGirl:Defend+1","theCatGirl:Defend","theCatGirl:ClawStrike","theCatGirl:Evasion","theCatGirl:AllIn+1","theCatGirl:Claws+1","theCatGirl:RageClaws+1","theCatGirl:ScratchFlurry","theCatGirl:ClawScratch+1","theCatGirl:Misfire","theCatGirl:SevenLives+1","theCatGirl:KeepAlert+1","theCatGirl:Parry+1","theCatGirl:Claws+1","theCatGirl:FocusedStrike+1","theCatGirl:Howl+1","theCatGirl:Counterattack+1","theCatGirl:Enrage+1","theCatGirl:LearnByMistake+1","theCatGirl:FumblingBlow+1","theCatGirl:AccidentalHeadbutt+1","theCatGirl:BloodScent+1","theCatGirl:TrainWreck+1","theCatGirl:TrainWreck+1"],"relics":["theCatGirl:TrainedRelic","Ancient Tea Set","Bloody Idol","StrikeDummy","Eternal Feather","Ginger","Coffee Dripper","Calipers","Runesmith:Nanobots","Enchiridion","Oddly Smooth Stone","Turnip","Torii","Tiny House","CatCart","CeramicFish","HollowMod:StagPassRelic","Smiling Mask","Incense Burner","Runesmith:AutoHammer","Pen Nib","White Beast Statue"],"acts_visited":["Exordium","TheCity","TheBeyond","TheEnding"],"potions_floor_usage":[39,39,39,47,55,55,55],"damage_taken":[{"damage":0.0,"enemies":"Jaw Worm","floor":1.0,"turns":5.0},{"damage":0.0,"enemies":"2 Louse","floor":2.0,"turns":3.0},{"damage":0.0,"enemies":"Cultist","floor":5.0,"turns":3.0},{"damage":22.0,"enemies":"Lagavulin","floor":7.0,"turns":5.0},{"damage":0.0,"enemies":"Blue Slaver","floor":8.0,"turns":2.0},{"damage":0.0,"enemies":"3 Louse","floor":11.0,"turns":2.0},{"damage":11.0,"enemies":"3 Sentries","floor":12.0,"turns":7.0},{"damage":1.0,"enemies":"Exordium Wildlife","floor":13.0,"turns":2.0},{"damage":7.0,"enemies":"Hexaghost","floor":16.0,"turns":5.0},{"damage":10.0,"enemies":"2 Thieves","floor":18.0,"turns":3.0},{"damage":0.0,"enemies":"Shell Parasite","floor":21.0,"turns":4.0},{"damage":24.0,"enemies":"Slavers","floor":23.0,"turns":6.0},{"damage":6.0,"enemies":"Book of Stabbing","floor":28.0,"turns":3.0},{"damage":0.0,"enemies":"Snake Plant","floor":29.0,"turns":3.0},{"damage":0.0,"enemies":"HollowMod:Nosk","floor":30.0,"turns":5.0},{"damage":0.0,"enemies":"Cultist and Chosen","floor":31.0,"turns":5.0},{"damage":0.0,"enemies":"Champ","floor":33.0,"turns":8.0},{"damage":0.0,"enemies":"Orb Walker","floor":35.0,"turns":3.0},{"damage":16.0,"enemies":"3 Darklings","floor":36.0,"turns":6.0},{"damage":0.0,"enemies":"Jaw Worm Horde","floor":37.0,"turns":4.0},{"damage":8.0,"enemies":"Spire Growth","floor":38.0,"turns":4.0},{"damage":30,"enemies":"Orin","floor":39,"turns":11},{"damage":1,"enemies":"Nemesis","floor":40,"turns":6},{"damage":40,"enemies":"Reptomancer","floor":42,"turns":9},{"damage":0,"enemies":"3 Darklings","floor":46,"turns":2},{"damage":0,"enemies":"Giant Head","floor":47,"turns":7},{"damage":12,"enemies":"Mind Bloom Boss Battle","floor":48,"turns":7},{"damage":55,"enemies":"Donu and Deca","floor":50,"turns":10},{"damage":0,"enemies":"Shield and Spear","floor":54,"turns":8},{"damage":66,"enemies":"The Heart","floor":55,"turns":9}],"seed_played":"2251198959722447171","potions_obtained":[{"floor":2.0,"key":"PowerPotion"},{"floor":8.0,"key":"LiquidBronze"},{"floor":11.0,"key":"SpeedPotion"},{"floor":12.0,"key":"Block Potion"},{"floor":20.0,"key":"EntropicBrew"},{"floor":23.0,"key":"Fire Potion"},{"floor":29.0,"key":"Fire Potion"},{"floor":33.0,"key":"Guardian:BlockOnCardUsePotion"},{"floor":34.0,"key":"EntropicBrew"},{"floor":37.0,"key":"Swift Potion"},{"floor":40,"key":"Ancient Potion"},{"floor":48,"key":"SteroidPotion"}],"is_trial":false,"path_per_floor":["M","M","?","?","M","R","E","M","T","R","M","E","M","?","R","B",null,"M","?","?","M","$","E","R","?","T","R","E","M","E","M","R","B",null,"M","M","M","M","?","E","R","E","T","R","?","M","E","?","R","B",null,"R","$","E","B",null],"character_chosen":"THE_CATGIRL","items_purchased":["Calipers","Runesmith:AutoHammer","Pen Nib","theCatGirl:TrainWreck"],"campfire_rested":0,"item_purchase_floors":[22,53,53,53],"current_hp_per_floor":[70,70,65,65,65,65,43,43,43,49,49,38,37,26,35,28,65,55,55,55,60,60,41,50,34,39,48,47,52,57,62,65,65,70,70,59,64,61,36,40,52,22,27,39,39,44,54,52,67,12,70,70,70,70,4],"gold":413,"neow_bonus":"RANDOM_COMMON_RELIC","is_daily":false,"chose_seed":false,"campfire_upgraded":9,"win_rate":0.0,"timestamp":1614269255,"path_taken":["M","M","?","?","M","R","E","M","T","R","?","E","M","?","R","BOSS","M","?","?","?","$","E","R","?","T","R","E","M","E","M","R","BOSS","M","M","M","M","?","E","R","E","T","R","?","M","E","?","R","BOSS","R","$","E","BOSS"],"items_purchased_type":["Relic","Relic","Relic","Card"],"build_version":"2020-12-22","purchased_purges":2,"victory":true,"max_hp_per_floor":[70,70,65,65,65,65,65,65,65,65,65,65,65,65,65,65,65,65,65,65,65,65,65,65,65,65,65,65,65,65,65,65,65,70,70,70,70,70,70,70,70,70,70,70,70,70,70,70,70,70,70,70,70,70,70],"card_choices":[{"not_picked":["theCatGirl:ChangeOfPlans","theCatGirl:DecliningDefenses"],"picked":"theCatGirl:AllIn","floor":1.0},{"not_picked":["theCatGirl:RunningWithDaggers","theCatGirl:SearchBackpack"],"picked":"theCatGirl:Claws","floor":2.0},{"not_picked":["theCatGirl:FinishingMove","theCatGirl:Slip"],"picked":"theCatGirl:RageClaws","floor":5.0},{"not_picked":["theCatGirl:Parry","theCatGirl:EmergencyParry"],"picked":"theCatGirl:ScratchFlurry","floor":7.0},{"not_picked":["theCatGirl:DefensiveStance","theCatGirl:RecoveryBlow","theCatGirl:ThatWasntIt"],"picked":"SKIP","floor":8.0},{"not_picked":["theCatGirl:PlayAround","theCatGirl:DefensiveStance"],"picked":"theCatGirl:ClawScratch","floor":11.0},{"not_picked":["theCatGirl:Slip","theCatGirl:RageClaws","theCatGirl:LuckyBlow"],"picked":"SKIP","floor":12.0},{"not_picked":["theCatGirl:ElegantStrike","theCatGirl:TryingMyBest"],"picked":"theCatGirl:Misfire","floor":13.0},{"not_picked":["theCatGirl:Enrage","theCatGirl:Beastification"],"picked":"theCatGirl:SevenLives","floor":16.0},{"not_picked":["theCatGirl:PlayAround","theCatGirl:Growl"],"picked":"theCatGirl:KeepAlert+1","floor":18.0},{"not_picked":["theCatGirl:Misfire","theCatGirl:Meow","theCatGirl:SmellFear"],"picked":"SKIP","floor":21.0},{"not_picked":["theCatGirl:PilingErrors+1","theCatGirl:UnrelentingAssault","theCatGirl:AllIn"],"picked":"SKIP","floor":23.0},{"not_picked":["theCatGirl:Stalk","theCatGirl:AccidentalSlap"],"picked":"theCatGirl:Parry+1","floor":28.0},{"not_picked":["theCatGirl:PoisedStrike+1","theCatGirl:QuickStrike"],"picked":"theCatGirl:Claws","floor":29.0},{"not_picked":["theCatGirl:TripLunge","theCatGirl:GoddessOfMisfortune","theCatGirl:ChangeOfPlans"],"picked":"SKIP","floor":30.0},{"not_picked":["theCatGirl:AngryForm","theCatGirl:LuckyBlow"],"picked":"theCatGirl:FocusedStrike+1","floor":31.0},{"not_picked":["theCatGirl:LearnThePattern","theCatGirl:AngryForm"],"picked":"theCatGirl:Howl","floor":33.0},{"not_picked":["theCatGirl:TripLunge","theCatGirl:QuickStrike"],"picked":"theCatGirl:Counterattack+1","floor":34.0},{"not_picked":["theCatGirl:ShockedWitness+1","theCatGirl:ElegantStrike","theCatGirl:Misfire+1"],"picked":"SKIP","floor":35.0},{"not_picked":["theCatGirl:Slip","theCatGirl:ChangeOfPlans","theCatGirl:SpinningStrike"],"picked":"SKIP","floor":36.0},{"not_picked":["theCatGirl:Prepared+1","theCatGirl:SpinningStrike"],"picked":"theCatGirl:Enrage","floor":37.0},{"not_picked":["theCatGirl:GoddessOfMisfortune","theCatGirl:RecoveryBlow","theCatGirl:SmellFear+1"],"picked":"SKIP","floor":38.0},{"not_picked":["theCatGirl:BloodBath","theCatGirl:SmellFear"],"picked":"theCatGirl:LearnByMistake+1","floor":39},{"not_picked":["theCatGirl:PilingErrors","theCatGirl:TryingMyBest+1","theCatGirl:SpinningStrike+1"],"picked":"SKIP","floor":40},{"not_picked":["theCatGirl:TripLunge","theCatGirl:AccidentalSlap"],"picked":"theCatGirl:FumblingBlow+1","floor":42},{"not_picked":["theCatGirl:ClawScratch+1","theCatGirl:LostTrinket","theCatGirl:Misfire"],"picked":"SKIP","floor":46},{"not_picked":["theCatGirl:TripLunge","theCatGirl:SmellFear+1"],"picked":"theCatGirl:AccidentalHeadbutt","floor":47},{"not_picked":["theCatGirl:Slip","theCatGirl:FocusedStrike"],"picked":"theCatGirl:BloodScent+1","floor":48},{"not_picked":["theCatGirl:PoisedStrike","theCatGirl:EmergencyParry"],"picked":"theCatGirl:TrainWreck+1","floor":54}],"player_experience":3166262,"relics_obtained":[{"floor":7.0,"key":"StrikeDummy"},{"floor":9.0,"key":"Eternal Feather"},{"floor":12.0,"key":"Ginger"},{"floor":23.0,"key":"Runesmith:Nanobots"},{"floor":25.0,"key":"Enchiridion"},{"floor":26.0,"key":"Oddly Smooth Stone"},{"floor":28.0,"key":"Turnip"},{"floor":30.0,"key":"Torii"},{"floor":39,"key":"CatCart"},{"floor":40,"key":"CeramicFish"},{"floor":42,"key":"HollowMod:StagPassRelic"},{"floor":47,"key":"Smiling Mask"},{"floor":48,"key":"Incense Burner"},{"floor":54,"key":"White Beast Statue"}],"event_choices":[{"damage_healed":0.0,"max_hp_gain":0.0,"max_hp_loss":5.0,"gold_gain":0.0,"event_name":"Golden Idol","player_choice":"Lose Max HP","floor":3.0,"gold_loss":0.0,"damage_taken":0.0,"relics_obtained":["Golden Idol"]},{"cards_removed":["theCatGirl:Strike"],"damage_healed":0.0,"max_hp_gain":0.0,"max_hp_loss":0.0,"gold_gain":0.0,"event_name":"Bonfire Elementals","player_choice":"Offered Basic","floor":4.0,"gold_loss":0.0,"damage_taken":0.0},{"damage_healed":0.0,"max_hp_gain":0.0,"max_hp_loss":0.0,"gold_gain":75.0,"event_name":"World of Goop","player_choice":"Gather Gold","floor":14.0,"gold_loss":0.0,"damage_taken":11.0},{"damage_healed":0.0,"max_hp_gain":0.0,"max_hp_loss":0.0,"gold_gain":0.0,"event_name":"Forgotten Altar","player_choice":"Gave Idol","floor":19.0,"relics_lost":["Golden Idol"],"gold_loss":0.0,"damage_taken":0.0,"relics_obtained":["Bloody Idol"]},{"damage_healed":0.0,"max_hp_gain":0.0,"max_hp_loss":0.0,"gold_gain":0.0,"event_name":"Lab","player_choice":"Got Potions","floor":20.0,"gold_loss":0.0,"damage_taken":0.0},{"damage_healed":0.0,"max_hp_gain":0.0,"max_hp_loss":0.0,"gold_gain":0.0,"event_name":"Cursed Tome","player_choice":"Obtained Book","floor":25.0,"gold_loss":0.0,"damage_taken":16.0},{"damage_healed":0,"gold_gain":0,"player_choice":"Fight","damage_taken":0,"max_hp_gain":0,"max_hp_loss":0,"event_name":"OrinTheCat","floor":39,"gold_loss":0},{"damage_healed":0,"gold_gain":0,"player_choice":"Ignored","damage_taken":0,"max_hp_gain":0,"max_hp_loss":0,"event_name":"Tomb of Lord Red Mask","floor":45,"gold_loss":0},{"damage_healed":0,"gold_gain":0,"player_choice":"Fight","damage_taken":0,"max_hp_gain":0,"max_hp_loss":0,"event_name":"MindBloom","floor":48,"gold_loss":0}],"is_beta":false,"boss_relics":[{"not_picked":["Busted Crown","sneckomod:SneckoTalon"],"picked":"Coffee Dripper"},{"not_picked":["bronze:MakeshiftBattery","Runic Pyramid"],"picked":"Tiny House"}],"items_purged_floors":[22,53],"is_endless":false,"potions_floor_spawned":[2,8,11,12,16,18,23,29,31,33,37,38,40,48],"ascension_level":1}}