{"host":"r9n4bwsh0iioe8bo","time":1614294936,"event":{"mods":["2.2 Compatiblity","BaseMod","Bestiary","Colored Map","Colored Powertips","Curses Come First","Highlight Path","Minty Spire (QoL Compilation)","Relic Stats","StSLib","SuperFastMode"],"gold_per_floor":[214,224,399,410,410,410,184,196,196,211,211,230,242,253,253,349,349,366,379,135,135,150,150,160,160,160],"floor_reached":25,"language":"ENG","playtime":1258,"items_purged":["Doubt"],"score":249,"play_id":"6adc855d-704b-4fa6-bbfe-f2a7a8ecee7c","local_time":"20210225231536","is_ascension_mode":false,"campfire_choices":[{"data":"Flex","floor":6,"key":"SMITH"},{"data":"Armaments","floor":11,"key":"SMITH"},{"data":"Double Tap","floor":15,"key":"SMITH"},{"floor":23,"key":"REST"}],"circlet_count":0,"master_deck":["Strike_R","Strike_R","Strike_R","Strike_R","Strike_R","Defend_R","Defend_R","Defend_R","Defend_R","Bash","Flex+1","True Grit","Carnage","Armaments+1","Dropkick","Shockwave","Double Tap+1","Anger","Hemokinesis","Pommel Strike+1","Fire Breathing+1"],"relics":["Burning Blood","Happy Flower","Omamori","Matryoshka","Black Star","Frozen Egg 2","Enchiridion"],"acts_visited":["Exordium","TheCity"],"potions_floor_usage":[8,16,19,22,24,25],"damage_taken":[{"damage":8,"enemies":"Jaw Worm","floor":1,"turns":5},{"damage":0,"enemies":"Small Slimes","floor":2,"turns":3},{"damage":0,"enemies":"2 Louse","floor":4,"turns":3},{"damage":8,"enemies":"Gremlin Gang","floor":8,"turns":5},{"damage":0,"enemies":"Looter","floor":10,"turns":2},{"damage":0,"enemies":"2 Fungi Beasts","floor":12,"turns":3},{"damage":4,"enemies":"Red Slaver","floor":13,"turns":2},{"damage":14,"enemies":"3 Louse","floor":14,"turns":3},{"damage":0,"enemies":"Slime Boss","floor":16,"turns":4},{"damage":35,"enemies":"2 Thieves","floor":18,"turns":4},{"damage":22,"enemies":"Spheric Guardian","floor":19,"turns":4},{"damage":20,"enemies":"Snake Plant","floor":22,"turns":4},{"damage":31,"enemies":"Centurion and Healer","floor":24,"turns":4},{"damage":14,"enemies":"Sentry and Sphere","floor":25,"turns":3}],"seed_played":"4267266763119084794","potions_obtained":[{"floor":1,"key":"Fire Potion"},{"floor":4,"key":"HeartOfIron"},{"floor":8,"key":"Regen Potion"},{"floor":14,"key":"DistilledChaos"},{"floor":22,"key":"SneckoOil"},{"floor":24,"key":"AttackPotion"}],"is_trial":false,"path_per_floor":["M","M","?","M","T","R","$","M","T","M","R","M","M","M","R","B",null,"M","M","$","?","M","R","M","M"],"character_chosen":"IRONCLAD","items_purchased":["Omamori","Frozen Egg 2"],"campfire_rested":1,"item_purchase_floors":[7,20],"current_hp_per_floor":[78,80,80,80,80,80,80,78,78,80,80,80,80,72,72,78,80,51,44,44,28,14,38,13,0,0],"gold":160,"neow_bonus":"HUNDRED_GOLD","is_daily":false,"chose_seed":false,"campfire_upgraded":3,"win_rate":0.0,"timestamp":1614294936,"path_taken":["M","M","?","M","?","R","$","?","T","M","R","M","M","M","R","BOSS","M","M","$","?","M","R","M","M"],"items_purchased_type":["Relic","Relic"],"build_version":"2020-12-22","purchased_purges":1,"victory":false,"max_hp_per_floor":[80,80,80,80,80,80,80,80,80,80,80,80,80,80,80,80,80,80,80,80,80,80,80,80,80,80],"relic_stats":{"Happy Flower":[12],"counters":[14,49],"Black Star":0,"obtain_stats":[{"Matryoshka":9,"Happy Flower":5,"Enchiridion":21,"Omamori":7,"Black Star":17,"Frozen Egg 2":20,"Burning Blood":0},{"Matryoshka":4,"Happy Flower":3,"Enchiridion":11,"Omamori":3,"Black Star":9,"Frozen Egg 2":11,"Burning Blood":0},{"Matryoshka":16,"Happy Flower":11,"Enchiridion":38,"Omamori":11,"Black Star":30,"Frozen Egg 2":38,"Burning Blood":0}],"Burning Blood":56},"card_choices":[{"not_picked":["Whirlwind","Pommel Strike"],"picked":"Flex","floor":1},{"not_picked":["Havoc","Second Wind"],"picked":"True Grit","floor":2},{"not_picked":["Perfected Strike","Iron Wave"],"picked":"Carnage","floor":4},{"not_picked":["Flex","Havoc"],"picked":"Armaments","floor":8},{"not_picked":["Flex","Armaments"],"picked":"Dropkick","floor":10},{"not_picked":["True Grit","Rupture"],"picked":"Shockwave","floor":12},{"not_picked":["Flex","Clothesline"],"picked":"Double Tap","floor":13},{"not_picked":["True Grit","Thunderclap"],"picked":"Anger","floor":14},{"not_picked":["Flex+1","Spot Weakness","Combust"],"picked":"SKIP","floor":18},{"not_picked":["True Grit+1","Thunderclap"],"picked":"Hemokinesis","floor":19},{"not_picked":["Reckless Charge+1","Combust+1"],"picked":"Pommel Strike+1","floor":22},{"not_picked":["Perfected Strike+1","True Grit"],"picked":"Fire Breathing+1","floor":24}],"player_experience":52552,"relics_obtained":[{"floor":5,"key":"Happy Flower"},{"floor":9,"key":"Matryoshka"},{"floor":21,"key":"Enchiridion"}],"event_choices":[{"damage_healed":0,"gold_gain":175,"player_choice":"AGREE","damage_taken":0,"max_hp_gain":0,"max_hp_loss":0,"event_name":"Liars Game","floor":3,"gold_loss":0,"cards_obtained":["Doubt"]},{"damage_healed":0,"gold_gain":0,"player_choice":"Obtained Book","damage_taken":16,"max_hp_gain":0,"max_hp_loss":0,"event_name":"Cursed Tome","floor":21,"gold_loss":0}],"is_beta":false,"boss_relics":[{"not_picked":["SacredBark","Coffee Dripper"],"picked":"Black Star"}],"items_purged_floors":[7],"is_endless":false,"potions_floor_spawned":[1,4,8,14,22,24],"killed_by":"Sentry and Sphere","ascension_level":0}}