{"host":"m3nvt13i50wb5dv0","time":1614264922,"event":{"mods":["2.2 Compatiblity","Act Like it!","BaseMod","Bossed Relics","Curses Come First","Downfall","Fox Events","Minty Spire (QoL Compilation)","Relic Stats","Reliquary","Robot Space Explorer","Ruina","Spire Arcade","StSLib"],"gold_per_floor":[99,118,138,138,36,36,108,8,64,84,114,48,48,83,95,198,198,98,110,126,126,140,170,251,269,295,295,312,345,398,417,427,522,522,522,533,545,216,216,245,245,256,289,460,360,387,387,418,433,433,433,464,329,329,329,329],"floor_reached":57,"language":"ENG","playtime":5693,"items_purged":["bronze:Strike","bronze:Strike","bronze:Strike"],"score":2106,"play_id":"7f823341-138f-4701-acef-d2d6b3d12a1b","local_time":"20210225215522","is_ascension_mode":true,"campfire_choices":[{"floor":1.0,"key":"RECALL"},{"data":"bronze:CutThrough","floor":6.0,"key":"SMITH"},{"data":"bronze:Goto","floor":8.0,"key":"SMITH"},{"floor":13.0,"key":"REST"},{"data":"bronze:Shell","floor":18.0,"key":"SMITH"},{"data":"bronze:Assembly","floor":27.0,"key":"SMITH"},{"data":"bronze:Virus","floor":35,"key":"SMITH"},{"data":"bronze:Library","floor":45,"key":"SMITH"},{"data":"bronze:CleanCode","floor":47,"key":"SMITH"},{"data":"bronze:Iterate","floor":54,"key":"SMITH"}],"circlet_count":0,"master_deck":["bronze:Defend+1","bronze:Defend","bronze:Defend","bronze:Defend","bronze:Replicate+1","bronze:Goto+1","bronze:CleanCode+1","bronze:Branch","bronze:GetLatest+1","bronze:Constructor","bronze:ChildClass","bronze:CutThrough+1","bronze:Frontload","bronze:Safeguard","bronze:Iterate+1","bronze:Virus+1","bronze:Shell+1","bronze:WhirlingStrike","bronze:Assembly+1","bronze:OilSpill","bronze:CutThrough+1","bronze:Turbo+1","bronze:Boost","bronze:ItsAFeature","bronze:Library+1","bronze:BronzeOrb","bronze:Shell+1","bronze:Return+1","bronze:FindAndReplace+1"],"relics":["bronze:BronzeCore","reliquary:HotPoker","downfall:HeartBlessingRed","Vajra","Blood Vial","Blood Vial","bronze:ElectromagneticCoil","downfall:HeartBlessingGreen","reliquary:BoilingFlask","Mercury Hourglass","Bag of Preparation","War Paint","reliquary:ThirdArm","Membership Card","hexamod:CandleOfCauterizing","Guardian:PocketSentry","bronze:CableSpool","downfall:HeartBlessingBlue","Ancient Tea Set","reliquary:Vitrine","reliquary:Buckler","Sling"],"acts_visited":["Exordium","TheCity","TheBeyond","TheEnding"],"potions_floor_usage":[29,48,50,56,56],"damage_taken":[{"damage":14.0,"enemies":"Jaw Worm","floor":2.0,"turns":5.0},{"damage":3.0,"enemies":"Cultist","floor":3.0,"turns":4.0},{"damage":0.0,"enemies":"downfall:FleeingMerchant","floor":5.0,"turns":4.0},{"damage":33.0,"enemies":"Lagavulin Event","floor":9.0,"turns":8.0},{"damage":4.0,"enemies":"2 Louse","floor":10.0,"turns":3.0},{"damage":10.0,"enemies":"Gremlin Nob","floor":11.0,"turns":4.0},{"damage":0.0,"enemies":"downfall:FleeingMerchant","floor":12.0,"turns":4.0},{"damage":0.0,"enemies":"Lagavulin","floor":14.0,"turns":7.0},{"damage":0.0,"enemies":"Blue Slaver","floor":15.0,"turns":3.0},{"damage":22.0,"enemies":"WA_ARCHETYPE_RETAIN","floor":16.0,"turns":9.0},{"damage":0.0,"enemies":"Shell Parasite","floor":19.0,"turns":6.0},{"damage":0.0,"enemies":"Chosen","floor":20.0,"turns":3.0},{"damage":0.0,"enemies":"Snecko","floor":22.0,"turns":5.0},{"damage":8.0,"enemies":"Slavers","floor":23.0,"turns":5.0},{"damage":11.0,"enemies":"Centurion and Healer","floor":25.0,"turns":4.0},{"damage":0.0,"enemies":"Gremlin Leader","floor":26.0,"turns":4.0},{"damage":0.0,"enemies":"Sentry and Sphere","floor":28.0,"turns":3.0},{"damage":0,"enemies":"Book of Stabbing","floor":29,"turns":6},{"damage":0,"enemies":"Snecko","floor":31,"turns":4},{"damage":0,"enemies":"3 Cultists","floor":32,"turns":4},{"damage":12,"enemies":"DF_ARCHETYPE_CLAW","floor":33,"turns":7},{"damage":10,"enemies":"3 Darklings","floor":36,"turns":4},{"damage":5,"enemies":"3 Shapes","floor":37,"turns":3},{"damage":0,"enemies":"downfall:FleeingMerchant","floor":38,"turns":4},{"damage":0,"enemies":"Nemesis","floor":40,"turns":5},{"damage":0,"enemies":"Jaw Worm Horde","floor":42,"turns":4},{"damage":0,"enemies":"Giant Head","floor":43,"turns":6},{"damage":0,"enemies":"downfall:FleeingMerchant","floor":44,"turns":1},{"damage":0,"enemies":"Nemesis","floor":46,"turns":5},{"damage":0,"enemies":"Reptomancer","floor":48,"turns":5},{"damage":0,"enemies":"3 Darklings","floor":49,"turns":3},{"damage":28,"enemies":"IC_BLOCK_ARCHETYPE","floor":50,"turns":9},{"damage":0,"enemies":"downfall:CharBossMerchant","floor":52,"turns":7},{"damage":0,"enemies":"downfall:NeowBoss","floor":55,"turns":11},{"damage":46,"enemies":"downfall:NeowBossFinal","floor":56,"turns":11}],"seed_played":"1806554329744779027","potions_obtained":[{"floor":3.0,"key":"SneckoOil"},{"floor":15.0,"key":"LiquidMemories"},{"floor":16.0,"key":"DistilledChaos"},{"floor":25.0,"key":"BlessingOfTheForge"},{"floor":28.0,"key":"LiquidMemories"},{"floor":32,"key":"bronze:BurnAndBuffPotion"},{"floor":33,"key":"Dexterity Potion"},{"floor":37,"key":"PowerPotion"},{"floor":48,"key":"SpeedPotion"},{"floor":52,"key":"ColorlessPotion"}],"is_trial":false,"path_per_floor":["R","M","M","?","$","R","T","R","?","M","E","$","R","E","M","B",null,"R","M","M","?","M","E","T","M","E","R","M","E","T","M","M","B",null,"R","M","M","$","?","E","T","M","E","$","R","E","R","E","M","B",null,"E","$","R","B","B",null],"character_chosen":"THE_AUTOMATON","items_purchased":["bronze:ChildClass","bronze:CutThrough","AttackPotion","Membership Card","hexamod:CandleOfCauterizing","bronze:CableSpool","Sling"],"campfire_rested":1,"item_purchase_floors":[5,5,12,38,38,44,53],"current_hp_per_floor":[70,56,53,53,53,53,53,53,20,16,6,8,29,31,35,17,57,57,61,65,44,48,44,44,37,41,41,45,49,49,53,57,49,65,65,59,58,62,62,66,66,70,70,70,80,80,80,80,80,52,73,77,77,77,80,34],"gold":329,"neow_bonus":"ONE_RANDOM_RARE_CARD","is_daily":false,"chose_seed":false,"campfire_upgraded":8,"win_rate":0.0,"timestamp":1614264922,"path_taken":["R","M","M","?","?","R","T","R","?","M","E","?","R","E","M","BOSS","R","M","M","?","?","E","T","M","E","R","M","E","?","M","M","BOSS","R","M","M","$","?","E","T","M","E","$","R","E","R","E","M","BOSS","E","$","R","BOSS","BOSS"],"items_purchased_type":["Card","Card","Potion","Relic","Relic","Relic","Relic"],"build_version":"2020-12-22","purchased_purges":3,"victory":true,"max_hp_per_floor":[70,70,70,70,70,70,70,70,70,70,70,70,70,70,70,70,70,70,70,70,70,70,70,70,70,70,70,70,70,70,70,70,70,70,70,70,70,70,70,70,70,70,70,70,80,80,80,80,80,80,80,80,80,80,80,80],"relic_stats":{"Blood Vial":83,"counters":[35,180],"Bag of Preparation":[38],"War Paint":["bronze:Turbo","bronze:Defend"],"obtain_stats":[{"bronze:ElectromagneticCoil":17,"hexamod:CandleOfCauterizing":38,"bronze:BronzeCore":0,"downfall:HeartBlessingRed":8,"reliquary:BoilingFlask":23,"Vajra":9,"downfall:HeartBlessingGreen":18,"Bag of Preparation":26,"Guardian:PocketSentry":40,"War Paint":30,"reliquary:ThirdArm":34,"Ancient Tea Set":46,"Sling":53,"Mercury Hourglass":24,"bronze:CableSpool":44,"Blood Vial":11,"reliquary:HotPoker":7,"downfall:HeartBlessingBlue":45,"reliquary:Buckler":52,"reliquary:SculptingSteel":14,"Membership Card":38,"reliquary:Vitrine":48},{"bronze:ElectromagneticCoil":10,"hexamod:CandleOfCauterizing":24,"bronze:BronzeCore":0,"downfall:HeartBlessingRed":3,"reliquary:BoilingFlask":14,"Vajra":4,"downfall:HeartBlessingGreen":10,"Bag of Preparation":16,"Guardian:PocketSentry":25,"War Paint":18,"reliquary:ThirdArm":21,"Ancient Tea Set":29,"Sling":33,"Mercury Hourglass":14,"bronze:CableSpool":28,"Blood Vial":6,"reliquary:HotPoker":3,"downfall:HeartBlessingBlue":28,"reliquary:Buckler":33,"reliquary:SculptingSteel":8,"Membership Card":24,"reliquary:Vitrine":30},{"bronze:ElectromagneticCoil":51,"hexamod:CandleOfCauterizing":113,"bronze:BronzeCore":0,"downfall:HeartBlessingRed":13,"reliquary:BoilingFlask":70,"Vajra":21,"downfall:HeartBlessingGreen":51,"Bag of Preparation":78,"Guardian:PocketSentry":118,"War Paint":87,"reliquary:ThirdArm":102,"Ancient Tea Set":134,"Sling":158,"Mercury Hourglass":70,"bronze:CableSpool":129,"Blood Vial":28,"reliquary:HotPoker":13,"downfall:HeartBlessingBlue":129,"reliquary:Buckler":158,"reliquary:SculptingSteel":39,"Membership Card":113,"reliquary:Vitrine":139}],"Mercury Hourglass":[333]},"card_choices":[{"not_picked":["bronze:DelayedGuard","bronze:Iterate"],"picked":"bronze:Branch","floor":2.0},{"not_picked":["bronze:Refactor","bronze:Overheat"],"picked":"bronze:GetLatest","floor":3.0},{"not_picked":["bronze:BronzeArmor","bronze:Backtrace"],"picked":"bronze:Constructor","floor":5.0},{"not_picked":["bronze:DelayedGuard","bronze:Overheat"],"picked":"bronze:Frontload","floor":9.0},{"not_picked":["bronze:Optimize","bronze:BurnOut"],"picked":"bronze:Safeguard","floor":10.0},{"not_picked":["bronze:CloningBeam","bronze:Backtrace"],"picked":"bronze:Iterate","floor":11.0},{"not_picked":["bronze:Deprecate","bronze:Safeguard"],"picked":"bronze:Virus","floor":12.0},{"not_picked":["bronze:Turbo","bronze:ClassDefault"],"picked":"bronze:Shell","floor":14.0},{"not_picked":["bronze:ClassDefault","bronze:Overheat"],"picked":"bronze:WhirlingStrike","floor":15.0},{"not_picked":["bronze:AlphaBuild","bronze:Mutator"],"picked":"bronze:Assembly","floor":16.0},{"not_picked":["bronze:Repulsor","bronze:Fortify"],"picked":"bronze:OilSpill","floor":19.0},{"not_picked":["bronze:Iterate","bronze:FineTuning"],"picked":"bronze:CutThrough+1","floor":20.0},{"not_picked":["bronze:FineTuning","bronze:BronzeArmor+1","bronze:BitShift"],"picked":"SKIP","floor":22.0},{"not_picked":["bronze:Repair","bronze:ClassDefault"],"picked":"bronze:Turbo","floor":23.0},{"not_picked":["bronze:DelayedGuard+1","bronze:Iterate+1"],"picked":"bronze:Boost","floor":25.0},{"not_picked":["bronze:Branch","bronze:Deprecate"],"picked":"bronze:ItsAFeature","floor":26.0},{"not_picked":["bronze:Constructor","bronze:Turbo"],"picked":"bronze:Library","floor":28.0},{"not_picked":["bronze:Branch+1","bronze:BitShift+1","bronze:Shield"],"picked":"SKIP","floor":29},{"not_picked":["bronze:Overheat","bronze:Virus","bronze:BronzeArmor"],"picked":"SKIP","floor":31},{"not_picked":["bronze:WildBeam","bronze:Shield"],"picked":"bronze:BronzeOrb","floor":32},{"not_picked":["bronze:WhirlingStrike","bronze:Optimize","bronze:Separator+1"],"picked":"SKIP","floor":36},{"not_picked":["bronze:Separator+1","bronze:Branch","bronze:FollowUp"],"picked":"SKIP","floor":37},{"not_picked":["bronze:Branch+1","bronze:ThunderWave"],"picked":"bronze:Shell+1","floor":38},{"not_picked":["bronze:FollowUp","bronze:Shield","bronze:Flail"],"picked":"SKIP","floor":40},{"not_picked":["bronze:Deprecate","bronze:DelayedGuard","bronze:NullPointer+1"],"picked":"SKIP","floor":42},{"not_picked":["bronze:BugBarrage+1","bronze:CloningBeam+1"],"picked":"bronze:Return+1","floor":43},{"not_picked":["bronze:Branch+1","bronze:Fortify+1","bronze:Shield"],"picked":"SKIP","floor":44},{"not_picked":["bronze:Constructor+1","bronze:Allocate","bronze:Invalidate"],"picked":"SKIP","floor":46},{"not_picked":["bronze:BuggyMess+1","bronze:Iterate+1"],"picked":"bronze:FindAndReplace","floor":48},{"not_picked":["bronze:CutThrough+1","bronze:FollowUp","bronze:Overheat+1"],"picked":"SKIP","floor":49},{"not_picked":["bronze:WildBeam+1","bronze:Return+1","bronze:Overload+1"],"picked":"SKIP","floor":52}],"player_experience":1453337,"relics_obtained":[{"floor":7.0,"key":"reliquary:HotPoker"},{"floor":9.0,"key":"Vajra"},{"floor":11.0,"key":"Blood Vial"},{"floor":14.0,"key":"reliquary:SculptingSteel"},{"floor":23.0,"key":"reliquary:BoilingFlask"},{"floor":24.0,"key":"Mercury Hourglass"},{"floor":26.0,"key":"Bag of Preparation"},{"floor":30,"key":"War Paint"},{"floor":40,"key":"Guardian:PocketSentry"},{"floor":46,"key":"Ancient Tea Set"},{"floor":48,"key":"reliquary:Vitrine"},{"floor":52,"key":"reliquary:Buckler"}],"event_choices":[],"is_beta":false,"boss_relics":[{"not_picked":["reliquary:RedCape","Coffee Dripper"],"picked":"bronze:ElectromagneticCoil"},{"not_picked":["Astrolabe","Cursed Key"],"picked":"reliquary:ThirdArm"}],"items_purged_floors":[38,44,53],"is_endless":false,"potions_floor_spawned":[3,15,16,20,25,28,32,33,36,37,40,46,48,52],"ascension_level":5}}