{"host":"auii0tli5ebhxikt","time":1614217852,"event":{"mods":["ATMod(°¢èªMod)","Aspiration","BaseMod","Downfall","Energized Spire","Library of Ruina","Minty Spire (QoL Compilation)","Quick Restart","Relic Stats","Reliquary","Replay The Spire","Spicy Shops","StSLib","The Marked","Warlord Emblem","[IsaacMod]ÒÔÈö¼âËþ","¡¾ÒÅÎï¿¨ÅÆ¡¿REMEMod"],"gold_per_floor":[117,41,41,41,106,144,144,201,201,201,241,302,302,359,359,488,488,577,577,642,642,0,0,38,98,98,98,151,186,186,277,277,570,570,610,765,815,0,57,207,372,372,372,372,372,421,470,522,522,754,754,754,754,1036,1332],"floor_reached":56,"language":"ZHS","playtime":3915,"items_purged":["Strike_B","Languid","Strike_B","Strike_B","Voices","downfall:Malfunctioning","downfall:Haunted","Pain"],"score":1384,"play_id":"2d2956f4-214f-43df-8cf1-718144789a32","local_time":"20210225095052","is_ascension_mode":false,"campfire_choices":[{"data":"Chill","floor":7,"key":"SMITH"},{"floor":15,"key":"REST"},{"floor":23,"key":"REST"},{"floor":30,"key":"DIG"},{"floor":42,"key":"RECALL"},{"data":"AT_RightCognition","floor":49,"key":"SMITH"},{"data":"AT_StudyProgram","floor":52,"key":"SMITH"}],"circlet_count":0,"master_deck":["Defend_B","Defend_B","Defend_B","Defend_B+1","Zap+1","Cold Snap+1","Darkness","Chaos+1","Chill+1","Doom and Gloom","AT_StudyProgram+1","Rainbow+1","Dark Shackles","Crystallizer","AT_RightCognition+1","Hallucinations"],"relics":["WarlordEmblem:SoulOfKael","AT_ATBox","HushsDoor","REME_ComplimentaryCards","SteamSale","aspiration:Nostalgia","m_HexaRing","Membership Card","Bag of Preparation","Question Card","AT_ForceNature","BFFS","UnicornStump","AT_MibuBalloonWealth","Mirror","Centennial Puzzle","Anchor","ReplayTheSpireMod:Ring of Collecting","Ring of Searing","Replay:Multitool","MealTicket","Habit","PageOfQueenBee","Cursed Key","ReplayTheSpireMod:ShopPack","War Paint","reliquary:Buckler","AT_SeraphEmbrace","Iron Hammer","NineVolt","PageOfNosferatu","reliquary:RosewoodLute","SalivaCoin","BelialBook","TheAbacus","TheBattery","Ring of Peace","Garlic","REME_LimitBreaker","PageOfTodaysShyLook","White Beast Statue","Chaos","AT_BellDemon","AT_TheCollector","Lizard Tail","ReplayTheSpireMod:Lightbulb","Shuriken","AT_TrinityForce","reliquary:Stiletto","Red Mask","AT_SunfireAegis","MegaBlast","Medical Kit","Replay:WaspNest","ReplayTheSpireMod:CursedCoin","aspiration:SecretTechniqueScroll","Torii","reliquary:Sideboard","OrangePellets","CaptainsWheel","RottenBaby","reliquary:QuartzCube","reliquary:IridiumChain","Replay:Rubber Ducky","Ring of Fangs","Kunai","StoneCalendar","reliquary:PrincelyHelmet","TungstenRod","PunchingBag","Chemical X","aspiration:HummingbirdHeart","DoctorsRemote","PageOfSpiderBud"],"acts_visited":["Exordium","TheCity","TheBeyond","TheEnding"],"potions_floor_usage":[16,16,19,55,55],"damage_taken":[{"damage":7,"enemies":"2 Louse","floor":1,"turns":4},{"damage":0,"enemies":"Small Slimes","floor":5,"turns":2},{"damage":0,"enemies":"Jaw Worm","floor":6,"turns":3},{"damage":29,"enemies":"Gremlin Nob","floor":8,"turns":4},{"damage":0,"enemies":"Looter","floor":11,"turns":3},{"damage":4,"enemies":"2 Fungi Beasts","floor":12,"turns":3},{"damage":26,"enemies":"Lagavulin","floor":14,"turns":4},{"damage":1,"enemies":"The Guardian","floor":16,"turns":7},{"damage":4,"enemies":"3 Byrds","floor":18,"turns":3},{"damage":2,"enemies":"2 Thieves","floor":20,"turns":2},{"damage":0,"enemies":"Snecko","floor":24,"turns":3},{"damage":0,"enemies":"Cultist and Chosen","floor":25,"turns":4},{"damage":0,"enemies":"REME_1_Revenger","floor":28,"turns":6},{"damage":0,"enemies":"Snake Plant","floor":29,"turns":2},{"damage":0,"enemies":"3 Cultists","floor":31,"turns":4},{"damage":6,"enemies":"Automaton","floor":33,"turns":5},{"damage":0,"enemies":"Orb Walker","floor":35,"turns":2},{"damage":4,"enemies":"3 Darklings","floor":36,"turns":4},{"damage":2,"enemies":"Writhing Mass","floor":37,"turns":3},{"damage":6,"enemies":"Transient","floor":39,"turns":5},{"damage":2,"enemies":"R_Hoarder","floor":41,"turns":3},{"damage":2,"enemies":"Maw","floor":47,"turns":3},{"damage":2,"enemies":"Writhing Mass","floor":48,"turns":3},{"damage":2,"enemies":"Replay:Hell Engine","floor":50,"turns":3},{"damage":1,"enemies":"Shield and Spear","floor":54,"turns":3},{"damage":3,"enemies":"Delirium","floor":55,"turns":5}],"seed_played":"1953653877519062062","potions_obtained":[{"floor":25,"key":"Reflective Coating"},{"floor":28,"key":"Fire Potion"}],"is_trial":false,"path_per_floor":["M","$","?","$","M","M","R","E","T","?","M","M","$","E","R","B",null,"M","$","M","$","?","R","M","M","T","$","E","M","R","M","R","B",null,"M","M","M","?","M","$","E","R","T","$","?","T","M","M","R","B",null,"R","$","E","B",null],"character_chosen":"Kael","items_purchased":["Membership Card","Bag of Preparation","Question Card","AT_ForceNature","BFFS","Chill","AT_MibuBalloonWealth","Mirror","Centennial Puzzle","BlessingOfTheForge","ColorlessPotion","Strength Potion","Doom and Gloom","Replay:Multitool","MealTicket","Habit","ReplayTheSpireMod:ShopPack","War Paint","reliquary:Buckler","AT_ArchangelStaff","Iron Hammer","NineVolt","REME_GoldPotion","PageOfNosferatu","reliquary:RosewoodLute","SalivaCoin","BelialBook","TheAbacus","TheBattery","REME_LimitBreaker","PageOfTodaysShyLook","White Beast Statue","Chaos","Crystallizer","AT_BellDemon","MegaBlast","Medical Kit","Replay:WaspNest","ReplayTheSpireMod:CursedCoin","aspiration:SecretTechniqueScroll","CaptainsWheel","RottenBaby","reliquary:QuartzCube","reliquary:IridiumChain","Replay:Rubber Ducky","TungstenRod","PunchingBag","Chemical X","aspiration:HummingbirdHeart","LiquidBronze"],"campfire_rested":2,"item_purchase_floors":[2,2,2,2,2,2,4,4,4,4,4,4,4,13,13,13,19,19,19,19,19,19,19,21,21,21,21,21,21,27,27,27,27,27,27,40,40,40,40,40,44,44,44,44,44,53,53,53,53,53],"current_hp_per_floor":[68,68,65,65,65,65,65,36,36,36,36,32,32,6,28,27,75,71,75,73,15,15,55,55,55,55,70,70,70,70,70,110,104,135,135,131,129,129,123,135,133,133,133,135,135,135,133,131,131,129,135,135,135,134,131],"gold":1332,"neow_bonus":"NOSTALGIA","is_daily":false,"chose_seed":false,"campfire_upgraded":3,"win_rate":0.0,"timestamp":1614217852,"path_taken":["M","$","?","$","M","M","R","E","T","?","M","M","$","E","R","BOSS","M","$","M","$","?","R","M","M","T","$","E","M","R","M","R","BOSS","M","M","M","?","M","$","E","R","T","$","?","?","M","M","R","BOSS","R","$","E","BOSS"],"items_purchased_type":["Relic","Relic","Relic","Relic","Relic","Card","Relic","Relic","Relic","Potion","Potion","Potion","Card","Relic","Relic","Relic","Relic","Relic","Relic","Relic","Relic","Relic","Potion","Relic","Relic","Relic","Relic","Relic","Relic","Relic","Relic","Relic","Card","Card","Relic","Relic","Relic","Relic","Relic","Relic","Relic","Relic","Relic","Relic","Relic","Relic","Relic","Relic","Relic","Potion"],"build_version":"2020-12-22","purchased_purges":8,"victory":true,"max_hp_per_floor":[75,75,75,75,75,75,75,75,75,75,75,75,75,75,75,75,75,75,75,75,135,135,135,135,135,135,135,135,135,135,135,135,135,135,135,135,135,135,135,135,135,135,135,135,135,135,135,135,135,135,135,135,135,135,135],"relic_stats":{"Torii":0,"counters":[26,93],"StoneCalendar":[0],"Bag of Preparation":[50],"War Paint":["Defend_B","Rainbow"],"Question Card":28,"Cursed Key":3,"Medical Kit":[0],"OrangePellets":[13],"Centennial Puzzle":[49],"Lizard Tail":0,"TheAbacus":[120],"Shuriken":[1],"MealTicket":35,"Kunai":[0],"Chemical X":[1],"obtain_stats":[{"Chaos":27,"AT_ATBox":0,"NineVolt":19,"AT_MibuBalloonWealth":4,"AT_ArchangelStaff":19,"reliquary:QuartzCube":44,"BFFS":2,"Ring of Searing":10,"Centennial Puzzle":4,"Lizard Tail":28,"WarlordEmblem:SoulOfKael":0,"MealTicket":13,"Iron Hammer":19,"Kunai":46,"PageOfTodaysShyLook":27,"KeepersGift":0,"PunchingBag":53,"aspiration:Nostalgia":0,"ReplayTheSpireMod:CursedCoin":40,"reliquary:Sideboard":41,"BelialBook":21,"War Paint":19,"REME_LimitBreaker":27,"SteamSale":0,"Question Card":2,"OrangePellets":43,"AT_TheCollector":28,"Shuriken":30,"ReplayTheSpireMod:Ring of Collecting":10,"HushsDoor":0,"Mirror":4,"m_HexaRing":0,"AT_BellDemon":27,"AT_SeraphEmbrace":41,"PageOfNosferatu":21,"UnicornStump":3,"Torii":41,"reliquary:PrincelyHelmet":48,"StoneCalendar":47,"Bag of Preparation":2,"Replay:Multitool":13,"TheBattery":21,"Cursed Key":17,"Replay:Rubber Ducky":44,"PageOfSpiderBud":54,"TheAbacus":21,"Ring of Fangs":46,"PageOfQueenBee":14,"Ring of Peace":26,"AT_TrinityForce":34,"reliquary:Buckler":19,"Red Mask":38,"Chemical X":53,"AT_ForceNature":2,"DoctorsRemote":54,"RottenBaby":44,"Replay:WaspNest":40,"aspiration:HummingbirdHeart":53,"aspiration:SecretTechniqueScroll":40,"reliquary:RosewoodLute":21,"Medical Kit":40,"White Beast Statue":27,"MegaBlast":40,"reliquary:IridiumChain":44,"Habit":13,"Anchor":8,"CaptainsWheel":44,"reliquary:Stiletto":37,"SalivaCoin":21,"Garlic":26,"Membership Card":2,"AT_SunfireAegis":39,"ReplayTheSpireMod:Lightbulb":29,"TungstenRod":53,"REME_ComplimentaryCards":0,"ReplayTheSpireMod:ShopPack":19},{"Chaos":12,"AT_ATBox":0,"NineVolt":9,"AT_MibuBalloonWealth":1,"AT_ArchangelStaff":9,"reliquary:QuartzCube":21,"BFFS":1,"Ring of Searing":4,"Centennial Puzzle":1,"Lizard Tail":13,"WarlordEmblem:SoulOfKael":0,"MealTicket":6,"Iron Hammer":9,"Kunai":21,"PageOfTodaysShyLook":12,"KeepersGift":0,"PunchingBag":24,"aspiration:Nostalgia":0,"ReplayTheSpireMod:CursedCoin":20,"reliquary:Sideboard":21,"BelialBook":10,"War Paint":9,"REME_LimitBreaker":12,"SteamSale":0,"Question Card":1,"OrangePellets":21,"AT_TheCollector":13,"Shuriken":14,"ReplayTheSpireMod:Ring of Collecting":4,"HushsDoor":0,"Mirror":1,"m_HexaRing":0,"AT_BellDemon":12,"AT_SeraphEmbrace":21,"PageOfNosferatu":10,"UnicornStump":1,"Torii":21,"reliquary:PrincelyHelmet":23,"StoneCalendar":22,"Bag of Preparation":1,"Replay:Multitool":6,"TheBattery":10,"Cursed Key":8,"Replay:Rubber Ducky":21,"PageOfSpiderBud":25,"TheAbacus":10,"Ring of Fangs":21,"PageOfQueenBee":7,"Ring of Peace":12,"AT_TrinityForce":16,"reliquary:Buckler":9,"Red Mask":19,"Chemical X":24,"AT_ForceNature":1,"DoctorsRemote":25,"RottenBaby":21,"Replay:WaspNest":20,"aspiration:HummingbirdHeart":24,"aspiration:SecretTechniqueScroll":20,"reliquary:RosewoodLute":10,"Medical Kit":20,"White Beast Statue":12,"MegaBlast":20,"reliquary:IridiumChain":21,"Habit":6,"Anchor":4,"CaptainsWheel":21,"reliquary:Stiletto":19,"SalivaCoin":10,"Garlic":12,"Membership Card":1,"AT_SunfireAegis":20,"ReplayTheSpireMod:Lightbulb":14,"TungstenRod":24,"REME_ComplimentaryCards":0,"ReplayTheSpireMod:ShopPack":9},{"Chaos":42,"AT_ATBox":0,"NineVolt":33,"AT_MibuBalloonWealth":4,"AT_ArchangelStaff":33,"reliquary:QuartzCube":76,"BFFS":4,"Ring of Searing":13,"Centennial Puzzle":4,"Lizard Tail":48,"WarlordEmblem:SoulOfKael":0,"MealTicket":19,"Iron Hammer":33,"Kunai":76,"PageOfTodaysShyLook":42,"KeepersGift":0,"PunchingBag":85,"aspiration:Nostalgia":0,"ReplayTheSpireMod:CursedCoin":73,"reliquary:Sideboard":76,"BelialBook":35,"War Paint":33,"REME_LimitBreaker":42,"SteamSale":0,"Question Card":4,"OrangePellets":76,"AT_TheCollector":48,"Shuriken":50,"ReplayTheSpireMod:Ring of Collecting":13,"HushsDoor":0,"Mirror":4,"m_HexaRing":0,"AT_BellDemon":42,"AT_SeraphEmbrace":74,"PageOfNosferatu":35,"UnicornStump":4,"Torii":76,"reliquary:PrincelyHelmet":82,"StoneCalendar":79,"Bag of Preparation":4,"Replay:Multitool":19,"TheBattery":35,"Cursed Key":30,"Replay:Rubber Ducky":76,"PageOfSpiderBud":88,"TheAbacus":35,"Ring of Fangs":76,"PageOfQueenBee":23,"Ring of Peace":42,"AT_TrinityForce":59,"reliquary:Buckler":33,"Red Mask":68,"Chemical X":85,"AT_ForceNature":4,"DoctorsRemote":88,"RottenBaby":76,"Replay:WaspNest":73,"aspiration:HummingbirdHeart":85,"aspiration:SecretTechniqueScroll":73,"reliquary:RosewoodLute":35,"Medical Kit":73,"White Beast Statue":42,"MegaBlast":73,"reliquary:IridiumChain":76,"Habit":19,"Anchor":13,"CaptainsWheel":76,"reliquary:Stiletto":68,"SalivaCoin":35,"Garlic":42,"Membership Card":4,"AT_SunfireAegis":73,"ReplayTheSpireMod:Lightbulb":50,"TungstenRod":85,"REME_ComplimentaryCards":0,"ReplayTheSpireMod:ShopPack":33}],"TungstenRod":4},"card_choices":[{"not_picked":["Steam Power","Hologram","Turbo"],"picked":"SKIP","floor":1},{"not_picked":["BasicCrystalCard","Consume","Recycle","Deadly Poison"],"picked":"SKIP","floor":5},{"not_picked":["Beam Cell","Bouncing Flask","ReplayTheSpireMod:Calculation Training","Bane"],"picked":"SKIP","floor":6},{"not_picked":["REME_DataAnalysis","White Noise","Panic Button","Ball Lightning"],"picked":"SKIP","floor":8},{"not_picked":["Recycle","Self Repair","Buffer"],"picked":"AT_StudyProgram","floor":11},{"not_picked":["hexamod:BurningTouch","Static Discharge","Deadly Poison","Reprogram"],"picked":"SKIP","floor":12},{"not_picked":["REME_DataAnalysis","Machine Learning","Coolheaded","Beam Cell"],"picked":"SKIP","floor":14},{"not_picked":["hexamod:Toasty","Meteor Strike","Phantasmal Killer"],"picked":"Rainbow","floor":16},{"not_picked":["Stack+1","Compile Driver","Auto Shields","Barrage"],"picked":"SKIP","floor":18},{"not_picked":["PanicButton","REME_TwoStrings","Replay:BasicMightCard"],"picked":"Dark Shackles","floor":19},{"not_picked":["Self Repair","Panic Button+1","BasicCrystalCard","REME_Whirling"],"picked":"SKIP","floor":20},{"not_picked":["AT_HeatAcrobatics","Redo","ReplayTheSpireMod:GoodbyeWorld","Mirror Shield"],"picked":"SKIP","floor":24},{"not_picked":["Redo+1","Hologram","Cold Snap","Self Repair+1"],"picked":"SKIP","floor":25},{"not_picked":["Tempest","Rainbow","Beam Cell","REME_Compress+1"],"picked":"SKIP","floor":28},{"not_picked":["Turbo","Conserve Battery+1","BasicCrystalCard","Steam"],"picked":"SKIP","floor":29},{"not_picked":["Beam Cell","Darkness","Rebound","Turbo"],"picked":"SKIP","floor":31},{"not_picked":["AT_DarkMatter","Static Discharge+1","ReplayTheSpireMod:Repulse+1","Panic Button"],"picked":"SKIP","floor":35},{"not_picked":["Force Field","Hologram+1","Cold Snap+1","Barrage"],"picked":"SKIP","floor":36},{"not_picked":["Streamline+1","AT_ThreeBodyProblem","Rebound+1"],"picked":"AT_RightCognition","floor":37},{"not_picked":["AT_HeatAcrobatics","Compile Driver","Cancel+1","Self Repair"],"picked":"SKIP","floor":39},{"not_picked":["Beam Cell+1","Seek","REME_DataAnalysis+1","Defragment"],"picked":"SKIP","floor":41},{"not_picked":["Coolheaded+1","Leap+1","Beam Cell","FTL"],"picked":"SKIP","floor":47},{"not_picked":["AT_HeatAcrobatics+1","Hologram+1","Go for the Eyes+1","Distribution"],"picked":"SKIP","floor":48},{"not_picked":["Barrage+1","Self Repair+1","Go for the Eyes","Defragment"],"picked":"SKIP","floor":54}],"player_experience":154535,"relics_obtained":[{"floor":8,"key":"Anchor"},{"floor":10,"key":"ReplayTheSpireMod:Ring of Collecting"},{"floor":10,"key":"Ring of Searing"},{"floor":14,"key":"PageOfQueenBee"},{"floor":26,"key":"Ring of Peace"},{"floor":26,"key":"Garlic"},{"floor":28,"key":"AT_TheCollector"},{"floor":28,"key":"Lizard Tail"},{"floor":29,"key":"ReplayTheSpireMod:Lightbulb"},{"floor":30,"key":"Shuriken"},{"floor":37,"key":"reliquary:Stiletto"},{"floor":39,"key":"AT_SunfireAegis"},{"floor":41,"key":"Torii"},{"floor":41,"key":"reliquary:Sideboard"},{"floor":43,"key":"OrangePellets"},{"floor":46,"key":"Ring of Fangs"},{"floor":46,"key":"Kunai"},{"floor":47,"key":"StoneCalendar"},{"floor":48,"key":"reliquary:PrincelyHelmet"},{"floor":54,"key":"DoctorsRemote"},{"floor":54,"key":"PageOfSpiderBud"}],"event_choices":[{"damage_healed":0,"gold_gain":0,"player_choice":"Success","damage_taken":3,"relics_obtained":["UnicornStump"],"max_hp_gain":0,"max_hp_loss":0,"event_name":"Scrap Ooze","floor":3,"gold_loss":0},{"damage_healed":0,"gold_gain":0,"player_choice":"Paid Fearfully","damage_taken":0,"max_hp_gain":0,"max_hp_loss":0,"event_name":"Masked Bandits","floor":22,"gold_loss":642},{"damage_healed":0,"gold_gain":0,"player_choice":"Paid","damage_taken":0,"relics_obtained":["Red Mask"],"max_hp_gain":0,"max_hp_loss":0,"event_name":"Tomb of Lord Red Mask","floor":38,"gold_loss":815},{"cards_removed":["Strike_B"],"damage_healed":0,"gold_gain":0,"player_choice":"Removed Attack","damage_taken":0,"max_hp_gain":0,"max_hp_loss":0,"event_name":"Falling","floor":45,"gold_loss":0}],"is_beta":false,"boss_relics":[{"not_picked":["REME_LowDesire","reliquary:RedPaperclip"],"picked":"Cursed Key"},{"not_picked":[]},{"not_picked":["aspiration:SilentSkillbook","aspiration:RunicSpoon"],"picked":"AT_TrinityForce"},{"not_picked":[]}],"items_purged_floors":[2,13,13,19,27,40,44,53],"is_endless":false,"potions_floor_spawned":[6,11,12,25,28,29,31,33,35,36,37,39,41,47,48,54],"ascension_level":0}}