{"host":"lmshf3swj20gmdor","time":1614227336,"event":{"mods":["2.2 Compatiblity","BaseMod","Conspire","Downfall","Googly Eyes","Hubris","Minty Spire (QoL Compilation)","Replay The Spire","Spikes Relics","StSLib","Synergy Search","The Servant 0.9.4"],"gold_per_floor":[99,99,99,99,117,117,117,134,134,154,154,171,171,206,216,218,218,218],"floor_reached":16,"language":"ENG","playtime":493,"items_purged":[],"score":110,"play_id":"aecf9e3b-a36f-4366-b5be-a3f0037fc108","local_time":"20210225042856","is_ascension_mode":true,"campfire_choices":[{"data":"bronze:Goto","floor":1,"key":"SMITH"},{"data":"bronze:BronzeOrb","floor":6,"key":"SMITH"},{"data":"bronze:FineTuning","floor":9,"key":"SMITH"}],"circlet_count":0,"master_deck":["bronze:Strike","bronze:Strike","bronze:Strike","bronze:Strike","bronze:Defend","bronze:Defend","bronze:Defend","bronze:Defend","bronze:Replicate","bronze:Goto+1","bronze:BronzeOrb+1","bronze:Separator","bronze:FineTuning+1","bronze:DigitalCarnage","bronze:Spike","bronze:AlphaBuild","bronze:ChosenStrike"],"relics":["bronze:BronzeCore","downfall:HeartsMalice","Vajra","bronze:BottledCode","hubris:Metronome"],"acts_visited":["Exordium"],"potions_floor_usage":[16,16,16],"damage_taken":[{"damage":0,"enemies":"2 Louse","floor":2,"turns":1},{"damage":0,"enemies":"Jaw Worm","floor":3,"turns":1},{"damage":0,"enemies":"conspire:RoseBush","floor":4,"turns":1},{"damage":18,"enemies":"conspire:2 RoseBushes","floor":5,"turns":6},{"damage":14,"enemies":"Exordium Wildlife","floor":8,"turns":5},{"damage":1,"enemies":"downfall:LooterAlt","floor":10,"turns":3},{"damage":6,"enemies":"3 Louse","floor":12,"turns":2},{"damage":7,"enemies":"3 Louse","floor":13,"turns":1},{"damage":16,"enemies":"Gremlin Nob","floor":14,"turns":3},{"damage":0,"enemies":"Gremlin Gang","floor":15,"turns":2},{"damage":8,"enemies":"IC_STATUS_ARCHETYPE","floor":16,"turns":4}],"seed_played":"-3381895283125291205","potions_obtained":[{"floor":5,"key":"Energy Potion"},{"floor":10,"key":"Energy Potion"},{"floor":14,"key":"SkillPotion"},{"floor":15,"key":"Doom Potion"}],"is_trial":false,"path_per_floor":["R","M","M","M","M","R","T","M","R","M","?","M","?","E","M","B"],"character_chosen":"THE_AUTOMATON","items_purchased":[],"campfire_rested":0,"item_purchase_floors":[],"current_hp_per_floor":[70,70,70,70,52,52,52,38,38,37,37,31,24,8,8,0,0,0],"gold":218,"neow_bonus":"THREE_ENEMY_KILL","is_daily":false,"chose_seed":false,"campfire_upgraded":3,"win_rate":0.0,"timestamp":1614227336,"path_taken":["R","M","M","M","M","R","T","M","R","M","?","M","?","E","M","BOSS"],"items_purchased_type":[],"build_version":"2020-12-22","purchased_purges":0,"victory":false,"max_hp_per_floor":[70,70,70,70,70,70,70,70,70,70,60,60,60,60,60,60,60,60],"card_choices":[{"not_picked":["bronze:CutThrough","bronze:BitShift","bronze:Safeguard"],"picked":"SKIP","floor":2},{"not_picked":["bronze:ClassDefault","bronze:DelayedSlice","bronze:ForceShield"],"picked":"SKIP","floor":3},{"not_picked":["bronze:BronzeArmor","bronze:Overheat"],"picked":"bronze:BronzeOrb","floor":4},{"not_picked":["bronze:Iterate","bronze:Overload"],"picked":"bronze:Separator","floor":5},{"not_picked":["bronze:DelayedSlice","bronze:Frontload"],"picked":"bronze:FineTuning","floor":8},{"not_picked":["bronze:Invalidate","bronze:InfiniteLoop"],"picked":"bronze:DigitalCarnage","floor":10},{"not_picked":["bronze:CloningBeam","bronze:Overheat","bronze:Allocate"],"picked":"SKIP","floor":12},{"not_picked":[],"picked":"bronze:Spike","floor":13},{"not_picked":["bronze:Allocate","bronze:DigitalCarnage"],"picked":"bronze:AlphaBuild","floor":14},{"not_picked":["bronze:NullPointer","bronze:WildBeam"],"picked":"bronze:ChosenStrike","floor":15}],"player_experience":839165,"relics_obtained":[{"floor":7,"key":"Vajra"},{"floor":14,"key":"hubris:Metronome"}],"event_choices":[],"is_beta":false,"boss_relics":[],"items_purged_floors":[],"is_endless":false,"potions_floor_spawned":[5,10,14,15],"killed_by":"IC_STATUS_ARCHETYPE","ascension_level":2}}