{"host":"xb2tau8pgi8aflss","time":1614261594,"event":{"mods":["AchievementEnabler","BaseMod","Hermit","Minty Spire (QoL Compilation)","StSLib","SuperFastMode"],"gold_per_floor":[110,110,130,145,245,245,260,279,304,73,105,30,30,30,30,128,128,144,155,167,167,184,184,198,198,225,225,78,78,113,39,39,142,142,152,207,207,257,7,37,37,68,68,68,88,88,102,64,64,64,64,64,10,42,42,42],"floor_reached":55,"language":"KOR","playtime":1836,"items_purged":["Strike_P","Strike_P"],"score":967,"play_id":"0112b8b1-f5e0-4fd2-bcdc-c948282c4609","local_time":"20210225225954","is_ascension_mode":true,"campfire_choices":[{"data":"Eruption","floor":6.0,"key":"SMITH"},{"data":"SignatureMove","floor":13.0,"key":"SMITH"},{"data":"TalkToTheHand","floor":15.0,"key":"SMITH"},{"floor":23,"key":"RECALL"},{"floor":25,"key":"REST"},{"floor":27,"key":"REST"},{"floor":32,"key":"REST"},{"floor":41,"key":"REST"},{"floor":49,"key":"REST"},{"floor":52,"key":"REST"}],"circlet_count":0,"master_deck":["Strike_P+1","Defend_P+1","Defend_P+1","Defend_P+1","Eruption+1","Vigilance+1","EmptyFist","ClearTheMind+1","FlurryOfBlows+1","SignatureMove+1","MentalFortress+1","TalkToTheHand+1","TalkToTheHand+1","LessonLearned","FearNoEvil","Adaptation","Adaptation","LessonLearned+1","MentalFortress+1","Trip","EmptyBody+1","BowlingBash+1","Vault+1","WheelKick+1","EmptyFist"],"relics":["PureWater","War Paint","Bag of Marbles","Toy Ornithopter","Fusion Hammer","HandDrill","MealTicket","SacredBark","CloakClasp","Torii","OrangePellets","Art of War","PreservedInsect","Kunai","Akabeko"],"acts_visited":["Exordium","TheCity","TheBeyond","TheEnding"],"potions_floor_usage":[19,24,36,36,40,50,55],"damage_taken":[{"damage":0.0,"enemies":"2 Louse","floor":1.0,"turns":2.0},{"damage":5.0,"enemies":"Small Slimes","floor":3.0,"turns":2.0},{"damage":0.0,"enemies":"Cultist","floor":4.0,"turns":3.0},{"damage":5.0,"enemies":"Exordium Thugs","floor":7.0,"turns":3.0},{"damage":0.0,"enemies":"Blue Slaver","floor":8.0,"turns":2.0},{"damage":8.0,"enemies":"3 Sentries","floor":11.0,"turns":6.0},{"damage":12.0,"enemies":"Slime Boss","floor":16.0,"turns":7.0},{"damage":0.0,"enemies":"2 Thieves","floor":18.0,"turns":3.0},{"damage":0,"enemies":"Shell Parasite","floor":19,"turns":4},{"damage":2,"enemies":"Shelled Parasite and Fungi","floor":20,"turns":5},{"damage":6,"enemies":"Snake Plant","floor":22,"turns":4},{"damage":7,"enemies":"3 Cultists","floor":24,"turns":5},{"damage":38,"enemies":"Book of Stabbing","floor":30,"turns":6},{"damage":29,"enemies":"Champ","floor":33,"turns":8},{"damage":6,"enemies":"3 Shapes","floor":35,"turns":4},{"damage":19,"enemies":"2 Orb Walkers","floor":36,"turns":5},{"damage":0,"enemies":"Mind Bloom Boss Battle","floor":38,"turns":7},{"damage":51,"enemies":"Nemesis","floor":40,"turns":9},{"damage":15,"enemies":"Giant Head","floor":42,"turns":9},{"damage":20,"enemies":"3 Darklings","floor":45,"turns":9},{"damage":3,"enemies":"Spire Growth","floor":47,"turns":6},{"damage":68,"enemies":"Donu and Deca","floor":50,"turns":10},{"damage":16,"enemies":"Shield and Spear","floor":54,"turns":6},{"damage":90,"enemies":"The Heart","floor":55,"turns":3}],"seed_played":"2134702087739204488","potions_obtained":[{"floor":1.0,"key":"SteroidPotion"},{"floor":3.0,"key":"SpeedPotion"},{"floor":8.0,"key":"Fire Potion"},{"floor":18,"key":"DistilledChaos"},{"floor":19,"key":"Swift Potion"},{"floor":30,"key":"SteroidPotion"},{"floor":33,"key":"StancePotion"},{"floor":35,"key":"PowerPotion"},{"floor":38,"key":"SkillPotion"},{"floor":47,"key":"DistilledChaos"}],"is_trial":false,"path_per_floor":["M","?","M","M","?","R","M","M","T","$","E","$","R","?","R","B",null,"M","M","M","?","M","R","M","R","T","R","$","?","E","$","R","B",null,"M","?","?","?","$","E","R","E","T","?","M","$","M","$","R","B",null,"R","$","E","B"],"character_chosen":"WATCHER","items_purchased":["TalkToTheHand","Bag of Marbles","HandDrill","Adaptation","OrangePellets","WheelKick","EmptyFist"],"campfire_rested":6,"item_purchase_floors":[10,10,28,31,39,48,53],"current_hp_per_floor":[61,54,49,49,49,49,44,44,44,44,36,36,36,19,19,7,66,71,76,74,74,68,68,66,86,86,86,86,86,48,63,86,57,79,73,64,64,64,79,33,58,43,43,43,23,38,35,50,75,12,68,86,86,70,0,0],"gold":42,"neow_bonus":"TWENTY_PERCENT_HP_BONUS","is_daily":false,"chose_seed":false,"campfire_upgraded":3,"win_rate":0.0,"timestamp":1614261594,"path_taken":["M","?","M","M","?","R","?","M","T","$","E","?","R","?","R","BOSS","M","M","M","?","M","R","M","R","T","R","$","?","E","$","R","BOSS","M","?","?","?","$","E","R","E","T","?","M","$","M","?","R","BOSS","R","$","E","BOSS"],"items_purchased_type":["Card","Relic","Relic","Card","Relic","Card","Card"],"build_version":"2020-12-22","purchased_purges":2,"victory":false,"max_hp_per_floor":[86,86,86,86,86,86,86,86,86,86,86,86,86,86,86,86,86,86,86,86,86,86,86,86,86,86,86,86,86,86,86,86,86,86,86,86,86,86,86,86,86,86,86,86,86,86,86,86,86,86,86,86,86,86,86,86],"card_choices":[{"not_picked":["SandsOfTime","WheelKick"],"picked":"EmptyFist","floor":1.0},{"not_picked":["PathToVictory","EmptyBody"],"picked":"ClearTheMind","floor":3.0},{"not_picked":["CutThroughFate","FollowUp"],"picked":"FlurryOfBlows","floor":4.0},{"not_picked":["SandsOfTime","EmptyFist"],"picked":"SignatureMove","floor":7.0},{"not_picked":["CutThroughFate","EmptyBody"],"picked":"MentalFortress","floor":8.0},{"not_picked":["Conclude","SpiritShield"],"picked":"TalkToTheHand","floor":11.0},{"not_picked":["Devotion","Scrawl"],"picked":"LessonLearned","floor":16.0},{"not_picked":["FlurryOfBlows+1","Prostrate"],"picked":"FearNoEvil","floor":18},{"not_picked":["Sanctity","Crescendo","ThirdEye"],"picked":"SKIP","floor":19},{"not_picked":["Evaluate+1","Wallop","JustLucky"],"picked":"SKIP","floor":20},{"not_picked":["ThirdEye","JustLucky","Halt"],"picked":"SKIP","floor":22},{"not_picked":["Protect","Evaluate","Worship"],"picked":"SKIP","floor":24},{"not_picked":["Protect","Weave","SashWhip"],"picked":"SKIP","floor":30},{"not_picked":["Scrawl","SpiritShield"],"picked":"LessonLearned","floor":33},{"not_picked":["Prostrate","EmptyBody+1"],"picked":"MentalFortress+1","floor":35},{"not_picked":["Madness","The Bomb"],"picked":"Trip","floor":37},{"not_picked":["InnerPeace","FlurryOfBlows"],"picked":"EmptyBody+1","floor":38},{"not_picked":["ThirdEye+1","Establishment"],"picked":"BowlingBash+1","floor":40},{"not_picked":["Weave+1","Indignation+1"],"picked":"Vault","floor":42},{"not_picked":["DeceiveReality+1","Swivel+1","CarveReality"],"picked":"SKIP","floor":45},{"not_picked":["Conclude","MentalFortress+1","Protect"],"picked":"SKIP","floor":47},{"not_picked":["CrushJoints+1","Perseverance+1","ClearTheMind+1"],"picked":"SKIP","floor":54}],"player_experience":859072,"relics_obtained":[{"floor":9.0,"key":"War Paint"},{"floor":11.0,"key":"Toy Ornithopter"},{"floor":30,"key":"MealTicket"},{"floor":36,"key":"CloakClasp"},{"floor":38,"key":"Torii"},{"floor":40,"key":"Art of War"},{"floor":42,"key":"PreservedInsect"},{"floor":43,"key":"Kunai"},{"floor":54,"key":"Akabeko"}],"event_choices":[{"cards_removed":["Strike_P"],"damage_healed":0.0,"max_hp_gain":0.0,"max_hp_loss":0.0,"gold_gain":0.0,"event_name":"Golden Wing","player_choice":"Card Removal","floor":2.0,"gold_loss":0.0,"damage_taken":7.0},{"damage_healed":0.0,"max_hp_gain":0.0,"max_hp_loss":0.0,"gold_gain":100.0,"event_name":"Golden Shrine","player_choice":"Pray","floor":5.0,"gold_loss":0.0,"damage_taken":0.0},{"damage_healed":0.0,"max_hp_gain":0.0,"max_hp_loss":0.0,"gold_gain":0.0,"event_name":"Shining Light","player_choice":"Entered Light","floor":14.0,"gold_loss":0.0,"damage_taken":17.0,"cards_upgraded":["TalkToTheHand","MentalFortress"]},{"damage_healed":0,"gold_gain":0,"player_choice":"Ignored","damage_taken":0,"max_hp_gain":0,"max_hp_loss":0,"event_name":"Vampires","floor":21,"gold_loss":0},{"damage_healed":0,"gold_gain":0,"player_choice":"Read","damage_taken":0,"max_hp_gain":0,"max_hp_loss":0,"event_name":"The Library","floor":29,"gold_loss":0,"cards_obtained":["Adaptation"]},{"damage_healed":0,"gold_gain":0,"player_choice":"Fight","damage_taken":0,"max_hp_gain":0,"max_hp_loss":0,"event_name":"Mysterious Sphere","floor":36,"gold_loss":0},{"damage_healed":0,"gold_gain":0,"player_choice":"Memory 1","damage_taken":0,"max_hp_gain":0,"max_hp_loss":0,"event_name":"SensoryStone","floor":37,"gold_loss":0},{"damage_healed":0,"gold_gain":0,"player_choice":"Fight","damage_taken":0,"max_hp_gain":0,"max_hp_loss":0,"event_name":"MindBloom","floor":38,"gold_loss":0},{"cards_removed":["Defend_P"],"damage_healed":0,"gold_gain":0,"player_choice":"Removed Skill","damage_taken":0,"max_hp_gain":0,"max_hp_loss":0,"event_name":"Falling","floor":44,"gold_loss":0}],"is_beta":false,"boss_relics":[{"not_picked":["SlaversCollar","Pandora\u0027s Box"],"picked":"Fusion Hammer"},{"not_picked":["Astrolabe","Coffee Dripper"],"picked":"SacredBark"}],"items_purged_floors":[12,39],"is_endless":false,"potions_floor_spawned":[1,3,8,18,19,30,33,35,38,47],"killed_by":"The Heart","ascension_level":8}}