{"host":"5dk97cf2ubw2v967","time":1614256475,"event":{"mods":["AlwaysNeverKeys","BaseMod","Better Altar","Better Vampires","Block Reminder","Card Filter","Colored Powertips","Downfall","Googly Eyes","Highlight Path","Minty Spire (QoL Compilation)","Permanent Neow","Potion Indicator Mod","Quick Restart","Relic Filter","Relic Stats","Say the Spire","Spicy Shops","StSLib","Waifu the Spire","everything is the same but u backflip on backflip"],"gold_per_floor":[118,118,33,46,57,87,87,116,139,170,170,186,186,199,199,273,273,293,49,64,64,82,111,26,26,102,102,121,156,169,182,182,261,261,281,15,28,48,59,84,98,98,121,132,159,159,15,49,49,49,49,49,49,10,37,37,37],"floor_reached":56,"language":"ENG","playtime":3463,"items_purged":["Strike_G","Strike_G","Strike_G"],"score":2073,"play_id":"6efe127a-6167-4530-8e2c-6a1b7269d828","local_time":"20210225123435","is_ascension_mode":true,"campfire_choices":[{"floor":7.0,"key":"REST"},{"floor":11.0,"key":"REST"},{"floor":13.0,"key":"REST"},{"data":"Sadistic Nature","floor":15.0,"key":"SMITH"},{"floor":25.0,"key":"REST"},{"floor":27.0,"key":"REST"},{"floor":32.0,"key":"REST"},{"floor":42.0,"key":"RECALL"},{"floor":46.0,"key":"REST"},{"floor":49.0,"key":"REST"},{"floor":53.0,"key":"REST"}],"circlet_count":0,"master_deck":["AscendersBane","Defend_G","Defend_G","Defend_G","Defend_G","Defend_G","Survivor","Neutralize","Sadistic Nature+1","Deadly Poison","Crippling Poison","Noxious Fumes","Deadly Poison","Bouncing Flask","Crippling Poison","PiercingWail","Calculated Gamble","Adrenaline","Backflip","Footwork","Bane","Escape Plan","Deflect","Outmaneuver","Adrenaline","Corpse Explosion","Leg Sweep","Noxious Fumes","Sadistic Nature+1","Crippling Poison","Backflip","Leg Sweep","Footwork","Injury","PiercingWail","Burst","Acrobatics+1"],"relics":["Ring of the Snake","GremlinMask","Boot","Calipers","Bag of Marbles","Potion Belt","Fusion Hammer","Membership Card","Nunchaku","Lizard Tail","Meat on the Bone","Ice Cream","Cursed Key","DollysMirror","PreservedInsect","Oddly Smooth Stone","White Beast Statue","Cauldron","Pocketwatch","Pen Nib","Sundial"],"acts_visited":["Exordium","TheCity","TheBeyond","TheEnding"],"potions_floor_usage":[56],"damage_taken":[{"damage":1.0,"enemies":"Cultist","floor":1.0,"turns":4.0},{"damage":1.0,"enemies":"2 Louse","floor":4.0,"turns":3.0},{"damage":2.0,"enemies":"Jaw Worm","floor":5.0,"turns":5.0},{"damage":32.0,"enemies":"Gremlin Nob","floor":6.0,"turns":4.0},{"damage":10.0,"enemies":"Lagavulin","floor":8.0,"turns":6.0},{"damage":16.0,"enemies":"3 Sentries","floor":10.0,"turns":6.0},{"damage":17.0,"enemies":"Lots of Slimes","floor":12.0,"turns":3.0},{"damage":0.0,"enemies":"Gremlin Gang","floor":14.0,"turns":2.0},{"damage":33.0,"enemies":"Slime Boss","floor":16.0,"turns":5.0},{"damage":1.0,"enemies":"2 Thieves","floor":18.0,"turns":3.0},{"damage":15.0,"enemies":"Shell Parasite","floor":20.0,"turns":4.0},{"damage":1.0,"enemies":"Snake Plant","floor":22.0,"turns":4.0},{"damage":13.0,"enemies":"Book of Stabbing","floor":23.0,"turns":5.0},{"damage":6.0,"enemies":"Shelled Parasite and Fungi","floor":28.0,"turns":2.0},{"damage":19.0,"enemies":"Slavers","floor":29.0,"turns":4.0},{"damage":8.0,"enemies":"Sentry and Sphere","floor":30.0,"turns":3.0},{"damage":9.0,"enemies":"Snake Plant","floor":31.0,"turns":4.0},{"damage":31.0,"enemies":"Collector","floor":33.0,"turns":8.0},{"damage":0.0,"enemies":"3 Shapes","floor":35.0,"turns":2.0},{"damage":0.0,"enemies":"Orb Walker","floor":37.0,"turns":4.0},{"damage":0.0,"enemies":"3 Darklings","floor":38.0,"turns":3.0},{"damage":16.0,"enemies":"Writhing Mass","floor":39.0,"turns":4.0},{"damage":26.0,"enemies":"Nemesis","floor":40.0,"turns":5.0},{"damage":1.0,"enemies":"Maw","floor":41.0,"turns":6.0},{"damage":0.0,"enemies":"Jaw Worm Horde","floor":44.0,"turns":2.0},{"damage":0.0,"enemies":"Reptomancer","floor":45.0,"turns":3.0},{"damage":1.0,"enemies":"Giant Head","floor":48.0,"turns":6.0},{"damage":60.0,"enemies":"Awakened One","floor":50.0,"turns":11.0},{"damage":58.0,"enemies":"Time Eater","floor":51.0,"turns":12.0},{"damage":22,"enemies":"Shield and Spear","floor":55,"turns":6},{"damage":58,"enemies":"The Heart","floor":56,"turns":3}],"seed_played":"1890730141303270064","potions_obtained":[{"floor":8.0,"key":"Strength Potion"},{"floor":10.0,"key":"Ancient Potion"},{"floor":12.0,"key":"ColorlessPotion"},{"floor":14.0,"key":"AttackPotion"},{"floor":16.0,"key":"Poison Potion"},{"floor":18.0,"key":"SpeedPotion"},{"floor":22.0,"key":"sneckomod:MuddlingPotion"},{"floor":23.0,"key":"AttackPotion"},{"floor":30.0,"key":"GamblersBrew"},{"floor":31.0,"key":"EntropicBrew"},{"floor":35.0,"key":"Explosive Potion"},{"floor":37.0,"key":"FearPotion"},{"floor":44.0,"key":"CunningPotion"},{"floor":47.0,"key":"FairyPotion"},{"floor":47.0,"key":"Weak Potion"},{"floor":47.0,"key":"Ancient Potion"},{"floor":55,"key":"PowerPotion"}],"is_trial":false,"path_per_floor":["M","?","$","M","M","E","R","E","T","E","R","M","R","M","R","B",null,"M","$","M","?","M","E","?","R","T","R","M","E","M","M","R","B",null,"M","$","M","M","M","E","M","R","T","M","E","R","$","E","R","B","B",null,"R","$","E","B"],"character_chosen":"THE_SILENT","items_purchased":["CunningPotion","Membership Card","Footwork","Noxious Fumes","DollysMirror","PreservedInsect","Cauldron","Pen Nib"],"campfire_rested":9,"item_purchase_floors":[3,19,19,36,36,36,47,54],"current_hp_per_floor":[58,58,58,57,55,23,41,31,31,15,33,16,34,34,34,1,45,44,44,29,29,28,15,15,33,33,51,45,38,42,33,51,32,53,53,53,53,53,37,23,34,34,34,34,34,52,52,51,60,30,17,49,60,60,38,0,0],"gold":37,"neow_bonus":"RANDOM_COLORLESS_2","is_daily":false,"chose_seed":false,"campfire_upgraded":1,"win_rate":0.0,"timestamp":1614256475,"path_taken":["M","?","$","M","?","E","R","E","T","E","R","M","R","M","R","BOSS","M","$","M","?","M","E","?","R","T","R","M","E","?","M","R","BOSS","M","?","?","M","M","E","M","R","T","M","E","R","?","E","R","BOSS","BOSS","R","$","E","BOSS"],"items_purchased_type":["Potion","Relic","Card","Card","Relic","Relic","Relic","Relic"],"build_version":"2020-12-22","purchased_purges":3,"victory":false,"max_hp_per_floor":[60,60,60,60,60,60,60,60,60,60,60,60,60,60,60,60,60,60,60,60,60,60,60,60,60,60,60,60,60,60,60,60,60,60,60,60,60,60,60,60,60,60,60,60,60,60,60,60,60,60,60,60,60,60,60,60,60],"relic_stats":{"Nunchaku":[3],"Lizard Tail":30,"counters":[31,142],"Sundial":[0],"PreservedInsect":317,"Pen Nib":[0],"Boot":[64],"Cursed Key":1,"obtain_stats":[{"Potion Belt":10,"Ice Cream":29,"Calipers":8,"Oddly Smooth Stone":40,"GremlinMask":2,"PreservedInsect":36,"Pen Nib":54,"Boot":6,"Cursed Key":34,"White Beast Statue":45,"Cauldron":47,"Nunchaku":23,"Lizard Tail":24,"DollysMirror":36,"Sundial":55,"Fusion Hammer":17,"Bag of Marbles":9,"Membership Card":19,"Ring of the Snake":0,"Meat on the Bone":26,"Pocketwatch":48},{"Potion Belt":6,"Ice Cream":15,"Calipers":5,"Oddly Smooth Stone":23,"GremlinMask":1,"PreservedInsect":19,"Pen Nib":29,"Boot":4,"Cursed Key":18,"White Beast Statue":26,"Cauldron":26,"Nunchaku":13,"Lizard Tail":13,"DollysMirror":19,"Sundial":30,"Fusion Hammer":9,"Bag of Marbles":5,"Membership Card":10,"Ring of the Snake":0,"Meat on the Bone":13,"Pocketwatch":27},{"Potion Belt":28,"Ice Cream":60,"Calipers":22,"Oddly Smooth Stone":93,"GremlinMask":4,"PreservedInsect":77,"Pen Nib":133,"Boot":16,"Cursed Key":75,"White Beast Statue":104,"Cauldron":104,"Nunchaku":54,"Lizard Tail":54,"DollysMirror":77,"Sundial":139,"Fusion Hammer":38,"Bag of Marbles":22,"Membership Card":41,"Ring of the Snake":0,"Meat on the Bone":54,"Pocketwatch":110}],"Ring of the Snake":[62],"Meat on the Bone":84,"Pocketwatch":[15]},"card_choices":[{"not_picked":["Chrysalis","Magnetism"],"picked":"Sadistic Nature","floor":0.0},{"not_picked":["Caltrops","Escape Plan"],"picked":"Deadly Poison","floor":1.0},{"not_picked":["Slice","Expertise"],"picked":"Crippling Poison","floor":4.0},{"not_picked":["Tactician","Expertise"],"picked":"Noxious Fumes","floor":5.0},{"not_picked":["Expertise","Bane"],"picked":"Deadly Poison","floor":6.0},{"not_picked":["Sucker Punch","Slice"],"picked":"Bouncing Flask","floor":8.0},{"not_picked":["Calculated Gamble","PiercingWail"],"picked":"Crippling Poison","floor":10.0},{"not_picked":["Bouncing Flask","Choke"],"picked":"PiercingWail","floor":12.0},{"not_picked":["Cloak And Dagger","Deadly Poison"],"picked":"Calculated Gamble","floor":14.0},{"not_picked":["Wraith Form v2","Envenom"],"picked":"Adrenaline","floor":16.0},{"not_picked":["Slice","Bane+1"],"picked":"Backflip","floor":18.0},{"not_picked":["Flying Knee","Bane","Expertise"],"picked":"SKIP","floor":20.0},{"not_picked":["Caltrops","Flying Knee"],"picked":"Deflect","floor":22.0},{"not_picked":["Accuracy","Dagger Spray","Bane"],"picked":"SKIP","floor":23.0},{"not_picked":["Heel Hook","Choke","Infinite Blades"],"picked":"SKIP","floor":28.0},{"not_picked":["Underhanded Strike+1","Distraction","Leg Sweep"],"picked":"SKIP","floor":29.0},{"not_picked":["Expertise","Flying Knee"],"picked":"Outmaneuver","floor":30.0},{"not_picked":["Bane","Backflip"],"picked":"Adrenaline","floor":31.0},{"not_picked":["Glass Knife","Venomology"],"picked":"Corpse Explosion","floor":33.0},{"not_picked":["Dodge and Roll","Blade Dance"],"picked":"Leg Sweep","floor":35.0},{"not_picked":["Flying Knee","Well Laid Plans","Concentrate"],"picked":"SKIP","floor":37.0},{"not_picked":["Dagger Spray","Reflex"],"picked":"Crippling Poison","floor":38.0},{"not_picked":["Deflect","Dodge and Roll"],"picked":"Backflip","floor":39.0},{"not_picked":["Cloak And Dagger","Tactician"],"picked":"Leg Sweep","floor":40.0},{"not_picked":["Blade Dance","Setup+1"],"picked":"Footwork","floor":41.0},{"not_picked":["Dagger Throw+1","Prepared","Deflect"],"picked":"SKIP","floor":44.0},{"not_picked":["Wraith Form v2","Cloak And Dagger+1"],"picked":"PiercingWail","floor":45.0},{"not_picked":["Endless Agony+1","Quick Slash"],"picked":"Burst","floor":48.0},{"not_picked":["Outmaneuver","Dagger Throw"],"picked":"Acrobatics+1","floor":55}],"player_experience":1350738,"relics_obtained":[{"floor":6.0,"key":"Boot"},{"floor":8.0,"key":"Calipers"},{"floor":9.0,"key":"Bag of Marbles"},{"floor":10.0,"key":"Potion Belt"},{"floor":23.0,"key":"Nunchaku"},{"floor":26.0,"key":"Meat on the Bone"},{"floor":29.0,"key":"Ice Cream"},{"floor":40.0,"key":"Oddly Smooth Stone"},{"floor":45.0,"key":"White Beast Statue"},{"floor":48.0,"key":"Pocketwatch"},{"floor":55,"key":"Sundial"}],"event_choices":[{"damage_healed":0.0,"max_hp_gain":0.0,"max_hp_loss":0.0,"gold_gain":0.0,"event_name":"FaceTrader","player_choice":"Trade","floor":2.0,"gold_loss":0.0,"damage_taken":0.0,"relics_obtained":["GremlinMask"]},{"damage_healed":0.0,"max_hp_gain":0.0,"max_hp_loss":0.0,"gold_gain":0.0,"cards_transformed":["Strike_G","Strike_G"],"event_name":"Drug Dealer","player_choice":"Became Test Subject","floor":21.0,"gold_loss":0.0,"damage_taken":0.0,"cards_obtained":["Bane","Escape Plan"]},{"damage_healed":0.0,"max_hp_gain":0.0,"max_hp_loss":0.0,"gold_gain":0.0,"event_name":"Addict","player_choice":"Obtained Relic","floor":24.0,"gold_loss":85.0,"damage_taken":0.0,"relics_obtained":["Lizard Tail"]}],"is_beta":false,"boss_relics":[{"not_picked":["Ectoplasm","Busted Crown"],"picked":"Fusion Hammer"},{"not_picked":["Philosopher\u0027s Stone","Sozu"],"picked":"Cursed Key"}],"items_purged_floors":[19,36,47],"is_endless":false,"potions_floor_spawned":[8,10,12,14,16,18,22,23,30,31,35,37,44,48,55],"killed_by":"The Heart","ascension_level":20}}