{"host":"gm50ke85n5jz306u","time":1614268304,"event":{"mods":["AchievementEnabler","AlwaysNeverKeys","Aspiration","BaseMod","Beaked The Cultist","Bestiary","Better Altar","Better Match","Better Note","Better Sensory Stone","Better Skull","Better Third Choice","Better Vampires","Better-Laid Plans","BetterRewards","Colored Powertips","Curses Come First","DNKmod","Defuse TimeMaze Blight","Disable Question Mark Monsters","Displayed Cursed Tome","Downfall","Emptier Cage","Extra Virgin Snecko Oil","Filter the Spire","Friendly Minions","Gremlin Skip","Hermit","Hubris","Hyrulean Relics","Ironclad Rager","Koishi","Lobotomy","Marisa????????","Marked Mod","Minty Spire (QoL Compilation)","Permanent Neow","Poor People Problems","Quick Restart","Reimu??????","Relic Filter Mod","Relic Sorter","Remove Card Discount Mod","Reorder Act Four","Replay The Spire","Shop Mod","StSLib","Synergy Search","Td1madao Mod","The Administrix","The Animator","The Blue Laboratory","The Bug Knight","The Construct","The Cursed","The Disciple","The Hierophant","The Necromancer","The Runesmith","The Senshi","The Servant 0.9.4","Thieving Mod","Transform Curses","WarShipGirlsR/????R mod"],"gold_per_floor":[10012,10012,10012,10028,9367,9400,8853,8853,8853,8793,8809,8809,8829,8845,8845,8916,8916,8936,8947,8947,8958,8295,8295],"floor_reached":22,"language":"ENG","playtime":807,"items_purged":["Bash","Strike_R"],"score":326,"play_id":"a42c91bd-9a9e-4dea-aa54-af357dcf031c","local_time":"20210225165144","is_ascension_mode":true,"campfire_choices":[{"data":"Inflame","floor":8.0,"key":"SMITH"},{"data":"Body Slam","floor":15.0,"key":"SMITH"}],"circlet_count":0,"master_deck":["AscendersBane","Strike_R","Strike_R","Strike_R","Strike_R+1","Defend_R","Defend_R","Defend_R","Defend_R","Metallicize","Body Slam+1","Inflame+1","Self Repair+1","Iron Wave","Sword Boomerang","Iron Wave","Metallicize","Sword Boomerang","Headbutt"],"relics":["aspiration:DSix","Brimstone","Gremlin Horn","King of Hearts","TheAbacus","Onion Ring","Vajra","PaintedHorse:ReiMu","Cursed Key","MerchantsRug","HollowMod:PaleOreRelic","Regal Pillow","Question Card"],"acts_visited":["Exordium","TheCity"],"potions_floor_usage":[],"damage_taken":[{"damage":13.0,"enemies":"Jaw Worm","floor":1.0,"turns":5.0},{"damage":7.0,"enemies":"Small Slimes","floor":4.0,"turns":3.0},{"damage":26.0,"enemies":"Gremlin Nob","floor":6.0,"turns":4.0},{"damage":0.0,"enemies":"2 Louse","floor":11.0,"turns":3.0},{"damage":0.0,"enemies":"Large Slime","floor":13.0,"turns":3.0},{"damage":9.0,"enemies":"Red Slaver","floor":14.0,"turns":3.0},{"damage":15,"enemies":"The Guardian","floor":16,"turns":11},{"damage":14,"enemies":"3 Byrds","floor":18,"turns":6},{"damage":0,"enemies":"Chosen","floor":19,"turns":4},{"damage":27,"enemies":"Snake Plant","floor":21,"turns":6}],"seed_played":"-5868222412058821713","potions_obtained":[{"floor":1.0,"key":"Doom Potion"},{"floor":4.0,"key":"Reflective Coating"}],"is_trial":false,"path_per_floor":["M","?","?","M","$","E","$","R","T","?","M","?","M","M","R","B",null,"M","M","?","M","$"],"character_chosen":"IRONCLAD","items_purchased":["Vajra","Onion Ring","Elixir","MerchantsRug","Metallicize","Inflame","HollowMod:PaleOreRelic","Regal Pillow","TheAbacus","Explosive Potion","Gremlin Horn","Question Card","Brimstone","Sword Boomerang","Headbutt"],"campfire_rested":0,"item_purchase_floors":[5,5,5,5,5,7,7,7,7,7,22,22,22,22,22],"current_hp_per_floor":[61,61,61,60,60,40,40,40,40,40,46,46,56,57,57,52,69,65,75,75,58,58,58],"gold":8295,"neow_bonus":"DSIX","is_daily":false,"chose_seed":false,"campfire_upgraded":2,"win_rate":0.0,"timestamp":1614268304,"path_taken":["M","?","?","M","$","E","$","R","T","?","M","?","?","M","R","BOSS","M","M","?","M","$"],"items_purchased_type":["Relic","Relic","Potion","Relic","Card","Card","Relic","Relic","Relic","Potion","Relic","Relic","Relic","Card","Card"],"build_version":"2020-12-22","purchased_purges":2,"victory":false,"max_hp_per_floor":[75,75,75,75,75,75,75,75,75,75,75,75,75,75,75,75,75,75,75,75,75,75,75],"card_choices":[{"not_picked":["Life Link","Warcry","Dark Embrace"],"picked":"SKIP","floor":1.0},{"not_picked":["Power Through","Havoc","Wild Strike"],"picked":"SKIP","floor":4.0},{"not_picked":["Massacre","Fire Breathing"],"picked":"Body Slam","floor":6.0},{"not_picked":["ReplayTheSpireMod:Limb From Limb","Thunderclap","Combust"],"picked":"SKIP","floor":11.0},{"not_picked":["Pommel Strike","Pummel"],"picked":"Iron Wave","floor":13.0},{"not_picked":["Pommel Strike","Burning Pact","Abandon"],"picked":"SKIP","floor":14.0},{"not_picked":["Pummel+1","Havoc"],"picked":"Sword Boomerang","floor":18},{"not_picked":["Havoc+1","Warcry"],"picked":"Iron Wave","floor":19},{"not_picked":["Armaments","Abandon","Clash"],"picked":"SKIP","floor":21}],"player_experience":485966,"relics_obtained":[{"floor":6.0,"key":"King of Hearts"}],"event_choices":[{"damage_healed":0.0,"max_hp_gain":0.0,"max_hp_loss":0.0,"gold_gain":0.0,"event_name":"yidonshenshe","player_choice":"Donate","floor":10.0,"gold_loss":60.0,"damage_taken":0.0,"relics_obtained":["PaintedHorse:ReiMu"]},{"damage_healed":0,"gold_gain":0,"player_choice":"Copied","damage_taken":0,"max_hp_gain":0,"max_hp_loss":0,"event_name":"Duplicator","floor":20,"gold_loss":0,"cards_obtained":["Metallicize"]}],"is_beta":false,"boss_relics":[{"not_picked":["Astrolabe","Pandora\u0027s Box"],"picked":"Cursed Key"}],"items_purged_floors":[5,5],"is_endless":false,"potions_floor_spawned":[1,4,11,18],"ascension_level":15}}