{"host":"65a95dzim48ko8ke","time":1614236063,"event":{"mods":["AchievementEnabler","Aspiration","BaseMod","Bestiary","Better Altar","Better Match","Better Note","Better Sensory Stone","Better Skull","Better Third Choice","Block Reminder","Colored Map","Colored Powertips","Conspire","Curses Come First","DeckTracker","Energized Spire","Halation","Highlight Path","Hubris","Jedi Mod","Minty Spire (QoL Compilation)","MostiFishMod","Permanent Neow","Quick Restart","Random Character Button","Rare Cards Sparkle","Relic Sorter","Reliquary","Replay The Spire","RumiaBox-òIïƒ?ìIê_îÈ·¥éq","Spicy Shops","StSLib","TestMod","The Blue Laboratory","The IronCluck","Trackpad","Wandering Minibosses","Åy?ï®?îvÅzREMEMod"],"gold_per_floor":[113,175,192,207,227,260,260,292,340,340,31,31,50,0,0,103,403,417,433,147,147,165,165,200,200,223,257,257,272,291,291,291,392,392,403,415,430,444,5,32,32,52,75,75,75,175,193,222,222,222],"floor_reached":51,"language":"ENG","playtime":6495,"items_purged":["Strike_G","Strike_G","hubris:Wrath","Hallucinations","ReplayTheSpireMod:Splinters"],"score":1073,"play_id":"dbe3e04c-ef91-44fa-98b3-bc884a1bcaaa","local_time":"20210225155423","is_ascension_mode":true,"campfire_choices":[{"data":"Envenom","floor":7.0,"key":"SMITH"},{"floor":12.0,"key":"REST"},{"data":"Infinite Blades","floor":15.0,"key":"SMITH"},{"data":"jedi:poisonivy","floor":23.0,"key":"SMITH"},{"data":"Wraith Form v2","floor":25.0,"key":"SMITH"},{"data":"MostiFishMod:VineMother","floor":32.0,"key":"SMITH"},{"data":"REME_ShadowForm","floor":41.0,"key":"SMITH"},{"data":"Night Terror","floor":45.0,"key":"SMITH"},{"data":"Backflip","floor":49.0,"key":"SMITH"}],"circlet_count":0,"master_deck":["AscendersBane","Strike_G","Strike_G","Strike_G","Defend_G","Defend_G","Defend_G","Defend_G","Defend_G","Survivor","Neutralize","Dodge and Roll","MostiFishMod:PoisonShield","Backflip+1","Envenom+1","Poisoned Stab","Replay:Poison Smokescreen","jedi:poisonivy+1","Infinite Blades+1","MostiFishMod:VineMother+1","MostiFishMod:SpreadingSpore","Slice+1","MostiFishMod:InvigoratingSolution+1","Blade Dance","MostiFishMod:PerfectParry","Wraith Form v2+1","Replay:Poison Smokescreen","Catalyst+1","MostiFishMod:InvigoratingSolution","Backstab","Backflip","Infinite Blades+1","Night Terror+1","Endless Agony+1","Sneak Up+1","Cloak And Dagger+1","REME_CopyPotion","REME_ShadowForm+1","Blade Dance+1","Escape Plan","Cloak And Dagger+1"],"relics":["Ring of the Snake","DaveBox","testmod-TestBox","REME_ComplimentaryCards","aspiration:Nostalgia","Sizzling Blood","trackpad:RapidFire","Darkstone Periapt","CaptainsWheel","trackpad:WeightlessShivs","Strawberry","Smiling Mask","aspiration:VileToxins","Replay:Ancient Bell","reliquary:ExpiredCoupon","hubris:Metronome","Old Coin","Bloody Idol","jedi:gremlinknob","testmod-IndustrialRevolution","hubris:DeckOfHolding","Happy Flower","wanderingMiniBosses:Inkheart","jedi:battlestandard","hubris:EmptyBottle","ReplayFunnel","Akabeko","Ninja Scroll"],"acts_visited":["Exordium","TheCity","TheBeyond"],"potions_floor_usage":[50,50,50,50,50],"damage_taken":[{"damage":1.0,"enemies":"Small Slimes","floor":1.0,"turns":5.0},{"damage":0.0,"enemies":"conspire:RoseBush","floor":3.0,"turns":3.0},{"damage":0.0,"enemies":"Jaw Worm","floor":4.0,"turns":4.0},{"damage":11.0,"enemies":"Exordium Thugs","floor":5.0,"turns":5.0},{"damage":10.0,"enemies":"Replay:BlueRogue","floor":6.0,"turns":8.0},{"damage":18.0,"enemies":"Gremlin Nob","floor":8.0,"turns":4.0},{"damage":0.0,"enemies":"Large Slime","floor":13.0,"turns":4.0},{"damage":17.0,"enemies":"The Guardian","floor":16.0,"turns":7.0},{"damage":0.0,"enemies":"3 Byrds","floor":18.0,"turns":2.0},{"damage":9.0,"enemies":"conspire:FuzzyDice","floor":19.0,"turns":6.0},{"damage":5.0,"enemies":"conspire:HollyBat","floor":22.0,"turns":7.0},{"damage":3.0,"enemies":"Replay:Snechameleon","floor":24.0,"turns":4.0},{"damage":7.0,"enemies":"REME_1_Revenger","floor":27.0,"turns":4.0},{"damage":8.0,"enemies":"Centurion and Healer","floor":29.0,"turns":5.0},{"damage":0.0,"enemies":"Sentry and Sphere","floor":30.0,"turns":4.0},{"damage":0.0,"enemies":"Collector","floor":33.0,"turns":6.0},{"damage":12.0,"enemies":"Orb Walker","floor":35.0,"turns":2.0},{"damage":9.0,"enemies":"3 Shapes","floor":36.0,"turns":3.0},{"damage":7.0,"enemies":"Writhing Mass","floor":37.0,"turns":5.0},{"damage":0.0,"enemies":"Transient","floor":38.0,"turns":5.0},{"damage":0.0,"enemies":"R_Hoarder","floor":40.0,"turns":4.0},{"damage":0.0,"enemies":"Spire Growth","floor":42.0,"turns":3.0},{"damage":0.0,"enemies":"3 Darklings","floor":47.0,"turns":3.0},{"damage":5.0,"enemies":"Reptomancer","floor":48.0,"turns":3.0},{"damage":12,"enemies":"Replay:Hell Engine","floor":50,"turns":5}],"seed_played":"-8537581377171213982","potions_obtained":[{"floor":1.0,"key":"blueLaboratory:ArtistsPotion"},{"floor":2.0,"key":"Reflective Coating"},{"floor":6.0,"key":"SteroidPotion"},{"floor":8.0,"key":"AttackPotion"},{"floor":16.0,"key":"Milkshake"},{"floor":24.0,"key":"blueLaboratory:BubblePotion"},{"floor":27.0,"key":"Weak Potion"},{"floor":29.0,"key":"Poison Potion"},{"floor":30.0,"key":"REME_GoldPotion"},{"floor":33.0,"key":"Fire Potion"},{"floor":37.0,"key":"Dexterity Potion"},{"floor":42.0,"key":"blueLaboratory:ArtistsPotion"}],"is_trial":false,"path_per_floor":["M","?","M","M","M","E","R","E","T","?","$","R","M","$","R","B",null,"M","M","$","?","M","R","E","R","T","E","T","M","M","?","R","B",null,"M","M","M","M","$","E","R","M","T","?","R","?","M","E","R","B",null],"character_chosen":"THE_SILENT","items_purchased":["Infinite Blades","aspiration:VileToxins","Blade Dance","MostiFishMod:PerfectParry","Wraith Form v2","REME_CopyPotion","REME_ShadowForm","hubris:EmptyBottle"],"campfire_rested":1,"item_purchase_floors":[11,11,20,20,20,39,39,39],"current_hp_per_floor":[70,52,56,60,53,47,47,33,33,8,8,32,36,36,36,23,85,89,84,84,34,41,41,47,47,52,56,56,60,72,72,72,84,95,94,94,96,99,99,99,99,99,99,94,94,94,94,94,94,86],"gold":222,"neow_bonus":"NOSTALGIA","is_daily":false,"chose_seed":false,"campfire_upgraded":8,"win_rate":0.0,"timestamp":1614236063,"path_taken":["M","?","M","M","M","E","R","E","T","?","$","R","?","?","R","BOSS","M","M","$","?","M","R","E","R","T","E","?","M","?","?","R","BOSS","M","?","M","M","$","E","R","M","T","?","R","?","?","E","R","BOSS"],"items_purchased_type":["Card","Relic","Card","Card","Card","Card","Card","Relic"],"build_version":"2020-12-22","purchased_purges":5,"victory":true,"max_hp_per_floor":[74,74,74,74,74,74,74,74,74,81,81,81,81,81,81,81,99,99,99,99,99,99,99,99,99,99,99,99,99,99,99,99,99,99,99,99,99,99,99,99,99,99,99,94,94,94,94,94,94,94],"card_choices":[{"not_picked":["jedi:collectorvenom","Choke"],"picked":"Dodge and Roll","floor":1.0},{"not_picked":["Cloak And Dagger","Underhanded Strike"],"picked":"MostiFishMod:PoisonShield","floor":2.0},{"not_picked":["Accuracy","Bane"],"picked":"Backflip","floor":3.0},{"not_picked":["Prepared","Bane"],"picked":"Envenom","floor":4.0},{"not_picked":["Bane","Hidden Blade"],"picked":"Poisoned Stab","floor":5.0},{"not_picked":["Expertise","Acrobatics"],"picked":"Replay:Poison Smokescreen","floor":6.0},{"not_picked":["Dagger Throw","jedi:pocketpoison"],"picked":"jedi:poisonivy","floor":8.0},{"not_picked":["Sneak Up","Blade Dance"],"picked":"MostiFishMod:VineMother","floor":13.0},{"not_picked":["MostiFishMod:LethalBlade","MostiFishMod:Opportunism"],"picked":"MostiFishMod:SpreadingSpore","floor":16.0},{"not_picked":["Voices","jedi:frostbite"],"picked":"Hallucinations","floor":17.0},{"not_picked":["Regret","hubris:Envy"],"picked":"hubris:Wrath","floor":17.0},{"not_picked":["Sickly","hubris:Compulsion"],"picked":"ReplayTheSpireMod:Splinters","floor":17.0},{"not_picked":["Acrobatics","Poisoned Stab"],"picked":"Slice+1","floor":18.0},{"not_picked":["Underhanded Strike+1","Bane"],"picked":"MostiFishMod:InvigoratingSolution+1","floor":19.0},{"not_picked":["Bane","Quick Slash"],"picked":"Replay:Poison Smokescreen","floor":22.0},{"not_picked":["MostiFishMod:SpreadingSpore","Well Laid Plans"],"picked":"Catalyst+1","floor":24.0},{"not_picked":["Acrobatics+1","Accuracy"],"picked":"MostiFishMod:InvigoratingSolution","floor":27.0},{"not_picked":["Flying Knee+1","Replay:Poison Smokescreen+1"],"picked":"Backstab","floor":29.0},{"not_picked":["Fluid Movement","Sucker Punch+1"],"picked":"Backflip","floor":30.0},{"not_picked":["aspiration:Lunge","MostiFishMod:SpreadingSpore"],"picked":"Night Terror","floor":33.0},{"not_picked":["hubris:Sniper","Reflex"],"picked":"Endless Agony+1","floor":35.0},{"not_picked":["Riddle With Holes","Bane"],"picked":"Sneak Up+1","floor":36.0},{"not_picked":["hubris:Counter","Deadly Poison+1"],"picked":"Cloak And Dagger+1","floor":37.0},{"not_picked":["Outmaneuver+1","Backflip","Sucker Punch"],"picked":"SKIP","floor":38.0},{"not_picked":["Prepared","hubris:TrickCloak+1"],"picked":"Blade Dance+1","floor":40.0},{"not_picked":["jedi:unstablefumes+1","Blade Dance"],"picked":"Escape Plan","floor":42.0},{"not_picked":["Bane","PiercingWail"],"picked":"MostiFishMod:FullyArmed","floor":47.0},{"not_picked":["Quick Slash","Acrobatics"],"picked":"Cloak And Dagger+1","floor":48.0}],"player_experience":416266,"relics_obtained":[{"floor":2.0,"key":"trackpad:RapidFire"},{"floor":6.0,"key":"Darkstone Periapt"},{"floor":8.0,"key":"CaptainsWheel"},{"floor":9.0,"key":"trackpad:WeightlessShivs"},{"floor":24.0,"key":"jedi:gremlinknob"},{"floor":26.0,"key":"testmod-IndustrialRevolution"},{"floor":27.0,"key":"hubris:DeckOfHolding"},{"floor":28.0,"key":"Happy Flower"},{"floor":30.0,"key":"wanderingMiniBosses:Inkheart"},{"floor":40.0,"key":"ReplayFunnel"},{"floor":43.0,"key":"Akabeko"},{"floor":48.0,"key":"Ninja Scroll"}],"event_choices":[{"damage_healed":0.0,"max_hp_gain":0.0,"max_hp_loss":0.0,"gold_gain":1.0,"event_name":"betterThird:BetterScrap","player_choice":"Relic Relic ","floor":10.0,"gold_loss":0.0,"damage_taken":32.0,"cards_obtained":["MostiFishMod:Moye"]},{"damage_healed":0.0,"max_hp_gain":84.0,"max_hp_loss":34.0,"gold_gain":0.0,"event_name":"betterAltar:BetterAltar","player_choice":" Idol ","floor":21.0,"potions_obtained":[],"relics_lost":[],"gold_loss":0.0,"damage_taken":50.0,"relics_obtained":["Bloody Idol"]},{"damage_healed":0.0,"max_hp_gain":0.0,"max_hp_loss":0.0,"gold_gain":0.0,"event_name":"Duplicator","player_choice":"Copied","floor":31.0,"gold_loss":0.0,"damage_taken":0.0,"cards_obtained":["Infinite Blades"]},{"damage_healed":0.0,"max_hp_gain":0.0,"max_hp_loss":5.0,"gold_gain":0.0,"event_name":"Winding Halls","player_choice":"Max HP","floor":44.0,"gold_loss":0.0,"damage_taken":0.0},{"damage_healed":0.0,"max_hp_gain":0.0,"max_hp_loss":0.0,"gold_gain":100.0,"event_name":"Golden Shrine","player_choice":"Pray","floor":46.0,"gold_loss":0.0,"damage_taken":0.0}],"is_beta":false,"boss_relics":[{"not_picked":["WristBlade","TimeKeys"],"picked":"Replay:Ancient Bell"},{"not_picked":["Regal Pillow","Bag of Marbles"],"picked":"reliquary:ExpiredCoupon"},{"not_picked":["REME_LimitBreaker","Mummified Hand"],"picked":"hubris:Metronome"},{"not_picked":["Tingsha","Calipers"],"picked":"Old Coin"},{"not_picked":["aspiration:RunicSpoon","reliquary:ThirdArm"],"picked":"jedi:battlestandard"}],"items_purged_floors":[11,14,20,20,39],"is_endless":false,"potions_floor_spawned":[1,6,8,16,24,27,29,30,33,37,40,42,48],"ascension_level":10}}