{"host":"z4s4qib7mdvdkfud","time":1614270009,"event":{"mods":["BaseMod","Colored Map","Colored Powertips","Curses Come First","DeckTracker","Downfall","Highlight Path","Minty Spire (QoL Compilation)","Permanent Neow","Replay The Spire","StSLib","Wide Potions"],"gold_per_floor":[99,116,133,58,75,86,86,97,126,139,139,171,21,47,64,160,160,110,129,149,161,161,161,187,207,6,41,26,40,40,55,67,162,162,12,28,48,48,154,4,29,95,57,104,66,90,116,158,183,195,207,251,16,16,16,16],"floor_reached":57,"language":"ENG","playtime":4659,"items_purged":["Slimebound:Strike_Slimebound","Slimebound:Strike_Slimebound"],"score":1433,"play_id":"546a92ee-d9a2-42a8-9239-4dc0e3a8a8a9","local_time":"20210226032009","is_ascension_mode":true,"campfire_choices":[{"data":"Slimebound:Split","floor":1,"key":"SMITH"},{"data":"Slimebound:SlimeBarrage","floor":13,"key":"SMITH"},{"data":"Slimebound:LevelUp","floor":18,"key":"SMITH"},{"floor":30,"key":"RECALL"},{"data":"Languid","floor":35,"key":"PURGE"},{"data":"Slimebound:DuplicatedForm","floor":40,"key":"SMITH"},{"data":"Slimebound:CorrosiveSpit","floor":45,"key":"SMITH"}],"circlet_count":0,"master_deck":["Slimebound:Strike_Slimebound","Slimebound:Tackle","Slimebound:Defend_Slimebound","Slimebound:Defend_Slimebound","Slimebound:Defend_Slimebound","Slimebound:Split+1","Slimebound:CorrosiveSpit+1","Slimebound:SlimeBarrage+1","Slimebound:DisruptingSlam","Slimebound:Prepare","Slimebound:Schlurp","Slimebound:LevelUp+1","Slimebound:SpikyOuterGoop","Slimebound:DuplicatedForm+1","Slimebound:SlimeSpikes","Slimebound:RallyTheTroops+1","Slimebound:MegaLick+1","Slimebound:Equalize+1","RitualDagger+1","Guardian:Defend_Guardian","Slimebound:SlimeSpikes+1","Slimebound:SamplingLick+1","Slimebound:SlimeSpikes+1","Sadistic Nature","Slimebound:SamplingLick+1","Slimebound:TongueLash+1","Slimebound:GrowthPunch+1","Slimebound:MassRepurpose","Slimebound:MinionMaster+1","Slimebound:MegaLick+1","Slimebound:ComboTackle+1","Slimebound:Schlurp+1","Slimebound:LevelUp+1","Slimebound:RallyTheTroops+1","Slimebound:HauntingLick+1","Slimebound:Prepare+1","Slimebound:MinionMaster+1","Slimebound:ComboTackle+1","Pot Of Greed","Pot Of Greed","Pot Of Greed","Pot Of Greed"],"relics":["Slimebound:AbsorbEndCombat","Slimebound:GreedOozeRelic","Chameleon Ring","Prayer Wheel","Ring of Fangs","ReplayTheSpireMod:Ring of Addiction","SacredBark","Potion Belt","Pantograph","downfall:HeartBlessingGreen","Molten Egg 2","Replay:Bronze Core","Frozen Egg 2","Painkiller Herb","downfall:HeartBlessingRed","ClockworkSouvenir","downfall:HeartBlessingBlue","MawBank","Du-Vu Doll","Replay:Ringing Soul","Lantern","InkBottle","Grinning Jar"],"acts_visited":["Exordium","TheCity","TheBeyond","TheEnding"],"potions_floor_usage":[12,16,19,25,31,39,39,42,48,55,56,56,56,56],"damage_taken":[{"damage":6,"enemies":"2 Louse","floor":2,"turns":3},{"damage":0,"enemies":"Small Slimes","floor":3,"turns":4},{"damage":1,"enemies":"Cultist","floor":5,"turns":3},{"damage":10,"enemies":"Exordium Wildlife","floor":6,"turns":3},{"damage":5,"enemies":"downfall:LooterAlt","floor":8,"turns":4},{"damage":1,"enemies":"Replay:BlueRogue","floor":9,"turns":5},{"damage":22,"enemies":"Exordium Thugs","floor":10,"turns":7},{"damage":18,"enemies":"Lagavulin","floor":12,"turns":5},{"damage":16,"enemies":"3 Sentries","floor":14,"turns":5},{"damage":1,"enemies":"3 Louse","floor":15,"turns":3},{"damage":11,"enemies":"DF_ARCHETYPE_STREAMLINE","floor":16,"turns":9},{"damage":15,"enemies":"Shell Parasite","floor":19,"turns":3},{"damage":15,"enemies":"3 Byrds","floor":20,"turns":4},{"damage":20,"enemies":"3 Cultists","floor":21,"turns":5},{"damage":5,"enemies":"Snake Plant","floor":25,"turns":3},{"damage":18,"enemies":"downfall:FleeingMerchant","floor":26,"turns":5},{"damage":15,"enemies":"Replay:Snechameleon","floor":27,"turns":4},{"damage":3,"enemies":"downfall:FleeingMerchant","floor":28,"turns":5},{"damage":25,"enemies":"Shelled Parasite and Fungi","floor":29,"turns":7},{"damage":19,"enemies":"Sentry and Sphere","floor":31,"turns":3},{"damage":1,"enemies":"Snake Plant","floor":32,"turns":3},{"damage":3,"enemies":"WA_ARCHETYPE_CALM","floor":33,"turns":8},{"damage":15,"enemies":"3 Darklings","floor":36,"turns":5},{"damage":3,"enemies":"Orb Walker","floor":37,"turns":4},{"damage":7,"enemies":"downfall:FleeingMerchant","floor":39,"turns":4},{"damage":28,"enemies":"2 Orb Walkers","floor":42,"turns":5},{"damage":15,"enemies":"R_Hoarder","floor":44,"turns":5},{"damage":35,"enemies":"3 Darklings","floor":46,"turns":4},{"damage":7,"enemies":"Sphere and 2 Shapes","floor":47,"turns":3},{"damage":6,"enemies":"Reptomancer","floor":48,"turns":4},{"damage":63,"enemies":"Transient","floor":49,"turns":5},{"damage":33,"enemies":"IC_BLOCK_ARCHETYPE","floor":50,"turns":7},{"damage":76,"enemies":"downfall:CharBossMerchant","floor":52,"turns":6},{"damage":57,"enemies":"downfall:NeowBoss","floor":55,"turns":12},{"damage":62,"enemies":"downfall:NeowBossFinal","floor":56,"turns":7}],"seed_played":"-7033120539160324755","potions_obtained":[{"floor":2,"key":"Death Potion"},{"floor":5,"key":"Cursed Concoction"},{"floor":8,"key":"Dexterity Potion"},{"floor":11,"key":"DistilledChaos"},{"floor":11,"key":"ColorlessPotion"},{"floor":11,"key":"SteroidPotion"},{"floor":15,"key":"ColorlessPotion"},{"floor":16,"key":"Adrenaline Potion"},{"floor":20,"key":"Slimebound:SlimyTonguePotion"},{"floor":21,"key":"Fire Potion"},{"floor":32,"key":"Swift Potion"},{"floor":33,"key":"Slimebound:SlimyTonguePotion"},{"floor":36,"key":"Block Potion"},{"floor":43,"key":"Fruit Juice"},{"floor":43,"key":"DuplicationPotion"},{"floor":44,"key":"CultistPotion"},{"floor":52,"key":"Flashbang"},{"floor":54,"key":"sneckomod:MuddlingPotion"},{"floor":54,"key":"CultistPotion"}],"is_trial":false,"path_per_floor":["R","M","M","?","M","M","T","M","E","M","?","E","R","E","M","B",null,"R","M","M","M","?","?","T","M","$","E","$","M","R","M","M","B",null,"T","?","?","?","T","T","T","?","T","E","T","?","?","E","?","B",null,"E","T","T","B","B",null],"character_chosen":"SLIMEBOUND","items_purchased":["Sadistic Nature","ClockworkSouvenir","Grinning Jar"],"campfire_rested":0,"item_purchase_floors":[26,39,53],"current_hp_per_floor":[65,61,65,65,65,59,59,58,65,47,47,37,37,27,32,54,63,63,63,63,63,57,57,57,56,61,61,61,59,59,55,58,57,59,57,57,56,55,50,60,60,53,53,68,68,57,61,100,75,90,114,65,68,68,71,75],"gold":16,"neow_bonus":"THREE_CARDS","is_daily":false,"chose_seed":false,"campfire_upgraded":5,"win_rate":0.0,"timestamp":1614270009,"path_taken":["R","M","M","?","M","M","T","M","E","M","?","E","R","E","M","BOSS","R","M","M","M","?","?","T","M","$","E","$","?","R","M","M","BOSS","T","?","?","?","T","T","T","?","T","E","T","?","?","E","?","BOSS","E","T","T","BOSS","BOSS"],"items_purchased_type":["Card","Relic","Relic"],"build_version":"2020-12-22","purchased_purges":2,"victory":true,"max_hp_per_floor":[65,65,65,65,65,65,65,65,65,65,65,65,65,65,65,63,63,63,63,63,63,63,61,61,61,61,61,61,59,59,59,59,59,59,57,57,57,55,55,65,65,65,65,68,68,69,72,111,114,114,114,112,115,115,113,113],"card_choices":[{"not_picked":["Slimebound:FormOfPuddle","Slimebound:RollThrough"],"picked":"Slimebound:SlimeBarrage","floor":0},{"not_picked":["Slimebound:BestDefense","Slimebound:FormOfPuddle"],"picked":"Slimebound:DisruptingSlam","floor":2},{"not_picked":["Slimebound:RollThrough","Slimebound:Grow","Slimebound:PressTheAttack"],"picked":"SKIP","floor":3},{"not_picked":["Slimebound:LeechingTouch","Slimebound:SplitMire","Slimebound:RollThrough"],"picked":"SKIP","floor":5},{"not_picked":["Slimebound:SplitMire","Slimebound:LeechingTouch","Slimebound:BestDefense"],"picked":"SKIP","floor":6},{"not_picked":["Slimebound:RejuvenatingLick","Slimebound:SlimeBarrage"],"picked":"Slimebound:Prepare","floor":8},{"not_picked":["Slimebound:SplitMire","Slimebound:SlimeBarrage"],"picked":"Slimebound:Schlurp","floor":9},{"not_picked":["Slimebound:LivingWall","Slimebound:SlimeSpikes"],"picked":"Slimebound:LevelUp","floor":10},{"not_picked":["Slimebound:Teamwork","Slimebound:Repurpose","Slimebound:LivingWall"],"picked":"SKIP","floor":10},{"not_picked":["Slimebound:LeechingTouch","Slimebound:GoopSpray"],"picked":"Slimebound:SpikyOuterGoop","floor":12},{"not_picked":["Slimebound:ItLooksTasty+1","Slimebound:SlimeSpikes"],"picked":"Slimebound:DuplicatedForm","floor":14},{"not_picked":["Slimebound:ProtectTheBoss","Slimebound:RejuvenatingLick"],"picked":"Slimebound:SlimeSpikes","floor":15},{"not_picked":["Slimebound:HauntingLick","Slimebound:SplitLeeching","Slimebound:SplitAcid"],"picked":"SKIP","floor":15},{"not_picked":["Slimebound:SlimeSlap+1","Slimebound:SelfFormingGoo"],"picked":"Slimebound:RallyTheTroops+1","floor":16},{"not_picked":["Slimebound:ServeAndProtect","Slimebound:SpikyOuterGoop"],"picked":"Slimebound:MegaLick+1","floor":19},{"not_picked":["Slimebound:SamplingLick","Slimebound:SplitAcid+1","Slimebound:RejuvenatingLick"],"picked":"SKIP","floor":19},{"not_picked":["Slimebound:SplitBruiser","Slimebound:GoopTackle+1"],"picked":"Slimebound:Equalize+1","floor":20},{"not_picked":["Slimebound:FlameTackle+1","Slimebound:GoopTackle+1","Slimebound:ServeAndProtect"],"picked":"SKIP","floor":20},{"not_picked":["Slimebound:GoopTackle+1","Slimebound:RainOfGoop","Slimebound:Chomp+1"],"picked":"SKIP","floor":21},{"not_picked":["Slimebound:ItLooksTasty+1","Slimebound:ProtectTheBoss","Slimebound:FlameTackle+1"],"picked":"SKIP","floor":21},{"not_picked":["Slimebound:HauntingLick","Slimebound:SplitMire"],"picked":"Slimebound:SlimeSpikes+1","floor":25},{"not_picked":["Slimebound:Grow+1","Slimebound:SlimeSpikes"],"picked":"Slimebound:SamplingLick+1","floor":25},{"not_picked":["Slimebound:ForwardTackle+1","Slimebound:FinishingTackle+1"],"picked":"Slimebound:SlimeSpikes+1","floor":26},{"not_picked":["Slimebound:MegaLick","Slimebound:SplitLeeching"],"picked":"Slimebound:SamplingLick+1","floor":27},{"not_picked":["Slimebound:ForwardTackle+1","Slimebound:RollThrough+1","Slimebound:FirmFortitude"],"picked":"SKIP","floor":28},{"not_picked":["Slimebound:Prepare","Slimebound:Schlurp"],"picked":"Slimebound:TongueLash+1","floor":29},{"not_picked":["Slimebound:SlimeSpikes","Slimebound:SplitMire","Slimebound:RejuvenatingLick"],"picked":"SKIP","floor":29},{"not_picked":["Slimebound:PressTheAttack+1","Slimebound:ItLooksTasty+1"],"picked":"Slimebound:GrowthPunch+1","floor":31},{"not_picked":["Slimebound:GoopTackle+1","Slimebound:RejuvenatingLick","Slimebound:Schlurp"],"picked":"SKIP","floor":31},{"not_picked":["Slimebound:LivingWall","Slimebound:SplitBruiser+1"],"picked":"Slimebound:MassRepurpose","floor":32},{"not_picked":["Slimebound:PressTheAttack+1","Slimebound:SplitMire","Slimebound:RainOfGoop"],"picked":"SKIP","floor":32},{"not_picked":["Slimebound:DouseInSlime","Slimebound:Overexert+1"],"picked":"Slimebound:MinionMaster+1","floor":33},{"not_picked":["Slimebound:PressTheAttack+1","Slimebound:SplitBruiser"],"picked":"Slimebound:MegaLick+1","floor":36},{"not_picked":["Slimebound:SplitMire+1","Slimebound:DisruptingSlam+1"],"picked":"Slimebound:ComboTackle+1","floor":36},{"not_picked":["Slimebound:ProtectTheBoss+1","Slimebound:FlameTackle+1"],"picked":"Slimebound:Schlurp+1","floor":37},{"not_picked":["Slimebound:FinishingTackle+1","Slimebound:SlimeSpikes","Slimebound:ForwardTackle+1"],"picked":"SKIP","floor":37},{"not_picked":["Slimebound:HauntingLick","Slimebound:SamplingLick","Slimebound:FinishingTackle+1"],"picked":"SKIP","floor":39},{"not_picked":["Slimebound:LivingWall","Slimebound:FormOfPuddle"],"picked":"Slimebound:LevelUp+1","floor":44},{"not_picked":["Slimebound:ForwardTackle+1","Slimebound:SplitLeeching"],"picked":"Slimebound:RallyTheTroops+1","floor":46},{"not_picked":["Slimebound:ItLooksTasty+1","Slimebound:AcidTongue+1"],"picked":"Slimebound:HauntingLick+1","floor":46},{"not_picked":["Slimebound:SplitBruiser+1","Slimebound:TongueLash+1"],"picked":"Slimebound:Prepare+1","floor":47},{"not_picked":["Slimebound:SplitBruiser+1","Slimebound:Repurpose+1","Slimebound:PressTheAttack+1"],"picked":"SKIP","floor":47},{"not_picked":["Slimebound:RollThrough+1","Slimebound:SlimeBarrage+1"],"picked":"Slimebound:MinionMaster+1","floor":48},{"not_picked":["Slimebound:GoopSpray+1","Slimebound:SplitLeeching"],"picked":"Slimebound:ComboTackle+1","floor":49},{"not_picked":["Slimebound:SamplingLick","Slimebound:ProtectTheBoss+1","Slimebound:Chomp+1"],"picked":"SKIP","floor":49},{"not_picked":["Slimebound:FinishingTackle+1","Slimebound:SplitBruiser+1","Slimebound:LeechingTouch+1"],"picked":"SKIP","floor":52}],"player_experience":83127,"relics_obtained":[{"floor":7,"key":"Chameleon Ring"},{"floor":9,"key":"Prayer Wheel"},{"floor":11,"key":"Ring of Fangs"},{"floor":11,"key":"ReplayTheSpireMod:Ring of Addiction"},{"floor":11,"key":"SacredBark"},{"floor":11,"key":"Potion Belt"},{"floor":12,"key":"Pantograph"},{"floor":14,"key":"Molten Egg 2"},{"floor":27,"key":"Frozen Egg 2"},{"floor":41,"key":"MawBank"},{"floor":42,"key":"Du-Vu Doll"},{"floor":44,"key":"Replay:Ringing Soul"},{"floor":48,"key":"Lantern"},{"floor":52,"key":"InkBottle"}],"event_choices":[{"cards_removed":["Slimebound:Defend_Slimebound"],"damage_healed":0,"gold_gain":0,"player_choice":"Took Card","damage_taken":0,"max_hp_gain":0,"max_hp_loss":0,"event_name":"NoteForYourself","floor":23,"gold_loss":0,"cards_obtained":["Guardian:Defend_Guardian"]},{"damage_healed":0,"gold_gain":0,"player_choice":"Fight","damage_taken":0,"max_hp_gain":0,"max_hp_loss":0,"event_name":"Mysterious Sphere","floor":42,"gold_loss":0}],"is_beta":false,"boss_relics":[{"not_picked":["Replay:Drink Me","Runic Pyramid"],"picked":"Replay:Bronze Core"},{"not_picked":["Runic Dome","Coffee Dripper"],"picked":"Painkiller Herb"}],"items_purged_floors":[39,53],"is_endless":false,"potions_floor_spawned":[2,5,8,9,15,16,20,21,32,33,36,37,44,52],"ascension_level":1}}