{"host":"lsq35p0sdkx2xifo","time":1614227109,"event":{"mods":["AchievementEnabler","BaseMod","Highlight Path","Minty Spire (QoL Compilation)","StSLib"],"gold_per_floor":[113,129,45,61,79,79,94,94,94,94,125,144,165,181,181,256,256,256,256,276,290,290,290],"floor_reached":22,"language":"ENG","playtime":1594,"items_purged":[],"score":352,"play_id":"1e3530e3-0bf7-4f52-a06e-45b0947ba3be","local_time":"20210224202509","is_ascension_mode":true,"campfire_choices":[{"data":"Infinite Blades","floor":6,"key":"SMITH"},{"data":"Accuracy","floor":8,"key":"SMITH"},{"data":"Cloak And Dagger","floor":10,"key":"SMITH"},{"floor":15,"key":"REST"}],"circlet_count":0,"master_deck":["AscendersBane","Strike_G","Strike_G","Strike_G","Strike_G","Strike_G","Defend_G","Defend_G","Defend_G","Defend_G","Defend_G","Survivor","Neutralize","Dodge and Roll","Infinite Blades+1","Masterful Stab","Accuracy+1","Cloak And Dagger+1","Cloak And Dagger","Infinite Blades","Terror","After Image","Accuracy","Escape Plan","Burst"],"relics":["Ring of the Snake","Darkstone Periapt","Orichalcum","Odd Mushroom","SacredBark"],"acts_visited":["Exordium","TheCity"],"potions_floor_usage":[5,5,11,18,20,22],"damage_taken":[{"damage":7,"enemies":"Cultist","floor":1,"turns":6},{"damage":0,"enemies":"2 Louse","floor":2,"turns":4},{"damage":0,"enemies":"Jaw Worm","floor":4,"turns":5},{"damage":9,"enemies":"3 Louse","floor":5,"turns":5},{"damage":3,"enemies":"Exordium Thugs","floor":7,"turns":4},{"damage":6,"enemies":"3 Sentries","floor":11,"turns":7},{"damage":3,"enemies":"Looter","floor":12,"turns":2},{"damage":0,"enemies":"The Mushroom Lair","floor":13,"turns":3},{"damage":8,"enemies":"2 Fungi Beasts","floor":14,"turns":3},{"damage":25,"enemies":"Hexaghost","floor":16,"turns":6},{"damage":0,"enemies":"2 Thieves","floor":18,"turns":1},{"damage":23,"enemies":"3 Byrds","floor":20,"turns":6},{"damage":16,"enemies":"Centurion and Healer","floor":21,"turns":6},{"damage":21,"enemies":"Sentry and Sphere","floor":22,"turns":5}],"seed_played":"-4554511965174367591","potions_obtained":[{"floor":2,"key":"Energy Potion"},{"floor":4,"key":"Regen Potion"},{"floor":7,"key":"Weak Potion"},{"floor":14,"key":"SmokeBomb"},{"floor":19,"key":"CultistPotion"},{"floor":19,"key":"ColorlessPotion"},{"floor":21,"key":"SteroidPotion"}],"is_trial":false,"path_per_floor":["M","M","$","M","M","R","M","R","T","R","E","M","?","M","R","B",null,"M","?","M","M","M"],"character_chosen":"THE_SILENT","items_purchased":["Accuracy"],"campfire_rested":1,"item_purchase_floors":[3],"current_hp_per_floor":[52,52,52,52,55,55,52,52,52,52,46,43,43,35,54,29,57,57,57,34,18,0,0],"gold":290,"neow_bonus":"THREE_CARDS","is_daily":false,"chose_seed":false,"campfire_upgraded":3,"win_rate":0.0,"timestamp":1614227109,"path_taken":["M","?","$","M","M","R","M","R","T","R","E","M","?","M","R","BOSS","M","?","?","M","M"],"items_purchased_type":["Card"],"build_version":"2020-12-22","purchased_purges":0,"victory":false,"max_hp_per_floor":[66,66,66,66,66,66,66,66,66,66,66,66,66,66,66,66,66,66,66,66,66,66,66],"card_choices":[{"not_picked":["Predator","Deflect"],"picked":"Dodge and Roll","floor":0},{"not_picked":["Backflip","Underhanded Strike"],"picked":"Infinite Blades","floor":1},{"not_picked":["Expertise","All Out Attack"],"picked":"Masterful Stab","floor":2},{"not_picked":["Quick Slash","Dash"],"picked":"Cloak And Dagger","floor":4},{"not_picked":["Backflip","All Out Attack"],"picked":"Cloak And Dagger","floor":5},{"not_picked":["Acrobatics","Slice"],"picked":"Infinite Blades","floor":7},{"not_picked":["Riddle With Holes","Flying Knee"],"picked":"Terror","floor":11},{"not_picked":["Prepared","Dodge and Roll"],"picked":"After Image","floor":12},{"not_picked":["Deadly Poison","Blade Dance"],"picked":"Accuracy","floor":13},{"not_picked":["Dash","All Out Attack"],"picked":"Escape Plan","floor":14},{"not_picked":["Grand Finale","Wraith Form v2"],"picked":"Burst","floor":16},{"not_picked":["Poisoned Stab","PiercingWail","Caltrops"],"picked":"SKIP","floor":20},{"not_picked":["Deadly Poison","Dash","Skewer"],"picked":"SKIP","floor":21}],"player_experience":1315960,"relics_obtained":[{"floor":9,"key":"Darkstone Periapt"},{"floor":11,"key":"Orichalcum"},{"floor":13,"key":"Odd Mushroom"}],"event_choices":[{"damage_healed":0,"gold_gain":0,"player_choice":"Fought Mushrooms","damage_taken":0,"max_hp_gain":0,"max_hp_loss":0,"event_name":"Mushrooms","floor":13,"gold_loss":0},{"damage_healed":0,"gold_gain":0,"player_choice":"Got Potions","damage_taken":0,"max_hp_gain":0,"max_hp_loss":0,"event_name":"Lab","floor":19,"gold_loss":0}],"is_beta":false,"boss_relics":[{"not_picked":["Astrolabe","Runic Dome"],"picked":"SacredBark"}],"items_purged_floors":[],"is_endless":false,"potions_floor_spawned":[2,4,7,14,21],"killed_by":"Sentry and Sphere","ascension_level":17}}