{"host":"kh6fvhxn285ncg0o","time":1614211930,"event":{"mods":["Act Like it!","BaseMod","Colored Map","Friendly Minions","Keyboard Shortcuts","Minty Spire (QoL Compilation)","Quick Restart","Relic Stats","StSLib","SuperFastMode","UnlockEverythingMod"],"gold_per_floor":[115,40,115,125,136,136,154,165,165,165,165,176,201,283,283,362,362,373,132,132,149,149,181,181,214,214,38,71,89,89,139,139,210,210,221,234,259,270,270,299,299,329,329,68,97,114,114,159,159,159,159,159,159,34,68,68],"floor_reached":57,"language":"KOR","playtime":1969,"items_purged":["Strike_R","Bash","Immolate+1"],"score":3592,"play_id":"c4547c50-72c4-41cc-a66b-2d2d0b406499","local_time":"20210225091210","is_ascension_mode":true,"campfire_choices":[{"data":"Body Slam","floor":6.0,"key":"SMITH"},{"data":"Carnage","floor":11.0,"key":"SMITH"},{"data":"Barricade","floor":15.0,"key":"SMITH"},{"data":"Rage","floor":24.0,"key":"SMITH"},{"floor":30.0,"key":"REST"},{"data":"Immolate","floor":32.0,"key":"SMITH"},{"data":"Burning Pact","floor":41,"key":"SMITH"},{"floor":49,"key":"RECALL"},{"data":"Battle Trance","floor":53,"key":"SMITH"}],"circlet_count":0,"master_deck":["AscendersBane","Strike_R","Defend_R","Defend_R+1","Defend_R","Defend_R+1","Combust","Body Slam+1","Burning Pact+1","Carnage+1","Battle Trance+1","Barricade+1","Offering","Shrug It Off+1","Rage+1","Flash of Steel","Exhume+1","Good Instincts+1","Impatience+1","Sentinel+1"],"relics":["Burning Blood","Happy Flower","Paper Frog","Runic Pyramid","Anchor","Toxic Egg 2","Eternal Feather","StrikeDummy","Juzu Bracelet","Runic Dome","Ice Cream","Bird Faced Urn","Vajra","Sundial","ClockworkSouvenir","Centennial Puzzle","Torii","Unceasing Top"],"acts_visited":["Exordium","TheCity","TheBeyond","TheEnding"],"potions_floor_usage":[33,56,56],"damage_taken":[{"damage":6.0,"enemies":"Cultist","floor":1.0,"turns":3.0},{"damage":7.0,"enemies":"Jaw Worm","floor":4.0,"turns":8.0},{"damage":14.0,"enemies":"Small Slimes","floor":5.0,"turns":3.0},{"damage":2.0,"enemies":"Exordium Wildlife","floor":7.0,"turns":5.0},{"damage":13.0,"enemies":"Red Slaver","floor":8.0,"turns":3.0},{"damage":1.0,"enemies":"Lots of Slimes","floor":12.0,"turns":5.0},{"damage":17.0,"enemies":"3 Sentries","floor":13.0,"turns":7.0},{"damage":32.0,"enemies":"Slime Boss","floor":16.0,"turns":10.0},{"damage":7.0,"enemies":"Spheric Guardian","floor":18.0,"turns":3.0},{"damage":2.0,"enemies":"Chosen","floor":21.0,"turns":5.0},{"damage":40.0,"enemies":"Gremlin Leader","floor":23.0,"turns":4.0},{"damage":25.0,"enemies":"Slavers","floor":25.0,"turns":5.0},{"damage":0.0,"enemies":"Book of Stabbing","floor":28.0,"turns":3.0},{"damage":7.0,"enemies":"3 Cultists","floor":29.0,"turns":4.0},{"damage":6,"enemies":"Collector","floor":33,"turns":7},{"damage":19,"enemies":"3 Darklings","floor":35,"turns":2},{"damage":6,"enemies":"Orb Walker","floor":36,"turns":2},{"damage":0,"enemies":"Mind Bloom Boss Battle","floor":37,"turns":5},{"damage":6,"enemies":"Sphere and 2 Shapes","floor":38,"turns":3},{"damage":6,"enemies":"Reptomancer","floor":40,"turns":3},{"damage":0,"enemies":"Giant Head","floor":42,"turns":6},{"damage":6,"enemies":"Reptomancer","floor":45,"turns":3},{"damage":6,"enemies":"Spire Growth","floor":46,"turns":3},{"damage":6,"enemies":"2 Orb Walkers","floor":48,"turns":3},{"damage":6,"enemies":"Donu and Deca","floor":50,"turns":6},{"damage":6,"enemies":"Awakened One","floor":51,"turns":9},{"damage":6,"enemies":"Shield and Spear","floor":55,"turns":3},{"damage":54,"enemies":"The Heart","floor":56,"turns":8}],"seed_played":"-8116960048037024091","potions_obtained":[{"floor":4.0,"key":"Regen Potion"},{"floor":5.0,"key":"ColorlessPotion"},{"floor":8.0,"key":"ElixirPotion"},{"floor":13.0,"key":"Regen Potion"},{"floor":16.0,"key":"PowerPotion"},{"floor":25.0,"key":"SteroidPotion"},{"floor":28.0,"key":"ElixirPotion"},{"floor":33,"key":"Ancient Potion"},{"floor":36,"key":"ColorlessPotion"},{"floor":37,"key":"Swift Potion"}],"is_trial":false,"path_per_floor":["M","?","?","M","M","R","M","M","T","?","R","M","E","T","R","B",null,"M","$","?","M","?","E","R","E","T","$","E","M","R","?","R","B",null,"M","M","?","M","?","E","R","E","T","$","E","M","?","?","R","B","B",null,"R","$","E","B",null],"character_chosen":"IRONCLAD","items_purchased":["Anchor","Flash of Steel","LiquidMemories","ClockworkSouvenir"],"campfire_rested":1,"item_purchase_floors":[19,27,27,44],"current_hp_per_floor":[68,68,57,56,48,48,66,59,59,39,39,44,33,33,33,22,57,56,56,56,60,60,26,26,7,7,7,13,12,41,41,50,50,64,51,51,57,57,47,47,59,67,67,67,68,68,68,68,68,68,68,68,68,68,68,24],"gold":68,"neow_bonus":"REMOVE_TWO","is_daily":false,"chose_seed":false,"campfire_upgraded":7,"win_rate":0.0,"timestamp":1614211930,"path_taken":["M","?","?","?","M","R","M","M","T","?","R","M","E","?","R","BOSS","M","$","?","?","?","E","R","E","T","?","E","M","R","?","R","BOSS","M","M","?","M","?","E","R","E","T","$","E","M","?","?","R","BOSS","BOSS","R","$","E","BOSS"],"items_purchased_type":["Relic","Card","Potion","Relic"],"build_version":"2020-12-22","purchased_purges":3,"victory":true,"max_hp_per_floor":[68,68,68,68,68,68,68,68,68,68,68,68,68,68,68,68,68,68,68,68,68,68,68,68,68,68,68,68,68,68,68,68,68,68,68,68,68,68,68,68,68,68,68,68,68,68,68,68,68,68,68,68,68,68,68,68],"relic_stats":{"Centennial Puzzle":[18],"Happy Flower":[32],"Torii":7,"counters":[28,131],"Sundial":[42],"Bird Faced Urn":[16],"Eternal Feather":30,"Juzu Bracelet":1,"obtain_stats":[{"Ice Cream":37,"Happy Flower":13,"Torii":48,"Vajra":42,"Eternal Feather":25,"Juzu Bracelet":28,"Burning Blood":0,"ClockworkSouvenir":44,"Runic Dome":34,"Anchor":19,"Centennial Puzzle":45,"Sundial":43,"Bird Faced Urn":40,"Toxic Egg 2":23,"StrikeDummy":26,"Unceasing Top":55,"Paper Frog":14,"Runic Pyramid":17},{"Ice Cream":18,"Happy Flower":7,"Torii":24,"Vajra":21,"Eternal Feather":12,"Juzu Bracelet":13,"Burning Blood":0,"ClockworkSouvenir":21,"Runic Dome":15,"Anchor":9,"Centennial Puzzle":22,"Sundial":21,"Bird Faced Urn":20,"Toxic Egg 2":11,"StrikeDummy":12,"Unceasing Top":27,"Paper Frog":7,"Runic Pyramid":8},{"Ice Cream":84,"Happy Flower":34,"Torii":105,"Vajra":96,"Eternal Feather":61,"Juzu Bracelet":64,"Burning Blood":0,"ClockworkSouvenir":96,"Runic Dome":75,"Anchor":47,"Centennial Puzzle":99,"Sundial":96,"Bird Faced Urn":90,"Toxic Egg 2":56,"StrikeDummy":61,"Unceasing Top":123,"Paper Frog":34,"Runic Pyramid":44}],"Burning Blood":159,"Unceasing Top":[0]},"card_choices":[{"not_picked":["Wild Strike","Headbutt"],"picked":"Combust","floor":1.0},{"not_picked":["Shockwave","Heavy Blade"],"picked":"Body Slam","floor":4.0},{"not_picked":["Thunderclap","Wild Strike"],"picked":"Burning Pact","floor":5.0},{"not_picked":["Rampage","Flex"],"picked":"Carnage","floor":7.0},{"not_picked":["Anger","True Grit"],"picked":"Battle Trance","floor":8.0},{"not_picked":["Seeing Red","Twin Strike"],"picked":"Barricade","floor":13.0},{"not_picked":["Double Tap","Fiend Fire"],"picked":"Offering","floor":16.0},{"not_picked":["Clothesline","Pummel","Metallicize"],"picked":"SKIP","floor":21.0},{"not_picked":["Thunderclap","Havoc+1"],"picked":"Immolate","floor":23.0},{"not_picked":["Iron Wave","Barricade","Blood for Blood"],"picked":"SKIP","floor":25.0},{"not_picked":["Flex+1","Havoc+1","Armaments+1"],"picked":"SKIP","floor":28.0},{"not_picked":["Clash","Burning Pact+1","Headbutt"],"picked":"SKIP","floor":29.0},{"not_picked":["Heavy Blade","Flex+1","Havoc+1"],"picked":"SKIP","floor":35},{"not_picked":["Wild Strike","Perfected Strike+1","Shrug It Off+1"],"picked":"SKIP","floor":36},{"not_picked":["Anger","Sword Boomerang"],"picked":"Exhume+1","floor":38},{"not_picked":["Enlightenment+1","Secret Weapon+1"],"picked":"Good Instincts+1","floor":39},{"not_picked":["Blind+1","Trip+1"],"picked":"Impatience+1","floor":39},{"not_picked":["Power Through+1","Sword Boomerang+1","Clothesline+1"],"picked":"SKIP","floor":40},{"not_picked":["Double Tap+1","Infernal Blade+1"],"picked":"Sentinel+1","floor":42},{"not_picked":["Armaments+1","Body Slam","Clothesline+1"],"picked":"SKIP","floor":45},{"not_picked":["Reckless Charge","Flame Barrier+1","Pommel Strike"],"picked":"SKIP","floor":46},{"not_picked":["Rage+1","Dropkick","Dark Embrace"],"picked":"SKIP","floor":55}],"player_experience":1515178,"relics_obtained":[{"floor":13.0,"key":"Happy Flower"},{"floor":14.0,"key":"Paper Frog"},{"floor":23.0,"key":"Toxic Egg 2"},{"floor":25.0,"key":"Eternal Feather"},{"floor":26.0,"key":"StrikeDummy"},{"floor":28.0,"key":"Juzu Bracelet"},{"floor":37,"key":"Ice Cream"},{"floor":40,"key":"Bird Faced Urn"},{"floor":42,"key":"Vajra"},{"floor":43,"key":"Sundial"},{"floor":45,"key":"Centennial Puzzle"},{"floor":48,"key":"Torii"},{"floor":55,"key":"Unceasing Top"}],"event_choices":[{"cards_removed":["Strike_R"],"damage_healed":0.0,"max_hp_gain":0.0,"max_hp_loss":0.0,"gold_gain":0.0,"event_name":"The Cleric","player_choice":"Card Removal","floor":2.0,"gold_loss":75.0,"damage_taken":0.0},{"damage_healed":0.0,"max_hp_gain":0.0,"max_hp_loss":0.0,"gold_gain":75.0,"event_name":"World of Goop","player_choice":"Gather Gold","floor":3.0,"gold_loss":0.0,"damage_taken":11.0},{"damage_healed":0.0,"max_hp_gain":0.0,"max_hp_loss":0.0,"gold_gain":0.0,"event_name":"Shining Light","player_choice":"Entered Light","floor":10.0,"gold_loss":0.0,"damage_taken":20.0,"cards_upgraded":["Defend_R","Defend_R"]},{"damage_healed":0.0,"max_hp_gain":0.0,"max_hp_loss":0.0,"gold_gain":0.0,"event_name":"Match and Keep!","player_choice":"1 cards matched","floor":20.0,"gold_loss":0.0,"damage_taken":0.0,"cards_obtained":["Shrug It Off"]},{"damage_healed":0.0,"max_hp_gain":0.0,"max_hp_loss":0.0,"gold_gain":0.0,"event_name":"The Library","player_choice":"Read","floor":22.0,"gold_loss":0.0,"damage_taken":0.0,"cards_obtained":["Rage"]},{"damage_healed":0.0,"max_hp_gain":0.0,"max_hp_loss":0.0,"gold_gain":50.0,"event_name":"Nest","player_choice":"Stole From Cult","floor":31.0,"gold_loss":0.0,"damage_taken":0.0},{"damage_healed":0,"gold_gain":0,"player_choice":"Fight","damage_taken":0,"max_hp_gain":0,"max_hp_loss":0,"event_name":"MindBloom","floor":37,"gold_loss":0},{"damage_healed":0,"gold_gain":0,"player_choice":"Memory 3","damage_taken":10,"max_hp_gain":0,"max_hp_loss":0,"event_name":"SensoryStone","floor":39,"gold_loss":0},{"damage_healed":0,"gold_gain":0,"player_choice":"Upgraded","damage_taken":0,"max_hp_gain":0,"max_hp_loss":0,"event_name":"Upgrade Shrine","floor":47,"gold_loss":0,"cards_upgraded":["Shrug It Off"]},{"damage_healed":0,"gold_gain":0,"player_choice":"Fight","damage_taken":0,"max_hp_gain":0,"max_hp_loss":0,"event_name":"Mysterious Sphere","floor":48,"gold_loss":0}],"is_beta":false,"boss_relics":[{"not_picked":["Pandora\u0027s Box","Calling Bell"],"picked":"Runic Pyramid"},{"not_picked":["Cursed Key","Snecko Eye"],"picked":"Runic Dome"}],"items_purged_floors":[19,44,54],"is_endless":false,"potions_floor_spawned":[4,5,8,13,16,25,28,33,36,37,45,48],"ascension_level":20}}