{"host":"emzatosnsokm6754","time":1614251767,"event":{"mods":["Act Like it!","BaseMod","Bossed Relics","Colored Powertips","Dota2Spire","Energized Spire","Minty Spire (QoL Compilation)","Rare Cards Sparkle","Replay The Spire","Ruina","Small Relic Pack","StSLib","The Hierophant","The Servant 0.9.4"],"gold_per_floor":[112,112,112,127,52,77,77,77,100,100,113,147,162,182,182,281,281,300,300,94,111,122,148,158,189,189,217,236,247,247,265,265,362,362,375,394,344,394,450,400,400,454,454,554,587,625,84,111,111,141],"floor_reached":51,"language":"ENG","playtime":1356,"items_purged":["Strike_R","Strike_R","Defend_R+1","Delirium","Spreading Infection"],"score":1073,"play_id":"cf97b209-995a-4bfd-84af-c26b0d51e99a","local_time":"20210226001607","is_ascension_mode":true,"campfire_choices":[{"data":"Bash","floor":7,"key":"SMITH"},{"data":"Pommel Strike","floor":10,"key":"SMITH"},{"floor":15,"key":"REST"},{"data":"Dropkick","floor":30,"key":"SMITH"},{"data":"Dropkick","floor":32,"key":"SMITH"},{"data":"Offering","floor":41,"key":"SMITH"},{"data":"Defend_R+1","floor":49,"key":"SMITH"}],"circlet_count":0,"master_deck":["Defend_R+2","Bash+1","Pommel Strike+1","Dropkick+1","Offering+1","Dropkick+1","Sickly"],"relics":["Burning Blood","relicPack:AllForOne","Simple Rune","Smiling Mask","Bag of Preparation","Empty Cage","relicPack:WeightedSword","Singing Bowl","Letter Opener","ReplayFunnel","energizedSpire:DeadBattery","Ring of Greed","The Courier","Replay:Bandana","Art of War","CaptainsWheel","BargainBundle","Pen Nib","Snack Pack"],"acts_visited":["Exordium","ruina:Briah","TheBeyond"],"potions_floor_usage":[6,12,14,16,50,50,50],"damage_taken":[{"damage":9,"enemies":"Jaw Worm","floor":1,"turns":5},{"damage":6,"enemies":"2 Louse","floor":4,"turns":4},{"damage":8,"enemies":"Gremlin Nob","floor":6,"turns":4},{"damage":0,"enemies":"Cultist","floor":11,"turns":2},{"damage":39,"enemies":"3 Sentries","floor":12,"turns":8},{"damage":0,"enemies":"Large Slime","floor":13,"turns":3},{"damage":15,"enemies":"Gremlin Gang","floor":14,"turns":4},{"damage":68,"enemies":"Hexaghost","floor":16,"turns":10},{"damage":7,"enemies":"ruina:2_Scarecrows","floor":18,"turns":3},{"damage":0,"enemies":"ruina:BadWolf","floor":21,"turns":1},{"damage":6,"enemies":"ruina:QueenOfHate","floor":22,"turns":1},{"damage":6,"enemies":"ruina:RoadHome","floor":23,"turns":1},{"damage":6,"enemies":"ruina:KingOfGreed","floor":24,"turns":1},{"damage":0,"enemies":"ruina:ServantOfWrath","floor":25,"turns":1},{"damage":0,"enemies":"ruina:RoadHome","floor":27,"turns":1},{"damage":6,"enemies":"ruina:Nos_and_Bat","floor":28,"turns":1},{"damage":0,"enemies":"ruina:Woodsman","floor":29,"turns":1},{"damage":0,"enemies":"ruina:KnightOfDespair","floor":31,"turns":1},{"damage":0,"enemies":"ruina:JesterOfNihil","floor":33,"turns":1},{"damage":14,"enemies":"3 Shapes","floor":35,"turns":1},{"damage":6,"enemies":"3 Darklings","floor":36,"turns":1},{"damage":0,"enemies":"Transient","floor":39,"turns":1},{"damage":0,"enemies":"R_Hoarder","floor":42,"turns":1},{"damage":6,"enemies":"Jaw Worm Horde","floor":45,"turns":1},{"damage":0,"enemies":"Maw","floor":46,"turns":1},{"damage":0,"enemies":"Spire Growth","floor":48,"turns":1},{"damage":43,"enemies":"Donu and Deca","floor":50,"turns":4}],"seed_played":"7395188043079164881","potions_obtained":[{"floor":1,"key":"ColorlessPotion"},{"floor":4,"key":"Swift Potion"},{"floor":12,"key":"Block Potion"},{"floor":14,"key":"BloodPotion"},{"floor":21,"key":"Explosive Potion"},{"floor":27,"key":"HeartOfIron"},{"floor":28,"key":"Regen Potion"},{"floor":31,"key":"Weak Potion"},{"floor":33,"key":"AttackPotion"},{"floor":45,"key":"Ancient Potion"},{"floor":46,"key":"AttackPotion"},{"floor":48,"key":"Dota2Spire:Clarity"}],"is_trial":false,"path_per_floor":["M","?","?","M","$","E","R","?","T","R","M","E","M","M","R","B",null,"M","?","$","M","M","E","M","E","T","E","M","M","R","M","R","B",null,"M","M","$","?","M","$","R","E","T","?","M","M","$","M","R","B",null],"character_chosen":"IRONCLAD","items_purchased":["relicPack:WeightedSword","BargainBundle","Pen Nib","Snack Pack"],"campfire_rested":1,"item_purchase_floors":[20,47,47,47],"current_hp_per_floor":[77,77,70,70,70,68,68,68,68,68,74,41,47,38,62,16,80,79,79,79,80,80,82,82,84,84,86,88,90,90,92,92,94,94,88,90,90,90,98,98,98,102,102,102,104,106,106,108,108,79],"gold":141,"neow_bonus":"REMOVE_CARD","is_daily":false,"chose_seed":false,"campfire_upgraded":6,"win_rate":0.0,"timestamp":1614251767,"path_taken":["M","?","?","M","$","E","R","?","T","R","M","E","M","?","R","BOSS","M","?","$","M","M","E","M","E","T","E","?","M","R","M","R","BOSS","M","M","$","?","M","$","R","E","T","?","M","M","$","M","R","BOSS"],"items_purchased_type":["Relic","Relic","Relic","Relic"],"build_version":"2020-12-22","purchased_purges":5,"victory":true,"max_hp_per_floor":[80,80,80,80,80,80,80,80,80,80,80,80,80,80,80,80,80,80,80,80,80,80,82,82,84,84,86,88,90,90,92,92,94,94,96,98,98,98,100,100,100,102,102,102,104,106,106,108,108,108],"card_choices":[{"not_picked":["Uppercut","Dark Embrace"],"picked":"Pommel Strike","floor":1},{"not_picked":["Sword Boomerang","Havoc"],"picked":"Dropkick","floor":4},{"not_picked":["Uppercut","Pummel","Sword Boomerang"],"picked":"SKIP","floor":6},{"not_picked":["Intimidate","Dark Embrace","Clothesline"],"picked":"SKIP","floor":11},{"not_picked":["Burning Pact","ReplayTheSpireMod:Limb From Limb","Perfected Strike"],"picked":"SKIP","floor":12},{"not_picked":["Rage","Intimidate","Replay:Undeath\u0027s Touch"],"picked":"SKIP","floor":13},{"not_picked":["Thunderclap","Intimidate","Perfected Strike"],"picked":"SKIP","floor":14},{"not_picked":["Immolate","Demonic Infusion"],"picked":"Offering","floor":16},{"not_picked":["Dark Embrace","Headbutt","Pummel"],"picked":"SKIP","floor":18},{"not_picked":["ReplayTheSpireMod:Stacked","Rupture","Anger"],"picked":"SKIP","floor":21},{"not_picked":["ReplayTheSpireMod:LeadingStrike","Clothesline+1","Run Through"],"picked":"SKIP","floor":22},{"not_picked":["Spot Weakness","Perfected Strike","Fire Breathing"],"picked":"Singing Bowl","floor":23},{"not_picked":["Wild Strike","Battle Trance"],"picked":"Dropkick","floor":24},{"not_picked":["Infernal Blade+1","Fire Breathing+1","Reaper"],"picked":"Singing Bowl","floor":25},{"not_picked":["Armaments+1","Thunderclap","ReplayTheSpireMod:Stacked"],"picked":"Singing Bowl","floor":27},{"not_picked":["Shrug It Off","Battle Trance","ReplayTheSpireMod:Corrosion Curse"],"picked":"Singing Bowl","floor":28},{"not_picked":["Uppercut+1","Carnage","Sword Boomerang"],"picked":"Singing Bowl","floor":29},{"not_picked":["Evolve","Clash+1","ReplayReversal"],"picked":"Singing Bowl","floor":31},{"not_picked":["Eclipse","Bludgeon","Immolate"],"picked":"Singing Bowl","floor":33},{"not_picked":["Dark Embrace","Perfected Strike","Defy Death+1"],"picked":"Singing Bowl","floor":35},{"not_picked":["Spot Weakness+1","Pommel Strike+1","Flex"],"picked":"Singing Bowl","floor":36},{"not_picked":["Burning Pact+1","Rampage+1","Offering"],"picked":"Singing Bowl","floor":39},{"not_picked":["Metallicize+1","Clothesline+1","Dual Wield+1"],"picked":"Singing Bowl","floor":42},{"not_picked":["Replay:Undeath\u0027s Touch","Heavy Blade+1","Iron Wave"],"picked":"Singing Bowl","floor":45},{"not_picked":["Heavy Blade","Iron Wave+1","True Grit+1"],"picked":"Singing Bowl","floor":46},{"not_picked":["Warcry+1","Clash+1","Body Slam+1"],"picked":"Singing Bowl","floor":48}],"player_experience":230635,"relics_obtained":[{"floor":6,"key":"Simple Rune"},{"floor":9,"key":"Smiling Mask"},{"floor":12,"key":"Bag of Preparation"},{"floor":23,"key":"Singing Bowl"},{"floor":25,"key":"Letter Opener"},{"floor":27,"key":"ReplayFunnel"},{"floor":38,"key":"Ring of Greed"},{"floor":38,"key":"The Courier"},{"floor":38,"key":"Replay:Bandana"},{"floor":42,"key":"Art of War"},{"floor":43,"key":"CaptainsWheel"}],"event_choices":[{"cards_removed":["Strike_R"],"damage_healed":0,"gold_gain":0,"player_choice":"Card Removal","damage_taken":7,"max_hp_gain":0,"max_hp_loss":0,"event_name":"Golden Wing","floor":3,"gold_loss":0},{"cards_removed":["Defend_R"],"damage_healed":0,"gold_gain":0,"player_choice":"Purged","damage_taken":0,"max_hp_gain":0,"max_hp_loss":0,"event_name":"Purifier","floor":8,"gold_loss":0},{"damage_healed":0,"gold_gain":100,"player_choice":"Pray","damage_taken":0,"max_hp_gain":0,"max_hp_loss":0,"event_name":"Golden Shrine","floor":44,"gold_loss":0}],"is_beta":false,"boss_relics":[{"not_picked":["Abe\u0027s Treasure","energizedSpire:CursedPentagram"],"picked":"Empty Cage"},{"not_picked":["Replay:Grab Bag","energizedSpire:OgreHead"],"picked":"energizedSpire:DeadBattery"}],"items_purged_floors":[5,20,37,40,47],"is_endless":false,"potions_floor_spawned":[1,4,12,14,21,27,28,29,31,33,39,45,46,48],"ascension_level":3}}