{"host":"v63m4f6t57xrjbnq","time":1614266416,"event":{"mods":["100% Spire Juice","ATMod(°¢èªMod)","Act Like it!","Arknights","BaseMod","Colored Powertips","Dota2Spire","Downfall","Energized Spire","Gensokyo","Hallownest","KinomotoSakuraMod(Ä¾Ö®±¾Ó£)","KomeijiMod","LagranYue(À­¸ñÀÊ¡¤ÔÂ)","Lobotomy","LobotomyExtend","Marisa£¨ìFÓê¡¡Ä§ÀíÉ³£©","Marked Mod","Minty Spire (QoL Compilation)","Quick Restart","Reimu£¨²©ÀöÁéÃÎ£©","Relic Filter Mod","Remilia£¨ÀÙÃ×ÀòÑÇ£©","Replay The Spire","RumiaBox-Â¶Ã×æ«µÄÉñÃØºÐ×Ó","StSLib","The Administrix","The Marked","The Senshi","The Servant 0.9.4","Waifu the Spire","WarShipGirlsR/Õ½½¢ÉÙÅ®R mod","Yakumo Yukari mod","Youmu£¨»êÆÇÑýÃÎ£©","Yuyuko","¡¾ÒÅÎï¿¨ÅÆ¡¿REMEMod"],"gold_per_floor":[110,130,130,147,72,98,98,130,155,180,180,180,190,203,203,346,346,361,375,300,316,332,360,360,389,415,440,360,510,510,530,530,628,628,638,658,321,337,88,88,88,96,165,207,254,169,169,169],"floor_reached":47,"language":"ZHS","playtime":2400,"items_purged":["Overencumbered","Sickly","ats:Strike C"],"score":1042,"play_id":"78413fd3-ae22-4b57-8916-962bf7864294","local_time":"20210225232016","is_ascension_mode":true,"campfire_choices":[{"data":"ats:Explosion Area Strengthen","floor":7.0,"key":"SMITH"},{"data":"ats:Neurotoxin","floor":15.0,"key":"SMITH"},{"floor":24.0,"key":"RECALL"},{"data":"ats:Thorns","floor":30,"key":"SMITH"},{"data":"ats:Phantom","floor":32,"key":"SMITH"},{"data":"ats:Ambush","floor":40,"key":"SMITH"}],"circlet_count":0,"master_deck":["AscendersBane","ats:Strike G","ats:Strike S","ats:Strike V","ats:Armor Crushing Shot","ats:Defend","ats:Defend","ats:Defend","ats:Defend","ats:Emotion Absorption","ats:Thorns+1","ats:Explosion Area Strengthen+1","ats:Guard Mode","Hallownest:skillGreenpathMap","ats:Shell Defense","ats:Automatic Cover","ats:Healing Drone","ats:Rat Pack","ats:Magnetic Hammer+1","ats:Neurotoxin+1","ats:Wolf Pack+1","ats:Leaping Hammer+1","ats:Sunburst+1","ats:Poison Spread+1","ats:Beaten Up","ats:Thorns","ats:Shadow Raid","ats:Red Shift+1","ats:Sashimi Platter+1","ats:Phantom+1","Hallownest:skillCityofTearsMap","ats:Soul Rend","ats:Ambush+1","ats:Wolf Pack+1","AT_EmpoweredMortalDraw+1","ats:Explosion Area Strengthen+1","ats:Directed Diagnosis+1","ats:Cat Scratch+1","ats:Guard Mode","ats:Charging Defense","ats:Curse Doll","ats:Overload+1","ats:Assault Order","ats:Powerful Strike+1","ats:LN2 Cannon+1","ats:Shadow Assault+1","ats:Blood Oath+1","ats:Sashimi Platter+1","ats:Mental Burst+1","Replay:Hysterical Blindness","Hallownest:skillKingdomsEdgeMap"],"relics":["AT_ATBox","REME_ComplimentaryCards","LagranYue:RandomDrawCardRelic","Coffee Dripper","LetterFromLob","ats:Originium","Replay:Mystery Machine","Dota2Spire:EchoSabre","REME_HandOfSuture","Molten Egg 2","Hallownest:DreamNailRelic","energizedSpire:StickyHand","Baka2","Akabeko","MagicDraw1","AT_ChloranthyRing","Lantern","Replay:Grab Bag","energizedSpire:SpiderWeb","LagranYue:SoulBurningRelic","AT_MortalBlade","ReplayTheSpireMod:Lightbulb","Akabeko","BargainBundle","AT_MibuBalloonWealth"],"acts_visited":["Hallownest:Greenpath","Hallownest:CityofTears","Hallownest:KingdomsEdge"],"potions_floor_usage":[33,42,42],"damage_taken":[{"damage":2.0,"enemies":"2_ Uuma","floor":1.0,"turns":6.0},{"damage":3.0,"enemies":"Hallownest:2_Baldur","floor":2.0,"turns":4.0},{"damage":2.0,"enemies":"Hallownest:2_MossCreeps","floor":4.0,"turns":4.0},{"damage":16.0,"enemies":"Hallownest:eliteVengeflyKing","floor":6.0,"turns":10.0},{"damage":15.0,"enemies":"Hallownest:eliteMossKnight","floor":8.0,"turns":15.0},{"damage":0.0,"enemies":"Hallownest:eliteCrystalGuardian","floor":10.0,"turns":3.0},{"damage":7.0,"enemies":"Hallownest:Guard_and_Warrior","floor":12.0,"turns":6.0},{"damage":0.0,"enemies":"Hallownest:Wandering_and_Horned","floor":13.0,"turns":3.0},{"damage":0.0,"enemies":"Hallownest:MossCreep_and_Mosskin","floor":14.0,"turns":3.0},{"damage":22.0,"enemies":"Hallownest:BossFalseKnight","floor":16.0,"turns":10.0},{"damage":10.0,"enemies":"Hallownest:Flukemon_and_Top","floor":18.0,"turns":5.0},{"damage":0.0,"enemies":"Hallownest:2_Mistakes","floor":19.0,"turns":5.0},{"damage":2.0,"enemies":"Hallownest:Warrior_and_Youth","floor":21.0,"turns":3.0},{"damage":36.0,"enemies":"Hallownest:Master_and_Novice","floor":22.0,"turns":2.0},{"damage":26.0,"enemies":"Hallownest:Nosk","floor":23.0,"turns":7.0},{"damage":47.0,"enemies":"Hallownest:eliteWatcherKnight","floor":25.0,"turns":10.0},{"damage":10,"enemies":"Hallownest:eliteSoulWarrior","floor":27,"turns":6},{"damage":0,"enemies":"Hallownest:monsterShrumalOgre","floor":31,"turns":2},{"damage":35,"enemies":"Hallownest:BossSoulMaster","floor":33,"turns":4},{"damage":60,"enemies":"Hallownest:3_Siblings","floor":35,"turns":4},{"damage":70,"enemies":"Hallownest:Shield_Heavy","floor":36,"turns":5},{"damage":17,"enemies":"Hallownest:Shield_Sturdy","floor":38,"turns":3},{"damage":0,"enemies":"Hallownest:eliteHiveKnight","floor":42,"turns":3},{"damage":2,"enemies":"Hallownest:monsterPrimalAspid","floor":44,"turns":3},{"damage":12,"enemies":"Hallownest:2_Wandering_and_1_Horned","floor":45,"turns":5},{"damage":9,"enemies":"Hallownest:StalkingDevout","floor":47,"turns":3}],"seed_played":"-1171220475852104952","potions_obtained":[{"floor":1.0,"key":"SkillPotion"},{"floor":6.0,"key":"GamblersBrew"},{"floor":10.0,"key":"Swift Potion"},{"floor":18.0,"key":"PowerPotion"},{"floor":35,"key":"Venom Potion"},{"floor":38,"key":"ZuzhouPotion:ReiMu"},{"floor":42,"key":"Strength Potion"},{"floor":44,"key":"Adrenaline Potion"}],"is_trial":false,"path_per_floor":["M","M","?","M","?","E","R","E","T","E","?","M","M","M","R","B",null,"M","M","$","M","M","E","R","E","T","E","?","?","R","M","R","B",null,"M","M","$","M","$","R","$","E","T","M","M","?","E"],"character_chosen":"DOCTOR_CLASS","items_purchased":["ReplayTheSpireMod:Lightbulb","ats:Overload+1","BargainBundle","PowerPotion","Dota2Spire:HealingSalve","ats:Shadow Assault+1"],"campfire_rested":0,"item_purchase_floors":[37,37,39,39,39,39],"current_hp_per_floor":[63,60,60,58,58,42,42,51,51,51,51,62,70,70,70,71,94,92,102,102,100,64,50,50,45,45,55,55,55,55,63,63,54,89,89,23,23,10,10,10,10,14,14,13,6,6,0,0],"gold":169,"neow_bonus":"BOSS_RELIC","is_daily":false,"chose_seed":false,"campfire_upgraded":5,"win_rate":0.0,"timestamp":1614266416,"path_taken":["M","M","?","M","?","E","R","E","T","E","?","M","M","?","R","BOSS","M","?","$","M","M","E","R","E","T","E","?","?","R","M","R","BOSS","M","M","$","M","$","R","$","E","T","M","M","?","E"],"items_purchased_type":["Relic","Card","Relic","Potion","Potion","Card"],"build_version":"2020-12-22","purchased_purges":3,"victory":false,"max_hp_per_floor":[72,102,102,102,102,102,102,102,102,102,102,102,102,102,102,102,102,102,102,102,102,102,102,102,102,102,102,102,102,102,102,102,102,102,102,102,102,102,102,102,102,102,102,102,102,102,102,102],"card_choices":[{"not_picked":["ats:Collapsing Strike","ats:Explosion Area Strengthen"],"picked":"ats:Thorns","floor":1.0},{"not_picked":["ats:Charging Defense","ats:Very Hot Blade"],"picked":"ats:Explosion Area Strengthen","floor":2.0},{"not_picked":["ats:Ignite","ats:Neurotoxin"],"picked":"ats:Guard Mode","floor":4.0},{"not_picked":["ats:Apocalypse","ats:Assault Order"],"picked":"ats:Shell Defense","floor":6.0},{"not_picked":["ats:Guard Mode","ats:Defend Order"],"picked":"ats:Automatic Cover","floor":8.0},{"not_picked":["ats:Cat Scratch+1","ats:Powerful Strike+1"],"picked":"ats:Healing Drone","floor":10.0},{"not_picked":["ats:Guard Mode","ats:Defend Order"],"picked":"ats:Rat Pack","floor":12.0},{"not_picked":["ats:Very Hot Blade+1","ats:Steam Pump"],"picked":"ats:Magnetic Hammer+1","floor":13.0},{"not_picked":["ats:Red Shift+1","ats:Hammer On+1"],"picked":"ats:Neurotoxin","floor":14.0},{"not_picked":["ats:Volcano+1","ats:Soul Rend"],"picked":"ats:Wolf Pack+1","floor":16.0},{"not_picked":["ats:Leaping Hammer+1","ats:Sunburst+1"],"picked":"ats:Poison Spread+1","floor":18.0},{"not_picked":["ats:Support Order","ats:Explosion Area Strengthen+1","ats:Powerful Strike+1"],"picked":"SKIP","floor":19.0},{"not_picked":["ats:Steam Pump","ats:Poison Spread+1","ats:Cat Scratch+1"],"picked":"SKIP","floor":21.0},{"not_picked":["ats:Powerful Strike+1","ats:Spore Proliferation","ats:Shell Defense"],"picked":"SKIP","floor":22.0},{"not_picked":["ats:Beaten Up","ats:Shadow Raid"],"picked":"ats:Thorns","floor":23.0},{"not_picked":["ats:Red Shift+1","ats:Phantom"],"picked":"ats:Sashimi Platter+1","floor":25.0},{"not_picked":["ats:Leaping Hammer+1","ats:Burning Ground+1","ats:Sword Rain+1"],"picked":"SKIP","floor":27},{"not_picked":["ats:Revitalization","ats:Disruption Kick+1","ats:Support Order+1"],"picked":"SKIP","floor":31},{"not_picked":["ats:Soul Rend","ats:Ambush"],"picked":"ats:Wolf Pack+1","floor":33},{"not_picked":["ats:Explosion Area Strengthen+1","ats:Cat Scratch+1"],"picked":"ats:Directed Diagnosis+1","floor":35},{"not_picked":["ats:Guard Mode","ats:Charging Defense"],"picked":"ats:Curse Doll","floor":36},{"not_picked":["ats:Assault Order","ats:Powerful Strike+1"],"picked":"ats:LN2 Cannon+1","floor":38},{"not_picked":["ats:Blood Oath+1","ats:Sashimi Platter+1"],"picked":"ats:Mental Burst+1","floor":42},{"not_picked":["ats:Charging Defense","ats:Blood Oath+1","ats:Revitalization"],"picked":"SKIP","floor":44},{"not_picked":["ats:Wolf Pack+1","ats:Powerful Strike+1","ats:Leaping Hammer+1"],"picked":"SKIP","floor":45}],"player_experience":269352,"relics_obtained":[{"floor":1.0,"key":"Baka"},{"floor":1.0,"key":"LetterFromLob"},{"floor":6.0,"key":"ats:Originium"},{"floor":6.0,"key":"Replay:Mystery Machine"},{"floor":8.0,"key":"ats:Originium"},{"floor":8.0,"key":"Dota2Spire:EchoSabre"},{"floor":9.0,"key":"REME_HandOfSuture"},{"floor":10.0,"key":"ats:Originium"},{"floor":10.0,"key":"Molten Egg 2"},{"floor":18.0,"key":"Baka2"},{"floor":23.0,"key":"ats:Originium"},{"floor":23.0,"key":"Akabeko"},{"floor":25.0,"key":"MagicDraw1"},{"floor":26.0,"key":"AT_ChloranthyRing"},{"floor":27,"key":"Lantern"},{"floor":38,"key":"Akabeko"},{"floor":42,"key":"AT_MibuBalloonWealth"}],"event_choices":[],"is_beta":false,"boss_relics":[{"not_picked":["Runic Dome","LagranYue:ContractPerformanceRelic"],"picked":"energizedSpire:StickyHand"},{"not_picked":["bronze:MakeshiftBattery","Runic Pyramid"],"picked":"Replay:Grab Bag"},{"not_picked":["energizedSpire:RedRose","Philosopher\u0027s Stone"],"picked":"energizedSpire:SpiderWeb"},{"not_picked":["energizedSpire:NeverEndingSparkler","Sozu"],"picked":"LagranYue:SoulBurningRelic"},{"not_picked":["SacredBark","Calling Bell"],"picked":"AT_MortalBlade"}],"items_purged_floors":[20,37,39],"is_endless":false,"potions_floor_spawned":[1,6,10,14,18,19,22,35,38,42,44],"killed_by":"Hallownest:StalkingDevout","ascension_level":12}}