{"host":"8akdrwfmzu5ai7mr","time":1614241072,"event":{"mods":["100% Spire Juice","Act Like it!","BaseMod","Colored Powertips","Downfall","Gensokyo","Marisa£®ÏF”Í°°ƒß¿Ì…≥£©","Minty Spire (QoL Compilation)","Quick Restart","Reimu£®≤©¿ˆ¡È√Œ£©","Remilia£®¿Ÿ√◊¿Ú—«£©","Replay The Spire","StSLib","The Administrix","The Marked","The Runesmith","The Servant 0.9.4","Youmu£®ªÍ∆«—˝√Œ£©","°æ“≈ŒÔø®≈∆°øREMEMod"],"gold_per_floor":[117,134,219,219,213,213,213,213,213,213,236,23,23,23,53,73,85,200,212,243,268,280,309,321,363,418,32,82,82,163,163,207,231,231,352,352,387,410,74,83,83],"floor_reached":40,"language":"ZHS","playtime":3993,"items_purged":["Poor:ReiMu"],"score":549,"play_id":"1c621328-0bd6-4153-ae8d-ffcd43bace04","local_time":"20210225161752","is_ascension_mode":false,"campfire_choices":[{"data":"hexamod:VolcanoVisage","floor":6.0,"key":"SMITH"},{"data":"Runesmith:Empowerment","floor":10.0,"key":"SMITH"},{"data":"Enlightenment","floor":14.0,"key":"SMITH"},{"data":"Runesmith:Firestorm","floor":17.0,"key":"SMITH"},{"data":"Transmutation","floor":29,"key":"SMITH"},{"floor":34,"key":"REST"}],"circlet_count":0,"master_deck":["Runesmith:Strike_RS","Runesmith:Strike_RS","Runesmith:Strike_RS","Runesmith:Strike_RS","Runesmith:Defend_RS","Runesmith:Defend_RS","Runesmith:Defend_RS","Runesmith:Defend_RS","Runesmith:CraftFirestone","Runesmith:Fortify","Finesse","hexamod:VolcanoVisage+1","Runesmith:ChiselStab","Runesmith:Attraction","Runesmith:CraftIndustria","Runesmith:Grindstone","Runesmith:ChiselStab","Runesmith:Empowerment+1","CurseOfTheBell","CurseOfTheBell","Pot Of Greed","Pot Of Greed","Runesmith:Permafrost+1","Enlightenment+1","Runesmith:CraftPrismatica","Pot Of Greed+1","Runesmith:Firestorm+1","Runesmith:CraftMedicinae","Master of Strategy+1","REME_PuzzleBox","Runesmith:OneForEveryone+1","Runesmith:CraftProtectio","Transmutation+1","Sadistic Nature","Runesmith:Overpower+1","Runesmith:Attraction+1","Runesmith:HammerThrow+1","Runesmith:ArcReactor","Trip","Runesmith:Grindstone+1","Runesmith:CraftMagma","Runesmith:CraftMagma"],"relics":["Runesmith:BrokenRuby","REME_ComplimentaryCards","YidongShenshe:ReiMu","downfall:ExtraCursedBell","Grinning Jar","Thread and Needle","Replay:Bottled Steam","Vajra","Matryoshka","MawBank","REME_LowDesire","Boot","Happy Flower","Nilry\u0027s Codex","REME_ArchaeologicalTools","Replay:Rubber Ducky","REME_HourglassOfDeath","War Paint","RuthlessExorcism:ReiMu","Fusion Hammer","Mastiff:ReiMu","Chemical X"],"acts_visited":["Exordium","TheCity","TheBeyond"],"potions_floor_usage":[23,25,26,35,40],"damage_taken":[{"damage":4.0,"enemies":"Cultist","floor":1.0,"turns":4.0},{"damage":0.0,"enemies":"Small Slimes","floor":2.0,"turns":3.0},{"damage":0.0,"enemies":"Jaw Worm","floor":5.0,"turns":3.0},{"damage":1.0,"enemies":"Lagavulin","floor":15.0,"turns":7.0},{"damage":3.0,"enemies":"Large Slime","floor":16.0,"turns":7.0},{"damage":14.0,"enemies":"Hexaghost","floor":18.0,"turns":9.0},{"damage":14.0,"enemies":"Chosen","floor":20.0,"turns":8.0},{"damage":13.0,"enemies":"2 Thieves","floor":21.0,"turns":5.0},{"damage":17,"enemies":"Snecko","floor":23,"turns":6},{"damage":15,"enemies":"Gremlin Leader","floor":25,"turns":9},{"damage":0,"enemies":"Shelled Parasite and Fungi","floor":26,"turns":1},{"damage":1,"enemies":"Replay:Snechameleon","floor":30,"turns":4},{"damage":5,"enemies":"Centurion and Healer","floor":32,"turns":4},{"damage":0,"enemies":"Snecko","floor":33,"turns":4},{"damage":2,"enemies":"Pondfish","floor":35,"turns":6},{"damage":13,"enemies":"3 Darklings","floor":37,"turns":4},{"damage":16,"enemies":"3 Shapes","floor":38,"turns":3},{"damage":150,"enemies":"Transient","floor":40,"turns":2}],"seed_played":"-6379341201508549020","potions_obtained":[{"floor":1.0,"key":"DistilledChaos"},{"floor":18.0,"key":"FearPotion"},{"floor":20.0,"key":"Slimebound:ThreeZeroPotion"},{"floor":21.0,"key":"Ancient Potion"},{"floor":25,"key":"ZuzhouPotion:ReiMu"},{"floor":26,"key":"Guardian:BlockOnCardUsePotion"},{"floor":37,"key":"bronze:BurnAndBuffPotion"},{"floor":38,"key":"Fruit Juice"}],"is_trial":false,"path_per_floor":["M","M","?","?","M","R","PTL","PTL","?","R","T","$","T","R","E","M","R","B",null,"M","M","?","M","?","E","M","$","T","R","E","?","M","M","R","B",null,"M","M","$","M"],"character_chosen":"RUNESMITH_CLASS","items_purchased":["Runesmith:Permafrost+1","Enlightenment","Sadistic Nature","Replay:Rubber Ducky","Adrenaline Potion","Mastiff:ReiMu","Chemical X","Runesmith:CraftMagma"],"campfire_rested":1,"item_purchase_floors":[12,12,27,27,27,39,39,39],"current_hp_per_floor":[66,66,38,38,38,38,38,38,38,38,38,38,38,38,37,34,34,20,70,56,44,28,11,34,19,19,19,19,19,19,19,14,18,39,37,70,57,41,41,0,0],"gold":83,"neow_bonus":"RANDOM_COLORLESS","is_daily":false,"chose_seed":false,"campfire_upgraded":5,"win_rate":0.0,"timestamp":1614241072,"path_taken":["M","M","?","?","M","R","PTL","PTL","?","R","T","$","?","R","E","M","R","BOSS","M","M","?","M","?","E","M","$","T","R","E","?","M","M","R","BOSS","M","M","$","M"],"items_purchased_type":["Card","Card","Card","Relic","Potion","Relic","Relic","Card"],"build_version":"2020-12-22","purchased_purges":1,"victory":false,"max_hp_per_floor":[70,70,70,70,70,70,70,70,70,70,70,70,70,70,70,70,70,70,70,70,70,70,70,70,70,70,70,70,70,70,70,70,70,70,70,70,70,70,70,75,75],"card_choices":[{"not_picked":["Trip","Replay:BasicMightCard"],"picked":"Finesse","floor":0.0},{"not_picked":["Runesmith:BackupBattery","Runesmith:HeatExchange"],"picked":"Runesmith:ChiselStab","floor":1.0},{"not_picked":["Runesmith:StaticCage","Runesmith:ShiftingStrike"],"picked":"Runesmith:Attraction","floor":2.0},{"not_picked":["Runesmith:HeatedChisel","Runesmith:HammerTime"],"picked":"Runesmith:CraftIndustria","floor":3.0},{"not_picked":["Runesmith:DoubleUp","Runesmith:StaticCage"],"picked":"Runesmith:Grindstone","floor":3.0},{"not_picked":["Runesmith:BackupBattery","Runesmith:Firewall"],"picked":"Runesmith:ChiselStab","floor":3.0},{"not_picked":["Runesmith:ChiselStab","Runesmith:HammerThrow"],"picked":"Runesmith:Empowerment","floor":5.0},{"not_picked":["Runesmith:Terraform","Runesmith:LastStand"],"picked":"Runesmith:CraftPrismatica","floor":15.0},{"not_picked":["Runesmith:BackupBattery","Runesmith:ShiftingStrike"],"picked":"Runesmith:Firestorm","floor":16.0},{"not_picked":["Runesmith:Duplicate","Runesmith:CraftPrismatica"],"picked":"Runesmith:CraftMedicinae","floor":18.0},{"not_picked":["Runesmith:ChiselStab","Runesmith:Electrocute","Runesmith:Overpower"],"picked":"Master of Strategy","floor":20.0},{"not_picked":["Runesmith:CraftIncendium","Runesmith:Reinforce","Runesmith:EarthShield+1"],"picked":"REME_PuzzleBox","floor":21.0},{"not_picked":["Runesmith:Electrocute","Runesmith:EnergizedChisel+1","ReplayTheSpireMod:Private Reserves"],"picked":"Runesmith:OneForEveryone+1","floor":23},{"not_picked":["Runesmith:Terraform","Runesmith:CraftIndustria","ReplayTheSpireMod:Necrogeddon"],"picked":"Runesmith:CraftProtectio","floor":25},{"not_picked":["Runesmith:BackupBattery","Runesmith:ChiselStab","Runesmith:HeatedChisel"],"picked":"Transmutation","floor":26},{"not_picked":["Runesmith:CraftProtectio","Runesmith:EarthShield","ReplayTheSpireMod:Necrogeddon"],"picked":"Runesmith:Overpower+1","floor":30},{"not_picked":["Runesmith:HeatExchange","Runesmith:Grindstone","Impatience"],"picked":"Runesmith:Attraction+1","floor":32},{"not_picked":["Runesmith:Malloc","Runesmith:HeatedChisel","REME_PuzzleBox"],"picked":"Runesmith:HammerThrow+1","floor":33},{"not_picked":["Runesmith:GenerateForcefield","Runesmith:Supernova","Replay:Sssssssssshield"],"picked":"Runesmith:ArcReactor","floor":35},{"not_picked":["Runesmith:UnstableHammer","Runesmith:HeatedChisel+1","Runesmith:HammerThrow"],"picked":"Trip","floor":37},{"not_picked":["Runesmith:Repurpose","Runesmith:FrozenChisel+1","Secret Weapon"],"picked":"Runesmith:Grindstone+1","floor":38}],"player_experience":150436,"relics_obtained":[{"floor":9.0,"key":"Grinning Jar"},{"floor":9.0,"key":"Thread and Needle"},{"floor":9.0,"key":"Replay:Bottled Steam"},{"floor":11.0,"key":"Vajra"},{"floor":13.0,"key":"Matryoshka"},{"floor":15.0,"key":"MawBank"},{"floor":19.0,"key":"Boot"},{"floor":19.0,"key":"Happy Flower"},{"floor":22.0,"key":"Nilry\u0027s Codex"},{"floor":25,"key":"REME_ArchaeologicalTools"},{"floor":28,"key":"REME_HourglassOfDeath"},{"floor":28,"key":"War Paint"},{"floor":30,"key":"RuthlessExorcism:ReiMu"}],"event_choices":[{"damage_healed":0.0,"max_hp_gain":0.0,"max_hp_loss":0.0,"gold_gain":0.0,"event_name":"yidonshenshe","player_choice":"¥¯◊ﬂ…Ò…Á","floor":4.0,"gold_loss":0.0,"damage_taken":0.0,"relics_obtained":["YidongShenshe:ReiMu"],"cards_obtained":["Poor:ReiMu"]},{"damage_healed":0.0,"max_hp_gain":0.0,"max_hp_loss":0.0,"gold_gain":0.0,"event_name":"Cursed Tome","player_choice":"Obtained Book","floor":22.0,"gold_loss":0.0,"damage_taken":16.0},{"damage_healed":23,"gold_gain":0,"player_choice":"Heal","damage_taken":0,"max_hp_gain":0,"max_hp_loss":0,"event_name":"The Library","floor":24,"gold_loss":0},{"damage_healed":0,"gold_gain":0,"player_choice":"Ignored","damage_taken":0,"max_hp_gain":0,"max_hp_loss":0,"event_name":"Vampires","floor":31,"gold_loss":0}],"is_beta":false,"boss_relics":[{"not_picked":["Replay:Wanted Poster","Empty Cage"],"picked":"REME_LowDesire"},{"not_picked":["Snecko Eye","Runic Pyramid"],"picked":"Fusion Hammer"}],"items_purged_floors":[12],"is_endless":false,"potions_floor_spawned":[1,18,20,21,25,26,37,38],"killed_by":"Transient","ascension_level":0}}