{"host":"Ovy","time":1614228490,"event":{"mods":["AchievementEnabler","BaseMod","Minty Spire (QoL Compilation)","Relic Stats"],"gold_per_floor":[367,367,21,35,50,50,68,100,100,100,120,45,76,93,93,167,167,178,194,42,42,57,87,87,112,182,211,211,224,274,288,288,288,288],"floor_reached":33,"language":"ENG","playtime":2129,"items_purged":["Strike_G"],"score":730,"play_id":"ade35a43-3942-4c20-b074-d705bae4c249","local_time":"20210224234810","is_ascension_mode":true,"campfire_choices":[{"data":"Dagger Spray","floor":6,"key":"SMITH"},{"data":"Blade Dance","floor":10,"key":"SMITH"},{"data":"Leg Sweep","floor":15,"key":"SMITH"},{"data":"Envenom","floor":24,"key":"SMITH"},{"data":"Footwork","floor":32,"key":"SMITH"}],"circlet_count":0,"master_deck":["AscendersBane","Strike_G+1","Defend_G+1","Defend_G+1","Defend_G+1","Defend_G+1","Defend_G+1","Survivor","Neutralize","Dagger Spray+1","Terror","Slice","Blade Dance+1","Quick Slash+1","All Out Attack+1","Leg Sweep+1","Dagger Throw+1","Envenom+1","Dagger Throw+1","Dash+1","Ghostly","Ghostly","Ghostly","Footwork+1","Backstab+1","Finisher+1"],"relics":["Ring of the Snake","Meat on the Bone","Molten Egg 2","Letter Opener","Odd Mushroom","Nunchaku","Empty Cage","Lantern","InkBottle","Frozen Egg 2","Dream Catcher"],"acts_visited":["Exordium","TheCity"],"potions_floor_usage":[8,16,23,23,27,33,33],"damage_taken":[{"damage":2,"enemies":"Jaw Worm","floor":1,"turns":5},{"damage":0,"enemies":"2 Louse","floor":4,"turns":3},{"damage":1,"enemies":"Small Slimes","floor":5,"turns":3},{"damage":8,"enemies":"Exordium Thugs","floor":7,"turns":4},{"damage":12,"enemies":"Lagavulin","floor":8,"turns":6},{"damage":0,"enemies":"The Mushroom Lair","floor":11,"turns":3},{"damage":0,"enemies":"Gremlin Nob","floor":13,"turns":2},{"damage":13,"enemies":"Blue Slaver","floor":14,"turns":2},{"damage":19,"enemies":"Slime Boss","floor":16,"turns":7},{"damage":0,"enemies":"Chosen","floor":18,"turns":3},{"damage":10,"enemies":"3 Byrds","floor":19,"turns":4},{"damage":0,"enemies":"Snake Plant","floor":22,"turns":4},{"damage":18,"enemies":"Slavers","floor":23,"turns":8},{"damage":13,"enemies":"Book of Stabbing","floor":25,"turns":6},{"damage":0,"enemies":"Gremlin Leader","floor":27,"turns":5},{"damage":2,"enemies":"3 Cultists","floor":29,"turns":3},{"damage":6,"enemies":"Snecko","floor":31,"turns":7},{"damage":37,"enemies":"Collector","floor":33,"turns":7}],"seed_played":"-5755127932932792391","potions_obtained":[{"floor":7,"key":"Weak Potion"},{"floor":8,"key":"DuplicationPotion"},{"floor":14,"key":"EntropicBrew"},{"floor":16,"key":"Block Potion"},{"floor":27,"key":"EssenceOfSteel"},{"floor":29,"key":"Swift Potion"}],"is_trial":false,"path_per_floor":["M","?","$","M","M","R","M","E","T","R","?","?","E","M","R","B",null,"M","M","$","?","M","E","R","E","T","E","?","M","?","M","R","B"],"character_chosen":"THE_SILENT","items_purchased":["Meat on the Bone","Terror","Dash+1"],"campfire_rested":0,"item_purchase_floors":[3,3,20],"current_hp_per_floor":[42,42,42,42,41,41,45,45,45,45,45,45,45,44,44,37,59,59,49,49,33,33,27,27,26,26,26,26,24,21,27,27,0,0],"gold":288,"neow_bonus":"TWO_FIFTY_GOLD","is_daily":false,"chose_seed":false,"campfire_upgraded":5,"win_rate":0.0,"timestamp":1614228490,"path_taken":["M","?","$","M","M","R","M","E","T","R","?","?","E","M","R","BOSS","M","M","$","?","M","E","R","E","T","E","?","M","?","M","R","BOSS"],"items_purchased_type":["Relic","Card","Card"],"build_version":"2020-12-18","purchased_purges":1,"victory":false,"max_hp_per_floor":[66,66,66,66,66,66,66,66,66,66,66,66,66,66,66,66,66,66,66,66,33,33,33,33,33,33,33,33,33,33,33,33,33,33],"relic_stats":{"Nunchaku":[16],"Dream Catcher":0,"counters":[18,82],"Letter Opener":[21],"obtain_stats":[{"Nunchaku":13,"Lantern":23,"Dream Catcher":27,"Molten Egg 2":8,"Letter Opener":9,"Odd Mushroom":11,"Frozen Egg 2":26,"Empty Cage":17,"InkBottle":25,"Ring of the Snake":0,"Meat on the Bone":3},{"Nunchaku":7,"Lantern":13,"Dream Catcher":15,"Molten Egg 2":5,"Letter Opener":5,"Odd Mushroom":6,"Frozen Egg 2":14,"Empty Cage":9,"InkBottle":14,"Ring of the Snake":0,"Meat on the Bone":1},{"Nunchaku":26,"Lantern":54,"Dream Catcher":65,"Molten Egg 2":21,"Letter Opener":21,"Odd Mushroom":24,"Frozen Egg 2":60,"Empty Cage":35,"InkBottle":60,"Ring of the Snake":0,"Meat on the Bone":5}],"InkBottle":[9],"Ring of the Snake":[36],"Meat on the Bone":84},"card_choices":[{"not_picked":["Slice","Poisoned Stab"],"picked":"Dagger Spray","floor":1},{"not_picked":["Riddle With Holes","Backflip"],"picked":"Slice","floor":4},{"not_picked":["Backflip","Acrobatics"],"picked":"Blade Dance","floor":5},{"not_picked":["Prepared","Dodge and Roll","Calculated Gamble"],"picked":"SKIP","floor":7},{"not_picked":["Burst","Eviscerate+1"],"picked":"Quick Slash+1","floor":8},{"not_picked":["Outmaneuver","Cloak And Dagger"],"picked":"All Out Attack+1","floor":11},{"not_picked":["Poisoned Stab+1","Storm of Steel"],"picked":"Leg Sweep","floor":13},{"not_picked":["Underhanded Strike+1","Catalyst"],"picked":"Dagger Throw+1","floor":14},{"not_picked":["Grand Finale+1","Doppelganger"],"picked":"Envenom","floor":16},{"not_picked":["Underhanded Strike+1","Predator+1","Backflip"],"picked":"SKIP","floor":18},{"not_picked":["Prepared","Predator+1"],"picked":"Dagger Throw+1","floor":19},{"not_picked":["Heel Hook+1","Backflip","Flechettes+1"],"picked":"SKIP","floor":22},{"not_picked":["Deadly Poison","Dagger Spray+1"],"picked":"Footwork","floor":23},{"not_picked":["All Out Attack+1","Heel Hook+1","Riddle With Holes+1"],"picked":"SKIP","floor":25},{"not_picked":["Sucker Punch+1","Calculated Gamble+1"],"picked":"Backstab+1","floor":27},{"not_picked":["Underhanded Strike+1","Flying Knee+1","Slice+1"],"picked":"SKIP","floor":29},{"not_picked":["Choke+1","Outmaneuver"],"picked":"Finisher+1","floor":31}],"player_experience":1356178,"relics_obtained":[{"floor":8,"key":"Molten Egg 2"},{"floor":9,"key":"Letter Opener"},{"floor":11,"key":"Odd Mushroom"},{"floor":13,"key":"Nunchaku"},{"floor":23,"key":"Lantern"},{"floor":25,"key":"InkBottle"},{"floor":26,"key":"Frozen Egg 2"},{"floor":27,"key":"Dream Catcher"}],"event_choices":[{"damage_healed":0,"gold_gain":0,"player_choice":"Ignored","damage_taken":0,"max_hp_gain":0,"max_hp_loss":0,"event_name":"Shining Light","floor":2,"gold_loss":0},{"damage_healed":0,"gold_gain":0,"player_choice":"Fought Mushrooms","damage_taken":0,"max_hp_gain":0,"max_hp_loss":0,"event_name":"Mushrooms","floor":11,"gold_loss":0},{"cards_removed":["Strike_G"],"damage_healed":0,"gold_gain":0,"player_choice":"Card Removal","damage_taken":0,"max_hp_gain":0,"max_hp_loss":0,"event_name":"The Cleric","floor":12,"gold_loss":75},{"damage_healed":0,"gold_gain":0,"player_choice":"Became a Ghost","damage_taken":0,"max_hp_gain":0,"max_hp_loss":33,"event_name":"Ghosts","floor":21,"gold_loss":0,"cards_obtained":["Ghostly","Ghostly","Ghostly"]},{"damage_healed":0,"gold_gain":0,"player_choice":"Simplicity","damage_taken":0,"max_hp_gain":0,"max_hp_loss":0,"event_name":"Back to Basics","floor":28,"gold_loss":0,"cards_upgraded":["Strike_G","Defend_G","Defend_G","Defend_G","Defend_G","Defend_G"]},{"damage_healed":0,"gold_gain":50,"player_choice":"Touch","damage_taken":3,"max_hp_gain":0,"max_hp_loss":0,"event_name":"FaceTrader","floor":30,"gold_loss":0}],"is_beta":true,"boss_relics":[{"not_picked":["Velvet Choker","SacredBark"],"picked":"Empty Cage"}],"items_purged_floors":[20],"is_endless":false,"potions_floor_spawned":[7,8,14,16,22,27,29],"killed_by":"Collector","ascension_level":20}}