{"host":"3omna1v4kuj0u9pv","time":1614284763,"event":{"mods":["AchievementEnabler","Act Like it!","Aspiration","BaseMod","Better Altar","Better Match","Better Note","Better Sensory Stone","Better Skull","Better Third Choice","Better Vampires","BetterRewards","CCEM2","CapriCore","Conspire","Curses Come First","Displayed Cursed Tome","Downfall","Fox Events","Halation","Hubris","Infinite Spire","Library of Ruina","Library of Ruina Extra","Minty Spire (QoL Compilation)","Permanent Neow","Poor People Problems","Rare Cards Sparkle","Reliquary","Replay The Spire","Ruina","Shop Mod","Spicy Shops","StSLib","The Animator","Transform Curses"],"gold_per_floor":[113,123,134,146,158,187,198,223,223,223,223,260,271,287,287,399,399,415,237,266,290,290,335,335,335,335,335,354,395,413,449,449,560,560,578,594,615,78,102,140,170,182,182,182,204,326,349,404,404,519,519,527,543,543,400,416,416,427,447,473,490,510,579,579,579,579,648,648,659,659,584,591,590,590,590,590,642,656,674,692,692,692,692,822,822,833,927,926,926,926,926,926,899,899],"floor_reached":93,"language":"ENG","playtime":7689,"items_purged":[],"score":1698,"play_id":"99297d54-6803-47a6-83b6-47517317a309","local_time":"20210226062603","is_ascension_mode":false,"campfire_choices":[{"floor":11.0,"key":"REST"},{"data":"TendonChords","floor":15.0,"key":"SMITH"},{"data":"TendonChords","floor":25.0,"key":"SMITH"},{"data":"BiXi","floor":32.0,"key":"SMITH"},{"floor":44.0,"key":"REST"},{"data":"infinitespire:DeathsTouch","floor":49.0,"key":"SMITH"},{"data":"FrontalAssault","floor":57.0,"key":"SMITH"},{"data":"FrontalAssault","floor":66.0,"key":"SMITH"},{"data":"FrontalAssault","floor":74,"key":"SMITH"},{"data":"UnforgettableMelody","floor":76,"key":"SMITH"},{"data":"FrontalAssault","floor":83,"key":"SMITH"},{"data":"conspire:Banana","floor":91,"key":"SMITH"}],"circlet_count":0,"master_deck":["DegradedFairy","DegradedFairy","DegradedFairy","DegradedChain","DegradedChain","DegradedLock+1","DegradedPillar","DegradedPillar","DegradedShockwave","Unlock1","TendonChords+1","LawAndOrder","Zzzzzap","BiAn","SharpNails+1","GutHarvesting","TendonChords+1","ruina:LoveAndHate+1","BiAn","infinitespire:DeathsTouch+1","Struggle+1","hubris:NaturalOne","BiXi+1","UnforgettableMelody+1","FrontalAssault+1","TendonChords","FrontalAssault+1","AsThePrescriptOrders+1","infinitespire:FutureSight","DesperateStruggle+1","FrontalAssault+1","MindPrepared","FrontalAssault+1","PreparedMind","ReplayTheSpireMod:Black Plague","FrontalAssault+1","FrontalAssault+1","infinitespire:FutureSight","Punishment","Struggle","FrontalAssault+1","SharpNails+1","CombatPreparation+1","Unlock1+1","BattleCommand","conspire:Banana+1"],"relics":["PageOfLibrarian","hubris:Potato","halation:IllGainedPizza","PageOfThreeBirds","reliquary:QuartzCube","aspiration:RitualDagger","halation:PinkSoulGem","PageOfJudgementBird","aspiration:StickyExplosives_weak","hubris:Icosahedron","Anchor","infinitespire:Golems Mask","aspiration:SecretTechniqueScroll","MerchantsRug","ReplayFunnel","Replay:WaspNest","Orichalcum","CCEMRelics:DerglesHeadphones","hubris:FunFungus","PageOfSingingMachine","Replay:Bronze Core","Bag of Marbles","halation:LettersToHer","PageOfBloodbath","Bottled Lightning","ReplayTheSpireMod:DimensionalGlitch","halation:EternalFortune","reliquary:ExpiredCoupon","aspiration:SeaSaltIceCream","NeowsBlessing","Blue Candle","PageOfBlackSwan","hubris:Towel","halation:PapillonHeart"],"acts_visited":["Exordium","ruina:Briah","TheBeyond","Exordium","ruina:Briah","TheBeyond"],"potions_floor_usage":[93],"damage_taken":[{"damage":0.0,"enemies":"Jaw Worm","floor":1.0,"turns":2.0},{"damage":0.0,"enemies":"Small Slimes","floor":2.0,"turns":1.0},{"damage":0.0,"enemies":"Cultist","floor":3.0,"turns":1.0},{"damage":0.0,"enemies":"Large Slime","floor":4.0,"turns":2.0},{"damage":0.0,"enemies":"Exordium Wildlife","floor":5.0,"turns":2.0},{"damage":0.0,"enemies":"Lagavulin","floor":6.0,"turns":3.0},{"damage":0.0,"enemies":"3 Louse","floor":7.0,"turns":1.0},{"damage":0.0,"enemies":"conspire:MimicChest","floor":8.0,"turns":2.0},{"damage":0.0,"enemies":"3 Sentries","floor":12.0,"turns":3.0},{"damage":0.0,"enemies":"2 Fungi Beasts","floor":13.0,"turns":2.0},{"damage":0.0,"enemies":"Red Slaver","floor":14.0,"turns":1.0},{"damage":36.0,"enemies":"Hexaghost","floor":16.0,"turns":4.0},{"damage":0.0,"enemies":"ruina:2_Scarecrows","floor":18.0,"turns":2.0},{"damage":10.0,"enemies":"ruina:BadWolf","floor":20.0,"turns":4.0},{"damage":0.0,"enemies":"ruina:KnightOfDespair","floor":21.0,"turns":2.0},{"damage":23.0,"enemies":"ruina:ServantOfWrath","floor":23.0,"turns":5.0},{"damage":0.0,"enemies":"ruina:KingOfGreed","floor":28.0,"turns":3.0},{"damage":15.0,"enemies":"Nightmare","floor":29.0,"turns":4.0},{"damage":0.0,"enemies":"ruina:Woodsman","floor":30.0,"turns":3.0},{"damage":0.0,"enemies":"ruina:ServantOfWrath","floor":31.0,"turns":4.0},{"damage":31.0,"enemies":"ruina:Ozma","floor":33.0,"turns":6.0},{"damage":0.0,"enemies":"3 Shapes","floor":35.0,"turns":3.0},{"damage":7.0,"enemies":"Orb Walker","floor":36.0,"turns":3.0},{"damage":0.0,"enemies":"Sphere and 2 Shapes","floor":37.0,"turns":3.0},{"damage":5.0,"enemies":"Spire Growth","floor":39.0,"turns":3.0},{"damage":10.0,"enemies":"R_Hoarder","floor":40.0,"turns":5.0},{"damage":197.0,"enemies":"Transient","floor":41.0,"turns":5.0},{"damage":0.0,"enemies":"Writhing Mass","floor":42.0,"turns":1.0},{"damage":0.0,"enemies":"3 Darklings","floor":45.0,"turns":3.0},{"damage":3.0,"enemies":"infinitespire:Three Voidlings","floor":46.0,"turns":3.0},{"damage":45.0,"enemies":"Nightmare_Alpha","floor":46.0,"turns":5.0},{"damage":0.0,"enemies":"4 Shapes","floor":48.0,"turns":4.0},{"damage":0.0,"enemies":"hubris:GrandSnecko","floor":50.0,"turns":7.0},{"damage":0.0,"enemies":"Small Slimes","floor":52.0,"turns":2.0},{"damage":0.0,"enemies":"Jaw Worm","floor":53.0,"turns":1.0},{"damage":0.0,"enemies":"Cultist","floor":56.0,"turns":1.0},{"damage":0.0,"enemies":"Large Slime","floor":58.0,"turns":2.0},{"damage":0.0,"enemies":"Lagavulin","floor":59.0,"turns":1.0},{"damage":0.0,"enemies":"Red Slaver","floor":61.0,"turns":1.0},{"damage":0.0,"enemies":"Exordium Wildlife","floor":62.0,"turns":1.0},{"damage":0.0,"enemies":"Fading Forest","floor":67.0,"turns":7.0},{"damage":0.0,"enemies":"ruina:3_Bats","floor":69.0,"turns":3.0},{"damage":0.0,"enemies":"ruina:Nosferatu","floor":72.0,"turns":2.0},{"damage":0.0,"enemies":"ruina:KnightOfDespair","floor":73.0,"turns":3.0},{"damage":58,"enemies":"Nightmare","floor":78,"turns":4},{"damage":0,"enemies":"ruina:KingOfGreed","floor":79,"turns":1},{"damage":0,"enemies":"ruina:Woodsman","floor":80,"turns":1},{"damage":0,"enemies":"ruina:JesterOfNihil","floor":84,"turns":1},{"damage":0,"enemies":"3 Shapes","floor":86,"turns":1},{"damage":0,"enemies":"Orb Walker","floor":88,"turns":2},{"damage":162,"enemies":"Transient","floor":93,"turns":5}],"seed_played":"4300565729560665449","potions_obtained":[{"floor":2.0,"key":"Block Potion"},{"floor":3.0,"key":"SkillPotion"},{"floor":5.0,"key":"Dexterity Potion"},{"floor":12.0,"key":"hexamod:SoulburnPotion"},{"floor":31.0,"key":"Energy Potion"},{"floor":35.0,"key":"Strength Potion"},{"floor":46.0,"key":"bronze:BurnAndBuffPotion"},{"floor":48.0,"key":"Fire Potion"},{"floor":50.0,"key":"DistilledChaos"},{"floor":56.0,"key":"BlessingOfTheForge"},{"floor":59.0,"key":"Weak Potion"},{"floor":62.0,"key":"Adrenaline Potion"},{"floor":80,"key":"SteroidPotion"}],"is_trial":false,"path_per_floor":["M","M","M","M","M","E","M","?","T","$","R","E","M","M","R","B",null,"M","$","M","M","?","E","?","R","T","?","M","NM","M","E","R","B",null,"M","M","M","$","M","E","M","M","T","R","M","?","T","M","R","B",null,"M","M","?","$","M","R","M","E","T","M","M","?","T","?","R","B",null,"M","?","?","M","M","R","?","R","T","NM","M","M","?","?","R","B",null,"M","?","M","?","?","R","?","M"],"character_chosen":"Librarian","items_purchased":["ruina:LoveAndHate","MerchantsRug","ReplayFunnel","Replay:WaspNest","Bag of Marbles"],"campfire_rested":2,"item_purchase_floors":[19,38,38,38,55],"current_hp_per_floor":[60,60,60,60,60,63,63,63,63,63,90,90,90,90,90,54,90,90,90,85,88,88,73,73,73,73,73,78,66,66,77,77,57,90,90,86,86,86,84,80,27,56,56,83,90,77,77,90,90,90,90,90,90,90,90,90,90,90,90,90,90,90,90,90,90,90,90,90,90,93,93,93,93,93,93,93,93,57,60,66,38,30,42,44,96,96,58,76,76,76,88,88,0,0],"gold":899,"neow_bonus":"UPGRADE_CARD","is_daily":false,"chose_seed":false,"campfire_upgraded":10,"win_rate":0.0,"timestamp":1614284763,"path_taken":["M","M","M","M","M","E","M","?","T","$","R","E","M","M","R","BOSS","M","$","M","M","?","E","?","R","T","?","M","NM","M","E","R","BOSS","M","M","M","$","M","E","M","M","T","R","M","?","?","M","R","BOSS","M","M","?","$","M","R","?","E","T","M","M","?","?","?","R","BOSS","M","?","?","M","M","R","?","R","T","NM","?","M","?","?","R","BOSS","M","?","M","?","?","R","?","M"],"items_purchased_type":["Card","Relic","Relic","Relic","Relic"],"build_version":"2020-12-22","purchased_purges":0,"victory":false,"max_hp_per_floor":[90,90,90,90,90,90,90,90,90,90,90,90,90,90,90,90,90,90,90,90,90,90,90,90,90,90,90,90,90,90,90,90,90,90,90,90,90,90,90,90,90,90,90,90,90,90,90,90,90,90,90,90,90,90,90,90,90,90,90,90,90,90,90,90,90,90,90,90,90,93,93,93,93,93,93,93,93,93,93,96,96,96,96,96,96,96,96,96,96,96,96,91,93,93],"card_choices":[{"not_picked":["StructuralAnalysis","Bvapour","SnakesPrey","Juggling","PreemptiveStrike","GreatSerpentsImpact","SharpenedBlade","Gamble","SerpentineBarrier"],"picked":"SKIP","floor":1.0},{"not_picked":["ExtractFuel","Gamble","RushDown","ClassAndRespect","NonstopAssault","Multislash","Struggle","ShockingBlow","Collision"],"picked":"SKIP","floor":2.0},{"not_picked":["DarkCloud","SnakesPrey","BackAttack","FleetFootsteps","BoundaryOfDeath","UnavoidableGaze","FieryWaltz","GrazeTheGrass"],"picked":"Unlock1","floor":3.0},{"not_picked":["ClassAndRespect","PreemptiveStrike","GrazeTheGrass","Fence","GuardingStance","SunsetBlade","Punishment","DefenseOrder"],"picked":"TendonChords","floor":4.0},{"not_picked":["Parry","GrazeTheGrass","Preparation","MultiBlock","Fence","WillOfThePrescript","PinpointShot","Gamble"],"picked":"LawAndOrder","floor":5.0},{"not_picked":["PinpointShot","ToWhereThePrescriptPoints","ElectricShock","MindCrush","BlazingStrike","Laceration","GuidanceOfTheGears","StructuralAnalysis"],"picked":"Zzzzzap","floor":6.0},{"not_picked":["Wallop_lor","StayCalm","BindingChains","PreemptiveStrike","SweepTheBackstreets","UnavoidableGaze","FierceCharge","ScatteringSlash","EnergyConversion"],"picked":"SKIP","floor":7.0},{"not_picked":["ExtremeEdge","FierceOnslaught","Leap_lor","Clone","Preparation","DesperateStruggle","Parry2","SnakesPrey"],"picked":"BiAn","floor":8.0},{"not_picked":["CleanUp","FierceCharge","SuanNi","StructuralAnalysis","Parry2","YoureTooSlow","SmokingPipe","StrikeDown"],"picked":"SharpNails","floor":12.0},{"not_picked":["Standoff","AutomatedMovement","Feast","PinpointShot","BindingArms","TimeForALittleTest","CleanUp","SerpentineBarrier","ExtractFuel"],"picked":"SKIP","floor":13.0},{"not_picked":["FleetFootsteps","PreemptiveStrike","SharpSwipe","FieryDragonSlash","FlashOfSunup","MultiHit","HandleRequest","Struggle","ViolentFlame"],"picked":"SKIP","floor":14.0},{"not_picked":["Cruelty","RagingStormLove"],"picked":"GutHarvesting","floor":16.0},{"not_picked":["Parry2+1","EnergyStrike+1","DefenseOrder","WillOfThePrescript","Outburst+1","IdentifyWeakpoint","Duel_lor","BackAttack"],"picked":"TendonChords","floor":18.0},{"not_picked":["GuidanceOfTheGears","NonstopAssault","DimensionalRift+1","StrongStrike","RipSpace","Marionette","Rewind","FleetEdge+1"],"picked":"BiAn","floor":20.0},{"not_picked":["FlashOfSunup","Gigigig+1","HiddenBlade+1","Execute_lor","Clone","ForTheFamily","FleshFillet","SteelKnuckles","MultiHit"],"picked":"SKIP","floor":21.0},{"not_picked":["Leap_lor","ForcefulGesture","AlloutWar","Parry2","GreatSerpentsImpact","HiddenBlade","TrimTheIngredients","Gigigig+1","Parry"],"picked":"SKIP","floor":23.0},{"not_picked":["SilentNight","UnavoidableGaze","Thrust","GuidanceOfTheGears+1","Reload","Multislash","ToOvercomeCrisis+1","InkOver","NightInTheBackstreets"],"picked":"SKIP","floor":28.0},{"not_picked":["infinitespire:Menacing","ReplayTheSpireMod:Echoes of Time"],"picked":"infinitespire:DeathsTouch","floor":29.0},{"not_picked":["DestructiveImpact","AsThePrescriptOrders","FocusFire+1","StructuralAnalysis+1","YoureTooSlow","ViolentFlame+1","EnergyStrike+1","HardRehearsal"],"picked":"Struggle+1","floor":29.0},{"not_picked":["UpbeatPerformance+1","SparkingSpear+1","SerpentSwordTechnique","TraceOfFumes","FierceCharge","GreatSerpentsImpact","BackAttack","FrontalAssault"],"picked":"BiXi","floor":30.0},{"not_picked":["FeatherShield","Rewind+1","UncannyStrike+1","WillBeTasty","IronWall","BurningFlash+1","ChopItOff","Deflect_lor"],"picked":"UnforgettableMelody","floor":31.0},{"not_picked":["FieryWaltz","ICanCookAnything","BackAttack+1","ViolentFlame","Multislash","EnergyCycle","ForcefulGesture","FleetFootsteps","AsThePrescriptOrders"],"picked":"SKIP","floor":35.0},{"not_picked":["MultiBlock","EndlessBattle","StructuralAnalysis","RapidGashes","SturdyDefense+1","HighSpeedStabbing","BackAttack+1","DarkCloud+1","SuppressingShot+1"],"picked":"SKIP","floor":36.0},{"not_picked":["Retaliate","SinglePointStab","NightInTheBackstreets+1","Diversion+1","EnergyStrike+1","SuppressingShot+1","WillOfThePrescript+1","VioletBlade+1"],"picked":"FrontalAssault+1","floor":37.0},{"not_picked":["StrikeDown","FlashingStrike+1","SerpentSwordTechnique+1","WillProduceFineSilk","ClassAndRespect+1","HiddenBlade+1","DriedUp+1","ElectricShock+1","IronWall"],"picked":"SKIP","floor":39.0},{"not_picked":["FierceCharge+1","SturdyDefense","RushDown","EnergyStrike+1","ClassAndRespect","SilentNight","FleetEdge","SinglePointStab"],"picked":"TendonChords","floor":40.0},{"not_picked":["Parry","EnergyStrike+1","TasteMyFlamingBat+1","SerpentSwordTechnique","Outburst+1","Diversion","FierceCharge","DeepDrag+1","InkOver"],"picked":"SKIP","floor":41.0},{"not_picked":["Parry","EnergyStrike+1","TasteMyFlamingBat+1","SerpentSwordTechnique","Outburst+1","Diversion","FierceCharge","DeepDrag+1","InkOver"],"picked":"SKIP","floor":41.0},{"not_picked":["InhaleSmoke","SummaryJudgment+1","BiAn","FlowOfTheSword+1","StrongStrike+1","AutonomousRush","FormingStorm","MultiBlock"],"picked":"FrontalAssault+1","floor":42.0},{"not_picked":["Bvapour","SinglePointStab","WillBeTasty+1","BurningFlash","DefenseOrder","EnergyShield+1","MultiHit+1","RulesOfTheBackstreets","FlowOfTheSword+1"],"picked":"SKIP","floor":45.0},{"not_picked":["ViolentFlame+1","SinglePointStab","QuickAttack+1","StructuralAnalysis+1","HandleRequest+1","EndlessBattle+1","Overcharge+1","Rampage_lor+1"],"picked":"AsThePrescriptOrders+1","floor":46.0},{"not_picked":["ReplayTheSpireMod:??????????????????????","infinitespire:Menacing"],"picked":"infinitespire:FutureSight","floor":46.0},{"not_picked":["GuidanceOfTheGears","MultiHit+1","StartinOutLightly","Thrust+1","BackAttack","SweepTheBackstreets+1","Gigigig","FleetFootsteps"],"picked":"DesperateStruggle+1","floor":48.0},{"not_picked":["MultiBlock","FleetEdge","PreemptiveStrike","RatsGuideToSurvival","UpbeatPerformance","IngredientHunt","Parry","FierceOnslaught","DeepDrag"],"picked":"SKIP","floor":52.0},{"not_picked":["SenseQuarry","ForTheFamily","DirtyBlow","SuppressingShot","WrathOfTorment","Multislash","BackAttack","Parry2","SunsetBlade"],"picked":"SKIP","floor":53.0},{"not_picked":["Overpower","Thrust","Cruelty","PinpointShot","SharpenedBlade","EnergyShield","YouOnlyLiveOnce","Eject"],"picked":"FrontalAssault","floor":56.0},{"not_picked":["Wallop_lor","ToWhereThePrescriptPoints","GuidanceOfTheGears","Laceration","StartinOutLightly","HiddenBlade","MultiBlock","Juggling"],"picked":"MindPrepared","floor":58.0},{"not_picked":["Rewind","DeepDrag","Faith","IngredientHunt","FleshFillet","GuardingStance","ReadyUp","StrongStrike","EnergyCycle"],"picked":"SKIP","floor":59.0},{"not_picked":["AsThePrescriptOrders","BiAn","BackAttack","PreemptiveStrike","QuickAttack","Wallop_lor","FierceOnslaught","ConcentratedFire"],"picked":"FrontalAssault","floor":61.0},{"not_picked":["Endure","Multislash","AutomatedMovement","FocusFire","WaitUp","Rampage_lor","Wallop_lor","Pound"],"picked":"PreparedMind","floor":62.0},{"not_picked":["ReplayTheSpireMod:Book of Names","ReplayTheSpireMod:Echoes of Time"],"picked":"ReplayTheSpireMod:Black Plague","floor":67.0},{"not_picked":["Eliminate","TendonChords+1","Retaliate","Laceration","Diversion","FleetEdge","HighKick+1","IdentifyWeakpoint"],"picked":"FrontalAssault","floor":69.0},{"not_picked":["AutonomousRush","YoureTooSlow+1","Faith+1","DefenseOrder+1","MultiHit","StrongStrike","HighKick","QuickSuppression+1"],"picked":"FrontalAssault+1","floor":72.0},{"not_picked":["Cruelty","Retaliate","Duel_lor","Standoff+1","ReadyUp","GuidanceOfTheGears","RapidGashes","UnavoidableGaze+1","MultiHit"],"picked":"SKIP","floor":73.0},{"not_picked":["ReplayTheSpireMod:??????????????????????","hubris:Fate"],"picked":"infinitespire:FutureSight","floor":78},{"not_picked":["Transpierce","SnakesPrey","Leap_lor","FaintMemories","Rewind","DefenseOrder","DarkCloud+1","StayCalm"],"picked":"Punishment","floor":78},{"not_picked":["HiddenBlade","TieShanKao","FaintMemories","HandleRequest","DarkCloud","Outburst+1","Thrust","SuanNi"],"picked":"Struggle","floor":79},{"not_picked":["Reload","FierceCharge","EnergyConversion","SnakesPrey","Standoff+1","CoordinatedAssault","SerpentSwordTechnique","WillOfThePrescript"],"picked":"FrontalAssault","floor":80},{"not_picked":["RhinoRam+1","Multislash+1","UnavoidableGaze","MultiBlock+1","StrikeDown","Leap_lor+1","Quickness+1","SinglePointStab+1"],"picked":"CombatPreparation+1","floor":86},{"not_picked":["Parry+1","QuickSuppression+1","Faith+1","WillProduceFineSilk","DefenseOrder","CoordinatedAssault+1","HiddenBlade+1","UndertakePrescript"],"picked":"Unlock1+1","floor":87},{"not_picked":["Outburst+1","OpportunitySpotted","StructuralAnalysis+1","UnavoidableGaze+1","SilentNight","HighKick+1","WaitUp","DirtyBlow"],"picked":"BattleCommand","floor":87},{"not_picked":["NightInTheBackstreets+1","Mutilate","UnavoidableGaze+1","ConcentratedFire+1","Thirst+1","Eject+1","ForcefulGesture+1","ClassAndRespect+1","StrongStrike+1"],"picked":"SKIP","floor":88},{"not_picked":["Specialist","Dramatic Entrance","PanicButton","ReplayTheSpireMod:Uncanny Aura","Panacea","Replay:Bootleg Shield Generator","HandOfGreed","hubris:Insight"],"picked":"conspire:Banana","floor":90}],"player_experience":139680,"relics_obtained":[{"floor":6.0,"key":"hubris:Potato"},{"floor":8.0,"key":"halation:IllGainedPizza"},{"floor":9.0,"key":"PageOfThreeBirds"},{"floor":12.0,"key":"reliquary:QuartzCube"},{"floor":23.0,"key":"PageOfJudgementBird"},{"floor":26.0,"key":"aspiration:StickyExplosives_weak"},{"floor":29.0,"key":"Anchor"},{"floor":31.0,"key":"infinitespire:Golems Mask"},{"floor":40.0,"key":"Orichalcum"},{"floor":43.0,"key":"CCEMRelics:DerglesHeadphones"},{"floor":46.0,"key":"hubris:FunFungus"},{"floor":47.0,"key":"PageOfSingingMachine"},{"floor":59.0,"key":"halation:LettersToHer"},{"floor":60.0,"key":"halation:LettersToHer"},{"floor":60.0,"key":"PageOfBloodbath"},{"floor":64.0,"key":"halation:LettersToHer"},{"floor":64.0,"key":"Bottled Lightning"},{"floor":77,"key":"halation:LettersToHer"},{"floor":77,"key":"reliquary:ExpiredCoupon"},{"floor":78,"key":"aspiration:SeaSaltIceCream"},{"floor":80,"key":"halation:EternalFortune"}],"event_choices":[{"damage_healed":0.0,"max_hp_gain":0.0,"max_hp_loss":0.0,"gold_gain":0.0,"event_name":"FaceTrader","player_choice":"Leave","floor":54.0,"gold_loss":0.0,"damage_taken":0.0},{"damage_healed":0.0,"max_hp_gain":0.0,"max_hp_loss":0.0,"gold_gain":69.0,"event_name":"Golden Wing","player_choice":"Gained Gold","floor":63.0,"gold_loss":0.0,"damage_taken":0.0},{"damage_healed":0.0,"max_hp_gain":0.0,"max_hp_loss":0.0,"gold_gain":0.0,"event_name":"betterMatch:BetterMatch","player_choice":"3","floor":71.0,"gold_loss":0.0,"damage_taken":0.0,"cards_obtained":[]},{"damage_healed":0,"gold_gain":6,"player_choice":"1","damage_taken":0,"max_hp_gain":0,"max_hp_loss":0,"event_name":"betterStone:BetterStone","floor":90,"gold_loss":0}],"is_beta":false,"boss_relics":[{"not_picked":["conspire:RunicOctahedron","Snecko Eye"],"picked":"aspiration:RitualDagger"},{"not_picked":["Busted Crown","Honey Jar"],"picked":"aspiration:SecretTechniqueScroll"},{"not_picked":["halation:LoveArrow","hubris:Stopwatch"],"picked":"Replay:Bronze Core"},{"not_picked":["CCEMRelics:GreenEgg","Replay:Ancient Bell"],"picked":"ReplayTheSpireMod:DimensionalGlitch"},{"not_picked":["SlaversCollar","Replay:Grab Bag"],"picked":"PageOfBlackSwan"}],"items_purged_floors":[],"is_endless":true,"potions_floor_spawned":[2,3,5,7,12,14,18,28,29,31,35,36,40,46,48,50,56,59,62,67,69,72,78,80,86,88],"killed_by":"Transient","ascension_level":0}}