{"host":"8pvw2tcf9wctlvur","time":1614219863,"event":{"mods":["BaseMod","Better Third Choice","Colored Powertips","Curses Come First","Minty Spire (QoL Compilation)","Rare Cards Sparkle","Relic Stats","StSLib","SuperFastMode"],"gold_per_floor":[111,111,127,138,18,44,44,71,95,106,131,131,159,170,170,271,271,288,288,288,299,299,299,299],"floor_reached":23,"language":"ENG","playtime":953,"items_purged":[],"score":282,"play_id":"e9eb3a8f-6bb9-4357-b05c-2e6b2abeab96","local_time":"20210224192423","is_ascension_mode":true,"campfire_choices":[{"floor":12,"key":"REST"},{"data":"BattleHymn","floor":15,"key":"SMITH"}],"circlet_count":0,"master_deck":["Strike_P+1","Strike_P+1","Strike_P+1","Strike_P+1","Defend_P+1","Defend_P+1","Defend_P+1","Defend_P+1","Eruption+1","Vigilance","SignatureMove","WindmillStrike","BattleHymn","BattleHymn+1","Conclude","Evaluate","Ragnarok","Conclude","Wish","Adaptation","Meditate","DeusExMachina","InnerPeace","Tantrum"],"relics":["PureWater","Juzu Bracelet","Nunchaku","Strawberry","Matryoshka","Potion Belt","VioletLotus"],"acts_visited":["Exordium","TheCity"],"potions_floor_usage":[8,10,13,13],"damage_taken":[{"damage":0,"enemies":"Small Slimes","floor":1,"turns":2},{"damage":4,"enemies":"Cultist","floor":3,"turns":3},{"damage":0,"enemies":"2 Louse","floor":4,"turns":3},{"damage":0,"enemies":"Gremlin Nob","floor":6,"turns":2},{"damage":12,"enemies":"Lagavulin","floor":8,"turns":4},{"damage":0,"enemies":"Large Slime","floor":10,"turns":3},{"damage":13,"enemies":"3 Sentries","floor":11,"turns":4},{"damage":0,"enemies":"Lagavulin","floor":13,"turns":4},{"damage":0,"enemies":"2 Fungi Beasts","floor":14,"turns":3},{"damage":22,"enemies":"Slime Boss","floor":16,"turns":4},{"damage":30,"enemies":"Spheric Guardian","floor":18,"turns":5},{"damage":18,"enemies":"Shell Parasite","floor":21,"turns":3},{"damage":31,"enemies":"Book of Stabbing","floor":23,"turns":4}],"seed_played":"-8228529736661119568","potions_obtained":[{"floor":1,"key":"StancePotion"},{"floor":4,"key":"Energy Potion"},{"floor":6,"key":"Energy Potion"},{"floor":8,"key":"LiquidMemories"}],"is_trial":false,"path_per_floor":["M","?","M","M","$","E","$","E","T","M","E","R","E","M","R","B",null,"M","?","$","M","?","E"],"character_chosen":"WATCHER","items_purchased":["BattleHymn","Conclude"],"campfire_rested":1,"item_purchase_floors":[5,5],"current_hp_per_floor":[72,72,68,68,68,68,68,63,63,63,50,73,73,73,73,51,79,49,49,49,31,31,0,0],"gold":299,"neow_bonus":"RANDOM_COMMON_RELIC","is_daily":false,"chose_seed":false,"campfire_upgraded":1,"win_rate":0.0,"timestamp":1614219863,"path_taken":["M","?","M","M","$","E","?","E","T","M","E","R","E","M","R","BOSS","M","?","$","M","?","E"],"items_purchased_type":["Card","Card"],"build_version":"2020-12-22","purchased_purges":0,"victory":false,"max_hp_per_floor":[72,72,72,72,72,72,72,79,79,79,79,79,79,79,79,79,79,79,79,79,79,79,79,79],"relic_stats":{"Nunchaku":[6],"counters":[13,44],"VioletLotus":[2],"Juzu Bracelet":0,"obtain_stats":[{"Potion Belt":13,"Nunchaku":6,"Matryoshka":11,"Strawberry":8,"VioletLotus":17,"Juzu Bracelet":0,"PureWater":0},{"Potion Belt":8,"Nunchaku":4,"Matryoshka":7,"Strawberry":5,"VioletLotus":10,"Juzu Bracelet":0,"PureWater":0},{"Potion Belt":25,"Nunchaku":10,"Matryoshka":21,"Strawberry":14,"VioletLotus":32,"Juzu Bracelet":0,"PureWater":0}]},"card_choices":[{"not_picked":["Swivel","CutThroughFate"],"picked":"SignatureMove","floor":1},{"not_picked":["ClearTheMind","Wallop"],"picked":"WindmillStrike","floor":3},{"not_picked":["Halt","WheelKick"],"picked":"BattleHymn","floor":4},{"not_picked":["WaveOfTheHand","CutThroughFate"],"picked":"Evaluate","floor":6},{"not_picked":["WreathOfFlame","Consecrate"],"picked":"Ragnarok","floor":8},{"not_picked":["Pray","Halt"],"picked":"Conclude","floor":10},{"not_picked":["CarveReality","Consecrate"],"picked":"Wish","floor":11},{"not_picked":["Conclude","FlyingSleeves"],"picked":"Adaptation","floor":13},{"not_picked":["FollowUp","CutThroughFate"],"picked":"Meditate","floor":14},{"not_picked":["Omniscience","Wish"],"picked":"DeusExMachina","floor":16},{"not_picked":["TalkToTheHand","FlurryOfBlows+1"],"picked":"InnerPeace","floor":18},{"not_picked":["BowlingBash+1","FlyingSleeves","CutThroughFate+1"],"picked":"SKIP","floor":21}],"player_experience":306294,"relics_obtained":[{"floor":6,"key":"Nunchaku"},{"floor":8,"key":"Strawberry"},{"floor":11,"key":"Matryoshka"},{"floor":13,"key":"Potion Belt"}],"event_choices":[{"damage_healed":0,"gold_gain":0,"player_choice":"Upgraded","damage_taken":0,"max_hp_gain":0,"max_hp_loss":0,"event_name":"Upgrade Shrine","floor":2,"gold_loss":0,"cards_upgraded":["Eruption"]},{"damage_healed":0,"gold_gain":0,"player_choice":"Read","damage_taken":0,"max_hp_gain":0,"max_hp_loss":0,"event_name":"The Library","floor":19,"gold_loss":0,"cards_obtained":["Tantrum"]},{"damage_healed":0,"gold_gain":0,"player_choice":"Simplicity","damage_taken":0,"max_hp_gain":0,"max_hp_loss":8,"event_name":"betterThird:BetterWriting","floor":22,"gold_loss":0}],"is_beta":false,"boss_relics":[{"not_picked":["Coffee Dripper","Ectoplasm"],"picked":"VioletLotus"}],"items_purged_floors":[],"is_endless":false,"potions_floor_spawned":[1,4,6,8],"killed_by":"Book of Stabbing","ascension_level":1}}