{"host":"rfvxwqmjnimh09wr","time":1614270583,"event":{"mods":["BaseMod","Colored Map","Minty Spire (QoL Compilation)","StSLib"],"gold_per_floor":[115,127,52,52,69,69,85,98,152,168,184,213,229,229,229,357,357,381,89,89,89,89,89,188,188,269,312,107,127,127,147,147,278,278,294,294,294,146,206,241,241,262,262,262,262,280,298,148,148,148,148],"floor_reached":50,"language":"ENG","playtime":2835,"items_purged":["Defend_P","Strike_P","Defend_P","Injury"],"score":515,"play_id":"a0271ad6-a749-4bb4-aac8-c186c50eef74","local_time":"20210225112943","is_ascension_mode":false,"campfire_choices":[{"data":"Eruption","floor":6,"key":"SMITH"},{"data":"PathToVictory","floor":15,"key":"SMITH"},{"data":"Brilliance","floor":23,"key":"SMITH"},{"data":"PathToVictory","floor":25,"key":"SMITH"},{"floor":30,"key":"REST"},{"floor":32,"key":"REST"},{"floor":41,"key":"REST"},{"floor":49,"key":"RECALL"}],"circlet_count":0,"master_deck":["Eruption+1","Vigilance","SandsOfTime+1","BattleHymn+1","CutThroughFate+1","DeceiveReality","Prostrate","Perseverance","PathToVictory+1","Prostrate","Worship","Brilliance+1","SandsOfTime","PathToVictory+1","Prostrate","Vault","Protect+1","Consecrate+1"],"relics":["Astrolabe","Oddly Smooth Stone","Shuriken","Golden Idol","Busted Crown","Bronze Scales","MutagenicStrength","InkBottle","Nunchaku","Black Star","Strange Spoon","Prayer Wheel","Question Card","Omamori","Bottled Lightning"],"acts_visited":["Exordium","TheCity","TheBeyond"],"potions_floor_usage":[10,12,13,16,27,31,33,35,39,47,50],"damage_taken":[{"damage":2,"enemies":"2 Louse","floor":1,"turns":3},{"damage":0,"enemies":"Cultist","floor":2,"turns":4},{"damage":0,"enemies":"Jaw Worm","floor":5,"turns":3},{"damage":6,"enemies":"2 Fungi Beasts","floor":7,"turns":3},{"damage":0,"enemies":"Exordium Wildlife","floor":8,"turns":3},{"damage":0,"enemies":"Looter","floor":10,"turns":4},{"damage":0,"enemies":"3 Louse","floor":11,"turns":3},{"damage":4,"enemies":"3 Sentries","floor":12,"turns":5},{"damage":3,"enemies":"Gremlin Gang","floor":13,"turns":5},{"damage":14,"enemies":"Hexaghost","floor":16,"turns":5},{"damage":24,"enemies":"2 Thieves","floor":18,"turns":4},{"damage":23,"enemies":"Gremlin Leader","floor":27,"turns":4},{"damage":0,"enemies":"3 Byrds","floor":29,"turns":3},{"damage":0,"enemies":"Snecko","floor":31,"turns":4},{"damage":27,"enemies":"Automaton","floor":33,"turns":5},{"damage":0,"enemies":"Orb Walker","floor":35,"turns":1},{"damage":8,"enemies":"2 Orb Walkers","floor":39,"turns":4},{"damage":34,"enemies":"Reptomancer","floor":40,"turns":4},{"damage":8,"enemies":"3 Shapes","floor":42,"turns":4},{"damage":9,"enemies":"Sphere and 2 Shapes","floor":46,"turns":4},{"damage":0,"enemies":"4 Shapes","floor":47,"turns":4},{"damage":38,"enemies":"Awakened One","floor":50,"turns":10}],"seed_played":"363664991270218912","potions_obtained":[{"floor":1,"key":"StancePotion"},{"floor":4,"key":"Explosive Potion"},{"floor":4,"key":"DistilledChaos"},{"floor":11,"key":"SkillPotion"},{"floor":16,"key":"FearPotion"},{"floor":27,"key":"ColorlessPotion"},{"floor":29,"key":"Fire Potion"},{"floor":33,"key":"Fire Potion"},{"floor":35,"key":"PowerPotion"},{"floor":46,"key":"SpeedPotion"},{"floor":47,"key":"Block Potion"}],"is_trial":false,"path_per_floor":["M","M","$","?","M","R","M","M","T","M","M","E","M","?","R","B",null,"M","$","?","$","?","R","?","R","T","E","$","M","R","M","R","B",null,"M","?","?","$","?","E","R","M","T","T","?","M","M","$","R","B"],"character_chosen":"WATCHER","items_purchased":["Bronze Scales","PathToVictory","Vault","Strange Spoon"],"campfire_rested":3,"item_purchase_floors":[19,19,28,38],"current_hp_per_floor":[70,70,70,70,70,70,64,64,64,64,64,60,57,57,57,43,72,48,48,48,48,48,48,48,48,48,25,25,25,46,46,67,40,72,72,72,72,72,64,30,51,43,43,43,43,34,34,34,34,0,0],"gold":148,"neow_bonus":"BOSS_RELIC","is_daily":false,"chose_seed":false,"campfire_upgraded":4,"win_rate":0.0,"timestamp":1614270583,"path_taken":["M","M","$","?","M","R","M","M","T","?","M","E","M","?","R","BOSS","M","$","?","$","?","R","?","R","T","E","$","?","R","M","R","BOSS","M","?","?","$","?","E","R","?","T","?","?","M","M","$","R","BOSS"],"items_purchased_type":["Relic","Card","Card","Relic"],"build_version":"2020-12-22","purchased_purges":4,"victory":false,"max_hp_per_floor":[72,72,72,72,72,72,72,72,72,72,72,72,72,72,72,72,72,72,72,72,72,72,72,72,72,72,72,72,72,72,72,72,72,72,72,72,72,72,72,72,72,72,72,72,72,72,72,72,72,72,72],"card_choices":[{"not_picked":["ThirdEye","SashWhip"],"picked":"DeceiveReality","floor":1},{"not_picked":["ReachHeaven","CutThroughFate"],"picked":"Prostrate","floor":2},{"not_picked":["TalkToTheHand","FlyingSleeves"],"picked":"Perseverance","floor":5},{"not_picked":["InnerPeace","JustLucky","Weave"],"picked":"SKIP","floor":7},{"not_picked":["ThirdEye","ClearTheMind"],"picked":"PathToVictory","floor":8},{"not_picked":["BowlingBash","Sanctity"],"picked":"Prostrate","floor":10},{"not_picked":["Indignation","Tantrum","ForeignInfluence"],"picked":"SKIP","floor":11},{"not_picked":["WaveOfTheHand","ThirdEye","WreathOfFlame"],"picked":"SKIP","floor":12},{"not_picked":["BattleHymn","FlyingSleeves"],"picked":"Worship","floor":13},{"not_picked":["Judgement","Devotion"],"picked":"Brilliance","floor":16},{"not_picked":[],"picked":"SandsOfTime","floor":18},{"not_picked":[],"picked":"Prostrate","floor":27},{"not_picked":["ClearTheMind"],"picked":"SKIP","floor":29},{"not_picked":["SandsOfTime+1"],"picked":"SKIP","floor":31},{"not_picked":["FearNoEvil"],"picked":"SKIP","floor":35},{"not_picked":["Tantrum"],"picked":"SKIP","floor":40},{"not_picked":["Meditate"],"picked":"Protect+1","floor":42},{"not_picked":["Worship","Adaptation+1"],"picked":"SKIP","floor":42},{"not_picked":["Tantrum","MentalFortress+1"],"picked":"SKIP","floor":46},{"not_picked":["Nirvana","WheelKick"],"picked":"SKIP","floor":46},{"not_picked":["EmptyMind+1"],"picked":"Consecrate+1","floor":47},{"not_picked":["FollowUp","Conclude"],"picked":"SKIP","floor":47}],"player_experience":226480,"relics_obtained":[{"floor":9,"key":"Oddly Smooth Stone"},{"floor":12,"key":"Shuriken"},{"floor":26,"key":"InkBottle"},{"floor":27,"key":"Nunchaku"},{"floor":39,"key":"Prayer Wheel"},{"floor":40,"key":"Question Card"},{"floor":40,"key":"Omamori"},{"floor":44,"key":"Bottled Lightning"}],"event_choices":[{"damage_healed":0,"gold_gain":0,"player_choice":"Got Potions","damage_taken":0,"max_hp_gain":0,"max_hp_loss":0,"event_name":"Lab","floor":4,"gold_loss":0},{"damage_healed":0,"gold_gain":0,"player_choice":"Take Wound","damage_taken":0,"relics_obtained":["Golden Idol"],"max_hp_gain":0,"max_hp_loss":0,"event_name":"Golden Idol","floor":14,"gold_loss":0,"cards_obtained":["Injury"]},{"damage_healed":0,"gold_gain":0,"player_choice":"Inject Mutagens","damage_taken":0,"relics_obtained":["MutagenicStrength"],"max_hp_gain":0,"max_hp_loss":0,"event_name":"Drug Dealer","floor":20,"gold_loss":0},{"cards_removed":["Strike_P"],"damage_healed":0,"gold_gain":0,"player_choice":"Elegance","damage_taken":0,"max_hp_gain":0,"max_hp_loss":0,"event_name":"Back to Basics","floor":22,"gold_loss":0},{"damage_healed":0,"gold_gain":99,"player_choice":"Stole From Cult","damage_taken":0,"max_hp_gain":0,"max_hp_loss":0,"event_name":"Nest","floor":24,"gold_loss":0},{"damage_healed":0,"gold_gain":0,"player_choice":"Memory 1","damage_taken":0,"max_hp_gain":0,"max_hp_loss":0,"event_name":"SensoryStone","floor":36,"gold_loss":0},{"cards_removed":["Defend_P"],"damage_healed":0,"gold_gain":0,"player_choice":"Removed Skill","damage_taken":0,"max_hp_gain":0,"max_hp_loss":0,"event_name":"Falling","floor":37,"gold_loss":0},{"damage_healed":0,"gold_gain":0,"player_choice":"Fight","damage_taken":0,"max_hp_gain":0,"max_hp_loss":0,"event_name":"Mysterious Sphere","floor":39,"gold_loss":0},{"damage_healed":0,"gold_gain":0,"player_choice":"Bought 0 Potions","damage_taken":0,"max_hp_gain":0,"max_hp_loss":0,"event_name":"The Woman in Blue","floor":45,"gold_loss":0}],"is_beta":false,"boss_relics":[{"not_picked":["Calling Bell","SlaversCollar"],"picked":"Busted Crown"},{"not_picked":["Sozu","Runic Dome"],"picked":"Black Star"}],"items_purged_floors":[3,19,28,48],"is_endless":false,"potions_floor_spawned":[1,7,8,11,16,27,29,33,35,46,47],"killed_by":"Awakened One","ascension_level":0}}