{"host":"mithrandi","time":1614247088,"event":{"mods":["BaseMod","Colored Map","Highlight Path","Minty Spire (QoL Compilation)","SuperFastMode"],"gold_per_floor":[116,131,184,184,195,229,71,71,95,122,122,147,147,147,147,224,224,237,252,272,104,115,115,140,150,205,305,331,331,348,374,374,453,453,515,530,80,155,220,298,298,378,378,463,540,540,602,682,682,707,707,707,707,9,40,40],"floor_reached":57,"language":"ENG","playtime":4426,"items_purged":[],"score":3277,"play_id":"d29d9bfc-2fd8-47af-b5e4-e5154006cf9b","local_time":"20210225115808","is_ascension_mode":true,"campfire_choices":[{"data":"Ragnarok","floor":8.0,"key":"SMITH"},{"data":"Eruption","floor":11.0,"key":"SMITH"},{"data":"Evaluate","floor":13.0,"key":"SMITH"},{"data":"Prostrate","floor":15.0,"key":"SMITH"},{"floor":23.0,"key":"REST"},{"floor":29.0,"key":"REST"},{"data":"Omniscience","floor":32.0,"key":"SMITH"},{"data":"WaveOfTheHand","floor":46.0,"key":"SMITH"},{"floor":49.0,"key":"RECALL"},{"data":"Wish","floor":53.0,"key":"SMITH"}],"circlet_count":0,"master_deck":["AscendersBane","Eruption+1","Vigilance+1","Ragnarok+1","Evaluate+1","Prostrate+1","FlurryOfBlows+1","FlurryOfBlows+1","Omniscience+1","EmptyMind+1","Crescendo+1","LessonLearned+1","Crescendo+1","LikeWater+1","Conclude+1","InnerPeace+1","Protect+1","JustLucky+1","Evaluate+1","Prostrate+1","FearNoEvil+1","Sanctity","Wish+1","TalkToTheHand+1","Panache+1","LikeWater+1","WaveOfTheHand+1","MentalFortress","Master of Strategy","Secret Technique+1","Wallop+1","Master of Strategy","BattleHymn"],"relics":["PureWater","Tiny Chest","Du-Vu Doll","Damaru","Lantern","TeardropLocket","MealTicket","Pandora\u0027s Box","Oddly Smooth Stone","Smiling Mask","Boot","Incense Burner","Mummified Hand","Whetstone","Art of War","Black Star","Anchor","Ginger","Juzu Bracelet","Mercury Hourglass","Ornamental Fan","Bottled Lightning","Regal Pillow","Sundial","StrikeDummy","Ice Cream","Letter Opener","Bag of Marbles","Orichalcum","Gremlin Horn","Toy Ornithopter"],"acts_visited":["Exordium","TheCity","TheBeyond","TheEnding"],"potions_floor_usage":[56,56],"damage_taken":[{"damage":0.0,"enemies":"Cultist","floor":1.0,"turns":2.0},{"damage":6.0,"enemies":"Jaw Worm","floor":2.0,"turns":3.0},{"damage":4.0,"enemies":"Small Slimes","floor":5.0,"turns":4.0},{"damage":16.0,"enemies":"Gremlin Nob","floor":6.0,"turns":3.0},{"damage":12.0,"enemies":"Lagavulin","floor":10.0,"turns":5.0},{"damage":7.0,"enemies":"3 Sentries","floor":12.0,"turns":5.0},{"damage":28.0,"enemies":"Slime Boss","floor":16.0,"turns":7.0},{"damage":0.0,"enemies":"2 Thieves","floor":18.0,"turns":1.0},{"damage":24.0,"enemies":"3 Byrds","floor":19.0,"turns":4.0},{"damage":0.0,"enemies":"Snake Plant","floor":20.0,"turns":3.0},{"damage":0.0,"enemies":"Snecko","floor":22.0,"turns":2.0},{"damage":13.0,"enemies":"Book of Stabbing","floor":24.0,"turns":2.0},{"damage":13.0,"enemies":"Cultist and Chosen","floor":25.0,"turns":3.0},{"damage":0.0,"enemies":"Colosseum Slavers","floor":27.0,"turns":2.0},{"damage":0.0,"enemies":"Colosseum Nobs","floor":27.0,"turns":3.0},{"damage":0.0,"enemies":"Snake Plant","floor":30.0,"turns":1.0},{"damage":0.0,"enemies":"Gremlin Leader","floor":31.0,"turns":3.0},{"damage":0.0,"enemies":"Collector","floor":33.0,"turns":6.0},{"damage":0.0,"enemies":"3 Shapes","floor":35.0,"turns":6.0},{"damage":0.0,"enemies":"Orb Walker","floor":36.0,"turns":1.0},{"damage":0.0,"enemies":"Mind Bloom Boss Battle","floor":38.0,"turns":7.0},{"damage":0.0,"enemies":"Transient","floor":39.0,"turns":6.0},{"damage":0.0,"enemies":"Giant Head","floor":40.0,"turns":4.0},{"damage":0.0,"enemies":"Nemesis","floor":42.0,"turns":3.0},{"damage":8.0,"enemies":"Giant Head","floor":44.0,"turns":5.0},{"damage":0.0,"enemies":"Spire Growth","floor":47.0,"turns":5.0},{"damage":2.0,"enemies":"Reptomancer","floor":48.0,"turns":4.0},{"damage":15.0,"enemies":"Donu and Deca","floor":50.0,"turns":3.0},{"damage":0.0,"enemies":"Awakened One","floor":51.0,"turns":8.0},{"damage":0.0,"enemies":"Shield and Spear","floor":55.0,"turns":4.0},{"damage":45,"enemies":"The Heart","floor":56,"turns":8}],"seed_played":"-4360859799688265180","potions_obtained":[{"floor":6.0,"key":"Ancient Potion"},{"floor":10.0,"key":"GamblersBrew"},{"floor":16.0,"key":"Ancient Potion"},{"floor":18.0,"key":"SteroidPotion"},{"floor":22.0,"key":"Fire Potion"},{"floor":24.0,"key":"SteroidPotion"},{"floor":27.0,"key":"Ambrosia"},{"floor":39.0,"key":"StancePotion"},{"floor":40.0,"key":"CultistPotion"},{"floor":42.0,"key":"SteroidPotion"}],"is_trial":false,"path_per_floor":["M","M","T","?","M","E","$","R","T","E","R","E","R","$","R","B",null,"M","M","M","$","M","R","E","M","T","?","T","R","M","E","R","B",null,"M","M","$","?","M","E","?","E","T","E","T","R","M","E","R","B","B",null,"R","$","E","B",null],"character_chosen":"WATCHER","items_purchased":["Damaru","Oddly Smooth Stone","Panache","LikeWater","Anchor","LiquidBronze","Bag of Marbles","Orichalcum","Master of Strategy","BattleHymn"],"campfire_rested":2,"item_purchase_floors":[7,21,37,37,37,54,54,54,54,54],"current_hp_per_floor":[61,55,55,55,51,35,35,35,35,23,23,16,16,31,31,3,47,47,23,23,38,38,56,43,30,30,30,30,48,48,48,48,48,59,59,59,62,62,62,62,52,52,52,44,44,44,44,42,42,27,27,53,53,62,62,17],"gold":40,"neow_bonus":"THREE_RARE_CARDS","is_daily":false,"chose_seed":false,"campfire_upgraded":7,"win_rate":0.0,"timestamp":1614247088,"path_taken":["M","M","?","?","?","E","$","R","T","E","R","E","R","$","R","BOSS","M","M","M","$","M","R","E","M","T","?","?","R","M","E","R","BOSS","M","?","$","?","M","E","?","E","T","E","?","R","M","E","R","BOSS","BOSS","R","$","E","BOSS"],"items_purchased_type":["Relic","Relic","Card","Card","Relic","Potion","Relic","Relic","Card","Card"],"build_version":"2020-12-18","purchased_purges":0,"victory":true,"max_hp_per_floor":[62,62,62,62,62,62,62,62,62,62,62,62,62,62,62,62,62,62,62,62,62,62,62,62,62,62,62,62,62,62,62,62,62,62,62,62,62,62,62,62,62,62,62,62,62,62,62,62,62,62,62,62,62,62,62,62],"card_choices":[{"not_picked":["Blasphemy","Omniscience"],"picked":"Ragnarok","floor":0.0},{"not_picked":["Crescendo","FollowUp"],"picked":"Evaluate","floor":1.0},{"not_picked":["Swivel","CutThroughFate"],"picked":"Prostrate","floor":2.0},{"not_picked":["CutThroughFate","SashWhip"],"picked":"FlurryOfBlows","floor":5.0},{"not_picked":["ConjureBlade","JustLucky"],"picked":"FlurryOfBlows","floor":6.0},{"not_picked":["FollowUp","PathToVictory","CutThroughFate"],"picked":"SKIP","floor":10.0},{"not_picked":["Meditate","Adaptation","CrushJoints"],"picked":"SKIP","floor":12.0},{"not_picked":["Ragnarok","Scrawl"],"picked":"Omniscience","floor":16.0},{"not_picked":["CrushJoints","Collect","EmptyFist"],"picked":"SKIP","floor":18.0},{"not_picked":["EmptyMind","CutThroughFate+1"],"picked":"Protect","floor":19.0},{"not_picked":["EmptyFist","Evaluate"],"picked":"JustLucky","floor":20.0},{"not_picked":["WreathOfFlame","Pray"],"picked":"Evaluate+1","floor":22.0},{"not_picked":["EmptyFist","Adaptation"],"picked":"Prostrate","floor":24.0},{"not_picked":["CrushJoints","SashWhip","ReachHeaven"],"picked":"SKIP","floor":25.0},{"not_picked":["Collect","ClearTheMind"],"picked":"FearNoEvil","floor":27.0},{"not_picked":["FlyingSleeves","Conclude","WaveOfTheHand"],"picked":"SKIP","floor":30.0},{"not_picked":["ThirdEye","Worship"],"picked":"Sanctity","floor":31.0},{"not_picked":["ConjureBlade","Blasphemy"],"picked":"Wish","floor":33.0},{"not_picked":["Worship","CrushJoints","Consecrate"],"picked":"SKIP","floor":35.0},{"not_picked":["BowlingBash","CutThroughFate"],"picked":"TalkToTheHand","floor":36.0},{"not_picked":["EmptyFist+1","SashWhip+1"],"picked":"WaveOfTheHand","floor":39.0},{"not_picked":["JustLucky","DeceiveReality+1"],"picked":"MentalFortress","floor":40.0},{"not_picked":["Apotheosis","Madness"],"picked":"Master of Strategy","floor":41.0},{"not_picked":["Thinking Ahead","Chrysalis"],"picked":"Secret Technique","floor":41.0},{"not_picked":["CrushJoints+1","WaveOfTheHand","FollowUp"],"picked":"SKIP","floor":42.0},{"not_picked":["BowlingBash+1","Wireheading"],"picked":"Wallop+1","floor":44.0},{"not_picked":["CutThroughFate+1","SashWhip+1","Consecrate"],"picked":"SKIP","floor":47.0},{"not_picked":["Pray","Wallop","Vengeance"],"picked":"SKIP","floor":48.0},{"not_picked":["CutThroughFate","Protect","SashWhip"],"picked":"SKIP","floor":55.0}],"player_experience":3116515,"relics_obtained":[{"floor":3.0,"key":"Tiny Chest"},{"floor":6.0,"key":"Du-Vu Doll"},{"floor":9.0,"key":"Lantern"},{"floor":10.0,"key":"TeardropLocket"},{"floor":12.0,"key":"MealTicket"},{"floor":24.0,"key":"Smiling Mask"},{"floor":26.0,"key":"Boot"},{"floor":27.0,"key":"Incense Burner"},{"floor":27.0,"key":"Mummified Hand"},{"floor":28.0,"key":"Whetstone"},{"floor":31.0,"key":"Art of War"},{"floor":38.0,"key":"Ginger"},{"floor":40.0,"key":"Juzu Bracelet"},{"floor":40.0,"key":"Mercury Hourglass"},{"floor":42.0,"key":"Ornamental Fan"},{"floor":42.0,"key":"Bottled Lightning"},{"floor":44.0,"key":"Regal Pillow"},{"floor":44.0,"key":"Sundial"},{"floor":45.0,"key":"StrikeDummy"},{"floor":48.0,"key":"Ice Cream"},{"floor":48.0,"key":"Letter Opener"},{"floor":55.0,"key":"Gremlin Horn"},{"floor":55.0,"key":"Toy Ornithopter"}],"event_choices":[{"cards_removed":["Strike_P"],"damage_healed":0.0,"max_hp_gain":0.0,"max_hp_loss":0.0,"gold_gain":0.0,"event_name":"Purifier","player_choice":"Purged","floor":4.0,"gold_loss":0.0,"damage_taken":0.0},{"damage_healed":0.0,"max_hp_gain":0.0,"max_hp_loss":0.0,"gold_gain":0.0,"event_name":"Colosseum","player_choice":"Fight","floor":27.0,"gold_loss":0.0,"damage_taken":0.0},{"damage_healed":0.0,"max_hp_gain":0.0,"max_hp_loss":0.0,"gold_gain":0.0,"event_name":"Colosseum","player_choice":"Fought Nobs","floor":27.0,"gold_loss":0.0,"damage_taken":0.0},{"damage_healed":0.0,"max_hp_gain":0.0,"max_hp_loss":0.0,"gold_gain":0.0,"event_name":"MindBloom","player_choice":"Fight","floor":38.0,"gold_loss":0.0,"damage_taken":0.0},{"damage_healed":0.0,"max_hp_gain":0.0,"max_hp_loss":0.0,"gold_gain":0.0,"event_name":"SensoryStone","player_choice":"Memory 3","floor":41.0,"gold_loss":0.0,"damage_taken":10.0}],"is_beta":true,"boss_relics":[{"not_picked":["Ectoplasm","Busted Crown"],"picked":"Pandora\u0027s Box"},{"not_picked":["HolyWater","SlaversCollar"],"picked":"Black Star"}],"items_purged_floors":[],"is_endless":false,"potions_floor_spawned":[6,10,16,18,22,24,27,39,40,42,44,55],"ascension_level":20}}