{"host":"j4js999tahsli5mc","time":1614224555,"event":{"mods":["AchievementEnabler","Act Like it!","Aspiration","BaseMod","Better Note","Better Silent Start","Energized Spire","GifTheSpireLib","Hermit","Hubris","Infinite Spire","Library of Ruina","Library of Ruina Extra","Lobotomy","LobotomyExtend","Marked Mod","Minty Spire (QoL Compilation)","Rare Cards Sparkle","Reliquary","Replay The Spire","StSLib","The Blue Laboratory"],"gold_per_floor":[118,128,128,92,111,111,142,142,165,165,165,180,194,210,210,312,312,329,329,329,329,329],"floor_reached":21,"language":"ENG","playtime":936,"items_purged":[],"score":229,"play_id":"98d6b1bd-64d3-4b1e-9076-e1ea8850e7d4","local_time":"20210224224235","is_ascension_mode":false,"campfire_choices":[{"floor":6.0,"key":"RECALL"},{"floor":10,"key":"REST"},{"floor":15,"key":"REST"}],"circlet_count":0,"master_deck":["Dodge","LightDefense","LightAttack","LightAttack","LightAttack","LightDefense","LightDefense","LightDefense","ChargeAndCover","FocusedStrikes","SerpentSwordTechnique","FlashingStrike","Discovery","CrackOfDawn","FlashOfSunup","TasteMyFlamingBat","CleanUp","DimensionalRift","FeelinGood","CrackOfDawn","GutHarvesting","Genetic Algorithm+1","Hallucinations"],"relics":["PageOfLibrarian","LetterFromLob","PageOfGalaxyChild","aspiration:DefectSkillbook"],"acts_visited":["Exordium","TheCity"],"potions_floor_usage":[7,7,18],"damage_taken":[{"damage":5.0,"enemies":"Small Slimes","floor":1.0,"turns":4.0},{"damage":0.0,"enemies":"Cultist","floor":2.0,"turns":3.0},{"damage":0.0,"enemies":"Jaw Worm","floor":5.0,"turns":1.0},{"damage":20,"enemies":"Lagavulin","floor":7,"turns":6},{"damage":11,"enemies":"Exordium Thugs","floor":12,"turns":4},{"damage":13,"enemies":"Gremlin Gang","floor":13,"turns":3},{"damage":0,"enemies":"Looter","floor":14,"turns":1},{"damage":28,"enemies":"Hexaghost","floor":16,"turns":9},{"damage":0,"enemies":"Spheric Guardian","floor":18,"turns":3},{"damage":0,"enemies":"3 Byrds","floor":21,"turns":1}],"seed_played":"4666427660573507684","potions_obtained":[{"floor":1.0,"key":"Explosive Potion"},{"floor":2.0,"key":"ColorlessPotion"},{"floor":7,"key":"Death Potion"},{"floor":12,"key":"blueLaboratory:BottledHope"},{"floor":16,"key":"Fruit Juice"}],"is_trial":false,"path_per_floor":["M","M","?","$","M","R","E","$","T","R","?","M","M","M","R","B",null,"M","?","?","M"],"character_chosen":"Librarian","items_purchased":["FlashOfSunup"],"campfire_rested":2,"item_purchase_floors":[4],"current_hp_per_floor":[58,58,58,58,58,58,40,40,40,60,60,55,48,54,67,39,67,72,72,72,81,81],"gold":329,"neow_bonus":"RANDOM_EVENT","is_daily":false,"chose_seed":false,"campfire_upgraded":0,"win_rate":0.0,"timestamp":1614224555,"path_taken":["M","M","?","?","?","R","E","$","T","R","?","?","M","?","R","BOSS","M","?","?","M"],"items_purchased_type":["Card"],"build_version":"2020-12-22","purchased_purges":0,"victory":false,"max_hp_per_floor":[64,66,66,66,66,66,67,67,67,67,67,67,67,67,67,67,67,96,96,96,96,96],"card_choices":[{"not_picked":["GrazeTheGrass","HandleRequest","FaintMemories","SharpSwipe","StructuralAnalysis","SharpNails","SuppressingShot","PinpointShot"],"picked":"SerpentSwordTechnique","floor":1.0},{"not_picked":["BulkyImpact","WildCard","Diversion","HandleRequest","RulesOfTheBackstreets","FleetFootsteps","VenomousFangs","FrontalAssault"],"picked":"FlashingStrike","floor":2.0},{"not_picked":["FierceCharge","DriedUp","ShockRound","Concentration","ChiWen","RagingStormLove","Rewind","TheRedNotes"],"picked":"TasteMyFlamingBat","floor":5.0},{"not_picked":["GuardingStance","FlyingSword","DeepDrag","Faith","CoordinatedAssault","DarkCloud","UpbeatPerformance","FeatherShield"],"picked":"CleanUp","floor":7},{"not_picked":["Rewind","HardRehearsal","SnakesPrey","Quickness","Creak","Transpierce","EnergyShield","BindingChains"],"picked":"DimensionalRift","floor":12},{"not_picked":["Decapitation","PreemptiveStrike","BiAn","EnergyConversion","EnergyShield","SteelKnuckles","SinglePointStab","DefenseOrder"],"picked":"FeelinGood","floor":13},{"not_picked":["SomberProcuration","SmokingPipe","TendonChords","SerpentSwordTechnique","SharpSwipe","Quickness","FleetFootsteps","Thrust"],"picked":"CrackOfDawn","floor":14},{"not_picked":["WillProduceFineSilk","EmotionalTurbulence"],"picked":"GutHarvesting","floor":16},{"not_picked":["Thrust+1","Fusion","EndlessBattle","TendonChords","Streamline","Marionette","RatsGuideToSurvival","Reload","BladeWhirl"],"picked":"Genetic Algorithm+1","floor":18}],"player_experience":485991,"relics_obtained":[{"floor":1.0,"key":"LetterFromLob"},{"floor":7,"key":"PageOfGalaxyChild"}],"event_choices":[{"damage_healed":0.0,"max_hp_gain":0.0,"max_hp_loss":0.0,"gold_gain":0.0,"event_name":"Match and Keep!","player_choice":"2 cards matched","floor":3.0,"gold_loss":0.0,"damage_taken":0.0,"cards_obtained":["Discovery","CrackOfDawn"]},{"damage_healed":0,"gold_gain":0,"player_choice":"Leave","damage_taken":0,"max_hp_gain":0,"max_hp_loss":0,"event_name":"FaceTrader","floor":11,"gold_loss":0},{"damage_healed":0,"gold_gain":0,"player_choice":"Ignored","damage_taken":0,"max_hp_gain":0,"max_hp_loss":0,"event_name":"betterNote:BetterNote","floor":19,"gold_loss":0,"cards_obtained":["Self Repair"]}],"is_beta":false,"boss_relics":[{"not_picked":["energizedSpire:CursedPentagram","Ectoplasm"],"picked":"aspiration:DefectSkillbook"}],"items_purged_floors":[],"is_endless":false,"potions_floor_spawned":[1,2,7,12,16],"killed_by":"3 Byrds","ascension_level":0}}