{"host":"hbrjinenk1akq1dy","time":1614255087,"event":{"mods":["AchievementEnabler","BaseMod","Bestiary","Colored Map","Colored Powertips","Curses Come First","Highlight Path","Minty Spire (QoL Compilation)","Permanent Neow","Quick Restart","StSLib","SuperFastMode"],"gold_per_floor":[13,29,29,49,63,63,90,102,102,132,144,109,128,53,53,157,157,174,186,204,119,119,119,119],"floor_reached":23,"language":"ENG","playtime":794,"items_purged":["Strike_R"],"score":328,"play_id":"2a3a1fe2-137d-4e03-a870-60566ad2daa1","local_time":"20210225201127","is_ascension_mode":true,"campfire_choices":[{"data":"Bash","floor":6.0,"key":"SMITH"},{"data":"Spot Weakness","floor":15.0,"key":"SMITH"}],"circlet_count":0,"master_deck":["AscendersBane","Bash+1","Immolate+1","Spot Weakness+1","Spot Weakness","Limit Break","Pommel Strike","Double Tap","Carnage","Warcry","Thunderclap","Dark Embrace","Brutality","Intimidate","Sentinel","Armaments","Enlightenment"],"relics":["Burning Blood","Blue Candle","Singing Bowl","Bottled Lightning","Pandora\u0027s Box","Question Card"],"acts_visited":["Exordium","TheCity"],"potions_floor_usage":[23],"damage_taken":[{"damage":3.0,"enemies":"2 Louse","floor":1.0,"turns":2.0},{"damage":10.0,"enemies":"Jaw Worm","floor":2.0,"turns":4.0},{"damage":1.0,"enemies":"Cultist","floor":4.0,"turns":3.0},{"damage":11.0,"enemies":"Blue Slaver","floor":5.0,"turns":3.0},{"damage":13.0,"enemies":"Gremlin Nob","floor":7.0,"turns":3.0},{"damage":28.0,"enemies":"Large Slime","floor":8.0,"turns":5.0},{"damage":31.0,"enemies":"Lagavulin","floor":10.0,"turns":7.0},{"damage":0.0,"enemies":"Exordium Wildlife","floor":11.0,"turns":1.0},{"damage":2.0,"enemies":"2 Fungi Beasts","floor":13.0,"turns":3.0},{"damage":40.0,"enemies":"Slime Boss","floor":16.0,"turns":6.0},{"damage":10.0,"enemies":"Chosen","floor":18.0,"turns":4.0},{"damage":32.0,"enemies":"Shell Parasite","floor":19.0,"turns":4.0},{"damage":42,"enemies":"Snake Plant","floor":20,"turns":3},{"damage":11,"enemies":"Gremlin Leader","floor":23,"turns":2}],"seed_played":"3152425391931042824","potions_obtained":[{"floor":2.0,"key":"DuplicationPotion"},{"floor":8.0,"key":"BloodPotion"},{"floor":10.0,"key":"ColorlessPotion"},{"floor":11.0,"key":"AttackPotion"},{"floor":16.0,"key":"SkillPotion"}],"is_trial":false,"path_per_floor":["M","M","?","M","M","R","E","M","T","E","M","?","M","$","R","B",null,"M","M","M","?","?","E"],"character_chosen":"IRONCLAD","items_purchased":[],"campfire_rested":0,"item_purchase_floors":[],"current_hp_per_floor":[75,71,71,76,71,71,64,42,42,35,41,61,67,67,67,33,71,69,45,11,11,11,0,0],"gold":119,"neow_bonus":"THREE_RARE_CARDS","is_daily":false,"chose_seed":false,"campfire_upgraded":2,"win_rate":0.0,"timestamp":1614255087,"path_taken":["M","M","?","M","M","R","E","M","T","E","M","?","M","?","R","BOSS","M","M","M","?","?","E"],"items_purchased_type":[],"build_version":"2020-12-22","purchased_purges":1,"victory":false,"max_hp_per_floor":[80,80,80,80,80,80,80,80,80,82,82,82,84,84,84,84,84,86,88,90,90,90,90,90],"card_choices":[{"not_picked":["Double Tap","Berserk"],"picked":"Immolate","floor":0.0},{"not_picked":["Armaments","Cleave","Wild Strike"],"picked":"SKIP","floor":1.0},{"not_picked":["Havoc","Burning Pact"],"picked":"Spot Weakness","floor":2.0},{"not_picked":["Evolve","Headbutt"],"picked":"Spot Weakness","floor":4.0},{"not_picked":["Headbutt","Warcry","Blood for Blood"],"picked":"SKIP","floor":5.0},{"not_picked":["Perfected Strike","Havoc"],"picked":"Limit Break","floor":7.0},{"not_picked":["Flex","Iron Wave","Wild Strike"],"picked":"SKIP","floor":8.0},{"not_picked":["Cleave","Carnage","Headbutt"],"picked":"Singing Bowl","floor":10.0},{"not_picked":["Carnage","Reckless Charge"],"picked":"Pommel Strike","floor":11.0},{"not_picked":["Thunderclap","Cleave","Perfected Strike"],"picked":"Singing Bowl","floor":13.0},{"not_picked":["Fiend Fire","Immolate"],"picked":"Double Tap","floor":16.0},{"not_picked":["Blood for Blood","Sentinel","Headbutt"],"picked":"Singing Bowl","floor":18.0},{"not_picked":["Entrench","Sword Boomerang","Iron Wave"],"picked":"Singing Bowl","floor":19.0},{"not_picked":["Anger","Pommel Strike","Intimidate"],"picked":"Singing Bowl","floor":20}],"player_experience":281799,"relics_obtained":[{"floor":7.0,"key":"Blue Candle"},{"floor":9.0,"key":"Singing Bowl"},{"floor":10.0,"key":"Bottled Lightning"}],"event_choices":[{"damage_healed":0.0,"max_hp_gain":0.0,"max_hp_loss":0.0,"gold_gain":0.0,"event_name":"Living Wall","player_choice":"Grow","floor":3.0,"gold_loss":0.0,"damage_taken":0.0,"cards_upgraded":["Immolate"]},{"damage_healed":20.0,"max_hp_gain":0.0,"max_hp_loss":0.0,"gold_gain":0.0,"event_name":"The Cleric","player_choice":"Healed","floor":12.0,"gold_loss":35.0,"damage_taken":0.0},{"damage_healed":0,"gold_gain":0,"player_choice":"Obtained Relic","damage_taken":0,"relics_obtained":["Question Card"],"max_hp_gain":0,"max_hp_loss":0,"event_name":"Addict","floor":21,"gold_loss":85},{"damage_healed":0,"gold_gain":0,"player_choice":"1 cards matched","damage_taken":0,"max_hp_gain":0,"max_hp_loss":0,"event_name":"Match and Keep!","floor":22,"gold_loss":0,"cards_obtained":["Enlightenment"]}],"is_beta":false,"boss_relics":[{"not_picked":["Black Star","Astrolabe"],"picked":"Pandora\u0027s Box"}],"items_purged_floors":[14],"is_endless":false,"potions_floor_spawned":[2,8,10,11,16],"killed_by":"Gremlin Leader","ascension_level":12}}