{"host":"dn6kke80v5f7isus","time":1614229359,"event":{"mods":["AchievementEnabler","Act Like it!","Bard","BaseMod","Colored Powertips","Custom Start","Defuse TimeMaze Blight","Energized Spire","Gremlin Skip","Highlight Path","Hubris","Infinite Spire","Marisa????????","Marked Mod","Minty Spire (QoL Compilation)","Quick Restart","Rare Cards Sparkle","Reliquary","Replay The Spire","StSLib","The Administrix","The Servant 0.9.4","Uncapped","Unceasing Turn Reminder"],"gold_per_floor":[111,111,126,153,153,181,181,195,195,206,232,250,14274,14291,14291,14387,14387,14397,13538,13538,13538,13552,13581,13443,13443,13443,13475,13475,13475,13495,12574,12574,12676,12676,12687,12704,11942,11962,11972,11440,11478,11478,11548,11548,11548,11567,11586,10959,10959,11067,11067,11087,11099,10445,10459,9777,9806,9806,9454,9454,9465,9465,9465,9485,9517,9517,9517,9517],"floor_reached":67,"language":"ENG","playtime":4062,"items_purged":[],"score":888,"play_id":"9061bcba-801e-46c5-8d90-d2b630aaeaca","local_time":"20210225000239","is_ascension_mode":true,"campfire_choices":[{"data":"AdministrixMod:TrickOfTheLight","floor":7.0,"key":"SMITH"},{"data":"AdministrixMod:ImmortalPurity","floor":15.0,"key":"SMITH"},{"data":"AdministrixMod:GirlsDoItBetter","floor":25.0,"key":"SMITH"},{"data":"AdministrixMod:ShadowPlay","floor":28.0,"key":"SMITH"},{"floor":42.0,"key":"REST"},{"data":"AdministrixMod:HaveItAll","floor":44.0,"key":"SMITH"},{"data":"Panache","floor":58.0,"key":"SMITH"},{"data":"AdministrixMod:BattleforgedBonds","floor":66.0,"key":"SMITH"}],"circlet_count":0,"master_deck":["AdministrixMod:Strike_Administrix+1","AdministrixMod:RedCloak+1","AdministrixMod:Defend_Administrix+1","AdministrixMod:BlueCloak+1","AdministrixMod:HarmonicReverence+1","AdministrixMod:TrickOfTheLight+1","AdministrixMod:TrickOfTheLight+1","AdministrixMod:ArmillarySphere+1","AdministrixMod:XianArts+1","AdministrixMod:ImmortalPurity+2","AdministrixMod:WifeLightning+1","AdministrixMod:GirlsDoItBetter+1","AdministrixMod:ImmortalGrace+3","AdministrixMod:ShadowPlay+1","AdministrixMod:ShadowPlay","AdministrixMod:GuanyinBlessing","Panache","AdministrixMod:FaithfulFlames","AdministrixMod:ImmortalPurity+1","AdministrixMod:HaveItAll+1","AdministrixMod:WifeLightning+1","Panache+1","AdministrixMod:FaithfulFlames","AdministrixMod:XianArts","AdministrixMod:ImmortalPurity","AdministrixMod:BishamonBlessing","AdministrixMod:BattleforgedBonds+1","AdministrixMod:RegentEdict"],"relics":["AdministrixMod:ConductorRitualBaton","NeowsBlessing","hubris:Icosahedron","reliquary:PorcupineQuills","PreservedInsect","ReplayTheSpireMod:Ninjato","Thread and Needle","Medical Kit","SacredBark","Thread and Needle","Guide Book","Replay:PocketPolymizer","Smiling Mask","Shuriken","reliquary:Buckler","StoneCalendar","Honey Jar","Replay:Lucky Slots","Unceasing Top","Replay:Bottled Steam","Cauldron","reliquary:Ember","Du-Vu Doll","TheAbacus","reliquary:OuijaBoard","ReplayFunnel","Sling","Blue Doll","Toy Ornithopter","reliquary:Spinner","Bottled Tornado","Replay:Bandana","infinitespire:Broken Mirror","infinitespire:CursedDice","reliquary:IridiumChain","infinitespire:EmpoweringShard","Orrery","AdministrixMod:PrescriptionBottle","Replay:Kaleidoscope","HandDrill","Ginger","Lee\u0027s Waffle","Replay:Wax Seal","reliquary:ExpiredCoupon","Oddly Smooth Stone","Happy Flower","Golden Idol"],"acts_visited":["Exordium","TheCity","TheBeyond","Exordium"],"potions_floor_usage":[],"damage_taken":[{"damage":0.0,"enemies":"Jaw Worm","floor":1.0,"turns":1.0},{"damage":0.0,"enemies":"Small Slimes","floor":3.0,"turns":1.0},{"damage":0.0,"enemies":"3 Sentries","floor":6.0,"turns":1.0},{"damage":0.0,"enemies":"Cultist","floor":8.0,"turns":3.0},{"damage":0.0,"enemies":"2 Fungi Beasts","floor":10.0,"turns":2.0},{"damage":24.0,"enemies":"Lagavulin","floor":11.0,"turns":8.0},{"damage":0.0,"enemies":"3 Louse","floor":12.0,"turns":5.0},{"damage":8.0,"enemies":"Blue Slaver","floor":14.0,"turns":2.0},{"damage":18.0,"enemies":"Slime Boss","floor":16.0,"turns":9.0},{"damage":2.0,"enemies":"Chosen","floor":18.0,"turns":4.0},{"damage":2.0,"enemies":"Shell Parasite","floor":22.0,"turns":7.0},{"damage":0.0,"enemies":"Nightmare","floor":23.0,"turns":6.0},{"damage":20.0,"enemies":"Slavers","floor":27.0,"turns":4.0},{"damage":3.0,"enemies":"Snake Plant","floor":30.0,"turns":4.0},{"damage":0.0,"enemies":"Automaton","floor":33.0,"turns":3.0},{"damage":12.0,"enemies":"Orb Walker","floor":35.0,"turns":2.0},{"damage":19.0,"enemies":"3 Shapes","floor":36.0,"turns":4.0},{"damage":9.0,"enemies":"Maw","floor":38.0,"turns":3.0},{"damage":11.0,"enemies":"3 Darklings","floor":39.0,"turns":4.0},{"damage":11.0,"enemies":"Giant Head","floor":41.0,"turns":4.0},{"damage":12.0,"enemies":"4 Shapes","floor":46.0,"turns":2.0},{"damage":2.0,"enemies":"Transient","floor":47.0,"turns":5.0},{"damage":9.0,"enemies":"Replay:Hell Engine","floor":50.0,"turns":5.0},{"damage":9.0,"enemies":"Cultist","floor":52.0,"turns":2.0},{"damage":12.0,"enemies":"Small Slimes","floor":53.0,"turns":2.0},{"damage":1.0,"enemies":"2 Louse","floor":55.0,"turns":1.0},{"damage":4.0,"enemies":"3 Sentries","floor":57.0,"turns":1.0},{"damage":12.0,"enemies":"Looter","floor":61.0,"turns":2.0},{"damage":22.0,"enemies":"Blue Slaver","floor":64.0,"turns":2.0},{"damage":2.0,"enemies":"Exordium Wildlife","floor":65.0,"turns":2.0},{"damage":0,"enemies":"Slime Boss","floor":67,"turns":1}],"seed_played":"-1868765244768613484","potions_obtained":[{"floor":1.0,"key":"Adrenaline Potion"},{"floor":3.0,"key":"SkillPotion"},{"floor":5.0,"key":"AdministrixMod:AttunementTonic"},{"floor":11.0,"key":"Fire Potion"},{"floor":12.0,"key":"Elixir"},{"floor":16.0,"key":"LiquidMemories"},{"floor":22.0,"key":"AttackPotion"},{"floor":31.0,"key":"EntropicBrew"},{"floor":31.0,"key":"FearPotion"},{"floor":31.0,"key":"Regen Potion"},{"floor":31.0,"key":"Regen Potion"},{"floor":31.0,"key":"AttackPotion"},{"floor":33.0,"key":"SkillPotion"},{"floor":36.0,"key":"SpeedPotion"},{"floor":39.0,"key":"EssenceOfSteel"},{"floor":47.0,"key":"Swift Potion"},{"floor":50.0,"key":"Toxic Potion"},{"floor":53.0,"key":"SteroidPotion"},{"floor":55.0,"key":"GamblersBrew"},{"floor":64.0,"key":"BlessingOfTheForge"}],"is_trial":false,"path_per_floor":["M","?","M","T","?","E","R","M","T","M","E","M","$","M","R","B",null,"M","$","?","?","M","NM","?","R","T","E","R","AVR","M","$","R","B",null,"M","M","$","M","M","$","E","R","T","R","?","M","M","$","R","B",null,"M","M","$","M","$","E","R","$","T","M","?","?","M","M","R","B"],"character_chosen":"BARD","items_purchased":["Fruit Juice","ReplayTheSpireMod:Ninjato","Thread and Needle","Medical Kit","AdministrixMod:XianArts+1","AdministrixMod:ImmortalPurity","DuplicationPotion","reliquary:SculptingSteel","Guide Book","Replay:PocketPolymizer","AdministrixMod:GirlsDoItBetter","Unceasing Top","Replay:Bottled Steam","Cauldron","AdministrixMod:GuanyinBlessing","Panache","Du-Vu Doll","TheAbacus","reliquary:OuijaBoard","ReplayFunnel","Sling","Blue Doll","AdministrixMod:HaveItAll","reliquary:Spinner","Bottled Tornado","Panache","Adrenaline Potion","reliquary:IridiumChain","infinitespire:EmpoweringShard","Orrery","AdministrixMod:PrescriptionBottle","Replay:Kaleidoscope","HandDrill","DuplicationPotion","Lee\u0027s Waffle","Replay:Wax Seal","reliquary:ExpiredCoupon"],"campfire_rested":1,"item_purchase_floors":[13,13,13,13,13,13,13,19,19,19,19,31,31,31,31,31,37,37,37,40,40,40,40,48,48,48,48,54,54,54,56,56,56,56,59,59,59],"current_hp_per_floor":[65,65,65,65,65,65,65,65,65,65,41,41,170,162,162,144,170,168,168,168,168,166,166,166,166,166,146,146,146,143,143,143,163,170,158,139,139,130,119,119,108,159,159,159,159,147,150,150,150,151,170,161,154,154,153,153,154,154,177,177,170,137,93,71,69,69,69,69],"gold":9517,"neow_bonus":"THREE_ENEMY_KILL","is_daily":false,"chose_seed":false,"campfire_upgraded":7,"win_rate":0.0,"timestamp":1614229359,"path_taken":["M","?","M","?","?","E","R","?","T","M","E","M","$","M","R","BOSS","M","$","?","?","M","NM","?","R","T","E","R","AVR","M","$","R","BOSS","M","M","$","M","M","$","E","R","T","R","?","?","M","?","R","BOSS","M","M","$","M","?","E","R","?","T","?","?","?","M","M","R","BOSS"],"items_purchased_type":["Potion","Relic","Relic","Relic","Card","Card","Potion","Relic","Relic","Relic","Card","Relic","Relic","Relic","Card","Card","Relic","Relic","Relic","Relic","Relic","Relic","Card","Relic","Relic","Card","Potion","Relic","Relic","Relic","Relic","Relic","Relic","Potion","Relic","Relic","Relic"],"build_version":"2020-12-22","purchased_purges":0,"victory":false,"max_hp_per_floor":[65,65,65,65,65,65,65,65,65,65,65,65,170,170,170,170,170,170,170,170,170,170,170,170,170,170,170,170,170,170,170,170,170,170,170,170,170,170,170,170,170,170,170,170,170,170,170,170,170,170,170,170,170,170,170,170,170,170,177,177,177,177,177,177,177,177,177,177],"card_choices":[{"not_picked":["AdministrixMod:FeastOfDew","AdministrixMod:SyncreticPlunge","AdministrixMod:DiversionaryTactic"],"picked":"SKIP","floor":1.0},{"not_picked":["AdministrixMod:PassageOfAges","AdministrixMod:Transition"],"picked":"AdministrixMod:HarmonicReverence","floor":3.0},{"not_picked":["AdministrixMod:ExtolVirtue","AdministrixMod:SipOfSparks"],"picked":"AdministrixMod:TrickOfTheLight","floor":6.0},{"not_picked":["AdministrixMod:DiversionaryTactic","AdministrixMod:SipOfSparks","AdministrixMod:PassageOfAges"],"picked":"SKIP","floor":8.0},{"not_picked":["AdministrixMod:LightOfYourLife","AdministrixMod:FalseDeath"],"picked":"AdministrixMod:TrickOfTheLight","floor":10.0},{"not_picked":["AdministrixMod:ImmortalPurity","AdministrixMod:QuietConspiracy"],"picked":"AdministrixMod:ArmillarySphere","floor":11.0},{"not_picked":["AdministrixMod:Metempsychosis","AdministrixMod:DiversionaryTactic","AdministrixMod:Transition"],"picked":"SKIP","floor":12.0},{"not_picked":["AdministrixMod:LightOfYourLife","AdministrixMod:WickedPunishment","AdministrixMod:CrackingPangu"],"picked":"SKIP","floor":14.0},{"not_picked":["AdministrixMod:FaithfulFlames","AdministrixMod:HopeInTheDark"],"picked":"AdministrixMod:WifeLightning","floor":16.0},{"not_picked":["AdministrixMod:SealAway+1","AdministrixMod:ExtolVirtue","AdministrixMod:NewWardrobe"],"picked":"SKIP","floor":18.0},{"not_picked":["AdministrixMod:SyncreticSurge","AdministrixMod:JustRewards+1","AdministrixMod:Transition"],"picked":"SKIP","floor":22.0},{"not_picked":["AdministrixMod:ExtolVirtue","AdministrixMod:BegetEternity+1"],"picked":"AdministrixMod:ImmortalGrace+1","floor":23.0},{"not_picked":["AdministrixMod:Metempsychosis","AdministrixMod:MixOfMercury"],"picked":"AdministrixMod:ShadowPlay","floor":27.0},{"not_picked":["AdministrixMod:DreamsMausoleum","AdministrixMod:Schism","AdministrixMod:Transcension"],"picked":"AdministrixMod:ShadowPlay","floor":30.0},{"not_picked":["AdministrixMod:TenDesires","AdministrixMod:BrewingCloister","AdministrixMod:LuminaryPath"],"picked":"AdministrixMod:FaithfulFlames","floor":33.0},{"not_picked":["AdministrixMod:DiversionaryTactic+1","AdministrixMod:Transcension","AdministrixMod:ShadowPlay"],"picked":"AdministrixMod:ImmortalPurity+1","floor":35.0},{"not_picked":["AdministrixMod:CenturiesAscent+1","AdministrixMod:PassageOfAges","AdministrixMod:TouchOfCinnabar+1","AdministrixMod:HiddenPower"],"picked":"SKIP","floor":36.0},{"not_picked":["AdministrixMod:TouchOfCinnabar","AdministrixMod:Katabasis+1","AdministrixMod:SipOfSparks+1","AdministrixMod:FeastOfDew+1"],"picked":"SKIP","floor":38.0},{"not_picked":["AdministrixMod:QuietConspiracy+1","AdministrixMod:CrackingPangu","AdministrixMod:WickedPunishment+1","AdministrixMod:PlateOfAntiquity"],"picked":"SKIP","floor":39.0},{"not_picked":["AdministrixMod:TouchOfCinnabar+1","AdministrixMod:LightOfYourLife","AdministrixMod:CenturiesAscent","AdministrixMod:DiversionaryTactic"],"picked":"SKIP","floor":41.0},{"not_picked":["AdministrixMod:QuietConspiracy+1","AdministrixMod:CenturiesAscent+1","AdministrixMod:ImmortalPurity+1"],"picked":"AdministrixMod:WifeLightning","floor":46.0},{"not_picked":["AdministrixMod:HiddenPower+1","AdministrixMod:SyncreticPlunge+1","AdministrixMod:MixOfMercury+1","AdministrixMod:TrickOfTheLight"],"picked":"SKIP","floor":47.0},{"not_picked":["AdministrixMod:Schism","AdministrixMod:AmassedMasks","AdministrixMod:HopeInTheDark"],"picked":"AdministrixMod:FaithfulFlames","floor":50.0},{"not_picked":["AdministrixMod:ArmillarySphere","AdministrixMod:RebukeDesires","AdministrixMod:Untouchable"],"picked":"AdministrixMod:XianArts","floor":52.0},{"not_picked":["AdministrixMod:Metempsychosis","AdministrixMod:PlateOfAntiquity","AdministrixMod:NoblePath"],"picked":"AdministrixMod:ImmortalPurity","floor":53.0},{"not_picked":["AdministrixMod:ImmortalClarity","AdministrixMod:NoblePath","AdministrixMod:ChooseYourEnd"],"picked":"AdministrixMod:BishamonBlessing","floor":54.0},{"not_picked":["AdministrixMod:HarmonicReverence","AdministrixMod:FiendishCrimson","AdministrixMod:TrickOfTheLight"],"picked":"AdministrixMod:BattleforgedBonds","floor":54.0},{"not_picked":["AdministrixMod:PassageOfAges","AdministrixMod:RebukeDesires","AdministrixMod:Transition"],"picked":"AdministrixMod:RegentEdict","floor":54.0},{"not_picked":["AdministrixMod:TenDesires","AdministrixMod:SeventeenArticleLaser","AdministrixMod:ExtolVirtue","AdministrixMod:TouchOfCinnabar"],"picked":"SKIP","floor":55.0},{"not_picked":["AdministrixMod:ShadowPlay","AdministrixMod:DiversionaryTactic","AdministrixMod:Transition","AdministrixMod:FuneraryRites"],"picked":"SKIP","floor":57.0},{"not_picked":["AdministrixMod:BegetEternity","AdministrixMod:DiversionaryTactic","AdministrixMod:RebukeDesires","AdministrixMod:TrickOfTheLight"],"picked":"SKIP","floor":61.0},{"not_picked":["AdministrixMod:LightOfYourLife","AdministrixMod:CrackingPangu","AdministrixMod:TouchOfCinnabar","AdministrixMod:UnstableVigor"],"picked":"SKIP","floor":64.0},{"not_picked":["AdministrixMod:ReachToHeaven","AdministrixMod:FuneraryRites","AdministrixMod:Katabasis","AdministrixMod:SyncreticPlunge"],"picked":"SKIP","floor":65.0}],"player_experience":500966,"relics_obtained":[{"floor":6.0,"key":"reliquary:PorcupineQuills"},{"floor":11.0,"key":"PreservedInsect"},{"floor":23.0,"key":"Smiling Mask"},{"floor":26.0,"key":"reliquary:Buckler"},{"floor":27.0,"key":"StoneCalendar"},{"floor":41.0,"key":"Toy Ornithopter"},{"floor":51.0,"key":"Replay:Bandana"},{"floor":51.0,"key":"infinitespire:Broken Mirror"},{"floor":51.0,"key":"infinitespire:CursedDice"},{"floor":57.0,"key":"Ginger"},{"floor":60.0,"key":"Oddly Smooth Stone"}],"event_choices":[{"damage_healed":0.0,"max_hp_gain":0.0,"max_hp_loss":0.0,"gold_gain":0.0,"event_name":"Lab","player_choice":"Got Potions","floor":5.0,"gold_loss":0.0,"damage_taken":0.0},{"damage_healed":0.0,"max_hp_gain":0.0,"max_hp_loss":0.0,"gold_gain":0.0,"event_name":"The Mausoleum","player_choice":"Ignored","floor":20.0,"gold_loss":0.0,"damage_taken":0.0},{"damage_healed":0.0,"max_hp_gain":0.0,"max_hp_loss":0.0,"gold_gain":0.0,"event_name":"WeMeetAgain","player_choice":"Paid Gold","floor":24.0,"gold_loss":138.0,"damage_taken":0.0,"relics_obtained":["Shuriken"]},{"damage_healed":0.0,"max_hp_gain":0.0,"max_hp_loss":0.0,"gold_gain":0.0,"event_name":"N\u0027loth","player_choice":"Ignored","floor":32.0,"gold_loss":0.0,"damage_taken":0.0},{"damage_healed":0.0,"max_hp_gain":0.0,"max_hp_loss":0.0,"gold_gain":0.0,"event_name":"SecretPortal","player_choice":"Ignored","floor":45.0,"gold_loss":0.0,"damage_taken":0.0},{"damage_healed":0.0,"max_hp_gain":0.0,"max_hp_loss":0.0,"gold_gain":0.0,"event_name":"Scrap Ooze","player_choice":"Success","floor":62.0,"gold_loss":0.0,"damage_taken":33.0,"relics_obtained":["Happy Flower"]},{"damage_healed":0.0,"max_hp_gain":0.0,"max_hp_loss":0.0,"gold_gain":0.0,"event_name":"Golden Idol","player_choice":"Take Damage","floor":63.0,"gold_loss":0.0,"damage_taken":44.0,"relics_obtained":["Golden Idol"]}],"is_beta":false,"boss_relics":[{"not_picked":["Fusion Hammer","Replay:Ancient Bell"],"picked":"SacredBark"},{"not_picked":["ChewingGum","hubris:BlackHole"],"picked":"reliquary:Ember"},{"not_picked":["infinitespire:Cupcake","energizedSpire:EnergizedDie"],"picked":"Calling Bell"}],"items_purged_floors":[],"is_endless":false,"potions_floor_spawned":[1,3,11,12,16,22,33,36,39,47,50,53,55,64],"killed_by":"Slime Boss","ascension_level":1}}