{"host":"6dypmz777xraikqf","time":1614273124,"event":{"mods":["AchievementEnabler","BaseMod","BetterRewards","Colored Map","Colored Powertips","Downfall","Highlight Path","Hubris","Infinite Spire","Minty Spire (QoL Compilation)","Replay The Spire","StSLib"],"gold_per_floor":[116,133,98,118,118,150,150,150,200,200,200,216,245,245,245,345,345,365,1,1,16,16,16,45,45,45,58,75,75,85,85,85,187,187,205,311,211,65,65,65,92,92,92,92,9,34,44,74,74,76,76,76,76,121,141],"floor_reached":56,"language":"ENG","playtime":2108,"items_purged":["ReplayTheSpireMod:System Scan"],"score":1484,"play_id":"ea7c5956-57ce-4175-bfce-e843342f117c","local_time":"20210225171204","is_ascension_mode":true,"campfire_choices":[{"floor":10,"key":"REST"},{"floor":15,"key":"REST"},{"floor":23,"key":"REST"},{"data":"Loop","floor":25,"key":"SMITH"},{"floor":29,"key":"REST"},{"floor":32,"key":"REST"},{"floor":40,"key":"REST"},{"floor":42,"key":"RECALL"},{"floor":44,"key":"REST"},{"floor":49,"key":"REST"},{"floor":52,"key":"REST"}],"circlet_count":0,"master_deck":["Zap+1","Coolheaded","Skim","Loop+1","Conserve Battery","Defragment+1","infinitespire:DeathsTouch+1","Ball Lightning+1","Coolheaded","BootSequence+1","Electrodynamics","ReplayTheSpireMod:System Scan","Force Field","Melter","ReplayGash+1","Melter+1","Sweeping Beam","ReplayTheSpireMod:IOU","Heatsinks","Aggregate","Aggregate","Deep Breath+1","Reprogram+1","Leap","Go for the Eyes+1","Conserve Battery+1","Glacier","hubris:InfiniteBlow+64","Seek","Coolheaded+1","ReplayTheSpireMod:Reroute Power+1","Capacitor","Sweeping Beam+1","ReplayTheSpireMod:Haul","Steam Power+1","hubris:InfiniteBlow+64","hubris:Insight","Chill+1","Reinforced Body+1","Double Energy+1"],"relics":["Cracked Core","Gremlin Food","Blue Candle","Potion Belt","hubris:GlazedTorus","Strawberry","Pandora\u0027s Box","Replay:Wax Seal","hubris:TinFlute","Bag of Preparation","Bag of Marbles","Mercury Hourglass","infinitespire:EmpoweringShard","Velvet Choker","Pocketwatch","DollysMirror","infinitespire:Lucky Rock","infinitespire:Midas Blood","infinitespire:Eraser","BranchBurnRelic","Unceasing Top"],"acts_visited":["Exordium","TheCity","TheBeyond","TheEnding"],"potions_floor_usage":[13,13,33,55,55,55,55],"damage_taken":[{"damage":6,"enemies":"Small Slimes","floor":1,"turns":4},{"damage":4,"enemies":"Jaw Worm","floor":2,"turns":4},{"damage":3,"enemies":"2 Louse","floor":4,"turns":2},{"damage":33,"enemies":"3 Sentries","floor":6,"turns":4},{"damage":4,"enemies":"Looter","floor":12,"turns":4},{"damage":17,"enemies":"Gremlin Nob","floor":13,"turns":5},{"damage":0,"enemies":"Fading Forest","floor":16,"turns":11},{"damage":26,"enemies":"Shell Parasite","floor":18,"turns":5},{"damage":18,"enemies":"2 Thieves","floor":21,"turns":3},{"damage":0,"enemies":"Gremlin Leader","floor":24,"turns":5},{"damage":19,"enemies":"Shelled Parasite and Fungi","floor":27,"turns":4},{"damage":5,"enemies":"Chosen and Byrds","floor":28,"turns":3},{"damage":0,"enemies":"Centurion and Healer","floor":30,"turns":4},{"damage":4,"enemies":"Collector","floor":33,"turns":4},{"damage":0,"enemies":"Orb Walker","floor":35,"turns":2},{"damage":6,"enemies":"infinitespire:Three Voidlings","floor":37,"turns":3},{"damage":0,"enemies":"Nightmare_Alpha","floor":37,"turns":1},{"damage":0,"enemies":"Reptomancer","floor":41,"turns":1},{"damage":0,"enemies":"Nemesis","floor":46,"turns":1},{"damage":0,"enemies":"3 Darklings","floor":47,"turns":2},{"damage":0,"enemies":"Giant Head","floor":48,"turns":2},{"damage":4,"enemies":"Replay:Hell Engine","floor":50,"turns":3},{"damage":51,"enemies":"Shield and Spear","floor":54,"turns":4},{"damage":31,"enemies":"The Heart","floor":55,"turns":6}],"seed_played":"-3304891011320342973","potions_obtained":[{"floor":1,"key":"Guardian:BlockOnCardUsePotion"},{"floor":2,"key":"DuplicationPotion"},{"floor":12,"key":"FearPotion"},{"floor":18,"key":"Languid Potion"},{"floor":21,"key":"SteroidPotion"},{"floor":28,"key":"Weak Potion"},{"floor":33,"key":"Languid Potion"},{"floor":46,"key":"Adrenaline Potion"},{"floor":47,"key":"Swift Potion"}],"is_trial":false,"path_per_floor":["M","M","?","M","?","E","?","?","T","R","T","M","E","?","R","B",null,"M","$","?","M","?","R","E","R","T","M","M","R","M","AVR","R","B",null,"M","?","?","$","T","R","E","R","T","R","$","E","M","E","R","B",null,"R","$","E","B",null],"character_chosen":"DEFECT","items_purchased":["Replay:Wax Seal","hubris:TinFlute","Heatsinks","FocusPotion","Aggregate","Deep Breath","Elixir","DollysMirror","hubris:Insight"],"campfire_rested":9,"item_purchase_floors":[19,19,19,19,19,19,19,38,45],"current_hp_per_floor":[48,44,62,59,42,9,4,4,4,26,26,22,12,12,36,44,73,47,47,47,29,29,53,53,53,53,34,29,53,53,53,77,73,80,80,48,42,42,42,66,66,66,66,82,82,82,82,82,82,78,81,82,82,38,7],"gold":141,"neow_bonus":"TRANSFORM_TWO_CARDS","is_daily":false,"chose_seed":false,"campfire_upgraded":1,"win_rate":0.0,"timestamp":1614273124,"path_taken":["M","M","?","M","?","E","?","?","T","R","?","?","E","?","R","BOSS","M","$","?","?","?","R","E","R","T","M","?","R","M","AVR","R","BOSS","M","?","?","$","?","R","E","R","T","R","$","E","M","E","R","BOSS","R","$","E","BOSS"],"items_purchased_type":["Relic","Relic","Card","Potion","Card","Card","Potion","Relic","Card"],"build_version":"2020-12-22","purchased_purges":1,"victory":true,"max_hp_per_floor":[75,75,75,75,75,75,75,75,75,75,75,75,82,82,82,82,82,82,82,82,82,82,82,82,82,82,82,82,82,82,82,82,82,82,82,82,82,82,82,82,82,82,82,82,82,82,82,82,82,82,82,82,82,82,82],"card_choices":[{"not_picked":["Melter","Rebound"],"picked":"Loop","floor":1},{"not_picked":["BasicCrystalCard","Rebound"],"picked":"Conserve Battery","floor":2},{"not_picked":["Gash","Stack"],"picked":"Defragment","floor":4},{"not_picked":["ReplayTheSpireMod:Echoes of Time","infinitespire:Starlight"],"picked":"infinitespire:DeathsTouch","floor":5},{"not_picked":["Leap","Steam"],"picked":"Ball Lightning","floor":6},{"not_picked":["Compile Driver","Rip and Tear"],"picked":"Coolheaded","floor":12},{"not_picked":["Streamline","hubris:PowerSurge"],"picked":"BootSequence","floor":13},{"not_picked":["Buffer","Fission"],"picked":"Electrodynamics","floor":16},{"not_picked":["ReplaySolidLightProjector","Barrage"],"picked":"Sweeping Beam","floor":18},{"not_picked":["Redo","Recycle"],"picked":"Reprogram","floor":21},{"not_picked":["Heatsinks","Tempest"],"picked":"Leap","floor":24},{"not_picked":["Gash","Blizzard"],"picked":"Go for the Eyes+1","floor":27},{"not_picked":["Heatsinks+1","Darkness"],"picked":"Conserve Battery+1","floor":28},{"not_picked":["Reprogram","Coolheaded"],"picked":"Glacier","floor":30},{"not_picked":["Rainbow","Echo Form"],"picked":"Seek","floor":33},{"not_picked":["Cold Snap+1","Hologram+1"],"picked":"Coolheaded+1","floor":35},{"not_picked":["Tempest+1","Streamline+1"],"picked":"ReplayTheSpireMod:Reroute Power+1","floor":36},{"not_picked":["Steam","Scrape+1"],"picked":"Capacitor","floor":36},{"not_picked":["Tempest+1","Time Bomb"],"picked":"Sweeping Beam+1","floor":36},{"not_picked":["infinitespire:TheBestDefense","infinitespire:Execution"],"picked":"ReplayTheSpireMod:Haul","floor":37},{"not_picked":["Conserve Battery","Doom and Gloom"],"picked":"Steam Power+1","floor":37},{"not_picked":["Force Field","White Noise","hubris:PowerSurge"],"picked":"SKIP","floor":41},{"not_picked":["ReplayTheSpireMod:Omega Cannon","Sweeping Beam+1","Compile Driver"],"picked":"SKIP","floor":46},{"not_picked":["Time Bomb","Steam Power"],"picked":"Chill+1","floor":47},{"not_picked":["Mirror Shield","Gash"],"picked":"Reinforced Body+1","floor":48},{"not_picked":["Stack","Go for the Eyes+1"],"picked":"Double Energy+1","floor":54}],"player_experience":288696,"relics_obtained":[{"floor":6,"key":"Gremlin Food"},{"floor":9,"key":"Potion Belt"},{"floor":11,"key":"hubris:GlazedTorus"},{"floor":13,"key":"Strawberry"},{"floor":24,"key":"Bag of Marbles"},{"floor":26,"key":"Mercury Hourglass"},{"floor":37,"key":"Pocketwatch"},{"floor":39,"key":"Dead Branch"},{"floor":41,"key":"infinitespire:Lucky Rock"},{"floor":46,"key":"infinitespire:Midas Blood"},{"floor":48,"key":"infinitespire:Eraser"},{"floor":54,"key":"Unceasing Top"}],"event_choices":[{"damage_healed":18,"gold_gain":0,"player_choice":"Healed","damage_taken":0,"max_hp_gain":0,"max_hp_loss":0,"event_name":"The Cleric","floor":3,"gold_loss":35},{"damage_healed":0,"gold_gain":0,"player_choice":"Ignored","damage_taken":0,"max_hp_gain":0,"max_hp_loss":0,"event_name":"Shining Light","floor":8,"gold_loss":0},{"damage_healed":0,"gold_gain":0,"player_choice":"Grow","damage_taken":0,"max_hp_gain":0,"max_hp_loss":0,"event_name":"Living Wall","floor":14,"gold_loss":0,"cards_upgraded":["Defragment"]},{"cards_removed":["Dualcast"],"damage_healed":0,"gold_gain":0,"player_choice":"Purged","damage_taken":0,"max_hp_gain":0,"max_hp_loss":0,"event_name":"Purifier","floor":20,"gold_loss":0},{"damage_healed":0,"gold_gain":0,"player_choice":"Gave Potion","damage_taken":0,"relics_obtained":["Bag of Preparation"],"max_hp_gain":0,"max_hp_loss":0,"event_name":"WeMeetAgain","floor":22,"gold_loss":0}],"is_beta":false,"boss_relics":[{"not_picked":["hubris:RunicObelisk","hubris:HollowSoul"],"picked":"Pandora\u0027s Box"},{"not_picked":["hubris:Stopwatch","Nuclear Battery"],"picked":"Velvet Choker"}],"items_purged_floors":[19],"is_endless":false,"potions_floor_spawned":[1,2,12,18,21,28,33,37,46,47],"ascension_level":5}}