{"host":"c20l7aft63881q3y","time":1614256138,"event":{"mods":["Act Like it!","BaseMod","Colored Powertips","Downfall","Gensokyo","Hallownest","LagranYue(拉格朗・月)","Marisa（F雨　魔理沙）","Minty Spire (QoL Compilation)","Remilia（蕾米莉亚）","Replay The Spire","StSLib","The Animator","The Bug Knight","The Servant 0.9.4","Waifu the Spire","WarShipGirlsR/战舰少女R mod","Youmu（魂魄妖梦）"],"gold_per_floor":[109,109,127,142,159,159,259,219,219,232,302,302,272,272,272,272,272],"floor_reached":16,"language":"ZHS","playtime":916,"items_purged":[],"score":90,"play_id":"9eedafe3-02c0-447d-bbea-8ee66df1272e","local_time":"20210225202858","is_ascension_mode":false,"campfire_choices":[{"floor":6,"key":"RECALL"},{"data":"Redo","floor":12,"key":"SMITH"}],"circlet_count":0,"master_deck":["animator:Strike_Konosuba","animator:Defend_Konosuba","animator:Strike","animator:Strike","animator:Strike","animator:Defend","animator:Defend","animator:Defend","animator:Kazuma","animator:Ciel","animator:Tatsumaki","animator:Evileye","animator:GazelDwargon","animator:HigakiRinne","animator:Emonzaemon","Redo+1","WitchOfGreed","animator:Vanir"],"relics":["animator:LivingPicture","animator:TheMissingPiece","animator:PurgingStone","LagranYue:RandomDrawCardRelic","NeowsBlessing","PrismaticShard","downfall:ExtraCursedKey","Orichalcum"],"acts_visited":["Exordium"],"potions_floor_usage":[],"damage_taken":[{"damage":0,"enemies":"Jaw Worm","floor":1,"turns":1},{"damage":0,"enemies":"2 Louse","floor":3,"turns":2},{"damage":0,"enemies":"Small Slimes","floor":4,"turns":1},{"damage":24,"enemies":"Red Slaver","floor":5,"turns":6},{"damage":17,"enemies":"Blue Slaver","floor":10,"turns":4},{"damage":2,"enemies":"Looter","floor":13,"turns":4},{"damage":43,"enemies":"Slime Boss","floor":16,"turns":5}],"seed_played":"676047670537821558","potions_obtained":[{"floor":3,"key":"SkillPotion"},{"floor":5,"key":"BlessingOfTheForge"},{"floor":8,"key":"Regen Potion"},{"floor":8,"key":"Fire Potion"}],"is_trial":false,"path_per_floor":["M","?","M","M","M","R","?","?","T","M","?","R","M","?","R","B"],"character_chosen":"THE_ANIMATOR","items_purchased":[],"campfire_rested":0,"item_purchase_floors":[],"current_hp_per_floor":[66,66,66,66,42,42,47,47,47,32,32,32,32,32,32,0,0],"gold":272,"neow_bonus":"THREE_ENEMY_KILL","is_daily":false,"chose_seed":false,"campfire_upgraded":1,"win_rate":0.0,"timestamp":1614256138,"path_taken":["M","?","M","M","M","R","?","?","T","?","?","R","M","?","R","BOSS"],"items_purchased_type":[],"build_version":"2020-12-22","purchased_purges":0,"victory":false,"max_hp_per_floor":[66,66,66,66,66,66,71,71,71,71,71,71,71,71,71,71,71],"card_choices":[{"not_picked":["animator:Hitei","animator:Guy"],"picked":"animator:Ciel","floor":1},{"not_picked":["hexamod:EmpoweredFlame","champ:EndlessRage"],"picked":"animator:Tatsumaki","floor":3},{"not_picked":["hexamod:EmpoweredFlame","animator:Emonzaemon"],"picked":"animator:Evileye","floor":4},{"not_picked":["animator:Benimaru","animator:Hakurou"],"picked":"animator:GazelDwargon","floor":5},{"not_picked":["champ:Parry","Guardian:Planning"],"picked":"animator:Emonzaemon","floor":10},{"not_picked":["bronze:Shell","champ:FocusedDefense"],"picked":"Redo","floor":11},{"not_picked":["Gensokyo:MorningMist","ReplayTheSpireMod:Shiv Toss"],"picked":"WitchOfGreed","floor":13}],"player_experience":12756,"relics_obtained":[{"floor":11,"key":"Orichalcum"}],"event_choices":[{"damage_healed":0,"gold_gain":0,"player_choice":"Bought 3 Potions","damage_taken":0,"max_hp_gain":0,"max_hp_loss":0,"event_name":"The Woman in Blue","floor":8,"gold_loss":0},{"cards_removed":["Normality","Writhe","Decay","Voices","ReplayTheSpireMod:Restless Dread","Replay:Sluggish"],"damage_healed":0,"gold_gain":0,"player_choice":"Removed Curses","damage_taken":0,"max_hp_gain":0,"max_hp_loss":0,"event_name":"Fountain of Cleansing","floor":14,"gold_loss":0}],"is_beta":false,"boss_relics":[],"items_purged_floors":[],"is_endless":false,"potions_floor_spawned":[3,5,10],"killed_by":"Slime Boss","ascension_level":0}}