{"host":"aq7km0trio740wk5","time":1614279735,"event":{"mods":["BaseMod","Colored Powertips","Highlight Path","Minty Spire (QoL Compilation)","Permanent Neow","Relic Stats"],"gold_per_floor":[114,34,47,47,60,93,93,106,106,138,138,103,144,168,168,263,263,279,279,46,71,71,71,107,122,122,122,163,188,188,213,213,303,303,321,340,364,1363,634,634,634],"floor_reached":40,"language":"ENG","playtime":2479,"items_purged":["Strike_G","Normality"],"score":942,"play_id":"1dff9dc8-0c28-420f-b530-5df990f409dc","local_time":"20210225130214","is_ascension_mode":true,"campfire_choices":[{"floor":7.0,"key":"REST"},{"floor":15.0,"key":"REST"},{"data":"Wraith Form v2","floor":23,"key":"SMITH"},{"data":"Skewer","floor":27,"key":"SMITH"},{"floor":30,"key":"REST"},{"data":"Panache","floor":32,"key":"SMITH"}],"circlet_count":0,"master_deck":["AscendersBane","Survivor","Neutralize","Panache+1","Slice","Noxious Fumes","Backstab","Endless Agony","Noxious Fumes","Skewer+1","PiercingWail","Injury","Night Terror","Well Laid Plans","Wraith Form v2+1","Quick Slash+1","Bullet Time","Concentrate","Flying Knee","Backstab","PiercingWail","All Out Attack","Accuracy","Bane","Deadly Poison","Skewer","PiercingWail","Deflect","Prepared+1","Normality","After Image","Leg Sweep"],"relics":["Ring of the Snake","Singing Bowl","Blue Candle","Darkstone Periapt","Golden Idol","Lantern","Runic Pyramid","TwistedFunnel","Mercury Hourglass","Matryoshka","The Courier","Pandora\u0027s Box","InkBottle","Centennial Puzzle","Snake Skull"],"acts_visited":["Exordium","TheCity","TheBeyond"],"potions_floor_usage":[16,16,18,21,24,29,33,37],"damage_taken":[{"damage":1.0,"enemies":"2 Louse","floor":1.0,"turns":4.0},{"damage":4.0,"enemies":"Cultist","floor":3.0,"turns":4.0},{"damage":4.0,"enemies":"Jaw Worm","floor":5.0,"turns":4.0},{"damage":22.0,"enemies":"3 Sentries","floor":6.0,"turns":9.0},{"damage":4.0,"enemies":"Large Slime","floor":8.0,"turns":5.0},{"damage":30.0,"enemies":"Lagavulin","floor":10.0,"turns":5.0},{"damage":32.0,"enemies":"Gremlin Nob","floor":13.0,"turns":4.0},{"damage":0.0,"enemies":"Blue Slaver","floor":14.0,"turns":2.0},{"damage":17,"enemies":"Slime Boss","floor":16,"turns":8},{"damage":12,"enemies":"Shell Parasite","floor":18,"turns":7},{"damage":23,"enemies":"Chosen","floor":21,"turns":7},{"damage":7,"enemies":"Gremlin Leader","floor":24,"turns":7},{"damage":5,"enemies":"Snake Plant","floor":25,"turns":5},{"damage":12,"enemies":"Book of Stabbing","floor":28,"turns":7},{"damage":1,"enemies":"Sentry and Sphere","floor":29,"turns":6},{"damage":6,"enemies":"Snecko","floor":31,"turns":6},{"damage":13,"enemies":"Automaton","floor":33,"turns":14},{"damage":17,"enemies":"Orb Walker","floor":35,"turns":3},{"damage":0,"enemies":"3 Shapes","floor":36,"turns":2},{"damage":23,"enemies":"Transient","floor":37,"turns":6},{"damage":75,"enemies":"Giant Head","floor":40,"turns":8}],"seed_played":"-550942394015929438","potions_obtained":[{"floor":1.0,"key":"PowerPotion"},{"floor":8.0,"key":"PowerPotion"},{"floor":10.0,"key":"BlessingOfTheForge"},{"floor":13.0,"key":"Weak Potion"},{"floor":16,"key":"EssenceOfSteel"},{"floor":19,"key":"Regen Potion"},{"floor":19,"key":"Swift Potion"},{"floor":21,"key":"PowerPotion"},{"floor":29,"key":"SpeedPotion"},{"floor":31,"key":"Block Potion"},{"floor":33,"key":"LiquidBronze"},{"floor":35,"key":"Regen Potion"}],"is_trial":false,"path_per_floor":["M","$","M","?","M","E","R","M","T","E","?","?","E","M","R","B",null,"M","?","$","M","$","R","E","M","T","R","E","M","R","M","R","B",null,"M","M","M","?","$","E"],"character_chosen":"THE_SILENT","items_purchased":["Noxious Fumes","TwistedFunnel","After Image","Leg Sweep","InkBottle","Centennial Puzzle","Snake Skull"],"campfire_rested":3,"item_purchase_floors":[2,20,39,39,39,39,39],"current_hp_per_floor":[58,58,54,54,50,28,46,42,42,12,18,34,2,2,21,4,51,41,41,41,33,33,33,26,23,23,23,13,12,33,29,29,18,62,45,45,37,49,49,0,0],"gold":634,"neow_bonus":"RANDOM_COLORLESS_2","is_daily":false,"chose_seed":false,"campfire_upgraded":3,"win_rate":0.0,"timestamp":1614279734,"path_taken":["M","$","M","?","M","E","R","?","T","E","?","?","E","M","R","BOSS","M","?","?","M","$","R","E","M","T","R","E","M","R","M","R","BOSS","M","M","M","?","$","E"],"items_purchased_type":["Card","Relic","Card","Card","Relic","Relic","Relic"],"build_version":"2020-12-22","purchased_purges":2,"victory":false,"max_hp_per_floor":[60,60,60,60,60,60,60,60,60,60,66,66,66,66,66,66,66,68,68,68,68,68,68,68,70,70,70,72,72,72,74,74,76,76,76,76,76,88,88,88,88],"relic_stats":{"Darkstone Periapt":18,"Centennial Puzzle":[3],"Singing Bowl":10,"counters":[21,121],"Golden Idol":99,"Blue Candle":[8],"Pandora\u0027s Box":["Flying Knee","Backstab","PiercingWail","All Out Attack","Accuracy","Bane","Deadly Poison","Skewer"],"Snake Skull":[9],"obtain_stats":[{"Darkstone Periapt":10,"TwistedFunnel":20,"Lantern":13,"Singing Bowl":6,"Golden Idol":11,"Blue Candle":9,"The Courier":28,"Snake Skull":39,"Mercury Hourglass":24,"Centennial Puzzle":39,"Matryoshka":26,"Pandora\u0027s Box":34,"InkBottle":39,"Ring of the Snake":0,"Runic Pyramid":17},{"Darkstone Periapt":6,"TwistedFunnel":10,"Lantern":7,"Singing Bowl":4,"Golden Idol":6,"Blue Candle":5,"The Courier":14,"Snake Skull":20,"Mercury Hourglass":12,"Centennial Puzzle":20,"Matryoshka":13,"Pandora\u0027s Box":17,"InkBottle":20,"Ring of the Snake":0,"Runic Pyramid":9},{"Darkstone Periapt":31,"TwistedFunnel":52,"Lantern":35,"Singing Bowl":21,"Golden Idol":31,"Blue Candle":26,"The Courier":78,"Snake Skull":113,"Mercury Hourglass":66,"Centennial Puzzle":113,"Matryoshka":71,"Pandora\u0027s Box":103,"InkBottle":113,"Ring of the Snake":0,"Runic Pyramid":45}],"InkBottle":[2],"Ring of the Snake":[43],"Mercury Hourglass":[167]},"card_choices":[{"not_picked":["Sadistic Nature","The Bomb"],"picked":"Panache","floor":0.0},{"not_picked":["Backflip","Prepared"],"picked":"Slice","floor":1.0},{"not_picked":["Dagger Throw","Flying Knee"],"picked":"Backstab","floor":3.0},{"not_picked":["Distraction","Acrobatics"],"picked":"Endless Agony","floor":5.0},{"not_picked":["Outmaneuver","Bane"],"picked":"Noxious Fumes","floor":6.0},{"not_picked":["Eviscerate","Deflect"],"picked":"Skewer","floor":8.0},{"not_picked":["Heel Hook","Predator"],"picked":"PiercingWail","floor":10.0},{"not_picked":["Dagger Spray","Infinite Blades"],"picked":"Night Terror","floor":13.0},{"not_picked":["Infinite Blades","Cloak And Dagger"],"picked":"Well Laid Plans","floor":14.0},{"not_picked":["A Thousand Cuts","Glass Knife"],"picked":"Wraith Form v2","floor":16},{"not_picked":["Underhanded Strike","Well Laid Plans","Eviscerate+1"],"picked":"Singing Bowl","floor":18},{"not_picked":["Sucker Punch","Deflect"],"picked":"Quick Slash+1","floor":21},{"not_picked":["Blade Dance","Eviscerate"],"picked":"Bullet Time","floor":24},{"not_picked":["Accuracy","Backflip","Well Laid Plans"],"picked":"Singing Bowl","floor":25},{"not_picked":["Flying Knee","Deadly Poison","Predator"],"picked":"Singing Bowl","floor":28},{"not_picked":["Setup","All Out Attack"],"picked":"Concentrate","floor":29},{"not_picked":["All Out Attack+1","Underhanded Strike","Dodge and Roll"],"picked":"Singing Bowl","floor":31},{"not_picked":["Glass Knife","Unload","A Thousand Cuts"],"picked":"Singing Bowl","floor":33},{"not_picked":["Outmaneuver+1","Flechettes"],"picked":"PiercingWail","floor":35},{"not_picked":["Reflex","Dagger Spray"],"picked":"Deflect","floor":36},{"not_picked":["Skewer","Dagger Throw"],"picked":"Prepared+1","floor":37}],"player_experience":4129762,"relics_obtained":[{"floor":6.0,"key":"Singing Bowl"},{"floor":9.0,"key":"Blue Candle"},{"floor":10.0,"key":"Darkstone Periapt"},{"floor":13.0,"key":"Lantern"},{"floor":24,"key":"Mercury Hourglass"},{"floor":26,"key":"Matryoshka"},{"floor":28,"key":"The Courier"}],"event_choices":[{"cards_removed":["Strike_G"],"damage_healed":0.0,"max_hp_gain":0.0,"max_hp_loss":0.0,"gold_gain":0.0,"event_name":"Purifier","player_choice":"Purged","floor":4.0,"gold_loss":0.0,"damage_taken":0.0},{"damage_healed":0.0,"max_hp_gain":0.0,"max_hp_loss":0.0,"gold_gain":0.0,"event_name":"Golden Idol","player_choice":"Take Wound","floor":11.0,"gold_loss":0.0,"damage_taken":0.0,"relics_obtained":["Golden Idol"],"cards_obtained":["Injury"]},{"damage_healed":16.0,"max_hp_gain":0.0,"max_hp_loss":0.0,"gold_gain":0.0,"event_name":"The Cleric","player_choice":"Healed","floor":12.0,"gold_loss":35.0,"damage_taken":0.0},{"damage_healed":0,"gold_gain":0,"player_choice":"Got Potions","damage_taken":0,"max_hp_gain":0,"max_hp_loss":0,"event_name":"Lab","floor":19,"gold_loss":0},{"damage_healed":0,"gold_gain":999,"player_choice":"Gold","damage_taken":0,"max_hp_gain":0,"max_hp_loss":0,"event_name":"MindBloom","floor":38,"gold_loss":0,"cards_obtained":["Normality","Normality"]}],"is_beta":false,"boss_relics":[{"not_picked":["Runic Dome","Ectoplasm"],"picked":"Runic Pyramid"},{"not_picked":["Velvet Choker","Sozu"],"picked":"Pandora\u0027s Box"}],"items_purged_floors":[20,39],"is_endless":false,"potions_floor_spawned":[1,8,10,13,16,21,29,31,33,35],"killed_by":"Giant Head","ascension_level":20}}