{"host":"dhk5e65fhht6ttq3","time":1614244138,"event":{"mods":["BaseMod","Lobotomy","LobotomyExtend","Minty Spire (QoL Compilation)","Replay The Spire","StSLib","[IsaacMod]ÒÔÈö¼âËþ"],"gold_per_floor":[115,127,138,138,155,155,181,181,181,181,181,181,106,136,136,175,175,270,270,284,224,224,224],"floor_reached":22,"language":"ZHS","playtime":1795,"items_purged":["Apo_Charge"],"score":290,"play_id":"d0784ca0-56f1-46ea-9892-094e83e3ad98","local_time":"20210225170858","is_ascension_mode":false,"campfire_choices":[{"data":"Neutralize","floor":6,"key":"SMITH"},{"floor":17,"key":"RECALL"}],"circlet_count":0,"master_deck":["Apo_Pray","Apo_SoulSlash","Apo_Charge","Apo_Charge","Apo_Charge","Apo_Beam","Apo_Beam","Apo_Beam","Apo_Execute","Apo_Slash","Apo_Slash","Apo_SoulSlash","MeatLantern","Bomb","CrumblingArmor","Adrenaline","Prepared","Yin","Dash+1"],"relics":["Ring of the Snake","HushsDoor","CogitoBucket","BookOfRevelations","LetterFromLob","ReplayTheSpireMod:Ring of Addiction","White Beast Statue","SacredBark","Ring of Panic","Orichalcum","ApostleMask","Ancient Tea Set","Bronze Scales","Tiny Chest","ReplayTheSpireMod:DimensionalGlitch"],"acts_visited":["Exordium","TheCity"],"potions_floor_usage":[5,7,7,10],"damage_taken":[{"damage":4,"enemies":"Cultist","floor":1,"turns":5},{"damage":0,"enemies":"Small Slimes","floor":2,"turns":3},{"damage":0,"enemies":"Jaw Worm","floor":3,"turns":5},{"damage":0,"enemies":"Exordium Wildlife","floor":5,"turns":5},{"damage":10,"enemies":"Gremlin Nob","floor":7,"turns":5},{"damage":0,"enemies":"Replay:BlueRogue","floor":14,"turns":1},{"damage":0,"enemies":"Slime Boss","floor":18,"turns":1},{"damage":0,"enemies":"Chosen","floor":20,"turns":1},{"damage":50,"enemies":"3 Byrds","floor":22,"turns":1}],"seed_played":"-3693511223369472418","potions_obtained":[{"floor":1,"key":"Strength Potion"},{"floor":2,"key":"FearPotion"},{"floor":3,"key":"Dexterity Potion"},{"floor":4,"key":"EssenceOfSteel"},{"floor":5,"key":"Block Potion"},{"floor":7,"key":"FearPotion"},{"floor":14,"key":"SkillPotion"},{"floor":16,"key":"Reflective Coating"},{"floor":16,"key":"LifebloodPotion"},{"floor":18,"key":"Block Potion"}],"is_trial":false,"path_per_floor":["M","M","M","?","M","R","E","PTL","PTL","M","T","?","$","E","M","?","R","B",null,"M","?","M"],"character_chosen":"THE_SILENT","items_purchased":["Prepared"],"campfire_rested":0,"item_purchase_floors":[19],"current_hp_per_floor":[66,66,67,67,68,68,60,60,60,63,63,45,45,45,1,1,1,1,1,1,1,0,0],"gold":224,"neow_bonus":"","is_daily":false,"chose_seed":false,"campfire_upgraded":1,"win_rate":0.0,"timestamp":1614244138,"path_taken":["M","M","M","?","M","R","E","PTL","PTL","M","T","?","$","E","M","?","R","BOSS","M","?","M"],"items_purchased_type":["Card"],"build_version":"2020-12-22","purchased_purges":1,"victory":false,"max_hp_per_floor":[70,70,70,70,70,70,70,70,70,70,70,70,70,68,3,3,1,1,1,1,1,1,1],"card_choices":[{"not_picked":["Choke","Cloak And Dagger"],"picked":"Deadly Poison","floor":1},{"not_picked":["BigBadWolf","VoidDream"],"picked":"MeatLantern","floor":1},{"not_picked":["FairyFestival","OldLady"],"picked":"PlagueDoctor","floor":2},{"not_picked":["Setup","Deflect"],"picked":"Crippling Poison","floor":2},{"not_picked":["ShyLook","Bloodbath"],"picked":"VoidDream","floor":3},{"not_picked":["Slice","Acrobatics"],"picked":"Leg Sweep","floor":3},{"not_picked":["MHz","PunishingBird"],"picked":"SingingMachine","floor":5},{"not_picked":["Underhanded Strike","Dodge and Roll"],"picked":"Night Terror","floor":5},{"not_picked":["Bullet Time","ReplayTheSpireMod:Exploit Weakness"],"picked":"Deadly Poison","floor":7},{"not_picked":["BeautyBeast","FairyFestival"],"picked":"SpiderBud","floor":7},{"not_picked":["Underhanded Strike","Backstab"],"picked":"Flying Knee","floor":14},{"not_picked":["Variant","FieryBird"],"picked":"MeatLantern","floor":14},{"not_picked":["Flying Knee","Dagger Throw"],"picked":"Bomb","floor":16},{"not_picked":["Variant","VoidDream","CherryBlossoms"],"picked":"Singing Bowl","floor":18},{"not_picked":["Murderer","OldLady"],"picked":"CrumblingArmor","floor":18},{"not_picked":["Malaise","Venomology"],"picked":"Adrenaline","floor":18},{"not_picked":["PunishingBird","HeroicMonk"],"picked":"Yin","floor":20},{"not_picked":["Tactician","Underhanded Strike+1"],"picked":"Dash+1","floor":20}],"player_experience":993520,"relics_obtained":[{"floor":1,"key":"LetterFromLob"},{"floor":4,"key":"ReplayTheSpireMod:Ring of Addiction"},{"floor":4,"key":"White Beast Statue"},{"floor":4,"key":"SacredBark"},{"floor":4,"key":"Ring of Panic"},{"floor":7,"key":"Orichalcum"},{"floor":11,"key":"Ancient Tea Set"},{"floor":14,"key":"Tiny Chest"}],"event_choices":[{"damage_healed":0,"gold_gain":0,"player_choice":"Success","damage_taken":18,"relics_obtained":["Bronze Scales"],"max_hp_gain":0,"max_hp_loss":0,"event_name":"Scrap Ooze","floor":12,"gold_loss":0}],"is_beta":false,"boss_relics":[{"not_picked":["Sozu","SlaversCollar"],"picked":"ReplayTheSpireMod:DimensionalGlitch"},{"not_picked":[]}],"items_purged_floors":[13],"is_endless":false,"potions_floor_spawned":[1,2,3,5,7,14,18,20],"killed_by":"3 Byrds","ascension_level":0}}