{"host":"5qewjvycy34u7aeo","time":1614277811,"event":{"mods":["BaseMod","Curses Come First","Downfall","GifTheSpireLib","Infinite Spire","Minty Spire (QoL Compilation)","Permanent Neow","Replay The Spire","StSLib","Together in Spire","Wandering Minibosses"],"gold_per_floor":[115,115,115,17,17,30,61,61,61,61,61],"floor_reached":10,"language":"ENG","playtime":340,"items_purged":["Regret"],"score":70,"play_id":"6924c4ad-8bd2-40c7-a300-2c2316552c4d","local_time":"20210225123011","is_ascension_mode":true,"campfire_choices":[{"data":"Armaments","floor":8,"key":"SMITH"}],"circlet_count":0,"master_deck":["Strike_R","Strike_R","Strike_R","Strike_R","Defend_R","Defend_R","Defend_R","Bash","Thunderclap","True Grit","Thunderclap","Purity","Armaments+1","Feel No Pain"],"relics":["Burning Blood","Gremlin Food","Pet Ghost"],"acts_visited":["Exordium"],"potions_floor_usage":[],"damage_taken":[{"damage":10,"enemies":"Small Slimes","floor":1,"turns":4},{"damage":2,"enemies":"2 Louse","floor":6,"turns":2},{"damage":36,"enemies":"3 Sentries","floor":7,"turns":11},{"damage":68,"enemies":"Gremlin Nob","floor":10,"turns":6}],"seed_played":"-6496247807321788178","potions_obtained":[{"floor":6,"key":"EssenceOfSteel"}],"is_trial":false,"path_per_floor":["M","?","?","$","?","M","E","R","T","E"],"character_chosen":"IRONCLAD","items_purchased":["True Grit"],"campfire_rested":0,"item_purchase_floors":[4],"current_hp_per_floor":[76,76,76,76,76,80,50,50,50,0,0],"gold":61,"neow_bonus":"RANDOM_EVENT","is_daily":false,"chose_seed":false,"campfire_upgraded":1,"win_rate":0.0,"timestamp":1614277811,"path_taken":["M","?","?","$","?","?","E","R","T","E"],"items_purchased_type":["Card"],"build_version":"2020-12-22","purchased_purges":1,"victory":false,"max_hp_per_floor":[80,80,80,80,80,80,80,80,80,80,80],"card_choices":[{"not_picked":["True Grit","Flex"],"picked":"Thunderclap","floor":1},{"not_picked":["Clothesline","Burning Pact"],"picked":"Armaments","floor":6},{"not_picked":["Metallicize","Wild Strike"],"picked":"Feel No Pain","floor":7}],"player_experience":529634,"relics_obtained":[{"floor":7,"key":"Pet Ghost"}],"event_choices":[{"cards_removed":["Defend_R"],"damage_healed":0,"gold_gain":0,"player_choice":"Forget","damage_taken":0,"max_hp_gain":0,"max_hp_loss":0,"event_name":"Living Wall","floor":2,"gold_loss":0},{"damage_healed":0,"gold_gain":0,"player_choice":"Box","damage_taken":0,"relics_obtained":["Gremlin Food"],"max_hp_gain":0,"max_hp_loss":0,"event_name":"Big Fish","floor":3,"gold_loss":0,"cards_obtained":["Regret"]},{"damage_healed":0,"gold_gain":0,"player_choice":"2 cards matched","damage_taken":0,"max_hp_gain":0,"max_hp_loss":0,"event_name":"Match and Keep!","floor":5,"gold_loss":0,"cards_obtained":["Thunderclap","Purity"]}],"is_beta":false,"boss_relics":[],"items_purged_floors":[4],"is_endless":false,"potions_floor_spawned":[6],"killed_by":"Gremlin Nob","ascension_level":2}}