{"host":"ad59wuc8ynh8u2z6","time":1614270990,"event":{"mods":["AchievementEnabler","BaseMod","Colored Powertips","DeckTracker","Highlight Path","Minty Spire (QoL Compilation)","Permanent Neow"],"gold_per_floor":[109,109,120,134,149,149,169,194,194,207,232,251,277,2,2,105,105,124,124,39,39,53,82,82,111,111,111,125,154,166,179,179,276,276,289,309,324,324,339,373,392,402,479,507,507,521,553,553,553,553],"floor_reached":51,"language":"ENG","playtime":5133,"items_purged":["Strike_P"],"score":1347,"play_id":"552c7fe6-4c18-484c-9fed-8df9f2cefd2a","local_time":"20210225173630","is_ascension_mode":true,"campfire_choices":[{"data":"Conclude","floor":6.0,"key":"SMITH"},{"data":"Brilliance","floor":15.0,"key":"SMITH"},{"data":"Omniscience","floor":24.0,"key":"SMITH"},{"data":"Devotion","floor":27.0,"key":"SMITH"},{"data":"Pray","floor":32,"key":"SMITH"},{"data":"Worship","floor":49,"key":"SMITH"}],"circlet_count":0,"master_deck":["Strike_P+1","Strike_P+1","Defend_P+1","Defend_P+1","Defend_P+1","Defend_P+1","Eruption","Vigilance","ThirdEye","Conclude+1","Worship+1","CutThroughFate","Scrawl","Pray+1","Brilliance+1","Omniscience+1","Devotion+1"],"relics":["Velvet Choker","Darkstone Periapt","Orichalcum","Bronze Scales","Singing Bowl","Sozu","The Courier","Ice Cream","Letter Opener","Bottled Flame","Bottled Tornado","Busted Crown","Lantern","Bag of Marbles","Pen Nib","Centennial Puzzle"],"acts_visited":["Exordium","TheCity","TheBeyond"],"potions_floor_usage":[29],"damage_taken":[{"damage":1.0,"enemies":"Small Slimes","floor":1.0,"turns":4.0},{"damage":0.0,"enemies":"Cultist","floor":3.0,"turns":2.0},{"damage":0.0,"enemies":"2 Louse","floor":4.0,"turns":2.0},{"damage":1.0,"enemies":"Blue Slaver","floor":5.0,"turns":3.0},{"damage":0.0,"enemies":"Large Slime","floor":7.0,"turns":4.0},{"damage":0.0,"enemies":"Lagavulin","floor":8.0,"turns":5.0},{"damage":0.0,"enemies":"Exordium Wildlife","floor":10.0,"turns":2.0},{"damage":5.0,"enemies":"3 Sentries","floor":11.0,"turns":2.0},{"damage":0.0,"enemies":"Lots of Slimes","floor":12.0,"turns":1.0},{"damage":5.0,"enemies":"Lagavulin","floor":13.0,"turns":5.0},{"damage":17.0,"enemies":"The Guardian","floor":16.0,"turns":5.0},{"damage":0.0,"enemies":"Spheric Guardian","floor":18.0,"turns":1.0},{"damage":0.0,"enemies":"Chosen","floor":22.0,"turns":4.0},{"damage":27.0,"enemies":"Slavers","floor":23.0,"turns":4.0},{"damage":0.0,"enemies":"Book of Stabbing","floor":25.0,"turns":3.0},{"damage":0.0,"enemies":"Snecko","floor":28.0,"turns":2.0},{"damage":8,"enemies":"Slavers","floor":29,"turns":2},{"damage":18,"enemies":"Snake Plant","floor":30,"turns":2},{"damage":0,"enemies":"Cultist and Chosen","floor":31,"turns":4},{"damage":9,"enemies":"Automaton","floor":33,"turns":5},{"damage":5,"enemies":"3 Shapes","floor":35,"turns":3},{"damage":0,"enemies":"3 Darklings","floor":36,"turns":2},{"damage":7,"enemies":"Jaw Worm Horde","floor":37,"turns":3},{"damage":24,"enemies":"4 Shapes","floor":39,"turns":3},{"damage":0,"enemies":"Reptomancer","floor":40,"turns":3},{"damage":0,"enemies":"Sphere and 2 Shapes","floor":41,"turns":1},{"damage":0,"enemies":"Transient","floor":42,"turns":5},{"damage":21,"enemies":"Giant Head","floor":44,"turns":6},{"damage":3,"enemies":"Spire Growth","floor":46,"turns":2},{"damage":13,"enemies":"Nemesis","floor":47,"turns":3},{"damage":60,"enemies":"Awakened One","floor":50,"turns":7}],"seed_played":"4310053842951886517","potions_obtained":[{"floor":2.0,"key":"StancePotion"},{"floor":2.0,"key":"ColorlessPotion"},{"floor":2.0,"key":"SteroidPotion"},{"floor":4.0,"key":"BottledMiracle"},{"floor":12.0,"key":"Dexterity Potion"},{"floor":13.0,"key":"PowerPotion"}],"is_trial":false,"path_per_floor":["M","?","M","M","M","R","M","E","T","M","E","M","E","$","R","B",null,"M","?","?","?","M","E","R","E","T","R","M","E","M","M","R","B",null,"M","M","M","?","M","E","M","M","T","E","?","M","E","T","R","B",null],"character_chosen":"WATCHER","items_purchased":["Pray","Brilliance"],"campfire_rested":0,"item_purchase_floors":[14,14],"current_hp_per_floor":[64,64,64,64,63,63,63,63,63,63,58,58,55,55,55,38,65,67,67,67,67,69,44,44,44,44,44,46,40,24,26,26,19,72,69,71,66,66,44,46,48,50,50,31,93,92,81,81,81,21],"gold":553,"neow_bonus":"BOSS_RELIC","is_daily":false,"chose_seed":false,"campfire_upgraded":6,"win_rate":0.0,"timestamp":1614270990,"path_taken":["M","?","M","M","M","R","M","E","T","M","E","?","E","$","R","BOSS","M","?","?","?","M","E","R","E","T","R","?","E","M","M","R","BOSS","M","M","?","?","M","E","M","M","T","E","?","M","E","?","R","BOSS"],"items_purchased_type":["Card","Card"],"build_version":"2020-12-22","purchased_purges":1,"victory":true,"max_hp_per_floor":[72,72,72,72,72,72,72,72,72,72,72,72,74,74,74,74,74,76,76,76,76,78,80,80,80,80,80,82,84,86,88,88,90,90,92,94,96,96,98,100,102,104,104,106,93,95,97,97,97,97],"card_choices":[{"not_picked":["EmptyBody","WindmillStrike"],"picked":"ThirdEye","floor":1.0},{"not_picked":["Prostrate","Crescendo"],"picked":"Conclude","floor":3.0},{"not_picked":["SandsOfTime","Evaluate"],"picked":"Worship","floor":4.0},{"not_picked":["Swivel","FollowUp","MentalFortress"],"picked":"SKIP","floor":5.0},{"not_picked":["FlurryOfBlows","EmptyMind"],"picked":"CutThroughFate","floor":7.0},{"not_picked":["Vengeance","InnerPeace"],"picked":"Scrawl","floor":8.0},{"not_picked":["WindmillStrike","Halt","Prostrate"],"picked":"SKIP","floor":10.0},{"not_picked":["FollowUp","BattleHymn","FlyingSleeves"],"picked":"SKIP","floor":11.0},{"not_picked":["Fasting2","CutThroughFate","ReachHeaven"],"picked":"SKIP","floor":12.0},{"not_picked":["Vengeance","Devotion","ClearTheMind"],"picked":"Singing Bowl","floor":13.0},{"not_picked":["Wish","ConjureBlade"],"picked":"Omniscience","floor":16.0},{"not_picked":["Consecrate+1","Evaluate","PathToVictory"],"picked":"Singing Bowl","floor":18.0},{"not_picked":["FlyingSleeves+1","CrushJoints","EmptyMind"],"picked":"Singing Bowl","floor":22.0},{"not_picked":["Nirvana+1","ThirdEye","Weave"],"picked":"Singing Bowl","floor":23.0},{"not_picked":["TalkToTheHand","EmptyFist"],"picked":"Devotion","floor":25.0},{"not_picked":["Crescendo","CutThroughFate","Halt+1"],"picked":"Singing Bowl","floor":28.0},{"not_picked":["BattleHymn","PathToVictory","ReachHeaven"],"picked":"Singing Bowl","floor":29},{"not_picked":["Crescendo","FollowUp","EmptyFist"],"picked":"Singing Bowl","floor":30},{"not_picked":["CrushJoints","MentalFortress","Crescendo+1"],"picked":"Singing Bowl","floor":31},{"not_picked":["LessonLearned","Omniscience","Scrawl"],"picked":"Singing Bowl","floor":33},{"not_picked":["ForeignInfluence+1"],"picked":"Singing Bowl","floor":35},{"not_picked":["Halt"],"picked":"Singing Bowl","floor":36},{"not_picked":["ClearTheMind"],"picked":"Singing Bowl","floor":37},{"not_picked":["Halt"],"picked":"Singing Bowl","floor":39},{"not_picked":["Adaptation"],"picked":"Singing Bowl","floor":40},{"not_picked":["WindmillStrike"],"picked":"Singing Bowl","floor":41},{"not_picked":["FollowUp+1"],"picked":"Singing Bowl","floor":42},{"not_picked":["EmptyBody"],"picked":"Singing Bowl","floor":44},{"not_picked":["ClearTheMind"],"picked":"Singing Bowl","floor":46},{"not_picked":["Vengeance+1"],"picked":"Singing Bowl","floor":47}],"player_experience":134698,"relics_obtained":[{"floor":8.0,"key":"Darkstone Periapt"},{"floor":9.0,"key":"Orichalcum"},{"floor":11.0,"key":"Bronze Scales"},{"floor":13.0,"key":"Singing Bowl"},{"floor":23.0,"key":"Ice Cream"},{"floor":25.0,"key":"Letter Opener"},{"floor":26.0,"key":"Bottled Flame"},{"floor":29,"key":"Bottled Tornado"},{"floor":40,"key":"Lantern"},{"floor":44,"key":"Bag of Marbles"},{"floor":47,"key":"Pen Nib"},{"floor":48,"key":"Centennial Puzzle"}],"event_choices":[{"damage_healed":0.0,"max_hp_gain":0.0,"max_hp_loss":0.0,"gold_gain":0.0,"event_name":"Lab","player_choice":"Got Potions","floor":2.0,"gold_loss":0.0,"damage_taken":0.0},{"damage_healed":0.0,"max_hp_gain":0.0,"max_hp_loss":0.0,"gold_gain":0.0,"event_name":"Back to Basics","player_choice":"Simplicity","floor":19.0,"gold_loss":0.0,"damage_taken":0.0,"cards_upgraded":["Strike_P","Strike_P","Strike_P","Defend_P","Defend_P","Defend_P","Defend_P"]},{"damage_healed":0.0,"max_hp_gain":0.0,"max_hp_loss":0.0,"gold_gain":0.0,"event_name":"Addict","player_choice":"Obtained Relic","floor":20.0,"gold_loss":85.0,"damage_taken":0.0,"relics_obtained":["The Courier"]},{"damage_healed":0.0,"max_hp_gain":0.0,"max_hp_loss":0.0,"gold_gain":0.0,"event_name":"Ghosts","player_choice":"Ignored","floor":21.0,"gold_loss":0.0,"damage_taken":0.0},{"cards_removed":["Strike_P"],"damage_healed":0,"gold_gain":0,"player_choice":"Removed Attack","damage_taken":0,"max_hp_gain":0,"max_hp_loss":0,"event_name":"Falling","floor":38,"gold_loss":0},{"damage_healed":93,"gold_gain":0,"player_choice":"Heal","damage_taken":0,"max_hp_gain":0,"max_hp_loss":13,"event_name":"The Moai Head","floor":45,"gold_loss":0}],"is_beta":false,"boss_relics":[{"not_picked":["SacredBark","Philosopher\u0027s Stone"],"picked":"Sozu"},{"not_picked":["Fusion Hammer","Snecko Eye"],"picked":"Busted Crown"}],"items_purged_floors":[14],"is_endless":false,"potions_floor_spawned":[4,8,12,13,18,25,28,29,35,36,37,40,47],"ascension_level":8}}