{"host":"zxd2l8an9de7z7b9","time":1614266419,"event":{"mods":["100% Spire Juice","2.2 Compatiblity","AchievementEnabler","BaseMod","CapriCore","Colored Map","Colored Powertips","Marisa£¨Ùöéë¡¡Øª×âÞÞ£©","Minty Spire (QoL Compilation)","Rare Cards Sparkle","StSLib","SuperFastMode","Td1madao Mod","everything is the same but u backflip on backflip"],"gold_per_floor":[109,109,109,34,54,54,79,79,79,79,96,96,110,128,128,233,233,243,143,143,58,70,70,103,103,103,103,121,136,146,146,146,146,146],"floor_reached":33,"language":"KOR","playtime":893,"items_purged":["Strike_B","Zap"],"score":290,"play_id":"1cb90faa-b883-46d9-ad2c-f2ad0faa37e1","local_time":"20210226002019","is_ascension_mode":false,"campfire_choices":[{"data":"Skim","floor":6.0,"key":"SMITH"},{"floor":8.0,"key":"DIG"},{"floor":12.0,"key":"DIG"},{"floor":15.0,"key":"DIG"},{"floor":23.0,"key":"DIG"},{"data":"Hologram","floor":25,"key":"SMITH"},{"floor":27,"key":"DIG"},{"floor":32,"key":"DIG"}],"circlet_count":0,"master_deck":["Defend_B+1","Dualcast","Beam Cell","Skim+1","Turbo","Hologram+1","Skim","Meteor Strike","Tempest+1","Compile Driver+1","Electrodynamics+1","Coolheaded+1","Reboot","Thunder Strike"],"relics":["Cracked Core","NeowsBlessing","Shovel","Unceasing Top","Anchor","CaptainsWheel","Dead Branch","Centennial Puzzle","Astrolabe","Regal Pillow","Cables","War Paint","TungstenRod","Boot","Eternal Feather"],"acts_visited":["Exordium","TheCity"],"potions_floor_usage":[24,24],"damage_taken":[{"damage":0.0,"enemies":"Small Slimes","floor":1.0,"turns":1.0},{"damage":0.0,"enemies":"2 Louse","floor":5.0,"turns":1.0},{"damage":0.0,"enemies":"3 Sentries","floor":7.0,"turns":1.0},{"damage":0.0,"enemies":"Jaw Worm","floor":11.0,"turns":2.0},{"damage":1.0,"enemies":"2 Fungi Beasts","floor":13.0,"turns":3.0},{"damage":0.0,"enemies":"Large Slime","floor":14.0,"turns":7.0},{"damage":47.0,"enemies":"The Guardian","floor":16.0,"turns":9.0},{"damage":0.0,"enemies":"3 Byrds","floor":18.0,"turns":2.0},{"damage":10.0,"enemies":"2 Thieves","floor":22.0,"turns":2.0},{"damage":2,"enemies":"Book of Stabbing","floor":24,"turns":2},{"damage":0,"enemies":"3 Cultists","floor":28,"turns":1},{"damage":4,"enemies":"Shelled Parasite and Fungi","floor":29,"turns":3},{"damage":0,"enemies":"Snake Plant","floor":30,"turns":5},{"damage":5,"enemies":"Collector","floor":33,"turns":4}],"seed_played":"-1807948887697651840","potions_obtained":[{"floor":5.0,"key":"Energy Potion"},{"floor":7.0,"key":"Block Potion"},{"floor":13.0,"key":"Fruit Juice"},{"floor":14.0,"key":"GamblersBrew"},{"floor":22.0,"key":"LiquidBronze"},{"floor":24,"key":"FearPotion"}],"is_trial":false,"path_per_floor":["M","?","?","$","M","R","E","R","T","T","M","R","M","M","R","B",null,"M","$","?","?","M","R","E","R","T","R","M","M","M","?","R","B"],"character_chosen":"DEFECT","items_purchased":[],"campfire_rested":0,"item_purchase_floors":[],"current_hp_per_floor":[75,68,73,73,73,73,73,73,73,73,73,73,77,77,77,30,85,85,85,85,85,75,75,73,73,73,73,73,69,69,69,69,64,64],"gold":146,"neow_bonus":"THREE_ENEMY_KILL","is_daily":false,"chose_seed":false,"campfire_upgraded":2,"win_rate":0.0,"timestamp":1614266419,"path_taken":["M","?","?","$","M","R","E","R","T","?","M","R","M","M","R","BOSS","M","$","?","?","M","R","E","R","T","R","M","?","M","?","R","BOSS"],"items_purchased_type":[],"build_version":"2020-12-22","purchased_purges":2,"victory":false,"max_hp_per_floor":[75,75,80,80,80,80,80,80,80,80,80,80,85,85,85,85,85,85,85,85,85,85,85,85,85,85,85,85,85,85,85,85,85,85],"card_choices":[{"not_picked":["Steam","Barrage"],"picked":"Beam Cell","floor":1.0},{"not_picked":["Blizzard","Defragment"],"picked":"Skim","floor":5.0},{"not_picked":["Redo","Defragment","Go for the Eyes"],"picked":"SKIP","floor":7.0},{"not_picked":["Chaos","Beam Cell"],"picked":"Turbo","floor":11.0},{"not_picked":["Turbo","Melter"],"picked":"Hologram","floor":13.0},{"not_picked":["Rebound","Hologram"],"picked":"Skim","floor":14.0},{"not_picked":["Hyperbeam","Rainbow"],"picked":"Meteor Strike","floor":16.0},{"not_picked":["Stack","Genetic Algorithm","Cold Snap"],"picked":"SKIP","floor":18.0},{"not_picked":["Defragment","Barrage","Stack+1"],"picked":"SKIP","floor":22.0},{"not_picked":["Barrage+1","Beam Cell","Hologram+1"],"picked":"SKIP","floor":24},{"not_picked":["Sunder","White Noise","Hologram"],"picked":"SKIP","floor":28},{"not_picked":["Hyperbeam","Blizzard"],"picked":"Coolheaded+1","floor":29},{"not_picked":["Static Discharge","Rebound","Leap"],"picked":"SKIP","floor":30},{"not_picked":["Static Discharge","Rebound","Leap"],"picked":"SKIP","floor":30}],"player_experience":478585,"relics_obtained":[{"floor":7.0,"key":"Shovel"},{"floor":8.0,"key":"Unceasing Top"},{"floor":9.0,"key":"Anchor"},{"floor":10.0,"key":"CaptainsWheel"},{"floor":12.0,"key":"Dead Branch"},{"floor":15.0,"key":"Centennial Puzzle"},{"floor":23.0,"key":"Cables"},{"floor":24,"key":"War Paint"},{"floor":26,"key":"TungstenRod"},{"floor":27,"key":"Boot"},{"floor":32,"key":"Eternal Feather"}],"event_choices":[{"cards_removed":["Strike_B"],"damage_healed":0.0,"max_hp_gain":0.0,"max_hp_loss":0.0,"gold_gain":0.0,"event_name":"Golden Wing","player_choice":"Card Removal","floor":2.0,"gold_loss":0.0,"damage_taken":7.0},{"damage_healed":0.0,"max_hp_gain":5.0,"max_hp_loss":0.0,"gold_gain":0.0,"event_name":"Big Fish","player_choice":"Donut","floor":3.0,"gold_loss":0.0,"damage_taken":0.0},{"damage_healed":0.0,"max_hp_gain":0.0,"max_hp_loss":0.0,"gold_gain":0.0,"event_name":"The Mausoleum","player_choice":"Ignored","floor":20.0,"gold_loss":0.0,"damage_taken":0.0},{"damage_healed":0.0,"max_hp_gain":0.0,"max_hp_loss":0.0,"gold_gain":0.0,"event_name":"Addict","player_choice":"Obtained Relic","floor":21.0,"gold_loss":85.0,"damage_taken":0.0,"relics_obtained":["Regal Pillow"]},{"damage_healed":0,"gold_gain":0,"cards_transformed":["Defend_B","Defend_B"],"player_choice":"Became Test Subject","damage_taken":0,"max_hp_gain":0,"max_hp_loss":0,"event_name":"Drug Dealer","floor":31,"gold_loss":0,"cards_obtained":["Reboot","Thunder Strike"]}],"is_beta":false,"boss_relics":[{"not_picked":["Runic Dome","Tiny House"],"picked":"Astrolabe"}],"items_purged_floors":[4,19],"is_endless":false,"potions_floor_spawned":[5,7,13,14,22,24],"killed_by":"Collector","ascension_level":0}}