{"host":"7j2n82b2zha9fuyn","time":1614216050,"event":{"mods":["BaseMod","Block Reminder","Minty Spire (QoL Compilation)","StSLib"],"gold_per_floor":[117,131,148,148,223,240,240,268,291,325,393,422,422,433,433,504,504,517,532,549,563,578,608,26,26,26],"floor_reached":25,"language":"ENG","playtime":2430,"items_purged":["Strike_B"],"score":640,"play_id":"1361b645-3b2a-4a9a-a579-1f10ed7de690","local_time":"20210224182050","is_ascension_mode":true,"campfire_choices":[{"data":"Buffer","floor":7.0,"key":"SMITH"},{"data":"Sunder","floor":15,"key":"SMITH"}],"circlet_count":0,"master_deck":["AscendersBane","Strike_B","Strike_B","Defend_B","Defend_B","Defend_B","Defend_B","Zap","Dualcast","Self Repair","Compile Driver","Go for the Eyes","Buffer+1","Sunder+1","Streamline","Echo Form","Cold Snap","Hologram","Beam Cell","Conserve Battery","Leap"],"relics":["Velvet Choker","Dream Catcher","Regal Pillow","Omamori","Oddly Smooth Stone","Nuclear Battery","Girya","Prayer Wheel","Frozen Eye"],"acts_visited":["Exordium","TheCity"],"potions_floor_usage":[8,16,23,25,25],"damage_taken":[{"damage":4.0,"enemies":"Jaw Worm","floor":1.0,"turns":3.0},{"damage":3.0,"enemies":"Small Slimes","floor":2.0,"turns":4.0},{"damage":1.0,"enemies":"Cultist","floor":3.0,"turns":4.0},{"damage":9.0,"enemies":"2 Fungi Beasts","floor":6.0,"turns":4.0},{"damage":0,"enemies":"Lagavulin","floor":8,"turns":6},{"damage":28,"enemies":"Gremlin Nob","floor":10,"turns":5},{"damage":10,"enemies":"3 Sentries","floor":12,"turns":8},{"damage":0,"enemies":"Lots of Slimes","floor":14,"turns":5},{"damage":0,"enemies":"Slime Boss","floor":16,"turns":8},{"damage":11,"enemies":"Spheric Guardian","floor":18,"turns":4},{"damage":21,"enemies":"Shell Parasite","floor":19,"turns":7},{"damage":20,"enemies":"Cultist and Chosen","floor":20,"turns":9},{"damage":15,"enemies":"Shelled Parasite and Fungi","floor":21,"turns":5},{"damage":10,"enemies":"Centurion and Healer","floor":22,"turns":5},{"damage":36,"enemies":"Book of Stabbing","floor":23,"turns":5},{"damage":22,"enemies":"Slavers","floor":25,"turns":3}],"seed_played":"-203497816233771022","potions_obtained":[{"floor":2.0,"key":"BlessingOfTheForge"},{"floor":6.0,"key":"SpeedPotion"},{"floor":10,"key":"BlessingOfTheForge"},{"floor":12,"key":"CultistPotion"},{"floor":20,"key":"DistilledChaos"},{"floor":23,"key":"Fire Potion"}],"is_trial":false,"path_per_floor":["M","M","M","?","?","M","R","E","T","E","?","E","?","M","R","B",null,"M","M","M","M","M","E","$","E"],"character_chosen":"DEFECT","items_purchased":["Prayer Wheel","Frozen Eye"],"campfire_rested":0,"item_purchase_floors":[24,24],"current_hp_per_floor":[60,64,70,70,59,57,57,67,67,46,46,43,43,50,50,57,68,64,57,51,50,47,18,18,0,0],"gold":26,"neow_bonus":"BOSS_RELIC","is_daily":false,"chose_seed":false,"campfire_upgraded":2,"win_rate":0.0,"timestamp":1614216050,"path_taken":["M","M","M","?","?","M","R","E","T","E","?","E","?","M","R","BOSS","M","?","M","M","M","E","$","E"],"items_purchased_type":["Relic","Relic"],"build_version":"2020-12-22","purchased_purges":1,"victory":false,"max_hp_per_floor":[71,71,71,71,71,71,71,71,71,71,71,71,71,71,71,71,71,71,71,71,71,71,71,71,71,71],"card_choices":[{"not_picked":["Hologram","Barrage"],"picked":"Self Repair","floor":1.0},{"not_picked":["Loop","Conserve Battery"],"picked":"Compile Driver","floor":2.0},{"not_picked":["Coolheaded","Rebound"],"picked":"Go for the Eyes","floor":3.0},{"not_picked":["Gash","Go for the Eyes"],"picked":"Buffer","floor":6.0},{"not_picked":["Gash","Steam"],"picked":"Sunder","floor":8},{"not_picked":["Redo","Hello World","Gash"],"picked":"SKIP","floor":10},{"not_picked":["Reprogram","Force Field"],"picked":"Streamline","floor":12},{"not_picked":["Blizzard","Compile Driver","Scrape"],"picked":"SKIP","floor":14},{"not_picked":["Seek","Electrodynamics"],"picked":"Echo Form","floor":16},{"not_picked":["Static Discharge","Turbo"],"picked":"Cold Snap","floor":18},{"not_picked":["Ball Lightning","Streamline"],"picked":"Hologram","floor":19},{"not_picked":["Stack+1","Auto Shields"],"picked":"Beam Cell","floor":20},{"not_picked":["Cold Snap","Thunder Strike"],"picked":"Conserve Battery","floor":21},{"not_picked":["Blizzard","Loop","Tempest"],"picked":"SKIP","floor":22},{"not_picked":["Hello World","Reprogram+1"],"picked":"Leap","floor":23}],"player_experience":2100878,"relics_obtained":[{"floor":8,"key":"Dream Catcher"},{"floor":9,"key":"Regal Pillow"},{"floor":10,"key":"Omamori"},{"floor":12,"key":"Oddly Smooth Stone"},{"floor":23,"key":"Girya"}],"event_choices":[{"damage_healed":0.0,"max_hp_gain":0.0,"max_hp_loss":0.0,"gold_gain":0.0,"event_name":"Liars Game","player_choice":"Ignored","floor":4.0,"gold_loss":0.0,"damage_taken":0.0},{"damage_healed":0.0,"max_hp_gain":0.0,"max_hp_loss":0.0,"gold_gain":75.0,"event_name":"World of Goop","player_choice":"Gather Gold","floor":5.0,"gold_loss":0.0,"damage_taken":11.0},{"damage_healed":0,"gold_gain":68,"player_choice":"Gained Gold","damage_taken":0,"max_hp_gain":0,"max_hp_loss":0,"event_name":"Golden Wing","floor":11,"gold_loss":0},{"cards_removed":["Strike_B"],"damage_healed":0,"gold_gain":0,"player_choice":"Card Removal","damage_taken":0,"max_hp_gain":0,"max_hp_loss":0,"event_name":"Wheel of Change","floor":13,"gold_loss":0}],"is_beta":false,"boss_relics":[{"not_picked":["SacredBark","Tiny House"],"picked":"Nuclear Battery"}],"items_purged_floors":[24],"is_endless":false,"potions_floor_spawned":[2,6,10,12,20,21,22,23],"killed_by":"Slavers","ascension_level":20}}