{"host":"0z0c1uh6fu54dbig","time":1614257996,"event":{"mods":["BaseMod","Colored Map","Hermit","Marisa????????","Minty Spire (QoL Compilation)","StSLib","The Cursed","The Servant 0.9.4"],"gold_per_floor":[368,443,455,5,5,5,40,40,40,83,136,156,156,193,193,345,345,412,430,430,44,44,129,129,195,195,249,316,316,441,181,181,326,326,391,109,146,208,273,356,356,426,451,451,451,451,516,527,527,527],"floor_reached":51,"language":"ENG","playtime":5065,"items_purged":["Decay","MasterSpark"],"score":794,"play_id":"8d2e0890-5df8-423d-b39f-9818962a9ea2","local_time":"20210225235956","is_ascension_mode":false,"campfire_choices":[{"data":"WitchOfGreed","floor":6,"key":"SMITH"},{"data":"FairyDestructionRay","floor":8,"key":"SMITH"},{"data":"DarkMatter","floor":15,"key":"SMITH"},{"data":"AsteroidBelt","floor":24,"key":"SMITH"},{"data":"TreasureHunter","floor":29,"key":"SMITH"},{"data":"MilkyWay","floor":32,"key":"SMITH"},{"data":"SprinkleStarSeal","floor":41,"key":"SMITH"},{"data":"Discovery","floor":46,"key":"SMITH"},{"floor":49,"key":"DIG"}],"circlet_count":0,"master_deck":["Strike_MRS+1","Strike_MRS+1","Strike_MRS+1","Strike_MRS+1","Defend_MRS+1","Defend_MRS+1","Defend_MRS+1","UpSweep","DarkMatter+1","FairyDestructionRay+1","WitchOfGreed+1","RefractionSpark+1","GalacticHalo","AsteroidBelt+1","GravityBeat","EventHorizon+1","WitchOfGreed+1","CasketOfStar+1","EnergyRecoil","6A+1","EnergyFlow+1","DoubleSpark","TreasureHunter+1","MilkyWay+1","Singularity+1","Mayhem+1","CasketOfStar+1","EarthLightRay","SprinkleStarSeal+1","6A+1","IllusionStar+1","AsteroidBelt","BlazeAway+1","GalacticHalo+1","Acceleration","MilkyWay+1","Discovery+1","Mayhem+1","PowerUp","AlicesGift+1","SuperPerseids","Acceleration+1"],"relics":["MiniHakkero","InkBottle","Ornamental Fan","Frozen Egg 2","Philosopher\u0027s Stone","MutagenicStrength","Bottled Tornado","TheAbacus","Orichalcum","Prayer Wheel","Shovel","FossilizedHelix","The Courier","Anchor","HandDrill","Du-Vu Doll","Coffee Dripper","Shuriken","Molten Egg 2","Bird Faced Urn","Centennial Puzzle","AmplifyWand"],"acts_visited":["Exordium","TheCity","TheBeyond"],"potions_floor_usage":[10,11,11,16,16,16,18,18,19,19,25,27,27,28,30,30,33,37,38,39,39,40,40,40,42,42,48,48],"damage_taken":[{"damage":7,"enemies":"Small Slimes","floor":1,"turns":4},{"damage":1,"enemies":"Cultist","floor":3,"turns":4},{"damage":0,"enemies":"2 Louse","floor":7,"turns":2},{"damage":7,"enemies":"Blue Slaver","floor":10,"turns":5},{"damage":2,"enemies":"Gremlin Nob","floor":11,"turns":4},{"damage":0,"enemies":"3 Louse","floor":12,"turns":1},{"damage":2,"enemies":"Looter","floor":14,"turns":3},{"damage":40,"enemies":"The Guardian","floor":16,"turns":13},{"damage":6,"enemies":"3 Byrds","floor":18,"turns":6},{"damage":0,"enemies":"Spheric Guardian","floor":19,"turns":1},{"damage":22,"enemies":"Gremlin Leader","floor":23,"turns":5},{"damage":0,"enemies":"Cultist and Chosen","floor":25,"turns":5},{"damage":6,"enemies":"Book of Stabbing","floor":27,"turns":3},{"damage":15,"enemies":"Centurion and Healer","floor":28,"turns":5},{"damage":0,"enemies":"Colosseum Slavers","floor":30,"turns":3},{"damage":2,"enemies":"Colosseum Nobs","floor":30,"turns":3},{"damage":0,"enemies":"Collector","floor":33,"turns":7},{"damage":6,"enemies":"3 Shapes","floor":35,"turns":3},{"damage":0,"enemies":"3 Darklings","floor":37,"turns":5},{"damage":0,"enemies":"Sphere and 2 Shapes","floor":38,"turns":3},{"damage":8,"enemies":"4 Shapes","floor":39,"turns":3},{"damage":14,"enemies":"Nemesis","floor":40,"turns":5},{"damage":0,"enemies":"Transient","floor":42,"turns":5},{"damage":0,"enemies":"Maw","floor":47,"turns":5},{"damage":0,"enemies":"3 Darklings","floor":48,"turns":2},{"damage":3,"enemies":"Time Eater","floor":50,"turns":5}],"seed_played":"5304979956234634848","potions_obtained":[{"floor":1,"key":"Block Potion"},{"floor":7,"key":"Regen Potion"},{"floor":10,"key":"Strength Potion"},{"floor":11,"key":"SpeedPotion"},{"floor":14,"key":"SpeedPotion"},{"floor":14,"key":"Dexterity Potion"},{"floor":16,"key":"BlessingOfTheForge"},{"floor":16,"key":"Swift Potion"},{"floor":16,"key":"ColorlessPotion"},{"floor":18,"key":"DistilledChaos"},{"floor":18,"key":"Strength Potion"},{"floor":19,"key":"SmokeBomb"},{"floor":23,"key":"BlessingOfTheForge"},{"floor":23,"key":"ColorlessPotion"},{"floor":25,"key":"PowerPotion"},{"floor":27,"key":"ColorlessPotion"},{"floor":28,"key":"AttackPotion"},{"floor":28,"key":"Weak Potion"},{"floor":30,"key":"SpeedPotion"},{"floor":33,"key":"Energy Potion"},{"floor":33,"key":"FearPotion"},{"floor":33,"key":"Strength Potion"},{"floor":37,"key":"Energy Potion"},{"floor":37,"key":"Block Potion"},{"floor":38,"key":"Weak Potion"},{"floor":38,"key":"BlessingOfTheForge"},{"floor":39,"key":"ShroomBrew"},{"floor":39,"key":"Fire Potion"},{"floor":40,"key":"Fire Potion"},{"floor":40,"key":"EssenceOfSteel"},{"floor":40,"key":"Block Potion"},{"floor":42,"key":"LiquidBronze"},{"floor":42,"key":"Swift Potion"},{"floor":47,"key":"Energy Potion"},{"floor":48,"key":"FairyPotion"}],"is_trial":false,"path_per_floor":["M","?","M","$","?","R","M","R","T","M","E","M","?","M","R","B",null,"M","M","?","$","?","E","R","M","T","E","M","R","?","$","R","B",null,"M","$","M","M","M","E","R","M","T","?","?","R","M","M","R","B",null],"character_chosen":"MARISA","items_purchased":["WitchOfGreed","RefractionSpark","InkBottle","Bottled Tornado","TheAbacus","HandDrill","Mayhem+1","Shuriken"],"campfire_rested":0,"item_purchase_floors":[4,4,4,21,21,31,31,36],"current_hp_per_floor":[68,57,56,56,56,56,56,56,56,49,59,59,59,57,57,17,75,69,69,69,69,69,47,47,47,47,41,26,26,24,24,24,24,75,69,69,69,69,61,47,47,65,65,55,55,55,75,75,75,75],"gold":527,"neow_bonus":"TWO_FIFTY_GOLD","is_daily":false,"chose_seed":false,"campfire_upgraded":8,"win_rate":0.0,"timestamp":1614257996,"path_taken":["M","?","M","$","?","R","M","R","T","?","E","M","?","M","R","BOSS","M","M","?","$","?","E","R","M","T","E","M","R","?","$","R","BOSS","M","$","M","M","M","E","R","M","T","?","?","R","M","M","R","BOSS"],"items_purchased_type":["Card","Card","Relic","Relic","Relic","Relic","Card","Relic"],"build_version":"2020-12-22","purchased_purges":2,"victory":true,"max_hp_per_floor":[75,75,75,75,75,75,75,75,75,75,75,75,75,75,75,75,75,75,75,75,75,75,75,75,75,75,75,75,75,75,75,75,75,75,75,75,75,75,75,75,75,75,75,75,75,75,75,75,75,75],"card_choices":[{"not_picked":["UnstableBomb","NonDirectionalLaser"],"picked":"DarkMatter","floor":1},{"not_picked":["NonDirectionalLaser","DoubleSpark"],"picked":"FairyDestructionRay","floor":3},{"not_picked":["ChargeUpSpray","WitchLeyline"],"picked":"GalacticHalo","floor":7},{"not_picked":["MilkyWay","BlazeAway"],"picked":"AsteroidBelt","floor":10},{"not_picked":["DragonMeteor","MeteoricShower"],"picked":"GravityBeat","floor":11},{"not_picked":["DarkSpark","MilkyWay"],"picked":"EventHorizon+1","floor":12},{"not_picked":["IllusionStar","ChargeUpSpray"],"picked":"WitchOfGreed+1","floor":14},{"not_picked":["EscapeVelocity+1","UltimateShortwave"],"picked":"CasketOfStar+1","floor":16},{"not_picked":["DC+1","Singularity+1"],"picked":"EnergyRecoil","floor":18},{"not_picked":["SporeBomb","OneTimeOff+1"],"picked":"6A+1","floor":19},{"not_picked":["LuminesStrike","StarBarrage"],"picked":"EnergyFlow+1","floor":23},{"not_picked":["SporeBomb","OpenUniverse"],"picked":"DoubleSpark","floor":25},{"not_picked":["BlazeAway","JA"],"picked":"TreasureHunter","floor":27},{"not_picked":["6A","DoubleSpark"],"picked":"MilkyWay","floor":28},{"not_picked":["DC","NonDirectionalLaser","ShootingEcho"],"picked":"SKIP","floor":28},{"not_picked":["FinalSpark","ShootTheMoon"],"picked":"Singularity+1","floor":30},{"not_picked":["JA","BigCrunch"],"picked":"CasketOfStar+1","floor":33},{"not_picked":["UnstableBomb","GrandCross"],"picked":"EarthLightRay","floor":35},{"not_picked":["WitchOfGreed+1","DarkSpark"],"picked":"SprinkleStarSeal","floor":35},{"not_picked":["NonDirectionalLaser+1","ShootingEcho"],"picked":"6A+1","floor":37},{"not_picked":["MysteriousBeam","SporeBomb+1"],"picked":"IllusionStar+1","floor":37},{"not_picked":["DoubleSpark+1","WitchLeyline+1"],"picked":"AsteroidBelt","floor":38},{"not_picked":["SporeBomb","IllusionStar+1"],"picked":"BlazeAway+1","floor":38},{"not_picked":["GravityBeat","ShootingEcho+1"],"picked":"GalacticHalo+1","floor":39},{"not_picked":["NonDirectionalLaser","GrandCross","JA"],"picked":"SKIP","floor":39},{"not_picked":["DC+1","BigCrunch"],"picked":"Acceleration","floor":40},{"not_picked":["MysteriousBeam+1","GrandCross+1"],"picked":"MilkyWay+1","floor":42},{"not_picked":["BlazeAway","StarlightTyphoon","ShootTheMoon+1"],"picked":"SKIP","floor":42},{"not_picked":["Impatience","Chrysalis"],"picked":"Discovery","floor":44},{"not_picked":["Trip","Swift Strike+1"],"picked":"Mayhem+1","floor":44},{"not_picked":["ShootingEcho+1","DC+1"],"picked":"PowerUp","floor":47},{"not_picked":["LuminesStrike+1","DarkSpark+1"],"picked":"AlicesGift+1","floor":47},{"not_picked":["MysteriousBeam+1","PulseMagic+1"],"picked":"SuperPerseids","floor":48},{"not_picked":["DoubleSpark+1","StarlightTyphoon"],"picked":"Acceleration+1","floor":48}],"player_experience":216385,"relics_obtained":[{"floor":9,"key":"Ornamental Fan"},{"floor":11,"key":"Frozen Egg 2"},{"floor":23,"key":"Orichalcum"},{"floor":26,"key":"Prayer Wheel"},{"floor":27,"key":"Shovel"},{"floor":30,"key":"FossilizedHelix"},{"floor":30,"key":"The Courier"},{"floor":30,"key":"Anchor"},{"floor":33,"key":"Du-Vu Doll"},{"floor":40,"key":"Molten Egg 2"},{"floor":40,"key":"Bird Faced Urn"},{"floor":43,"key":"Centennial Puzzle"},{"floor":49,"key":"AmplifyWand"}],"event_choices":[{"damage_healed":0,"gold_gain":75,"player_choice":"Gather Gold","damage_taken":11,"max_hp_gain":0,"max_hp_loss":0,"event_name":"World of Goop","floor":2,"gold_loss":0},{"cards_removed":["Defend_MRS"],"damage_healed":0,"gold_gain":0,"player_choice":"Purged","damage_taken":0,"max_hp_gain":0,"max_hp_loss":0,"event_name":"Purifier","floor":5,"gold_loss":0},{"damage_healed":0,"gold_gain":0,"player_choice":"Grow","damage_taken":0,"max_hp_gain":0,"max_hp_loss":0,"event_name":"Living Wall","floor":13,"gold_loss":0,"cards_upgraded":["RefractionSpark"]},{"damage_healed":0,"gold_gain":0,"player_choice":"Inject Mutagens","damage_taken":0,"relics_obtained":["MutagenicStrength"],"max_hp_gain":0,"max_hp_loss":0,"event_name":"Drug Dealer","floor":20,"gold_loss":0},{"damage_healed":0,"gold_gain":0,"player_choice":"Simplicity","damage_taken":0,"max_hp_gain":0,"max_hp_loss":0,"event_name":"Back to Basics","floor":22,"gold_loss":0,"cards_upgraded":["Strike_MRS","Strike_MRS","Strike_MRS","Strike_MRS","Defend_MRS","Defend_MRS","Defend_MRS"]},{"damage_healed":0,"gold_gain":0,"player_choice":"Fight","damage_taken":0,"max_hp_gain":0,"max_hp_loss":0,"event_name":"Colosseum","floor":30,"gold_loss":0},{"damage_healed":0,"gold_gain":0,"player_choice":"Fought Nobs","damage_taken":0,"max_hp_gain":0,"max_hp_loss":0,"event_name":"Colosseum","floor":30,"gold_loss":0},{"damage_healed":0,"gold_gain":0,"player_choice":"Memory 3","damage_taken":10,"max_hp_gain":0,"max_hp_loss":0,"event_name":"SensoryStone","floor":44,"gold_loss":0},{"damage_healed":0,"gold_gain":0,"player_choice":"Ignored","damage_taken":0,"max_hp_gain":0,"max_hp_loss":0,"event_name":"NoteForYourself","floor":45,"gold_loss":0}],"is_beta":false,"boss_relics":[{"not_picked":["Empty Cage","SacredBark"],"picked":"Philosopher\u0027s Stone"},{"not_picked":["Black Star","Runic Pyramid"],"picked":"Coffee Dripper"}],"items_purged_floors":[4,36],"is_endless":false,"potions_floor_spawned":[1,14,16,19,30,30,33,37,40,42,48],"ascension_level":0}}