{"host":"mnpd8gh7cwxsn5kh","time":1614273209,"event":{"mods":["BaseMod","Bestiary","Block Reminder","Colored Map","Colored Powertips","Highlight Path","Minty Spire (QoL Compilation)","Relic Sorter","Relic Stats"],"gold_per_floor":[117,117,129,139,64,97,108,108,108,120,140,175,175,18,18,94,94,104,137,137,61,61,61,76,110,110,110,122,148,159,189,189,267,267,277,302,302,12,234,264,264,276,276,302,350,250,250,250,250,250,250],"floor_reached":52,"language":"ENG","playtime":4892,"items_purged":["Infinite Blades","Grand Finale"],"score":2048,"play_id":"56ae87b4-c5eb-456c-9c18-8ba837956ebc","local_time":"20210225181329","is_ascension_mode":true,"campfire_choices":[{"data":"Neutralize","floor":8.0,"key":"SMITH"},{"data":"Catalyst","floor":13.0,"key":"SMITH"},{"data":"Corpse Explosion","floor":15.0,"key":"SMITH"},{"floor":23.0,"key":"REST"},{"floor":27.0,"key":"REST"},{"data":"Crippling Poison","floor":32.0,"key":"SMITH"},{"data":"Burst","floor":41.0,"key":"SMITH"},{"data":"Footwork","floor":47,"key":"SMITH"},{"data":"Footwork","floor":49,"key":"SMITH"}],"circlet_count":0,"master_deck":["AscendersBane","Strike_G","Defend_G","Defend_G","Defend_G","Defend_G","Defend_G+1","Survivor","Neutralize+1","Dagger Throw","Venomology","Crippling Poison+1","Dash","Poisoned Stab","Leg Sweep","Caltrops","Crippling Poison","Catalyst+1","Corpse Explosion+1","Burst+1","Footwork+1","Escape Plan+1","Flying Knee+1","Blur","Corpse Explosion","Deadly Poison+1","Footwork+1","Secret Technique","PiercingWail","Bouncing Flask+1","Concentrate","Leg Sweep"],"relics":["Ring of the Snake","Snake Skull","Pantograph","White Beast Statue","HornCleat","Runic Pyramid","Red Mask","War Paint","Lantern","Akabeko","Cursed Key","WingedGreaves","TwistedFunnel","Dead Branch","Question Card","Tough Bandages"],"acts_visited":["Exordium","TheCity","TheBeyond"],"potions_floor_usage":[51,51],"damage_taken":[{"damage":0.0,"enemies":"2 Louse","floor":1.0,"turns":5.0},{"damage":2.0,"enemies":"Jaw Worm","floor":3.0,"turns":5.0},{"damage":1.0,"enemies":"Small Slimes","floor":4.0,"turns":4.0},{"damage":8.0,"enemies":"3 Sentries","floor":6.0,"turns":11.0},{"damage":3.0,"enemies":"Blue Slaver","floor":7.0,"turns":5.0},{"damage":1.0,"enemies":"3 Louse","floor":10.0,"turns":3.0},{"damage":0.0,"enemies":"Red Slaver","floor":11.0,"turns":4.0},{"damage":9.0,"enemies":"Lagavulin","floor":12.0,"turns":7.0},{"damage":7.0,"enemies":"Hexaghost","floor":16.0,"turns":7.0},{"damage":8.0,"enemies":"2 Thieves","floor":18.0,"turns":3.0},{"damage":18.0,"enemies":"Masked Bandits","floor":19.0,"turns":6.0},{"damage":0.0,"enemies":"Chosen","floor":24.0,"turns":5.0},{"damage":41.0,"enemies":"Slavers","floor":25.0,"turns":5.0},{"damage":0.0,"enemies":"3 Cultists","floor":28.0,"turns":2.0},{"damage":3.0,"enemies":"Book of Stabbing","floor":29.0,"turns":4.0},{"damage":0.0,"enemies":"Snake Plant","floor":30.0,"turns":5.0},{"damage":10.0,"enemies":"Gremlin Leader","floor":31.0,"turns":6.0},{"damage":23.0,"enemies":"Automaton","floor":33.0,"turns":10.0},{"damage":0.0,"enemies":"3 Darklings","floor":35.0,"turns":2.0},{"damage":0.0,"enemies":"Mind Bloom Boss Battle","floor":36.0,"turns":4.0},{"damage":0.0,"enemies":"Nemesis","floor":40.0,"turns":5.0},{"damage":0.0,"enemies":"3 Shapes","floor":42.0,"turns":3.0},{"damage":4.0,"enemies":"Reptomancer","floor":44.0,"turns":4.0},{"damage":5.0,"enemies":"2 Orb Walkers","floor":45.0,"turns":2.0},{"damage":0,"enemies":"Time Eater","floor":50,"turns":4},{"damage":18,"enemies":"Donu and Deca","floor":51,"turns":2}],"seed_played":"2495436979457229484","potions_obtained":[{"floor":3.0,"key":"Poison Potion"},{"floor":10.0,"key":"PowerPotion"},{"floor":12.0,"key":"Explosive Potion"},{"floor":19.0,"key":"Regen Potion"},{"floor":24.0,"key":"FearPotion"},{"floor":25.0,"key":"CunningPotion"},{"floor":28.0,"key":"DuplicationPotion"},{"floor":29.0,"key":"SmokeBomb"},{"floor":30.0,"key":"Energy Potion"},{"floor":31.0,"key":"SteroidPotion"},{"floor":33.0,"key":"Explosive Potion"},{"floor":35.0,"key":"EntropicBrew"},{"floor":36.0,"key":"EssenceOfSteel"},{"floor":40.0,"key":"GamblersBrew"},{"floor":44.0,"key":"SteroidPotion"},{"floor":45.0,"key":"PowerPotion"}],"is_trial":false,"path_per_floor":["M","?","M","M","?","E","M","R","T","M","M","E","R","$","R","B",null,"M","?","?","$","?","R","M","E","T","R","M","E","M","E","R","B",null,"M","?","?","$","?","E","R","M","T","E","?","$","R","?","R","B","B",null],"character_chosen":"THE_SILENT","items_purchased":["Corpse Explosion","Escape Plan","TwistedFunnel","PiercingWail"],"campfire_rested":2,"item_purchase_floors":[14,21,38,38],"current_hp_per_floor":[59,59,57,56,56,48,45,45,45,44,44,35,35,35,35,53,63,55,37,37,37,37,56,56,30,30,49,49,46,46,36,36,38,59,59,66,66,66,66,66,66,66,66,62,57,57,57,57,57,66,48],"gold":250,"neow_bonus":"RANDOM_COMMON_RELIC","is_daily":false,"chose_seed":false,"campfire_upgraded":7,"win_rate":0.0,"timestamp":1614273209,"path_taken":["M","?","M","M","?","E","M","R","T","M","?","E","R","$","R","BOSS","M","?","?","$","?","R","M","E","T","R","M","E","M","E","R","BOSS","M","?","?","$","?","E","R","M","T","E","?","$","R","?","R","BOSS","BOSS"],"items_purchased_type":["Card","Card","Relic","Card"],"build_version":"2020-12-22","purchased_purges":2,"victory":true,"max_hp_per_floor":[66,66,66,66,66,66,66,66,66,66,66,66,66,66,66,66,66,66,66,66,66,66,66,66,66,66,66,66,66,66,66,66,66,66,66,66,66,66,66,66,66,66,66,66,66,66,66,66,66,66,66],"relic_stats":{"Tough Bandages":[15],"counters":[26,123],"Pantograph":66,"Dead Branch":[20],"Snake Skull":[150],"War Paint":["Defend_G","Escape Plan"],"Cursed Key":0,"Question Card":1,"obtain_stats":[{"TwistedFunnel":38,"Lantern":29,"Dead Branch":40,"Snake Skull":0,"War Paint":25,"Cursed Key":34,"Question Card":44,"White Beast Statue":9,"Akabeko":31,"Tough Bandages":45,"HornCleat":12,"Pantograph":6,"WingedGreaves":36,"Red Mask":19,"Ring of the Snake":0,"Runic Pyramid":17},{"TwistedFunnel":20,"Lantern":15,"Dead Branch":21,"Snake Skull":0,"War Paint":13,"Cursed Key":18,"Question Card":23,"White Beast Statue":5,"Akabeko":17,"Tough Bandages":24,"HornCleat":8,"Pantograph":4,"WingedGreaves":20,"Red Mask":11,"Ring of the Snake":0,"Runic Pyramid":9},{"TwistedFunnel":103,"Lantern":76,"Dead Branch":108,"Snake Skull":0,"War Paint":70,"Cursed Key":97,"Question Card":115,"White Beast Statue":30,"Akabeko":87,"Tough Bandages":117,"HornCleat":44,"Pantograph":25,"WingedGreaves":103,"Red Mask":60,"Ring of the Snake":0,"Runic Pyramid":51}],"Ring of the Snake":[52]},"card_choices":[{"not_picked":["Backflip","Prepared"],"picked":"Dagger Throw","floor":1.0},{"not_picked":["PiercingWail","Tactician"],"picked":"Crippling Poison","floor":3.0},{"not_picked":["Catalyst","Finisher"],"picked":"Dash","floor":4.0},{"not_picked":["Accuracy","Deflect"],"picked":"Poisoned Stab","floor":6.0},{"not_picked":["Poisoned Stab","Flechettes"],"picked":"Leg Sweep","floor":7.0},{"not_picked":["Slice","Acrobatics"],"picked":"Caltrops","floor":10.0},{"not_picked":["Setup","Heel Hook"],"picked":"Crippling Poison","floor":11.0},{"not_picked":["Deflect","Terror"],"picked":"Catalyst","floor":12.0},{"not_picked":["After Image","Storm of Steel"],"picked":"Burst","floor":16.0},{"not_picked":["Choke","Outmaneuver","All Out Attack"],"picked":"SKIP","floor":18.0},{"not_picked":["Flechettes","Cloak And Dagger"],"picked":"Footwork","floor":19.0},{"not_picked":["Acrobatics","Reflex","Underhanded Strike"],"picked":"SKIP","floor":24.0},{"not_picked":["Quick Slash","Predator"],"picked":"Flying Knee+1","floor":25.0},{"not_picked":["Finisher+1","Dodge and Roll"],"picked":"Blur","floor":28.0},{"not_picked":["Dagger Throw+1","Storm of Steel","Infinite Blades"],"picked":"SKIP","floor":29.0},{"not_picked":["Blade Dance","Sucker Punch","Tactician+1"],"picked":"SKIP","floor":30.0},{"not_picked":["Die Die Die","Dodge and Roll","Dagger Throw"],"picked":"SKIP","floor":31.0},{"not_picked":["After Image","Grand Finale"],"picked":"Corpse Explosion","floor":33.0},{"not_picked":["Dagger Throw+1","Terror+1"],"picked":"Deadly Poison+1","floor":35.0},{"not_picked":["Acrobatics","Deflect"],"picked":"Footwork","floor":36.0},{"not_picked":["Panacea","Magnetism"],"picked":"Secret Technique","floor":37.0},{"not_picked":["Cloak And Dagger","Infinite Blades+1","Underhanded Strike"],"picked":"SKIP","floor":40.0},{"not_picked":["Cloak And Dagger","Infinite Blades+1","Underhanded Strike"],"picked":"SKIP","floor":40.0},{"not_picked":["Outmaneuver+1","Reflex+1"],"picked":"Bouncing Flask+1","floor":42.0},{"not_picked":["Setup","Heel Hook+1"],"picked":"Concentrate","floor":44.0},{"not_picked":["Finisher","Concentrate","Distraction+1"],"picked":"Leg Sweep","floor":45.0}],"player_experience":712074,"relics_obtained":[{"floor":6.0,"key":"Pantograph"},{"floor":9.0,"key":"White Beast Statue"},{"floor":12.0,"key":"HornCleat"},{"floor":19.0,"key":"Red Mask"},{"floor":25.0,"key":"War Paint"},{"floor":29.0,"key":"Lantern"},{"floor":31.0,"key":"Akabeko"},{"floor":36.0,"key":"WingedGreaves"},{"floor":40.0,"key":"Dead Branch"},{"floor":44.0,"key":"Question Card"},{"floor":45.0,"key":"Tough Bandages"}],"event_choices":[{"damage_healed":0.0,"max_hp_gain":0.0,"max_hp_loss":0.0,"gold_gain":0.0,"cards_transformed":["Strike_G"],"event_name":"Living Wall","player_choice":"Change","floor":2.0,"gold_loss":0.0,"damage_taken":0.0,"cards_obtained":["Venomology"]},{"cards_removed":["Strike_G"],"damage_healed":0.0,"max_hp_gain":0.0,"max_hp_loss":0.0,"gold_gain":0.0,"event_name":"The Cleric","player_choice":"Card Removal","floor":5.0,"gold_loss":75.0,"damage_taken":0.0},{"damage_healed":0.0,"max_hp_gain":0.0,"max_hp_loss":0.0,"gold_gain":0.0,"event_name":"Masked Bandits","player_choice":"Fought Bandits","floor":19.0,"gold_loss":0.0,"damage_taken":0.0},{"damage_healed":0.0,"max_hp_gain":0.0,"max_hp_loss":0.0,"gold_gain":0.0,"event_name":"Beggar","player_choice":"Ignored","floor":20.0,"gold_loss":0.0,"damage_taken":0.0},{"damage_healed":0.0,"max_hp_gain":0.0,"max_hp_loss":0.0,"gold_gain":0.0,"cards_transformed":["Strike_G","Strike_G"],"event_name":"Drug Dealer","player_choice":"Became Test Subject","floor":22.0,"gold_loss":0.0,"damage_taken":0.0,"cards_obtained":["Grand Finale","Infinite Blades"]},{"damage_healed":0.0,"max_hp_gain":0.0,"max_hp_loss":0.0,"gold_gain":0.0,"event_name":"MindBloom","player_choice":"Fight","floor":36.0,"gold_loss":0.0,"damage_taken":0.0},{"damage_healed":0.0,"max_hp_gain":0.0,"max_hp_loss":0.0,"gold_gain":0.0,"event_name":"SensoryStone","player_choice":"Memory 1","floor":37.0,"gold_loss":0.0,"damage_taken":0.0},{"damage_healed":0.0,"max_hp_gain":0.0,"max_hp_loss":0.0,"gold_gain":222.0,"event_name":"Tomb of Lord Red Mask","player_choice":"Wore Mask","floor":39.0,"gold_loss":0.0,"damage_taken":0.0},{"damage_healed":0.0,"max_hp_gain":0.0,"max_hp_loss":0.0,"gold_gain":0.0,"event_name":"Mysterious Sphere","player_choice":"Fight","floor":45.0,"gold_loss":0.0,"damage_taken":0.0},{"damage_healed":0,"gold_gain":0,"player_choice":"0 cards matched","damage_taken":0,"max_hp_gain":0,"max_hp_loss":0,"event_name":"Match and Keep!","floor":48,"gold_loss":0,"cards_obtained":[]}],"is_beta":false,"boss_relics":[{"not_picked":["Pandora\u0027s Box","Tiny House"],"picked":"Runic Pyramid"},{"not_picked":["Fusion Hammer","Empty Cage"],"picked":"Cursed Key"}],"items_purged_floors":[38,46],"is_endless":false,"potions_floor_spawned":[3,4,10,11,12,16,18,19,24,25,28,29,30,31,33,35,36,40,42,44,45],"ascension_level":20}}