{"host":"0iey8v53xvwqxh5z","time":1614224174,"event":{"mods":["BaseMod","BetterRewards","Hubris","Minty Spire (QoL Compilation)","Relic Stats","Replay The Spire","Shop Mod","StSLib"],"gold_per_floor":[119,119,44,59,74,105,122,122,122,156,179,179,198,212,212,317,317,346,358,372,389,406,406,427,427,452,481,507,52,88,108,108,108,108],"floor_reached":33,"language":"ENG","playtime":1397,"items_purged":["Strike_R","Perfected Strike"],"score":388,"play_id":"1ead6417-1805-4f9c-9710-37734cbb8021","local_time":"20210224223614","is_ascension_mode":true,"campfire_choices":[{"data":"1","floor":12.0,"key":"LIFT"},{"data":"2","floor":15.0,"key":"LIFT"},{"data":"3","floor":23,"key":"LIFT"},{"data":"Eclipse","floor":25,"key":"SMITH"},{"floor":32,"key":"REST"}],"circlet_count":0,"master_deck":["Strike_R","Strike_R","Strike_R","Strike_R","Defend_R","Defend_R","Defend_R","Defend_R","Bash","Pommel Strike","Cleave","Carnage","Disarm","Twin Strike","Anger","Replay:Many Hands","hubris:ReadiedAction+1","Eclipse+1","Battle Trance","Headbutt","Eclipse+1","Flame Barrier","Shrug It Off"],"relics":["Runic Dome","Vajra","Girya","CeramicFish","hubris:VirtuousBlindfold","hubris:ToyBattleship","ReplayTheSpireMod:TigerMarble","DollysMirror","Bottled Lightning"],"acts_visited":["Exordium","TheCity"],"potions_floor_usage":[18,19,30],"damage_taken":[{"damage":0.0,"enemies":"2 Louse","floor":1.0,"turns":2.0},{"damage":0.0,"enemies":"Jaw Worm","floor":4.0,"turns":3.0},{"damage":0.0,"enemies":"Cultist","floor":5.0,"turns":2.0},{"damage":3.0,"enemies":"Replay:BlueRogue","floor":6.0,"turns":4.0},{"damage":0.0,"enemies":"Gremlin Gang","floor":7.0,"turns":3.0},{"damage":20.0,"enemies":"3 Sentries","floor":10.0,"turns":6.0},{"damage":0.0,"enemies":"Large Slime","floor":11.0,"turns":4.0},{"damage":24.0,"enemies":"Lots of Slimes","floor":13.0,"turns":3.0},{"damage":0.0,"enemies":"Gremlin Gang","floor":14.0,"turns":2.0},{"damage":0.0,"enemies":"Slime Boss","floor":16.0,"turns":5.0},{"damage":6,"enemies":"Spheric Guardian","floor":18,"turns":3},{"damage":6,"enemies":"2 Thieves","floor":19,"turns":2},{"damage":8,"enemies":"Chosen and Byrds","floor":20,"turns":3},{"damage":6,"enemies":"3 Cultists","floor":21,"turns":4},{"damage":8,"enemies":"Cultist and Chosen","floor":22,"turns":4},{"damage":19,"enemies":"Snake Plant","floor":24,"turns":2},{"damage":2,"enemies":"Chosen and Byrds","floor":27,"turns":3},{"damage":6,"enemies":"3 Cultists","floor":28,"turns":4},{"damage":7,"enemies":"Gremlin Leader","floor":30,"turns":3},{"damage":0,"enemies":"Centurion and Healer","floor":31,"turns":2},{"damage":51,"enemies":"Collector","floor":33,"turns":3}],"seed_played":"-1071829201008121802","potions_obtained":[{"floor":1.0,"key":"SkillPotion"},{"floor":4.0,"key":"AttackPotion"},{"floor":11.0,"key":"Toxic Potion"},{"floor":13.0,"key":"SkillPotion"},{"floor":16,"key":"SteroidPotion"},{"floor":24,"key":"Dexterity Potion"},{"floor":28,"key":"Elixir"},{"floor":30,"key":"Reflective Coating"}],"is_trial":false,"path_per_floor":["M","?","$","M","M","E","M","?","T","E","M","R","M","M","R","B",null,"M","M","M","M","M","R","M","R","T","M","M","$","E","M","R","B"],"character_chosen":"IRONCLAD","items_purchased":["ReplayTheSpireMod:TigerMarble","DollysMirror","Flame Barrier"],"campfire_rested":1,"item_purchase_floors":[29,29,29],"current_hp_per_floor":[80,85,85,85,85,82,82,82,82,62,62,62,38,38,38,38,85,79,73,65,59,51,51,32,32,32,30,24,24,17,17,42,0,0],"gold":108,"neow_bonus":"BOSS_RELIC","is_daily":false,"chose_seed":false,"campfire_upgraded":1,"win_rate":0.0,"timestamp":1614224174,"path_taken":["M","?","$","M","M","E","M","?","T","E","?","R","M","M","R","BOSS","BOSS","M","M","?","M","M","R","M","R","T","M","?","$","E","M","R","BOSS"],"items_purchased_type":["Relic","Relic","Card"],"build_version":"2020-12-22","purchased_purges":2,"victory":false,"max_hp_per_floor":[80,85,85,85,85,85,85,85,85,85,85,85,85,85,85,85,85,85,85,85,85,85,85,85,85,85,85,85,85,85,85,85,85,85],"relic_stats":{"counters":[51,199],"CeramicFish":99,"obtain_stats":[{"ReplayFunnel":21,"Golden Egg":45,"Regal Pillow":44,"hubris:CrystalStatue":9,"CeramicFish":10,"Vajra":6,"hubris:VirtuousBlindfold":17,"Blue Doll":32,"Whetstone":20,"Replay:Mystery Machine":37,"Pet Ghost":11,"Replay:Wanted Poster":34,"Shovel":0,"hubris:Icosahedron":4,"HornCleat":23,"DollysMirror":29,"Gambling Chip":47,"Strawberry":54,"Iron Hammer":13,"Kunai":52,"Replay:Bottled Eggs":43,"Replay:Drink Me":17,"Potion Belt":40,"Girya":9,"Lee\u0027s Waffle":45,"Frozen Egg 2":48,"Runic Dome":0,"Replay:Baseball":15,"Pondfish Scales":27,"Anchor":45,"Orrery":38,"ReplayTheSpireMod:TigerMarble":0,"Snack Pack":6,"Garlic":30,"hubris:ToyBattleship":26,"Bottled Lightning":30,"PureWater":0,"ReplayTheSpireMod:Lightbulb":53},{"ReplayFunnel":12,"Golden Egg":25,"Regal Pillow":25,"hubris:CrystalStatue":5,"CeramicFish":36,"Vajra":34,"hubris:VirtuousBlindfold":40,"Blue Doll":17,"Whetstone":12,"Replay:Mystery Machine":20,"Pet Ghost":6,"Replay:Wanted Poster":18,"Shovel":0,"hubris:Icosahedron":2,"HornCleat":13,"DollysMirror":48,"Gambling Chip":26,"Strawberry":29,"Iron Hammer":8,"Kunai":28,"Replay:Bottled Eggs":24,"Replay:Drink Me":10,"Potion Belt":22,"Girya":35,"Lee\u0027s Waffle":25,"Frozen Egg 2":27,"Runic Dome":30,"Replay:Baseball":9,"Pondfish Scales":15,"Anchor":25,"Orrery":20,"ReplayTheSpireMod:TigerMarble":0,"Snack Pack":4,"Garlic":16,"hubris:ToyBattleship":46,"Bottled Lightning":49,"PureWater":0,"ReplayTheSpireMod:Lightbulb":28},{"ReplayFunnel":40,"Golden Egg":101,"Regal Pillow":101,"hubris:CrystalStatue":14,"CeramicFish":152,"Vajra":143,"hubris:VirtuousBlindfold":166,"Blue Doll":59,"Whetstone":40,"Replay:Mystery Machine":73,"Pet Ghost":21,"Replay:Wanted Poster":65,"Shovel":0,"hubris:Icosahedron":4,"HornCleat":43,"DollysMirror":191,"Gambling Chip":105,"Strawberry":124,"Iron Hammer":27,"Kunai":119,"Replay:Bottled Eggs":95,"Replay:Drink Me":35,"Potion Belt":86,"Girya":146,"Lee\u0027s Waffle":101,"Frozen Egg 2":110,"Runic Dome":132,"Replay:Baseball":29,"Pondfish Scales":51,"Anchor":101,"Orrery":73,"ReplayTheSpireMod:TigerMarble":0,"Snack Pack":12,"Garlic":55,"hubris:ToyBattleship":184,"Bottled Lightning":194,"PureWater":0,"ReplayTheSpireMod:Lightbulb":119}]},"card_choices":[{"not_picked":["Dual Wield","Bloodletting"],"picked":"Pommel Strike","floor":1.0},{"not_picked":["Clothesline","True Grit"],"picked":"Cleave","floor":4.0},{"not_picked":["Bloodletting","Anger"],"picked":"Carnage","floor":5.0},{"not_picked":["Cleave","Havoc","Armaments"],"picked":"SKIP","floor":6.0},{"not_picked":["Headbutt","hubris:ReadiedAction"],"picked":"Perfected Strike","floor":7.0},{"not_picked":["Reckless Charge","Cleave"],"picked":"Disarm","floor":10.0},{"not_picked":["Clash","Exhume"],"picked":"Twin Strike","floor":11.0},{"not_picked":["Wild Strike","Run Through"],"picked":"Anger","floor":13.0},{"not_picked":["Clothesline","ReplayTheSpireMod:Strike From Hell","Clash"],"picked":"SKIP","floor":14.0},{"not_picked":["Fiend Fire","Exhume"],"picked":"Replay:Many Hands","floor":16},{"not_picked":["Entrench","Abandon"],"picked":"hubris:ReadiedAction+1","floor":18},{"not_picked":["Anger","Reckless Charge+1","Flex"],"picked":"SKIP","floor":19},{"not_picked":["Anger","Flex","Pommel Strike"],"picked":"SKIP","floor":20},{"not_picked":["Sword Boomerang","Replay:Undeath\u0027s Touch","Run Through"],"picked":"SKIP","floor":21},{"not_picked":["Replay:Undeath\u0027s Touch","hubris:CleavingFinish","Clash+1"],"picked":"SKIP","floor":22},{"not_picked":["Dual Wield","Replay:Undeath\u0027s Touch"],"picked":"Eclipse","floor":24},{"not_picked":["Entrench+1","Headbutt"],"picked":"Battle Trance","floor":27},{"not_picked":["Armaments","Flex"],"picked":"Headbutt","floor":28},{"not_picked":["Defy Death+1","Abandon"],"picked":"Shrug It Off","floor":30},{"not_picked":["Searing Blow","Headbutt+1","ReplayTheSpireMod:LeadingStrike+1"],"picked":"SKIP","floor":31}],"player_experience":75567,"relics_obtained":[{"floor":6.0,"key":"Vajra"},{"floor":9.0,"key":"Girya"},{"floor":10.0,"key":"CeramicFish"},{"floor":26,"key":"hubris:ToyBattleship"},{"floor":30,"key":"Bottled Lightning"}],"event_choices":[{"damage_healed":0.0,"max_hp_gain":5.0,"max_hp_loss":0.0,"gold_gain":0.0,"event_name":"Big Fish","player_choice":"Donut","floor":2.0,"gold_loss":0.0,"damage_taken":0.0},{"damage_healed":0.0,"max_hp_gain":0.0,"max_hp_loss":0.0,"gold_gain":0.0,"event_name":"The Cleric","player_choice":"Leave","floor":8.0,"gold_loss":0.0,"damage_taken":0.0}],"is_beta":false,"boss_relics":[{"not_picked":["Replay:Bronze Core","Astrolabe"],"picked":"hubris:VirtuousBlindfold"}],"items_purged_floors":[3,29],"is_endless":false,"potions_floor_spawned":[1,4,11,13,16,24,28,30],"killed_by":"Collector","ascension_level":3}}