{"host":"5tnftuc8o0gay6lt","time":1614247931,"event":{"mods":["BaseMod","BetterRewards","Conspire","Marisa£®ÏF”Í°°ƒß¿Ì…≥£©","Minty Spire (QoL Compilation)","Permanent Neow","Relic Filter Mod","Spicy Shops","StSLib","Yuri Mod","°æ“≈ŒÔø®≈∆°øREMEMod"],"gold_per_floor":[116,191,191,211,211,211,27,52,52,227,227,256,256,269,269,371,371,384,309,309,106,119,119,119,147,147,147,147,97,115,140,140,239,239,258,273,12,0,19,19,38,70,70,70,90,122,122,122,122,122],"floor_reached":51,"language":"ZHS","playtime":5914,"items_purged":["yuri:yuriStrike","yuri:yuriDefend","yuri:JumpScare","yuri:yuriDefend"],"score":872,"play_id":"fff66893-8901-43ed-b4b0-5cfa6dc1c9ac","local_time":"20210225181211","is_ascension_mode":false,"campfire_choices":[{"data":"yuri:HeavierStrike","floor":6,"key":"SMITH"},{"data":"yuri:SelfHarm","floor":11,"key":"SMITH"},{"data":"yuri:Stalk","floor":13,"key":"SMITH"},{"data":"yuri:yuriStab","floor":15,"key":"SMITH"},{"data":"yuri:DeepBreathing","floor":23,"key":"SMITH"},{"data":"yuri:ThrowingKnives","floor":27,"key":"SMITH"},{"data":"yuri:BookPurple","floor":32,"key":"SMITH"},{"data":"yuri:Oolong","floor":40,"key":"SMITH"},{"data":"yuri:MirrorInsanity","floor":47,"key":"SMITH"},{"data":"yuri:Skip","floor":49,"key":"SMITH"}],"circlet_count":0,"master_deck":["yuri:yuriDefend","yuri:Oolong+1","yuri:yuriStab+1","yuri:BookPurple+1","yuri:HeavierStrike+1","yuri:SelfHarm+1","yuri:Skip+1","yuri:RecklessStrike","yuri:DebugCard","yuri:ThrowingKnives+1","yuri:Stalk+1","yuri:DragonForm","yuri:BookPurple+1","yuri:DeepBreathing+1","Bite+1","Bite","Bite","Bite","Bite","yuri:ReloadGame","yuri:BookPurple+1","yuri:BookRed+1","yuri:Torment","yuri:BookRed+1","yuri:WickedSlash","yuri:GhostForm+1","yuri:MirrorInsanity+1"],"relics":["yuri:yuriKnife","REME_ComplimentaryCards","Omamori","Matryoshka","Lantern","Ice Cream","PreservedInsect","Blue Candle","Smiling Mask","yuri:BookOfBooks","Bag of Marbles","Oddly Smooth Stone","Frozen Egg 2","Mercury Hourglass","Happy Flower","REME_ChargedStone","conspire:TopHat","Red Mask","Unceasing Top","InkBottle","yuri:PortableGlitches"],"acts_visited":["Exordium","TheCity","TheBeyond"],"potions_floor_usage":[8,42],"damage_taken":[{"damage":1,"enemies":"2 Louse","floor":1,"turns":2},{"damage":7,"enemies":"conspire:RoseBush","floor":4,"turns":1},{"damage":20,"enemies":"Lagavulin","floor":8,"turns":3},{"damage":12,"enemies":"Gremlin Nob","floor":12,"turns":2},{"damage":10,"enemies":"Small Slimes","floor":14,"turns":2},{"damage":31,"enemies":"Hexaghost","floor":16,"turns":4},{"damage":23,"enemies":"conspire:FuzzyDice","floor":18,"turns":3},{"damage":3,"enemies":"Shell Parasite","floor":22,"turns":1},{"damage":13,"enemies":"conspire:Head Lice","floor":25,"turns":3},{"damage":6,"enemies":"Snake Plant","floor":30,"turns":1},{"damage":7,"enemies":"REME_1_Revenger","floor":31,"turns":2},{"damage":34,"enemies":"conspire:MysteriousRune","floor":33,"turns":5},{"damage":20,"enemies":"3 Darklings","floor":35,"turns":4},{"damage":11,"enemies":"3 Shapes","floor":36,"turns":3},{"damage":13,"enemies":"Jaw Worm Horde","floor":39,"turns":3},{"damage":17,"enemies":"Sphere and 2 Shapes","floor":41,"turns":2},{"damage":45,"enemies":"Nemesis","floor":42,"turns":3},{"damage":14,"enemies":"Writhing Mass","floor":45,"turns":2},{"damage":5,"enemies":"Giant Head","floor":46,"turns":5},{"damage":22,"enemies":"Time Eater","floor":50,"turns":4}],"seed_played":"-1967487676226458809","potions_obtained":[{"floor":4,"key":"Regen Potion"},{"floor":12,"key":"Fire Potion"},{"floor":14,"key":"FearPotion"},{"floor":16,"key":"Strength Potion"}],"is_trial":false,"path_per_floor":["M","?","?","M","?","R","$","E","T","?","R","E","R","M","R","B",null,"M","?","?","$","M","R","?","E","T","R","?","$","M","E","R","B",null,"M","M","$","?","M","R","M","E","T","?","M","E","R","?","R","B",null],"character_chosen":"YURI","items_purchased":["yuri:BookPurple","yuri:HeavierStrike","yuri:SelfHarm","Omamori","Matryoshka","yuri:Skip","yuri:DebugCard","yuri:ThrowingKnives","Lantern","Bag of Marbles","yuri:BookRed+1","yuri:WickedSlash","conspire:TopHat"],"campfire_rested":0,"item_purchase_floors":[0,0,0,0,0,0,7,7,7,21,37,37,37],"current_hp_per_floor":[59,48,74,67,67,67,67,52,52,52,52,44,44,38,38,11,80,61,61,56,56,55,55,55,53,53,53,53,53,53,54,54,34,56,56,51,51,51,47,47,41,14,14,14,10,45,45,45,45,54],"gold":122,"neow_bonus":"","is_daily":false,"chose_seed":false,"campfire_upgraded":10,"win_rate":0.0,"timestamp":1614247931,"path_taken":["M","?","?","M","?","R","$","E","T","?","R","E","R","M","R","BOSS","M","?","?","?","M","R","?","E","T","R","?","$","M","E","R","BOSS","M","M","$","?","M","R","M","E","T","?","?","E","R","?","R","BOSS"],"items_purchased_type":["Card","Card","Card","Relic","Relic","Card","Card","Card","Relic","Relic","Card","Card","Relic"],"build_version":"2020-12-22","purchased_purges":4,"victory":true,"max_hp_per_floor":[80,80,80,80,80,80,80,80,80,80,80,80,80,80,80,80,80,80,80,56,56,56,56,56,56,56,56,56,56,56,56,56,56,56,56,56,56,56,56,56,56,56,56,56,56,54,54,54,54,54],"card_choices":[{"not_picked":["yuri:CalmingAura","yuri:AdaptiveAI"],"picked":"yuri:RecklessStrike","floor":1},{"not_picked":["yuri:BrokenCode","yuri:ThrowingKnives","yuri:ThrowBook"],"picked":"SKIP","floor":4},{"not_picked":["yuri:BrokenCode","yuri:ThornRemove"],"picked":"yuri:Stalk","floor":8},{"not_picked":["yuri:BrokenCode","yuri:AdaptiveAI","yuri:yuriQuickStrike"],"picked":"SKIP","floor":12},{"not_picked":["yuri:Skip","yuri:BookGreen","yuri:StealPen"],"picked":"SKIP","floor":14},{"not_picked":["yuri:RemoveSafetyChecks","yuri:MagneticKnives"],"picked":"yuri:DragonForm","floor":16},{"not_picked":["yuri:BookRed+1","yuri:BookGreen+1","yuri:BookBlue+1"],"picked":"yuri:BookPurple+1","floor":17},{"not_picked":["yuri:TeaSet","yuri:SelfHarm","yuri:UntestedCode"],"picked":"SKIP","floor":18},{"not_picked":["yuri:ThrowingKnives","yuri:MPose","yuri:DejaVu"],"picked":"SKIP","floor":22},{"not_picked":["yuri:DejaVu+1","yuri:ThrowBook","yuri:RecklessStrike"],"picked":"SKIP","floor":25},{"not_picked":["yuri:AdaptiveAI+1","yuri:GlitchRemove+1","yuri:yuriQuickStrike"],"picked":"SKIP","floor":30},{"not_picked":["yuri:RecklessStrike","yuri:Torment"],"picked":"yuri:BookRed+1","floor":31},{"not_picked":["yuri:BlackTea","yuri:GhostForm+1"],"picked":"yuri:Torment","floor":33},{"not_picked":["yuri:Parry+1","yuri:CalmingAura","yuri:DejaVu+1"],"picked":"SKIP","floor":35},{"not_picked":["yuri:UntestedCode+1","yuri:DebugCard","yuri:WickedSlash"],"picked":"SKIP","floor":36},{"not_picked":["yuri:TeaSet+1","yuri:Stare","yuri:TPose+1"],"picked":"SKIP","floor":39},{"not_picked":["yuri:SeeingDouble+1","yuri:NerfBat+1","yuri:HeavierStrike+1"],"picked":"SKIP","floor":41},{"not_picked":["yuri:ThrowingKnives+1","yuri:TPose"],"picked":"yuri:GhostForm+1","floor":42},{"not_picked":["yuri:Stalk","yuri:Spin+1","yuri:DejaVu"],"picked":"SKIP","floor":45},{"not_picked":["yuri:CalmingAura+1","yuri:DebugCard"],"picked":"yuri:MirrorInsanity","floor":46}],"player_experience":598616,"relics_obtained":[{"floor":8,"key":"Ice Cream"},{"floor":9,"key":"PreservedInsect"},{"floor":9,"key":"Blue Candle"},{"floor":12,"key":"Smiling Mask"},{"floor":25,"key":"Oddly Smooth Stone"},{"floor":26,"key":"Frozen Egg 2"},{"floor":26,"key":"Mercury Hourglass"},{"floor":31,"key":"Happy Flower"},{"floor":42,"key":"Unceasing Top"},{"floor":43,"key":"InkBottle"},{"floor":46,"key":"yuri:PortableGlitches"}],"event_choices":[{"damage_healed":0,"gold_gain":75,"player_choice":"Gather Gold","damage_taken":11,"max_hp_gain":0,"max_hp_loss":0,"event_name":"World of Goop","floor":2,"gold_loss":0},{"damage_healed":26,"gold_gain":0,"player_choice":"Banana","damage_taken":0,"max_hp_gain":0,"max_hp_loss":0,"event_name":"Big Fish","floor":3,"gold_loss":0},{"damage_healed":0,"gold_gain":0,"player_choice":"Leave","damage_taken":0,"max_hp_gain":0,"max_hp_loss":0,"event_name":"conspire:Investor","floor":5,"gold_loss":0},{"damage_healed":0,"gold_gain":175,"player_choice":"AGREE","damage_taken":0,"max_hp_gain":0,"max_hp_loss":0,"event_name":"Liars Game","floor":10,"gold_loss":0,"cards_obtained":["Doubt"]},{"cards_removed":["yuri:yuriStrike"],"damage_healed":0,"gold_gain":0,"player_choice":"Gave Gold","damage_taken":0,"max_hp_gain":0,"max_hp_loss":0,"event_name":"Beggar","floor":19,"gold_loss":75},{"damage_healed":0,"gold_gain":0,"player_choice":"Became a vampire","damage_taken":0,"max_hp_gain":0,"max_hp_loss":24,"event_name":"Vampires","floor":20,"gold_loss":0,"cards_obtained":["Bite","Bite","Bite","Bite","Bite"]},{"damage_healed":0,"gold_gain":0,"cards_transformed":["yuri:yuriDefend","yuri:yuriDefend"],"player_choice":"Became Test Subject","damage_taken":0,"max_hp_gain":0,"max_hp_loss":0,"event_name":"Drug Dealer","floor":24,"gold_loss":0,"cards_obtained":["yuri:JumpScare","yuri:ReloadGame"]},{"damage_healed":0,"gold_gain":0,"player_choice":"Read","damage_taken":0,"max_hp_gain":0,"max_hp_loss":0,"event_name":"The Library","floor":28,"gold_loss":0,"cards_obtained":["yuri:BookPurple"]},{"damage_healed":0,"gold_gain":0,"player_choice":"Paid","damage_taken":0,"relics_obtained":["Red Mask"],"max_hp_gain":0,"max_hp_loss":0,"event_name":"Tomb of Lord Red Mask","floor":38,"gold_loss":12},{"damage_healed":0,"gold_gain":0,"player_choice":"Upgraded","damage_taken":0,"max_hp_gain":0,"max_hp_loss":0,"event_name":"Upgrade Shrine","floor":44,"gold_loss":0,"cards_upgraded":["Bite"]},{"damage_healed":0,"gold_gain":0,"player_choice":"Ignored","damage_taken":0,"max_hp_gain":0,"max_hp_loss":0,"event_name":"NoteForYourself","floor":48,"gold_loss":0}],"is_beta":false,"boss_relics":[{"not_picked":["Pandora\u0027s Box","yuri:PortraitOfMarkov"],"picked":"yuri:BookOfBooks"},{"not_picked":["Black Star","Busted Crown"],"picked":"REME_ChargedStone"}],"items_purged_floors":[0,21,29,37],"is_endless":false,"potions_floor_spawned":[4,12,14,16,22,25,31,33,35],"ascension_level":0}}