{"host":"iv24d026eac8pm4e","time":1614269612,"event":{"mods":["BaseMod","Minty Spire (QoL Compilation)"],"gold_per_floor":[119,133,148,159,159,159,173,185,185,210,227,239,298,318,318,389,389,407,287,287],"floor_reached":19,"language":"ENG","playtime":678,"items_purged":[],"score":324,"play_id":"a76c5b3e-dd7b-42f7-b8db-3c4f598cc33b","local_time":"20210225081332","is_ascension_mode":true,"campfire_choices":[{"data":"Sweeping Beam","floor":6,"key":"SMITH"},{"data":"Recycle","floor":15,"key":"SMITH"}],"circlet_count":0,"master_deck":["AscendersBane","Strike_B","Strike_B","Strike_B","Strike_B","Defend_B","Defend_B","Defend_B","Defend_B","Zap","Dualcast","Compile Driver","Melter","Sweeping Beam+1","Cold Snap","Pain","Recycle+1","FTL","Ball Lightning","Glacier","Rainbow","Sweeping Beam","Electrodynamics","Hologram+1"],"relics":["FrozenCore","WarpedTongs","Shuriken","MealTicket"],"acts_visited":["Exordium","TheCity"],"potions_floor_usage":[14,16],"damage_taken":[{"damage":7,"enemies":"Jaw Worm","floor":1,"turns":3},{"damage":1,"enemies":"Cultist","floor":2,"turns":3},{"damage":7,"enemies":"Small Slimes","floor":3,"turns":3},{"damage":3,"enemies":"2 Fungi Beasts","floor":4,"turns":3},{"damage":2,"enemies":"Large Slime","floor":7,"turns":5},{"damage":11,"enemies":"Looter","floor":8,"turns":2},{"damage":33,"enemies":"Lagavulin","floor":10,"turns":4},{"damage":18,"enemies":"3 Louse","floor":11,"turns":2},{"damage":2,"enemies":"Exordium Thugs","floor":12,"turns":3},{"damage":3,"enemies":"Lots of Slimes","floor":14,"turns":3},{"damage":6,"enemies":"Slime Boss","floor":16,"turns":7},{"damage":31,"enemies":"3 Byrds","floor":18,"turns":5},{"damage":30,"enemies":"2 Thieves","floor":19,"turns":3}],"seed_played":"3355158670742416755","potions_obtained":[{"floor":4,"key":"EssenceOfDarkness"},{"floor":10,"key":"FairyPotion"},{"floor":11,"key":"PowerPotion"},{"floor":16,"key":"Strength Potion"}],"is_trial":false,"path_per_floor":["M","M","M","M","?","R","M","M","T","E","M","M","?","M","R","B",null,"M","M"],"character_chosen":"DEFECT","items_purchased":[],"campfire_rested":0,"item_purchase_floors":[],"current_hp_per_floor":[64,63,56,53,53,53,51,40,40,7,16,14,14,11,11,5,60,29,0,0],"gold":287,"neow_bonus":"TEN_PERCENT_HP_BONUS","is_daily":false,"chose_seed":false,"campfire_upgraded":2,"win_rate":0.0,"timestamp":1614269612,"path_taken":["M","M","M","M","?","R","M","?","T","E","M","M","?","M","R","BOSS","M","M"],"items_purchased_type":[],"build_version":"2020-12-22","purchased_purges":0,"victory":false,"max_hp_per_floor":[78,78,78,78,78,78,78,78,78,78,78,78,78,78,78,78,78,78,78,78],"card_choices":[{"not_picked":["Turbo","Gash"],"picked":"Compile Driver","floor":1},{"not_picked":["Turbo","Leap"],"picked":"Melter","floor":2},{"not_picked":["Meteor Strike","Streamline"],"picked":"Sweeping Beam","floor":3},{"not_picked":["Darkness","Stack"],"picked":"Cold Snap","floor":4},{"not_picked":["Chaos","Undo"],"picked":"Recycle","floor":7},{"not_picked":["Sweeping Beam","Scrape"],"picked":"FTL","floor":8},{"not_picked":["Scrape","Reprogram"],"picked":"Ball Lightning","floor":10},{"not_picked":["Recycle","Cold Snap"],"picked":"Glacier","floor":11},{"not_picked":["Stack","Sweeping Beam"],"picked":"Rainbow","floor":12},{"not_picked":["Melter","Turbo"],"picked":"Sweeping Beam","floor":14},{"not_picked":["All For One","Echo Form"],"picked":"Electrodynamics","floor":16},{"not_picked":["Coolheaded","Skim+1"],"picked":"Hologram+1","floor":18}],"player_experience":2626212,"relics_obtained":[{"floor":9,"key":"Shuriken"},{"floor":10,"key":"MealTicket"}],"event_choices":[{"damage_healed":0,"gold_gain":0,"player_choice":"Rummage","damage_taken":0,"relics_obtained":["WarpedTongs"],"max_hp_gain":0,"max_hp_loss":0,"event_name":"Accursed Blacksmith","floor":5,"gold_loss":0,"cards_obtained":["Pain"]},{"damage_healed":0,"gold_gain":59,"player_choice":"Gained Gold","damage_taken":0,"max_hp_gain":0,"max_hp_loss":0,"event_name":"Golden Wing","floor":13,"gold_loss":0}],"is_beta":false,"boss_relics":[{"not_picked":["Sozu","Ectoplasm"],"picked":"FrozenCore"}],"items_purged_floors":[],"is_endless":false,"potions_floor_spawned":[4,10,11,12,16],"killed_by":"2 Thieves","ascension_level":17}}