{"host":"mj8akmyfd5lo602f","time":1614221257,"event":{"mods":["2.2 Compatiblity","Act Like it!","BaseMod","Bestiary","BshForSts","Colored Map","Colored Powertips","Downfall","Highlight Path","Koishi","Minty Spire (QoL Compilation)","Permanent Neow","Relic Stats","StSLib","The Marked"],"gold_per_floor":[99,99,99,99,99,199,226,252,252,272,272,272],"floor_reached":11,"language":"ENG","playtime":364,"items_purged":[],"score":67,"play_id":"a8c46b82-1ea8-4970-a3c0-fc9b1e078523","local_time":"20210225024737","is_ascension_mode":false,"campfire_choices":[{"data":"Koishi:Provoke","floor":1.0,"key":"SMITH"},{"data":"Koishi:Possession","floor":9.0,"key":"SMITH"}],"circlet_count":0,"master_deck":["Koishi:BasicStrike","Koishi:BasicStrike","Koishi:BasicStrike","Koishi:BasicStrike","Koishi:BasicDefend","Koishi:BasicDefend","Koishi:BasicDefend","Koishi:BasicDefend","Koishi:Provoke+1","Koishi:HauntingSlash","Koishi:Possession+1","Koishi:UnconsciousUrges","Koishi:Vanish","Koishi:HeartfeltFancy"],"relics":["Koishi:ImaginaryFriend","downfall:HeartsMalice","downfall:BrokenWingStatue","Anchor","Kunai"],"acts_visited":["Exordium"],"potions_floor_usage":[11,11],"damage_taken":[{"damage":0.0,"enemies":"Cultist","floor":2.0,"turns":1.0},{"damage":0.0,"enemies":"Jaw Worm","floor":3.0,"turns":1.0},{"damage":0.0,"enemies":"Small Slimes","floor":5.0,"turns":1.0},{"damage":43.0,"enemies":"Gremlin Nob","floor":8.0,"turns":7.0},{"damage":5.0,"enemies":"Blue Slaver","floor":10.0,"turns":5.0},{"damage":24,"enemies":"3 Sentries","floor":11,"turns":5}],"seed_played":"-686174331860257190","potions_obtained":[{"floor":8.0,"key":"Dexterity Potion"},{"floor":10.0,"key":"LiquidBronze"}],"is_trial":false,"path_per_floor":["R","M","M","?","M","?","T","E","R","M","E"],"character_chosen":"KOISHI","items_purchased":[],"campfire_rested":0,"item_purchase_floors":[],"current_hp_per_floor":[60,60,60,60,60,60,60,21,21,18,0,0],"gold":272,"neow_bonus":"THREE_ENEMY_KILL","is_daily":false,"chose_seed":false,"campfire_upgraded":2,"win_rate":0.0,"timestamp":1614221257,"path_taken":["R","M","?","?","M","?","T","E","R","?","E"],"items_purchased_type":[],"build_version":"2020-12-22","purchased_purges":0,"victory":false,"max_hp_per_floor":[60,60,60,60,60,60,60,60,60,60,60,60],"relic_stats":{"counters":[6,17],"Kunai":[0],"obtain_stats":[{"Anchor":7,"downfall:BrokenWingStatue":4,"downfall:HeartsMalice":0,"Kunai":8,"Koishi:ImaginaryFriend":0},{"Anchor":3,"downfall:BrokenWingStatue":2,"downfall:HeartsMalice":0,"Kunai":4,"Koishi:ImaginaryFriend":0},{"Anchor":0,"downfall:BrokenWingStatue":0,"downfall:HeartsMalice":0,"Kunai":7,"Koishi:ImaginaryFriend":0}]},"card_choices":[{"not_picked":["Koishi:BloodcurdlingScream","Koishi:VengefulSpirit"],"picked":"Koishi:Possession","floor":2.0},{"not_picked":["Koishi:Prune","Koishi:Jaunt","Koishi:BramblyRoseGarden"],"picked":"SKIP","floor":3.0},{"not_picked":["Koishi:StingingMind","Koishi:Prune"],"picked":"Koishi:UnconsciousUrges","floor":5.0},{"not_picked":["Koishi:PhilosophyOfTheDespised","Koishi:CatchAndRose"],"picked":"Koishi:Vanish","floor":8.0},{"not_picked":["Koishi:Jaunt","Koishi:Prune"],"picked":"Koishi:HeartfeltFancy","floor":10.0}],"player_experience":572609,"relics_obtained":[{"floor":7.0,"key":"Anchor"},{"floor":8.0,"key":"Kunai"}],"event_choices":[],"is_beta":false,"boss_relics":[],"items_purged_floors":[],"is_endless":false,"potions_floor_spawned":[8,10],"killed_by":"3 Sentries","ascension_level":0}}