{"host":"ox77rn1xcurm2t5a","time":1614259917,"event":{"mods":["2.2 Compatiblity","AchievementEnabler","Act Like it!","Aspiration","BaseMod","Best Route Mod","Better Match","Better Note","Better Sensory Stone","Block Reminder","Colored Map","Colored Powertips","Conjunction","Conspire","Custom Start","Energized Spire","GifTheSpireLib","Gold Saver","Gremlin Skip","Halation","Highlight Path","Hubris","Infinite Spire","Minty Spire (QoL Compilation)","Pale of the Ancients","Quick Restart","Reliquary","Replay The Spire","Reworked Bosses","ShortenTheSpire","Spire Exporter","StSLib","Stuff the Spire","Wandering Minibosses"],"gold_per_floor":[698,698,698,698,474,474,485,485,508,522,522,555,555,587,587,587,587],"floor_reached":16,"language":"ENG","playtime":276,"items_purged":["Strike_R"],"score":170,"play_id":"2bafa5bd-a032-4dbc-abc9-d9fb36e89914","local_time":"20210225153157","is_ascension_mode":true,"campfire_choices":[{"floor":6,"key":"RECALL"},{"data":"Rage","floor":8,"key":"SMITH"},{"data":"Anger","floor":13,"key":"SMITH"},{"data":"Rampage","floor":15,"key":"SMITH"}],"circlet_count":0,"master_deck":["AscendersBane","Strike_R","Strike_R","Strike_R","Strike_R","Defend_R","Defend_R","Defend_R","Defend_R","Bash+1","Rampage+1","Rage+1","Anger+1","Sword Boomerang"],"relics":["Burning Blood","StuffTheSpire:RubySignet","hubris:ChampionShield","infinitespire:Lucky Rock","reliquary:BoilingFlask"],"acts_visited":["Exordium"],"potions_floor_usage":[7,10,14,16],"damage_taken":[{"damage":0,"enemies":"Small Slimes","floor":1,"turns":3},{"damage":0,"enemies":"Cultist","floor":7,"turns":2},{"damage":0,"enemies":"2 Louse","floor":10,"turns":2},{"damage":36,"enemies":"Gremlin Nob","floor":12,"turns":5},{"damage":25,"enemies":"3 Sentries","floor":14,"turns":7},{"damage":37,"enemies":"Hexaghost","floor":16,"turns":9}],"seed_played":"-6405033882352073252","potions_obtained":[{"floor":0,"key":"DuplicationPotion"},{"floor":0,"key":"AttackPotion"},{"floor":12,"key":"FearPotion"},{"floor":14,"key":"Languid Potion"}],"is_trial":false,"path_per_floor":["M","?","?","?","$","R","M","R","T","M","?","E","R","E","R","B"],"character_chosen":"IRONCLAD","items_purchased":["hubris:ChampionShield"],"campfire_rested":0,"item_purchase_floors":[5],"current_hp_per_floor":[78,78,78,75,75,75,80,80,80,80,80,54,54,35,35,0,0],"gold":587,"neow_bonus":"THREE_SMALL_POTIONS","is_daily":false,"chose_seed":false,"campfire_upgraded":3,"win_rate":0.0,"timestamp":1614259917,"path_taken":["M","?","?","?","$","R","M","R","T","M","?","E","R","E","R","BOSS"],"items_purchased_type":["Relic"],"build_version":"2020-12-22","purchased_purges":1,"victory":false,"max_hp_per_floor":[80,80,80,80,80,80,80,80,80,80,80,80,80,80,80,80,80],"card_choices":[{"not_picked":["Bloodletting","Fire Breathing"],"picked":"Rampage","floor":1},{"not_picked":["Replay:Undeath\u0027s Touch","Body Slam"],"picked":"Rage","floor":7},{"not_picked":["Run Through","True Grit","StuffTheSpire:TitanForm"],"picked":"SKIP","floor":10},{"not_picked":["Shockwave","Twin Strike"],"picked":"Anger","floor":12},{"not_picked":["Rupture","Wild Strike"],"picked":"Sword Boomerang","floor":14}],"player_experience":3258273,"relics_obtained":[{"floor":12,"key":"infinitespire:Lucky Rock"},{"floor":14,"key":"reliquary:BoilingFlask"}],"event_choices":[{"damage_healed":0,"gold_gain":0,"player_choice":"Ignored","damage_taken":0,"max_hp_gain":0,"max_hp_loss":0,"event_name":"Golden Idol","floor":2,"gold_loss":0},{"damage_healed":0,"gold_gain":0,"player_choice":"Grow","damage_taken":0,"max_hp_gain":0,"max_hp_loss":0,"event_name":"Living Wall","floor":3,"gold_loss":0,"cards_upgraded":["Bash"]},{"damage_healed":0,"gold_gain":0,"player_choice":"Success","damage_taken":3,"relics_obtained":["StuffTheSpire:RubySignet"],"max_hp_gain":0,"max_hp_loss":0,"event_name":"Scrap Ooze","floor":4,"gold_loss":0}],"is_beta":false,"boss_relics":[],"items_purged_floors":[5],"is_endless":false,"potions_floor_spawned":[1,12,14],"killed_by":"Hexaghost","ascension_level":12}}