{"host":"kh6fvhxn285ncg0o","time":1614253969,"event":{"mods":["Act Like it!","BaseMod","Colored Map","Friendly Minions","Keyboard Shortcuts","Minty Spire (QoL Compilation)","Quick Restart","Relic Stats","StSLib","SuperFastMode","UnlockEverythingMod"],"gold_per_floor":[115,133,133,133,58,393,393,404,404,422,422,436,468,189,189,263,263,276,276,291,306,306,341,341,341,365,394,394,405,415,290,290,364,364,376,376,394,138,156,156,181,181,205,237,237,272,272,272,272,272,272,272,272,43,76,76,76],"floor_reached":56,"language":"KOR","playtime":7231,"items_purged":["Strike_R","Strike_R","Strike_R","Bash+1","Immolate+1"],"score":2637,"play_id":"3ce951dc-71f1-4a66-ad2e-f060d5e216d9","local_time":"20210225205249","is_ascension_mode":true,"campfire_choices":[{"data":"Bash","floor":7.0,"key":"SMITH"},{"data":"Uppercut","floor":11.0,"key":"SMITH"},{"data":"Fire Breathing","floor":15.0,"key":"SMITH"},{"data":"1","floor":25.0,"key":"LIFT"},{"data":"Body Slam","floor":28.0,"key":"SMITH"},{"data":"Power Through","floor":32.0,"key":"SMITH"},{"data":"Second Wind","floor":40.0,"key":"SMITH"},{"data":"Finesse","floor":42,"key":"SMITH"},{"floor":49,"key":"RECALL"},{"data":"Master of Strategy","floor":53,"key":"SMITH"}],"circlet_count":0,"master_deck":["AscendersBane","Defend_R","Defend_R","Defend_R","Defend_R","Shrug It Off","Power Through+1","Uppercut+1","Double Tap","Evolve","Fire Breathing+1","Flash of Steel+1","Necronomicurse","Body Slam+1","Second Wind+1","Rage+1","Finesse+1","Master of Strategy+1","Secret Technique"],"relics":["Burning Blood","NeowsBlessing","Old Coin","Ginger","Pocketwatch","Busted Crown","Necronomicon","Girya","Frozen Egg 2","FossilizedHelix","Coffee Dripper","Eternal Feather","Potion Belt","Whetstone","Bottled Lightning","Sundial","Pen Nib"],"acts_visited":["Exordium","TheCity","TheBeyond","TheEnding"],"potions_floor_usage":[46,46,56],"damage_taken":[{"damage":0.0,"enemies":"Cultist","floor":1.0,"turns":1.0},{"damage":0.0,"enemies":"Small Slimes","floor":2.0,"turns":1.0},{"damage":0.0,"enemies":"3 Sentries","floor":6.0,"turns":2.0},{"damage":4.0,"enemies":"Jaw Worm","floor":8.0,"turns":4.0},{"damage":7.0,"enemies":"Looter","floor":10.0,"turns":4.0},{"damage":9.0,"enemies":"3 Louse","floor":12.0,"turns":4.0},{"damage":17.0,"enemies":"Gremlin Nob","floor":13.0,"turns":4.0},{"damage":0.0,"enemies":"The Guardian","floor":16.0,"turns":11.0},{"damage":0.0,"enemies":"Chosen","floor":18.0,"turns":3.0},{"damage":6.0,"enemies":"Shell Parasite","floor":20.0,"turns":4.0},{"damage":0.0,"enemies":"Snake Plant","floor":21.0,"turns":2.0},{"damage":9.0,"enemies":"Gremlin Leader","floor":23.0,"turns":3.0},{"damage":0.0,"enemies":"Slavers","floor":27.0,"turns":2.0},{"damage":0.0,"enemies":"Shelled Parasite and Fungi","floor":29.0,"turns":2.0},{"damage":0.0,"enemies":"Cultist and Chosen","floor":30.0,"turns":2.0},{"damage":0.0,"enemies":"Champ","floor":33.0,"turns":8.0},{"damage":0.0,"enemies":"Orb Walker","floor":35.0,"turns":3.0},{"damage":11.0,"enemies":"3 Darklings","floor":37.0,"turns":3.0},{"damage":0.0,"enemies":"Maw","floor":39.0,"turns":5.0},{"damage":0.0,"enemies":"Giant Head","floor":41.0,"turns":5.0},{"damage":0,"enemies":"Nemesis","floor":44,"turns":5},{"damage":0,"enemies":"Reptomancer","floor":46,"turns":3},{"damage":43,"enemies":"Time Eater","floor":50,"turns":11},{"damage":0,"enemies":"Donu and Deca","floor":51,"turns":7},{"damage":21,"enemies":"Shield and Spear","floor":55,"turns":5},{"damage":57,"enemies":"The Heart","floor":56,"turns":8}],"seed_played":"6361341334102360517","potions_obtained":[{"floor":8.0,"key":"SkillPotion"},{"floor":10.0,"key":"SkillPotion"},{"floor":13.0,"key":"LiquidBronze"},{"floor":20.0,"key":"SteroidPotion"},{"floor":21.0,"key":"DistilledChaos"},{"floor":33.0,"key":"AttackPotion"},{"floor":35.0,"key":"Explosive Potion"},{"floor":44,"key":"Fire Potion"}],"is_trial":false,"path_per_floor":["M","M","?","?","$","E","R","M","T","M","R","M","E","$","R","B",null,"M","?","M","M","?","E","T","R","T","E","R","M","M","$","R","B",null,"M","?","M","$","M","R","E","R","T","E","?","E","?","T","R","B","B",null,"R","$","E","B"],"character_chosen":"IRONCLAD","items_purchased":["Fire Breathing","Flash of Steel","Finesse","Energy Potion"],"campfire_rested":0,"item_purchase_floors":[14,14,38,54],"current_hp_per_floor":[74,75,75,68,68,74,74,75,75,74,74,71,60,60,60,66,73,75,54,54,60,60,57,57,57,57,63,63,69,75,75,75,75,75,75,75,70,70,75,75,75,75,75,75,65,71,71,71,71,34,40,63,71,71,56,0,0],"gold":76,"neow_bonus":"THREE_ENEMY_KILL","is_daily":false,"chose_seed":false,"campfire_upgraded":8,"win_rate":0.0,"timestamp":1614253969,"path_taken":["M","?","?","?","$","E","R","M","T","M","R","M","E","$","R","BOSS","M","?","M","M","?","E","?","R","T","E","R","?","?","$","R","BOSS","M","?","M","$","M","R","E","R","T","E","?","E","?","?","R","BOSS","BOSS","R","$","E","BOSS"],"items_purchased_type":["Card","Card","Card","Potion"],"build_version":"2020-12-22","purchased_purges":5,"victory":false,"max_hp_per_floor":[75,75,75,75,75,75,75,75,75,75,75,75,75,75,75,75,75,75,75,75,75,75,75,75,75,75,75,75,75,75,75,75,75,75,75,75,75,75,75,75,75,75,75,75,75,75,71,71,71,71,71,71,71,71,71,71,71],"relic_stats":{"Busted Crown":36,"counters":[26,112],"Sundial":[12],"Eternal Feather":8,"Pen Nib":[1],"Necronomicon":[60],"Ginger":[20],"Whetstone":["Immolate","Flash of Steel"],"obtain_stats":[{"Potion Belt":43,"Girya":23,"NeowsBlessing":0,"Eternal Feather":41,"Pen Nib":55,"Ginger":9,"Whetstone":44,"Frozen Egg 2":24,"Burning Blood":0,"Old Coin":6,"Busted Crown":17,"Sundial":48,"Necronomicon":19,"Coffee Dripper":34,"Bottled Lightning":46,"FossilizedHelix":27,"Pocketwatch":13},{"Potion Belt":20,"Girya":12,"NeowsBlessing":0,"Eternal Feather":20,"Pen Nib":25,"Ginger":4,"Whetstone":21,"Frozen Egg 2":12,"Burning Blood":0,"Old Coin":3,"Busted Crown":8,"Sundial":22,"Necronomicon":9,"Coffee Dripper":16,"Bottled Lightning":22,"FossilizedHelix":13,"Pocketwatch":7},{"Potion Belt":73,"Girya":43,"NeowsBlessing":0,"Eternal Feather":73,"Pen Nib":104,"Ginger":8,"Whetstone":78,"Frozen Egg 2":43,"Burning Blood":0,"Old Coin":4,"Busted Crown":31,"Sundial":81,"Necronomicon":34,"Coffee Dripper":57,"Bottled Lightning":81,"FossilizedHelix":45,"Pocketwatch":20}],"Burning Blood":115,"Pocketwatch":[90]},"card_choices":[{"not_picked":["Pommel Strike","Sword Boomerang"],"picked":"Shrug It Off","floor":1.0},{"not_picked":["Anger","Flex","Pommel Strike"],"picked":"SKIP","floor":2.0},{"not_picked":["Shrug It Off","Metallicize"],"picked":"Power Through","floor":6.0},{"not_picked":["Rampage","Havoc"],"picked":"Uppercut","floor":8.0},{"not_picked":["Clothesline","Iron Wave","Blood for Blood"],"picked":"SKIP","floor":10.0},{"not_picked":["Power Through","Uppercut"],"picked":"Double Tap","floor":12.0},{"not_picked":["Intimidate","Spot Weakness"],"picked":"Evolve","floor":13.0},{"not_picked":["Juggernaut","Limit Break"],"picked":"Immolate","floor":16.0},{"not_picked":["Thunderclap"],"picked":"SKIP","floor":18.0},{"not_picked":["True Grit"],"picked":"SKIP","floor":20.0},{"not_picked":["Cleave"],"picked":"SKIP","floor":23.0},{"not_picked":["Bludgeon"],"picked":"SKIP","floor":27.0},{"not_picked":["Clothesline"],"picked":"SKIP","floor":29.0},{"not_picked":["Havoc"],"picked":"SKIP","floor":30.0},{"not_picked":[],"picked":"Second Wind","floor":35.0},{"not_picked":[],"picked":"Rage+1","floor":37.0},{"not_picked":["Uppercut"],"picked":"SKIP","floor":39.0},{"not_picked":["Second Wind"],"picked":"SKIP","floor":41.0},{"not_picked":["Uppercut"],"picked":"SKIP","floor":44},{"not_picked":[],"picked":"Master of Strategy","floor":45},{"not_picked":[],"picked":"Secret Technique","floor":45},{"not_picked":["Rage+1"],"picked":"SKIP","floor":46},{"not_picked":["Rage+1"],"picked":"SKIP","floor":46},{"not_picked":["Perfected Strike"],"picked":"SKIP","floor":55}],"player_experience":1532426,"relics_obtained":[{"floor":6.0,"key":"Old Coin"},{"floor":9.0,"key":"Ginger"},{"floor":13.0,"key":"Pocketwatch"},{"floor":19.0,"key":"Necronomicon"},{"floor":23.0,"key":"Girya"},{"floor":24.0,"key":"Frozen Egg 2"},{"floor":27.0,"key":"FossilizedHelix"},{"floor":41.0,"key":"Eternal Feather"},{"floor":43,"key":"Potion Belt"},{"floor":44,"key":"Whetstone"},{"floor":46,"key":"Bottled Lightning"},{"floor":48,"key":"Sundial"},{"floor":55,"key":"Pen Nib"}],"event_choices":[{"cards_removed":["Strike_R"],"damage_healed":0.0,"max_hp_gain":0.0,"max_hp_loss":0.0,"gold_gain":0.0,"event_name":"Living Wall","player_choice":"Forget","floor":3.0,"gold_loss":0.0,"damage_taken":0.0},{"cards_removed":["Strike_R"],"damage_healed":0.0,"max_hp_gain":0.0,"max_hp_loss":0.0,"gold_gain":0.0,"event_name":"Golden Wing","player_choice":"Card Removal","floor":4.0,"gold_loss":0.0,"damage_taken":7.0},{"damage_healed":0.0,"max_hp_gain":0.0,"max_hp_loss":0.0,"gold_gain":0.0,"event_name":"Cursed Tome","player_choice":"Obtained Book","floor":19.0,"gold_loss":0.0,"damage_taken":21.0},{"damage_healed":0.0,"max_hp_gain":0.0,"max_hp_loss":0.0,"gold_gain":0.0,"event_name":"The Library","player_choice":"Read","floor":22.0,"gold_loss":0.0,"damage_taken":0.0,"cards_obtained":["Body Slam"]},{"damage_healed":0.0,"max_hp_gain":0.0,"max_hp_loss":0.0,"gold_gain":0.0,"event_name":"Tomb of Lord Red Mask","player_choice":"Ignored","floor":36.0,"gold_loss":0.0,"damage_taken":0.0},{"damage_healed":0,"gold_gain":0,"player_choice":"Memory 3","damage_taken":10,"max_hp_gain":0,"max_hp_loss":0,"event_name":"SensoryStone","floor":45,"gold_loss":0},{"damage_healed":0,"gold_gain":0,"player_choice":"Max HP","damage_taken":0,"max_hp_gain":0,"max_hp_loss":4,"event_name":"Winding Halls","floor":47,"gold_loss":0}],"is_beta":false,"boss_relics":[{"not_picked":["Tiny House","Runic Pyramid"],"picked":"Busted Crown"},{"not_picked":["Black Blood","Mark of Pain"],"picked":"Coffee Dripper"}],"items_purged_floors":[5,14,31,38,54],"is_endless":false,"potions_floor_spawned":[8,10,13,20,21,33,35,41,44],"killed_by":"The Heart","ascension_level":20}}