{"host":"nb3r5a3er9rrnn3n","time":1614267439,"event":{"mods":["Always Whale","BaseMod","Colored Map","Minty Spire (QoL Compilation)","Relic Stats","StSLib","everything is the same but u backflip on backflip"],"gold_per_floor":[112,112,37,112,112,112,137,137,183,183,206,237,254,273,273,273,273],"floor_reached":16,"language":"ENG","playtime":343,"items_purged":[],"score":212,"play_id":"5186943e-f5e7-4b1d-9cc6-6d2b9c8c4ab2","local_time":"20210226023719","is_ascension_mode":true,"campfire_choices":[{"data":"Loop","floor":6.0,"key":"SMITH"},{"data":"Biased Cognition","floor":8.0,"key":"SMITH"},{"floor":10.0,"key":"REST"},{"data":"Zap","floor":15,"key":"SMITH"}],"circlet_count":0,"master_deck":["AscendersBane","Strike_B","Defend_B","Defend_B","Defend_B","Zap+1","Dualcast","Biased Cognition+1","Loop+1","Chill","Auto Shields","Conserve Battery","Echo Form"],"relics":["Cracked Core","Tiny Chest","Strawberry","Bag of Preparation","Vajra","DataDisk"],"acts_visited":["Exordium"],"potions_floor_usage":[],"damage_taken":[{"damage":0.0,"enemies":"Cultist","floor":1.0,"turns":3.0},{"damage":35.0,"enemies":"Gremlin Nob","floor":7.0,"turns":5.0},{"damage":10,"enemies":"3 Sentries","floor":12,"turns":10},{"damage":0,"enemies":"2 Louse","floor":13,"turns":1},{"damage":0,"enemies":"Small Slimes","floor":14,"turns":2},{"damage":33,"enemies":"The Guardian","floor":16,"turns":2}],"seed_played":"-8237183918757785670","potions_obtained":[{"floor":1.0,"key":"EssenceOfSteel"}],"is_trial":false,"path_per_floor":["M","?","?","?","?","R","E","R","T","R","T","E","M","M","R","B"],"character_chosen":"DEFECT","items_purchased":[],"campfire_rested":1,"item_purchase_floors":[],"current_hp_per_floor":[64,53,53,42,42,42,14,14,14,35,35,25,25,25,25,0,0],"gold":273,"neow_bonus":"TRANSFORM_TWO_CARDS","is_daily":false,"chose_seed":false,"campfire_upgraded":3,"win_rate":0.0,"timestamp":1614267439,"path_taken":["M","?","?","?","?","R","E","R","T","R","?","E","M","M","R","BOSS"],"items_purchased_type":[],"build_version":"2020-12-22","purchased_purges":0,"victory":false,"max_hp_per_floor":[64,64,64,64,64,64,71,71,71,71,71,71,71,71,71,71,71],"relic_stats":{"counters":[6,23],"Tiny Chest":1,"Bag of Preparation":[8],"obtain_stats":[{"DataDisk":12,"Strawberry":7,"Vajra":11,"Tiny Chest":2,"Bag of Preparation":9,"Cracked Core":0},{"DataDisk":3,"Strawberry":2,"Vajra":2,"Tiny Chest":1,"Bag of Preparation":2,"Cracked Core":0},{"DataDisk":18,"Strawberry":8,"Vajra":8,"Tiny Chest":3,"Bag of Preparation":8,"Cracked Core":0}]},"card_choices":[{"not_picked":["Coolheaded","Sweeping Beam"],"picked":"Chill","floor":1.0},{"not_picked":["Stack","Loop"],"picked":"Conserve Battery","floor":7.0},{"not_picked":["Rebound","Turbo","Sweeping Beam"],"picked":"SKIP","floor":12},{"not_picked":["Gash","Compile Driver"],"picked":"Echo Form","floor":13},{"not_picked":["Gash","Beam Cell","Stack"],"picked":"SKIP","floor":14}],"player_experience":1678484,"relics_obtained":[{"floor":7.0,"key":"Strawberry"},{"floor":9.0,"key":"Bag of Preparation"},{"floor":11.0,"key":"Vajra"},{"floor":12,"key":"DataDisk"}],"event_choices":[{"damage_healed":0.0,"max_hp_gain":0.0,"max_hp_loss":0.0,"gold_gain":0.0,"event_name":"Scrap Ooze","player_choice":"Success","floor":2.0,"gold_loss":0.0,"damage_taken":11.0,"relics_obtained":["Tiny Chest"]},{"cards_removed":["Defend_B"],"damage_healed":0.0,"max_hp_gain":0.0,"max_hp_loss":0.0,"gold_gain":0.0,"event_name":"The Cleric","player_choice":"Card Removal","floor":3.0,"gold_loss":75.0,"damage_taken":0.0},{"damage_healed":0.0,"max_hp_gain":0.0,"max_hp_loss":0.0,"gold_gain":75.0,"event_name":"World of Goop","player_choice":"Gather Gold","floor":4.0,"gold_loss":0.0,"damage_taken":11.0},{"damage_healed":0.0,"max_hp_gain":0.0,"max_hp_loss":0.0,"gold_gain":0.0,"cards_transformed":["Strike_B"],"event_name":"Transmorgrifier","player_choice":"Transformed","floor":5.0,"gold_loss":0.0,"damage_taken":0.0,"cards_obtained":["Auto Shields"]}],"is_beta":false,"boss_relics":[],"items_purged_floors":[],"is_endless":false,"potions_floor_spawned":[1],"killed_by":"The Guardian","ascension_level":20}}