{"host":"5jyeqch4fosnsiz2","time":1614294708,"event":{"mods":["BaseMod","Bestiary","Colored Map","Colored Powertips","Filter the Spire","Minty Spire (QoL Compilation)","Relic Stats","StSLib","Waifu the Spire","Yuri Mod","ojb\u0027s Better Paths Mod","ojb\u0027s Info Mod"],"gold_per_floor":[112,187,197,212,223,250,263,263,263],"floor_reached":8,"language":"ENG","playtime":398,"items_purged":[],"score":60,"play_id":"bf71de75-6764-4080-bd5e-9282bb936ffb","local_time":"20210225181148","is_ascension_mode":false,"campfire_choices":[],"circlet_count":0,"master_deck":["yuri:yuriStrike","yuri:yuriStrike","yuri:yuriStrike","yuri:yuriStrike","yuri:yuriStrike","yuri:yuriDefend","yuri:yuriDefend","yuri:yuriDefend","yuri:yuriDefend","yuri:yuriDefend","yuri:Oolong","yuri:yuriStab","yuri:Stalk","yuri:BookPurple","yuri:InsanityDefense","yuri:NerfBat"],"relics":["yuri:BloodyKnife","Boot","Dead Branch"],"acts_visited":["Exordium"],"potions_floor_usage":[],"damage_taken":[{"damage":2,"enemies":"Small Slimes","floor":1,"turns":3},{"damage":2,"enemies":"Cultist","floor":3,"turns":3},{"damage":0,"enemies":"2 Louse","floor":4,"turns":4},{"damage":24,"enemies":"Large Slime","floor":5,"turns":7},{"damage":33,"enemies":"Gremlin Nob","floor":6,"turns":5},{"damage":5,"enemies":"Blue Slaver","floor":7,"turns":3},{"damage":70,"enemies":"3 Sentries","floor":8,"turns":4}],"seed_played":"4283317084661239056","potions_obtained":[{"floor":1,"key":"GamblersBrew"},{"floor":6,"key":"Strength Potion"},{"floor":7,"key":"ColorlessPotion"}],"is_trial":false,"path_per_floor":["M","?","M","M","M","E","M","E"],"character_chosen":"YURI","items_purchased":[],"campfire_rested":0,"item_purchase_floors":[],"current_hp_per_floor":[80,72,74,78,58,29,28,0,0],"gold":263,"neow_bonus":"RANDOM_COMMON_RELIC","is_daily":false,"chose_seed":false,"campfire_upgraded":0,"win_rate":0.0,"timestamp":1614294708,"path_taken":["M","?","M","M","?","E","M","E"],"items_purchased_type":[],"build_version":"2020-12-22","purchased_purges":0,"victory":false,"max_hp_per_floor":[80,80,80,80,80,80,80,80,80],"relic_stats":{"counters":[7,29],"Dead Branch":[2],"Boot":[0],"obtain_stats":[{"Dead Branch":6,"yuri:yuriKnife":0,"yuri:BloodyKnife":8,"Boot":0},{"Dead Branch":5,"yuri:yuriKnife":0,"yuri:BloodyKnife":7,"Boot":0},{"Dead Branch":22,"yuri:yuriKnife":0,"yuri:BloodyKnife":29,"Boot":0}]},"card_choices":[{"not_picked":["yuri:SelfHarm","yuri:yuriQuickStrike"],"picked":"yuri:Stalk","floor":1},{"not_picked":["yuri:yuriQuickStrike","yuri:Stare"],"picked":"yuri:BookPurple","floor":3},{"not_picked":["yuri:CalmingAura","yuri:Skip"],"picked":"yuri:InsanityDefense","floor":4},{"not_picked":["yuri:Spin","yuri:yuriHeavyStrike","yuri:RecklessStrike"],"picked":"SKIP","floor":5},{"not_picked":["yuri:WickedSlash","yuri:yuriQuickStrike"],"picked":"yuri:NerfBat","floor":6},{"not_picked":["yuri:Stalk","yuri:WickedSlash"],"picked":"yuri:Suicide","floor":7}],"player_experience":426899,"relics_obtained":[{"floor":6,"key":"Dead Branch"}],"event_choices":[{"damage_healed":0,"gold_gain":75,"player_choice":"Touch","damage_taken":8,"max_hp_gain":0,"max_hp_loss":0,"event_name":"FaceTrader","floor":2,"gold_loss":0}],"is_beta":false,"boss_relics":[],"items_purged_floors":[],"is_endless":false,"potions_floor_spawned":[1,6,7],"killed_by":"3 Sentries","ascension_level":0}}