{"host":"yawnmhdh5u4s0p8o","time":1614224345,"event":{"mods":["AchievementEnabler","Aspiration","BaseMod","BetterRewards","Colored Powertips","Conspire","Downfall","Friendly Minions","GifTheSpireLib","Gremlin Mod","Hubris","Infinite Spire","Ironclad Rager","Minty Spire (QoL Compilation)","Reliquary","Replay The Spire","Shop Mod","StSLib","The Construct","The Cursed","The Gatherer","The Necromancer"],"gold_per_floor":[113,187,187,187,213,246,324,340,411,431,457,457,457,467,467,547,647,664,655,655,667,667,667,664,664,664,675,700,700,716,750,750,825,825,840,837,837,837,848,848,864,864,864,914,932,932,958,958,958],"floor_reached":48,"language":"ENG","playtime":4102,"items_purged":["construct:ElectricArmor"],"score":555,"play_id":"2ba349f0-734c-4bd9-9378-91229a0e8243","local_time":"20210225143905","is_ascension_mode":false,"campfire_choices":[{"data":"construct:Synchronize","floor":12,"key":"SMITH"},{"floor":15,"key":"REST"},{"floor":23,"key":"REST"},{"floor":25,"key":"REST"},{"floor":29,"key":"REST"},{"floor":32,"key":"REST"},{"floor":40,"key":"REST"},{"data":"construct:Enhance","floor":42,"key":"SMITH"},{"floor":46,"key":"REST"}],"circlet_count":0,"master_deck":["construct:Strike_Gold","construct:Strike_Gold+2","construct:Strike_Gold","construct:Strike_Gold","construct:Strike_Gold","construct:Defend_Gold","construct:Defend_Gold","construct:Defend_Gold","construct:Defend_Gold","construct:Defend_Gold","construct:AttackMode","construct:Synchronize+1","infinitespire:Starlight","construct:Isolate","ReplayTheSpireMod:Splinters","construct:Autoturret","construct:SpinDrive","construct:Backup","construct:PowerUp","construct:GoldenBullet","construct:Enhance+1","construct:FlameCore","Overencumbered","construct:ForceCore+1","Languid","construct:Enhance+1","construct:FlameCore+1","construct:ForceCore+1","construct:LaserCore+1"],"relics":["construct:Cogwheel","Membership Card","aspiration:StickyExplosives_weak","MerchantsRug","hubris:Towel","reliquary:Knoch","Replay:PocketPolymizer","construct:MegaBattery","reliquary:PartyBalloon","Replay:Accelerometer","Replay:Wanted Poster","reliquary:TuningFork","Black Star","Golden Egg","reliquary:TridentHead","reliquary:RoseTintedGlasses","Mercury Hourglass","Sundial","Kintsugi","Ring of Fury","ReplayTheSpireMod:Ring of Addiction","Potion Belt","hubris:EmptyBottle","Chameleon Ring","hubris:FunFungus","Bronze Scales"],"acts_visited":["Exordium","TheCity","TheBeyond"],"potions_floor_usage":[16,19,21,21,31,33,39,39,39,44,45,45,47,48,48],"damage_taken":[{"damage":6,"enemies":"2 Louse","floor":1,"turns":3},{"damage":28,"enemies":"Lagavulin","floor":6,"turns":5},{"damage":7,"enemies":"Small Slimes","floor":8,"turns":4},{"damage":5,"enemies":"conspire:RoseBush","floor":10,"turns":5},{"damage":26,"enemies":"Replay:BlueRogue","floor":11,"turns":6},{"damage":2,"enemies":"conspire:2 RoseBushes","floor":14,"turns":5},{"damage":25,"enemies":"Slime Boss","floor":16,"turns":8},{"damage":43,"enemies":"3 Byrds","floor":18,"turns":5},{"damage":43,"enemies":"2 Thieves","floor":19,"turns":5},{"damage":16,"enemies":"Cultist and Chosen","floor":21,"turns":4},{"damage":34,"enemies":"Snecko","floor":24,"turns":5},{"damage":33,"enemies":"Chosen and Byrds","floor":27,"turns":6},{"damage":21,"enemies":"conspire:Head Lice","floor":28,"turns":7},{"damage":30,"enemies":"conspire:HollyBat","floor":30,"turns":8},{"damage":0,"enemies":"Nightmare","floor":31,"turns":1},{"damage":96,"enemies":"Automaton","floor":33,"turns":7},{"damage":38,"enemies":"Orb Walker","floor":35,"turns":4},{"damage":36,"enemies":"3 Darklings","floor":36,"turns":5},{"damage":42,"enemies":"Jaw Worm Horde","floor":39,"turns":4},{"damage":31,"enemies":"Maw","floor":41,"turns":6},{"damage":62,"enemies":"Mind Bloom Boss Battle","floor":44,"turns":6},{"damage":35,"enemies":"3 Darklings","floor":45,"turns":3},{"damage":48,"enemies":"conspire:MimicChest","floor":47,"turns":5},{"damage":13,"enemies":"Giant Head","floor":48,"turns":2}],"seed_played":"-2013499911971408683","potions_obtained":[{"floor":1,"key":"SteroidPotion"},{"floor":6,"key":"SmokeBomb"},{"floor":16,"key":"Guardian:BlockOnCardUsePotion"},{"floor":19,"key":"Slimebound:ThreeZeroPotion"},{"floor":30,"key":"LifebloodPotion"},{"floor":36,"key":"Reflective Coating"},{"floor":37,"key":"hexamod:SoulburnPotion"},{"floor":37,"key":"hexamod:SoulburnPotion"},{"floor":37,"key":"EssenceOfSteel"},{"floor":41,"key":"Swift Potion"},{"floor":44,"key":"DuplicationPotion"},{"floor":45,"key":"construct:ShiftPotion"}],"is_trial":false,"path_per_floor":["M","$","?","?","T","E","?","M","T","M","E","R","?","M","R","B",null,"M","M","AVR","M","?","R","M","R","T","M","E","R","M","NM","R","B",null,"M","M","?","?","M","R","M","R","T","?","M","R","?","E"],"character_chosen":"THE_CONSTRUCT_MOD","items_purchased":["Membership Card","aspiration:StickyExplosives_weak","construct:Synchronize","construct:CriticalHit","MerchantsRug","ColorlessPotion"],"campfire_rested":7,"item_purchase_floors":[2,2,2,2,2,2],"current_hp_per_floor":[87,87,87,63,63,45,45,48,48,53,37,37,25,33,60,45,93,60,27,27,21,30,57,33,60,60,37,26,53,33,33,60,4,93,55,19,19,19,37,64,53,53,53,52,27,54,16,3,3],"gold":958,"neow_bonus":"TEN_PERCENT_HP_BONUS","is_daily":false,"chose_seed":false,"campfire_upgraded":2,"win_rate":0.0,"timestamp":1614224345,"path_taken":["M","$","?","?","?","E","?","?","T","M","E","R","?","M","R","BOSS","M","M","AVR","M","?","R","M","R","T","M","E","R","M","NM","R","BOSS","M","M","?","?","?","R","M","R","T","?","M","R","?","E"],"items_purchased_type":["Relic","Relic","Card","Card","Relic","Potion"],"build_version":"2020-12-22","purchased_purges":1,"victory":false,"max_hp_per_floor":[93,93,93,93,93,93,93,93,93,93,93,93,93,93,93,93,93,93,93,93,93,93,93,93,93,93,93,93,93,93,93,93,93,93,93,93,93,93,93,93,93,93,91,91,91,91,91,91,91],"card_choices":[{"not_picked":["construct:SweepLaser","construct:Anticipate"],"picked":"construct:Versatility","floor":1},{"not_picked":["infinitespire:DeathsTouch","Replay:Fractal Strike"],"picked":"infinitespire:Starlight","floor":4},{"not_picked":["construct:SuppressiveFire","construct:SweepLaser"],"picked":"construct:Isolate","floor":6},{"not_picked":["construct:VentSteam","construct:Anticipate"],"picked":"construct:SweepLaser","floor":7},{"not_picked":["construct:Overcharge","construct:SaveState"],"picked":"construct:Autoturret","floor":7},{"not_picked":["construct:BatteryAcid","construct:Boost"],"picked":"construct:SpinDrive","floor":7},{"not_picked":["construct:VentSteam","construct:SaveState"],"picked":"construct:Accumulate","floor":8},{"not_picked":["construct:Backfire","construct:Impenetrable"],"picked":"construct:Backup","floor":10},{"not_picked":["construct:Anticipate","construct:ScrapCannon"],"picked":"construct:PowerUp","floor":11},{"not_picked":["construct:HeavyBolt","construct:Electrocute"],"picked":"construct:Enhance","floor":14},{"not_picked":["construct:ShieldBurst","construct:ClockworkEgg"],"picked":"construct:SiegeForm","floor":16},{"not_picked":["construct:ScopeCore","construct:Construct_Overclock"],"picked":"construct:FlameCore","floor":18},{"not_picked":["construct:OneWayMirror","construct:MetalShell+1","construct:ModeShift"],"picked":"SKIP","floor":19},{"not_picked":["construct:SaveState","construct:HeavyBolt+1","construct:FierceBash"],"picked":"SKIP","floor":21},{"not_picked":["construct:FocusedBeam","construct:MetalShell+1","construct:ClockworkEgg"],"picked":"SKIP","floor":24},{"not_picked":["construct:SyphonStrike","construct:Versatility","construct:Accumulate+1"],"picked":"SKIP","floor":27},{"not_picked":["construct:Forcefield","construct:GatlingGun","construct:ModeShift+1"],"picked":"SKIP","floor":28},{"not_picked":["construct:CriticalHit","construct:ScrapCannon","construct:MetalShell+1"],"picked":"SKIP","floor":30},{"not_picked":["construct:SweepLaser","construct:Accumulate","construct:Antimatter+1"],"picked":"SKIP","floor":31},{"not_picked":["construct:Impenetrable","construct:Boost+1"],"picked":"construct:ForceCore+1","floor":35},{"not_picked":["construct:ScrapCannon","construct:ModeShift+1","construct:GuardCore+1"],"picked":"SKIP","floor":36},{"not_picked":["construct:OneWayMirror","construct:FierceBash+1"],"picked":"construct:Enhance+1","floor":39},{"not_picked":["construct:ScrapCannon","construct:SuppressiveFire"],"picked":"construct:FlameCore+1","floor":41},{"not_picked":["construct:VentSteam","construct:BatteryAcid"],"picked":"construct:ForceCore+1","floor":44},{"not_picked":["construct:Forcefield+1","construct:Disrupt","construct:FlakBarrage"],"picked":"SKIP","floor":45},{"not_picked":["construct:SaveState","construct:SyphonStrike+1"],"picked":"construct:LaserCore+1","floor":47}],"player_experience":120332,"relics_obtained":[{"floor":5,"key":"reliquary:Knoch"},{"floor":6,"key":"Replay:PocketPolymizer"},{"floor":9,"key":"construct:MegaBattery"},{"floor":11,"key":"reliquary:PartyBalloon"},{"floor":26,"key":"Golden Egg"},{"floor":28,"key":"reliquary:TridentHead"},{"floor":28,"key":"reliquary:RoseTintedGlasses"},{"floor":31,"key":"Mercury Hourglass"},{"floor":31,"key":"Sundial"},{"floor":37,"key":"Ring of Fury"},{"floor":37,"key":"ReplayTheSpireMod:Ring of Addiction"},{"floor":37,"key":"Potion Belt"},{"floor":37,"key":"hubris:EmptyBottle"},{"floor":43,"key":"Chameleon Ring"},{"floor":44,"key":"hubris:FunFungus"},{"floor":47,"key":"Bronze Scales"}],"event_choices":[{"damage_healed":0,"gold_gain":0,"player_choice":"Success","damage_taken":12,"relics_obtained":["Replay:Accelerometer"],"max_hp_gain":0,"max_hp_loss":0,"event_name":"Scrap Ooze","floor":13,"gold_loss":0},{"damage_healed":0,"gold_gain":0,"cards_transformed":["infinitespire:Pacifist"],"player_choice":"Transformed","damage_taken":0,"max_hp_gain":0,"max_hp_loss":0,"event_name":"Transmorgrifier","floor":38,"gold_loss":0,"cards_obtained":["Languid"]},{"damage_healed":0,"gold_gain":0,"player_choice":"Fight","damage_taken":0,"max_hp_gain":0,"max_hp_loss":0,"event_name":"MindBloom","floor":44,"gold_loss":0}],"is_beta":false,"boss_relics":[{"not_picked":["hubris:VirtuousBlindfold","ReplayTheSpireMod:DimensionalGlitch"],"picked":"Replay:Wanted Poster"},{"not_picked":["SacredBark","aspiration:RandomNobGenerator"],"picked":"Kintsugi"}],"items_purged_floors":[20],"is_endless":false,"potions_floor_spawned":[1,6,10,16,19,30,36,41,44,45],"killed_by":"Giant Head","ascension_level":0}}