{"host":"13o02hya6v6rzuva","time":1614239421,"event":{"mods":["BaseMod","Minty Spire (QoL Compilation)","Relic Stats"],"gold_per_floor":[210,220,39,52,22,53,53,87,87,87,107,107,107,282,282,405,405,423,441,540,540,560,560,596,614,614,634,634,634],"floor_reached":28,"language":"ENG","playtime":2291,"items_purged":[],"score":397,"play_id":"4890b9e0-affa-4000-be4a-c0f47205c4af","local_time":"20210225085021","is_ascension_mode":true,"campfire_choices":[{"data":"Bouncing Flask","floor":7.0,"key":"SMITH"},{"floor":10,"key":"REST"},{"data":"Leg Sweep","floor":12,"key":"SMITH"},{"data":"Deadly Poison","floor":15,"key":"SMITH"},{"data":"Malaise","floor":23,"key":"SMITH"}],"circlet_count":0,"master_deck":["AscendersBane","Strike_G","Strike_G+1","Strike_G","Strike_G","Strike_G+1","Defend_G","Defend_G","Defend_G","Defend_G","Defend_G","Survivor","Neutralize","Deadly Poison","Bouncing Flask+1","Well Laid Plans","Leg Sweep+1","Deadly Poison+1","Backstab+1","Injury","Doubt","Malaise+1","CurseOfTheBell","Deadly Poison","Poisoned Stab+1","Dagger Spray+1","Corpse Explosion","Backflip","Distraction+1"],"relics":["Ring of the Snake","ClockworkSouvenir","Whetstone","Molten Egg 2","Snake Skull","Golden Idol","Calling Bell","Blood Vial","Eternal Feather","Ginger","Vajra","Regal Pillow"],"acts_visited":["Exordium","TheCity"],"potions_floor_usage":[8,22,27],"damage_taken":[{"damage":6.0,"enemies":"2 Louse","floor":1.0,"turns":6.0},{"damage":0.0,"enemies":"Small Slimes","floor":2.0,"turns":4.0},{"damage":1.0,"enemies":"Cultist","floor":4.0,"turns":4.0},{"damage":0.0,"enemies":"Looter","floor":5.0,"turns":4.0},{"damage":8.0,"enemies":"Lagavulin","floor":6.0,"turns":6.0},{"damage":27,"enemies":"3 Sentries","floor":8,"turns":9},{"damage":2,"enemies":"3 Louse","floor":11,"turns":5},{"damage":5,"enemies":"The Guardian","floor":16,"turns":7},{"damage":7,"enemies":"Shell Parasite","floor":18,"turns":5},{"damage":8,"enemies":"3 Byrds","floor":19,"turns":5},{"damage":11,"enemies":"Cultist and Chosen","floor":22,"turns":6},{"damage":35,"enemies":"Slavers","floor":24,"turns":8},{"damage":0,"enemies":"Snake Plant","floor":25,"turns":2},{"damage":19,"enemies":"Shelled Parasite and Fungi","floor":27,"turns":5},{"damage":10,"enemies":"Book of Stabbing","floor":28,"turns":3}],"seed_played":"-2339487722061669970","potions_obtained":[{"floor":2.0,"key":"GhostInAJar"},{"floor":4.0,"key":"SpeedPotion"},{"floor":8,"key":"GhostInAJar"}],"is_trial":false,"path_per_floor":["M","M","$","M","M","E","R","E","T","R","M","R","?","?","R","B",null,"M","M","?","?","M","R","E","M","T","M","E"],"character_chosen":"THE_SILENT","items_purchased":["ClockworkSouvenir","Well Laid Plans"],"campfire_rested":1,"item_purchase_floors":[3,3],"current_hp_per_floor":[57,57,57,56,56,48,48,21,21,42,40,40,40,40,40,35,61,56,50,50,50,41,56,23,25,25,8,0,0],"gold":634,"neow_bonus":"HUNDRED_GOLD","is_daily":false,"chose_seed":false,"campfire_upgraded":4,"win_rate":0.0,"timestamp":1614239421,"path_taken":["M","M","$","M","M","E","R","E","T","R","M","R","?","?","R","BOSS","M","M","?","?","M","R","E","?","T","M","E"],"items_purchased_type":["Relic","Card"],"build_version":"2020-12-22","purchased_purges":0,"victory":false,"max_hp_per_floor":[70,70,70,70,70,70,70,70,70,70,70,70,70,70,70,70,70,70,70,70,70,70,70,70,70,70,70,70,70],"relic_stats":{"Blood Vial":14,"Regal Pillow":0,"counters":[15,79],"Golden Idol":52,"Eternal Feather":15,"Snake Skull":[58],"Whetstone":["Strike_G","Strike_G"],"Ginger":[11],"obtain_stats":[{"Calling Bell":17,"Blood Vial":17,"Regal Pillow":26,"Golden Idol":13,"Vajra":24,"Molten Egg 2":8,"Eternal Feather":17,"Snake Skull":9,"Whetstone":6,"Ginger":17,"Ring of the Snake":0,"ClockworkSouvenir":3},{"Calling Bell":8,"Blood Vial":8,"Regal Pillow":13,"Golden Idol":7,"Vajra":12,"Molten Egg 2":6,"Eternal Feather":8,"Snake Skull":6,"Whetstone":5,"Ginger":8,"Ring of the Snake":0,"ClockworkSouvenir":2},{"Calling Bell":45,"Blood Vial":45,"Regal Pillow":71,"Golden Idol":38,"Vajra":69,"Molten Egg 2":33,"Eternal Feather":45,"Snake Skull":33,"Whetstone":24,"Ginger":45,"Ring of the Snake":0,"ClockworkSouvenir":10}],"Ring of the Snake":[30]},"card_choices":[{"not_picked":["Cloak And Dagger","Sucker Punch"],"picked":"Deadly Poison","floor":1.0},{"not_picked":["Cloak And Dagger","Noxious Fumes"],"picked":"Bouncing Flask","floor":2.0},{"not_picked":["Heel Hook","Backflip"],"picked":"Leg Sweep","floor":4.0},{"not_picked":["Outmaneuver","Well Laid Plans","Distraction"],"picked":"SKIP","floor":5.0},{"not_picked":["Prepared","Concentrate"],"picked":"Deadly Poison","floor":6.0},{"not_picked":["Underhanded Strike+1","Eviscerate+1","Choke+1"],"picked":"SKIP","floor":8},{"not_picked":["Acrobatics","Blade Dance"],"picked":"Backstab+1","floor":11},{"not_picked":["Phantasmal Killer","Tools of the Trade"],"picked":"Malaise","floor":16},{"not_picked":["Well Laid Plans+1","Leg Sweep"],"picked":"Deadly Poison","floor":18},{"not_picked":["Backflip","Sucker Punch+1"],"picked":"Poisoned Stab+1","floor":19},{"not_picked":["Reflex","Masterful Stab+1"],"picked":"Dagger Spray+1","floor":22},{"not_picked":["Underhanded Strike+1","Blade Dance"],"picked":"Corpse Explosion","floor":24},{"not_picked":["Quick Slash+1","Well Laid Plans"],"picked":"Backflip","floor":25},{"not_picked":["Dagger Throw+1","Blade Dance+1"],"picked":"Distraction+1","floor":27}],"player_experience":1265821,"relics_obtained":[{"floor":6.0,"key":"Whetstone"},{"floor":8,"key":"Molten Egg 2"},{"floor":9,"key":"Snake Skull"},{"floor":17,"key":"Blood Vial"},{"floor":17,"key":"Eternal Feather"},{"floor":17,"key":"Ginger"},{"floor":24,"key":"Vajra"},{"floor":26,"key":"Regal Pillow"}],"event_choices":[{"damage_healed":0,"gold_gain":0,"player_choice":"Take Wound","damage_taken":0,"relics_obtained":["Golden Idol"],"max_hp_gain":0,"max_hp_loss":0,"event_name":"Golden Idol","floor":13,"gold_loss":0,"cards_obtained":["Injury"]},{"damage_healed":0,"gold_gain":175,"player_choice":"AGREE","damage_taken":0,"max_hp_gain":0,"max_hp_loss":0,"event_name":"Liars Game","floor":14,"gold_loss":0,"cards_obtained":["Doubt"]},{"damage_healed":0,"gold_gain":99,"player_choice":"Stole From Cult","damage_taken":0,"max_hp_gain":0,"max_hp_loss":0,"event_name":"Nest","floor":20,"gold_loss":0},{"damage_healed":0,"gold_gain":0,"player_choice":"Bought 0 Potions","damage_taken":0,"max_hp_gain":0,"max_hp_loss":0,"event_name":"The Woman in Blue","floor":21,"gold_loss":0}],"is_beta":false,"boss_relics":[{"not_picked":["Runic Dome","Runic Pyramid"],"picked":"Calling Bell"}],"items_purged_floors":[],"is_endless":false,"potions_floor_spawned":[2,4,8,16,19],"killed_by":"Book of Stabbing","ascension_level":12}}