{"host":"uceopoba4zvqsgiy","time":1614215098,"event":{"mods":["2.2 Compatiblity","Act Like it!","BaseMod","Better Skull","Better Third Choice","Elementarium","Evolution","GifTheSpireLib","Hermit","Humility","Infinite Spire","Jorbs\u0027s Wanderer Trilogy","Marked Mod","Minty Spire (QoL Compilation)","Potionbrewer","Reliquary","Replay The Spire","Robot Space Explorer","Shade Mod","Spicy Shops","StS++","StSLib","Stuff the Spire","The Blue Laboratory","The Caster","The Cursed","The Dragon Tamer","The Dragonkin","The Hierophant","The Judge","The Jungle","TheSurvivalist","Wandering Minibosses"],"gold_per_floor":[115,43,43,43,120,145,145,145,145,170,170,7,22,37,37,65,65,162,162,175,175,193,193,193,193,193],"floor_reached":25,"language":"ENG","playtime":1172,"items_purged":[],"score":456,"play_id":"c5c1c711-5a91-41d0-bcef-8b95ad23d0af","local_time":"20210225113458","is_ascension_mode":true,"campfire_choices":[{"data":"WordoMod:EndOfTheWorld","floor":7,"key":"SMITH"},{"data":"WordoMod:LordOfTheFlies","floor":15,"key":"SMITH"},{"floor":17,"key":"REST"}],"circlet_count":0,"master_deck":["WordoMod:SoulSpear","WordoMod:SoulSpear","WordoMod:SoulSpear","WordoMod:SoulSpear","WordoMod:DefendCard","WordoMod:DefendCard","WordoMod:DefendCard","WordoMod:DefendCard","WordoMod:Accursed","WordoMod:IllWill","StuffTheSpire:CuriosityCurse","WordoMod:Pestilence","WordoMod:EndOfTheWorld+1","ReplayTheSpireMod:Restless Dread","WordoMod:ProfanedFlame","WordoMod:Sacrilege","WordoMod:Sacrilege","WordoMod:LordOfTheFlies+1","ReplayTheSpireMod:Restless Dread","WordoMod:Sacrilege","WordoMod:DarkForm","CurseOfTheBell","Overencumbered","WordoMod:LanternFlame+1"],"relics":["WordoMod:Obsidian","WordoMod:Effigy","EVO:Axolotl","NeowsBlessing","potionbrewer:Keyblade","StuffTheSpire:DarkSteelAnvil","ReplayTheSpireMod:CursedCoin","StSpp:BoiledEgg","reliquary:Knoch","Potion Belt","StuffTheSpire:CocoNut","Blood Vial","Calling Bell","StuffTheSpire:Barrel","Matryoshka","StuffTheSpire:Wildfire"],"acts_visited":["Exordium","TheCity"],"potions_floor_usage":[16,18,20,22,25],"damage_taken":[{"damage":0,"enemies":"Small Slimes","floor":1,"turns":1},{"damage":0,"enemies":"Gremlin Nob","floor":6,"turns":1},{"damage":0,"enemies":"Lagavulin","floor":10,"turns":1},{"damage":0,"enemies":"2 Louse","floor":13,"turns":1},{"damage":7,"enemies":"Cultist","floor":14,"turns":3},{"damage":37,"enemies":"Gremlin Nob","floor":16,"turns":5},{"damage":30,"enemies":"Fading Forest","floor":18,"turns":11},{"damage":6,"enemies":"3 Byrds","floor":20,"turns":2},{"damage":40,"enemies":"Spheric Guardian","floor":22,"turns":6},{"damage":32,"enemies":"Nightmare","floor":25,"turns":7}],"seed_played":"3608702713155566724","potions_obtained":[{"floor":6,"key":"blueLaboratory:ImpenetrablePotion"},{"floor":10,"key":"blueLaboratory:BottledHope"},{"floor":16,"key":"potionbrewer:BarricadePotion"},{"floor":18,"key":"Energy Potion"},{"floor":20,"key":"AttackPotion"},{"floor":22,"key":"potionbrewer:DiscountPotion"}],"is_trial":false,"path_per_floor":["M","$","?","?","$","E","R","PTL","PTL","E","T","$","M","M","R","E","R","B",null,"M","?","M","$","?","NM"],"character_chosen":"JUDGE_CLASS","items_purchased":["potionbrewer:Keyblade","ReplayTheSpireMod:CursedCoin","WordoMod:Pestilence","WordoMod:Sacrilege","StuffTheSpire:CocoNut"],"campfire_rested":1,"item_purchase_floors":[2,5,5,12,12],"current_hp_per_floor":[75,75,75,75,75,75,75,75,75,75,75,82,82,75,75,38,62,42,72,68,68,30,30,30,0,0],"gold":193,"neow_bonus":"THREE_ENEMY_KILL","is_daily":false,"chose_seed":false,"campfire_upgraded":2,"win_rate":0.0,"timestamp":1614215098,"path_taken":["M","$","?","?","$","E","R","PTL","PTL","E","T","$","M","M","R","E","R","BOSS","M","?","M","$","?","NM"],"items_purchased_type":["Relic","Relic","Card","Card","Relic"],"build_version":"2020-12-22","purchased_purges":0,"victory":false,"max_hp_per_floor":[75,75,75,75,75,75,75,75,75,75,75,82,82,82,82,82,82,82,82,82,82,82,82,82,82,82],"card_choices":[{"not_picked":["WordoMod:SoulSpear","WordoMod:FalseDiagnosis","WordoMod:Exorcism"],"picked":"SKIP","floor":1},{"not_picked":["WordoMod:Sickness","WordoMod:CurseBuckler"],"picked":"WordoMod:EndOfTheWorld","floor":6},{"not_picked":["Delirium","Amnesia"],"picked":"ReplayTheSpireMod:Restless Dread","floor":10},{"not_picked":["WordoMod:BoundlessGreed","WordoMod:Cremate"],"picked":"WordoMod:ProfanedFlame","floor":10},{"not_picked":["WordoMod:Penitence","WordoMod:LanternFlame"],"picked":"WordoMod:LordOfTheFlies","floor":13},{"not_picked":["WordoMod:MementoMori","WordoMod:BreakChains","WordoMod:MentalFortitude"],"picked":"SKIP","floor":14},{"not_picked":["ReplayTheSpireMod:Faulty Equipment","Parasite"],"picked":"ReplayTheSpireMod:Restless Dread","floor":16},{"not_picked":["WordoMod:TheCure","WordoMod:SoulSpear"],"picked":"WordoMod:Sacrilege","floor":16},{"not_picked":["WordoMod:MorbidFascination","WordoMod:ConjureTheDamned"],"picked":"WordoMod:DarkForm","floor":18},{"not_picked":["WordoMod:BoundlessGreed","WordoMod:ScatterAshes","WordoMod:FalseDiagnosis"],"picked":"SKIP","floor":20},{"not_picked":["Amnesia","Delirium"],"picked":"Overencumbered","floor":22},{"not_picked":["WordoMod:BoundlessGreed+1","WordoMod:WillOWisp+1"],"picked":"WordoMod:LanternFlame+1","floor":22}],"player_experience":1885123,"relics_obtained":[{"floor":6,"key":"StSpp:BoiledEgg"},{"floor":10,"key":"reliquary:Knoch"},{"floor":11,"key":"Potion Belt"},{"floor":16,"key":"Blood Vial"},{"floor":19,"key":"StuffTheSpire:Barrel"},{"floor":19,"key":"Matryoshka"},{"floor":19,"key":"StuffTheSpire:Wildfire"}],"event_choices":[{"damage_healed":0,"gold_gain":0,"player_choice":"Ignored","damage_taken":0,"max_hp_gain":0,"max_hp_loss":0,"event_name":"Golden Wing","floor":3,"gold_loss":0},{"damage_healed":0,"gold_gain":0,"player_choice":"Box","damage_taken":0,"relics_obtained":["StuffTheSpire:DarkSteelAnvil"],"max_hp_gain":0,"max_hp_loss":0,"event_name":"Big Fish","floor":4,"gold_loss":0,"cards_obtained":["Regret"]},{"damage_healed":0,"gold_gain":0,"player_choice":"Ignored","damage_taken":0,"max_hp_gain":0,"max_hp_loss":0,"event_name":"Ghosts","floor":21,"gold_loss":0},{"cards_removed":["Regret"],"damage_healed":0,"gold_gain":0,"player_choice":"Purged","damage_taken":0,"max_hp_gain":0,"max_hp_loss":0,"event_name":"Purifier","floor":24,"gold_loss":0}],"is_beta":false,"boss_relics":[{"not_picked":["ReplayTheSpireMod:SealedPack","potionbrewer:BhaskarasWheel"],"picked":"Calling Bell"}],"items_purged_floors":[],"is_endless":false,"potions_floor_spawned":[6,10,16,18,20,22],"killed_by":"Nightmare","ascension_level":5,"is_humility":true}}