{"host":"sc0o2qwpf9j16a4i","time":1614257146,"event":{"mods":["AchievementEnabler","BaseMod","BetterRewards","Block Reminder","Colored Map","Colored Powertips","Custom Start","Highlight Path","Minty Spire (QoL Compilation)","Relic Stats"],"gold_per_floor":[119,34,34,58,8,42,42,86,86,105,105,124,149,193,193,286,286,301,301,325,325,22,53,53,53,78,114,114,149,162,200,200,289,289,313,338,47,47,47],"floor_reached":38,"language":"ENG","playtime":1513,"items_purged":["Strike_R","Strike_R"],"score":1036,"play_id":"ff1f48ee-1751-4285-bb0c-f73b86983bee","local_time":"20210225144546","is_ascension_mode":true,"campfire_choices":[{"data":"Armaments","floor":7,"key":"SMITH"},{"data":"True Grit","floor":15,"key":"SMITH"},{"floor":24,"key":"REST"},{"data":"Feel No Pain","floor":28,"key":"SMITH"},{"data":"Pommel Strike","floor":32,"key":"SMITH"}],"circlet_count":0,"master_deck":["AscendersBane","Strike_R","Strike_R","Strike_R","Defend_R","Defend_R","Defend_R","Defend_R","Bash","Power Through","Feel No Pain+1","Battle Trance","Armaments+1","Carnage","Bludgeon","True Grit+1","Pommel Strike+1","Evolve","Fiend Fire","Dark Embrace","Second Wind","Ghostly Armor","Dual Wield+1","Shrug It Off","Body Slam","Disarm+1","Barricade","Clothesline","True Grit+1"],"relics":["Burning Blood","NeowsBlessing","Golden Idol","Pocketwatch","Juzu Bracelet","StrikeDummy","Tiny Chest","Snecko Eye","Lee\u0027s Waffle","Mercury Hourglass","Happy Flower","Pantograph","Toxic Egg 2","Bird Faced Urn","Black Star","PreservedInsect"],"acts_visited":["Exordium","TheCity","TheBeyond"],"potions_floor_usage":[14,16,16,23,27,35],"damage_taken":[{"damage":0,"enemies":"Small Slimes","floor":1,"turns":1},{"damage":0,"enemies":"Jaw Worm","floor":4,"turns":1},{"damage":0,"enemies":"Gremlin Nob","floor":6,"turns":1},{"damage":25,"enemies":"Lagavulin","floor":8,"turns":11},{"damage":0,"enemies":"2 Louse","floor":10,"turns":2},{"damage":0,"enemies":"Large Slime","floor":12,"turns":3},{"damage":3,"enemies":"Blue Slaver","floor":13,"turns":4},{"damage":12,"enemies":"3 Sentries","floor":14,"turns":11},{"damage":4,"enemies":"The Guardian","floor":16,"turns":12},{"damage":0,"enemies":"Chosen","floor":18,"turns":2},{"damage":32,"enemies":"Shell Parasite","floor":20,"turns":6},{"damage":42,"enemies":"Slavers","floor":23,"turns":6},{"damage":13,"enemies":"Gremlin Leader","floor":27,"turns":6},{"damage":22,"enemies":"Slavers","floor":29,"turns":5},{"damage":11,"enemies":"Snake Plant","floor":30,"turns":4},{"damage":0,"enemies":"Gremlin Leader","floor":31,"turns":6},{"damage":19,"enemies":"Champ","floor":33,"turns":9},{"damage":6,"enemies":"3 Shapes","floor":35,"turns":4},{"damage":12,"enemies":"3 Darklings","floor":38,"turns":2}],"seed_played":"4176072606267036667","potions_obtained":[{"floor":1,"key":"Energy Potion"},{"floor":4,"key":"Swift Potion"},{"floor":12,"key":"BlessingOfTheForge"},{"floor":14,"key":"AttackPotion"},{"floor":16,"key":"Regen Potion"},{"floor":20,"key":"Explosive Potion"},{"floor":27,"key":"Ancient Potion"},{"floor":33,"key":"SkillPotion"},{"floor":35,"key":"Block Potion"}],"is_trial":false,"path_per_floor":["M","$","?","M","$","E","R","E","T","M","?","M","M","E","R","B",null,"M","?","M","?","$","E","R","?","T","E","R","E","M","E","R","B",null,"M","T","$","M"],"character_chosen":"IRONCLAD","items_purchased":["Feel No Pain","Armaments","Lee\u0027s Waffle","ColorlessPotion","True Grit+1","PreservedInsect"],"campfire_rested":1,"item_purchase_floors":[2,5,22,22,37,37],"current_hp_per_floor":[74,74,68,68,68,68,68,49,49,55,55,61,64,58,58,60,66,68,68,42,42,75,39,61,61,61,54,54,38,33,39,39,57,71,75,75,75,63,63],"gold":47,"neow_bonus":"THREE_ENEMY_KILL","is_daily":false,"chose_seed":false,"campfire_upgraded":4,"win_rate":0.0,"timestamp":1614257146,"path_taken":["M","$","?","M","$","E","R","E","T","M","?","M","M","E","R","BOSS","M","?","M","?","$","E","R","?","T","E","R","E","M","E","R","BOSS","M","?","$","M"],"items_purchased_type":["Card","Card","Relic","Potion","Card","Relic"],"build_version":"2020-12-22","purchased_purges":2,"victory":false,"max_hp_per_floor":[75,75,68,68,68,68,68,68,68,68,68,68,68,68,68,68,68,68,68,68,68,75,75,75,75,75,75,75,75,75,75,75,75,75,75,75,75,75,75],"relic_stats":{"Lee\u0027s Waffle":33,"Happy Flower":[12],"counters":[19,94],"Golden Idol":124,"PreservedInsect":0,"Juzu Bracelet":0,"Burning Blood":92,"Mercury Hourglass":[177],"Pantograph":25,"Bird Faced Urn":[10],"Snecko Eye":[103,126,120,104],"Tiny Chest":1,"Black Star":0,"obtain_stats":[{"Lee\u0027s Waffle":22,"NeowsBlessing":0,"Happy Flower":26,"Golden Idol":3,"PreservedInsect":37,"Juzu Bracelet":8,"Burning Blood":0,"Mercury Hourglass":23,"Pantograph":27,"Bird Faced Urn":31,"Snecko Eye":17,"Tiny Chest":14,"Black Star":34,"Toxic Egg 2":29,"StrikeDummy":9,"Pocketwatch":6},{"Lee\u0027s Waffle":11,"NeowsBlessing":0,"Happy Flower":12,"Golden Idol":1,"PreservedInsect":18,"Juzu Bracelet":4,"Burning Blood":0,"Mercury Hourglass":12,"Pantograph":13,"Bird Faced Urn":16,"Snecko Eye":9,"Tiny Chest":8,"Black Star":17,"Toxic Egg 2":14,"StrikeDummy":4,"Pocketwatch":3},{"Lee\u0027s Waffle":54,"NeowsBlessing":0,"Happy Flower":60,"Golden Idol":1,"PreservedInsect":92,"Juzu Bracelet":14,"Burning Blood":0,"Mercury Hourglass":60,"Pantograph":66,"Bird Faced Urn":80,"Snecko Eye":46,"Tiny Chest":34,"Black Star":89,"Toxic Egg 2":71,"StrikeDummy":14,"Pocketwatch":3}],"Pocketwatch":[131]},"card_choices":[{"not_picked":["Searing Blow","Body Slam"],"picked":"Power Through","floor":1},{"not_picked":["Shrug It Off","Anger"],"picked":"Battle Trance","floor":4},{"not_picked":["Power Through","Headbutt"],"picked":"Carnage","floor":6},{"not_picked":["Blood for Blood","Sword Boomerang"],"picked":"Bludgeon","floor":8},{"not_picked":["Havoc","Infernal Blade"],"picked":"True Grit","floor":10},{"not_picked":["Sword Boomerang","Carnage"],"picked":"Pommel Strike","floor":12},{"not_picked":["Dual Wield","Warcry","Power Through"],"picked":"SKIP","floor":13},{"not_picked":["Heavy Blade","Intimidate"],"picked":"Evolve","floor":14},{"not_picked":["Berserk","Bludgeon"],"picked":"Fiend Fire","floor":16},{"not_picked":["Iron Wave","Infernal Blade"],"picked":"Dark Embrace","floor":18},{"not_picked":["Flex","Metallicize"],"picked":"Ghostly Armor","floor":20},{"not_picked":["Clothesline","Clash"],"picked":"Dual Wield+1","floor":23},{"not_picked":["Pommel Strike+1","Fiend Fire"],"picked":"Shrug It Off","floor":27},{"not_picked":["Body Slam","Heavy Blade","Cleave"],"picked":"SKIP","floor":29},{"not_picked":["Evolve","Havoc+1"],"picked":"Body Slam","floor":30},{"not_picked":["Searing Blow","Sever Soul"],"picked":"Disarm+1","floor":31},{"not_picked":["Berserk","Fiend Fire"],"picked":"Barricade","floor":33},{"not_picked":["Perfected Strike","Headbutt"],"picked":"Clothesline","floor":35}],"player_experience":1544342,"relics_obtained":[{"floor":6,"key":"Pocketwatch"},{"floor":8,"key":"Juzu Bracelet"},{"floor":9,"key":"StrikeDummy"},{"floor":14,"key":"Tiny Chest"},{"floor":23,"key":"Mercury Hourglass"},{"floor":26,"key":"Happy Flower"},{"floor":27,"key":"Pantograph"},{"floor":29,"key":"Toxic Egg 2"},{"floor":31,"key":"Bird Faced Urn"}],"event_choices":[{"damage_healed":0,"gold_gain":0,"player_choice":"Lose Max HP","damage_taken":0,"relics_obtained":["Golden Idol"],"max_hp_gain":0,"max_hp_loss":7,"event_name":"Golden Idol","floor":3,"gold_loss":0},{"damage_healed":0,"gold_gain":0,"player_choice":"Ignored","damage_taken":0,"max_hp_gain":0,"max_hp_loss":0,"event_name":"Liars Game","floor":11,"gold_loss":0},{"damage_healed":0,"gold_gain":0,"player_choice":"Read","damage_taken":0,"max_hp_gain":0,"max_hp_loss":0,"event_name":"The Library","floor":19,"gold_loss":0,"cards_obtained":["Second Wind"]},{"damage_healed":0,"gold_gain":0,"player_choice":"Ignored","damage_taken":0,"max_hp_gain":0,"max_hp_loss":0,"event_name":"The Mausoleum","floor":21,"gold_loss":0},{"damage_healed":0,"gold_gain":0,"player_choice":"Ignored","damage_taken":0,"max_hp_gain":0,"max_hp_loss":0,"event_name":"Vampires","floor":25,"gold_loss":0}],"is_beta":false,"boss_relics":[{"not_picked":["Velvet Choker","SlaversCollar"],"picked":"Snecko Eye"},{"not_picked":["Sozu","Philosopher\u0027s Stone"],"picked":"Black Star"}],"items_purged_floors":[22,37],"is_endless":false,"potions_floor_spawned":[1,4,10,12,14,16,20,27,33,35],"killed_by":"3 Darklings","ascension_level":20}}