{"host":"75f7vpxw7p171fvt","time":1614239499,"event":{"mods":["100% Spire Juice","Act Like it!","Arknights","Astrologer","Bard","BaseMod","CapriCore","ChefMod","Clockwork Mod","Communication Mod","Downfall","Duelist Mod","Gensokyo","Gremlin Mod","Jorbs\u0027s Wanderer Trilogy","Minty Spire (QoL Compilation)","Potionbrewer","Reliquary","Robot Space Explorer","Shapeshifter Mod","StS++","StSLib","The Administrix","The Blackbeard","The Dragon Tamer","The Gatherer","The Immortal","The Mystic","The Poker Player"],"gold_per_floor":[99,109,109,127,127,35,35,45,57,6,6,25,25,38,54,157,157,157,169,169,169,185,185,185,199,199,227,227,238,238,249,249,149,25,45,148,148,148,148,14,114,164,164,213,247,258,258,1,19,19,37,49,49],"floor_reached":56,"language":"ENG","playtime":9550,"items_purged":[],"score":896,"play_id":"2ec25ea7-e960-4515-bdb0-008b8cbb3db9","local_time":"20210224235139","is_ascension_mode":false,"campfire_choices":[{"data":"sneckomod:Unknown","floor":1,"key":"SMITH"},{"data":"sneckomod:Nope","floor":13,"key":"SMITH"},{"floor":29,"key":"REST"},{"floor":34,"key":"REST"},{"data":"sneckomod:SnekBeam","floor":40,"key":"SMITH"}],"circlet_count":0,"master_deck":["sneckomod:TailWhip","sneckomod:SnekBite+1","sneckomod:Unknown+1","sneckomod:UnknownWeak","sneckomod:UnknownVulnerable","sneckomod:Unknown0Cost","sneckomod:UnknownRareAttack","sneckomod:SerpentIdol","sneckomod:Nope+1","sneckomod:UnendingSupply","sneckomod:Restock","sneckomod:UnknownCommonSkill","sneckomod:SerpentMind+1","Gremlin:FollowThrough+1","sneckomod:Unknown1Cost","Ghostly","Ghostly","Ghostly","Ghostly","Ghostly","sneckomod:UnknownUncommonPower+1","sneckomod:UnknownVulnerable","sneckomod:UnknownCommonSkill","sneckomod:UnknownUncommonPower+1","sneckomod:UnknownExhaust","sneckomod:UnknownExhaust","sneckomod:UnknownCommonAttack+1","sneckomod:SnekBeam+1","sneckomod:UnknownRarePower+1","sneckomod:UnknownBlock","sneckomod:SoulCleanse+1","sneckomod:UnknownRareAttack","sneckomod:UnlimitedRolls+1","sneckomod:UnknownUncommonPower+1","sneckomod:Nope","Panache+1","sneckomod:UnknownExhaust","sneckomod:SoulExchange","sneckomod:MasterEye+1","sneckomod:DiceCrush","sneckomod:Nope","downfall:Haunted","downfall:Haunted","theDuelist:CurseAging","sneckomod:SerpentMind+1","theDuelist:CurseAnubis","Shame","sneckomod:CheapStock+1","sneckomod:UnknownX","sneckomod:Cheat","sneckomod:UnknownRareSkill","sneckomod:UnknownClassHEXA_GHOST_PURPLE+1","sneckomod:SnekBeam+1","hexamod:WildfireWeapon+1","sneckomod:UnknownDraw","sneckomod:ImprovisedAttack+1","sneckomod:CheapStock+1"],"relics":["sneckomod:SneckoSoul","Lantern","potionbrewer:BottledElixir","Frozen Egg 2","SlaversCollar","potionbrewer:SlideRule","StSpp:WoodenPendulum","downfall:HeartBlessingBlue","Sling","Snecko Eye","Du-Vu Doll","StSpp:WoodenStick","Blood Vial","reliquary:BoilingFlask","Letter Opener"],"acts_visited":["Exordium","TheCity","TheBeyond"],"potions_floor_usage":[16,16,16,32,35,35,35,55],"damage_taken":[{"damage":0,"enemies":"Cultist","floor":2,"turns":3},{"damage":0,"enemies":"Small Slimes","floor":4,"turns":3},{"damage":0,"enemies":"downfall:FleeingMerchant","floor":6,"turns":4},{"damage":1,"enemies":"Jaw Worm","floor":8,"turns":3},{"damage":5,"enemies":"Blue Slaver","floor":9,"turns":4},{"damage":1,"enemies":"downfall:FleeingMerchant","floor":10,"turns":4},{"damage":15,"enemies":"Red Slaver","floor":12,"turns":4},{"damage":15,"enemies":"Exordium Wildlife","floor":14,"turns":3},{"damage":0,"enemies":"Large Slime","floor":15,"turns":5},{"damage":20,"enemies":"IC_STATUS_ARCHETYPE","floor":16,"turns":10},{"damage":60,"enemies":"3 Byrds","floor":19,"turns":6},{"damage":0,"enemies":"Spheric Guardian","floor":22,"turns":4},{"damage":3,"enemies":"Snake Plant","floor":25,"turns":6},{"damage":33,"enemies":"Shelled Parasite and Fungi","floor":27,"turns":5},{"damage":17,"enemies":"3 Cultists","floor":30,"turns":4},{"damage":2,"enemies":"Snecko","floor":32,"turns":5},{"damage":0,"enemies":"downfall:FleeingMerchant","floor":35,"turns":4},{"damage":10,"enemies":"Cultist and Chosen","floor":36,"turns":4},{"damage":6,"enemies":"WA_ARCHETYPE_CALM","floor":37,"turns":7},{"damage":1,"enemies":"WA_ARCHETYPE_CALM","floor":44,"turns":3},{"damage":22,"enemies":"Nemesis","floor":47,"turns":4},{"damage":6,"enemies":"3 Shapes","floor":48,"turns":2},{"damage":1,"enemies":"Orb Walker","floor":51,"turns":2},{"damage":5,"enemies":"Maw","floor":53,"turns":9},{"damage":12,"enemies":"4 Shapes","floor":54,"turns":4},{"damage":8,"enemies":"SI_POISON_ARCHETYPE","floor":55,"turns":5}],"seed_played":"-2896049445184942714","potions_obtained":[{"floor":2,"key":"Energy Potion"},{"floor":12,"key":"potionbrewer:InfectionPotion"},{"floor":14,"key":"DistilledChaos"},{"floor":27,"key":"StSpp:ScatteredPotion"},{"floor":30,"key":"PowerPotion"},{"floor":36,"key":"Explosive Potion"},{"floor":37,"key":"sneckomod:CheatPotion"},{"floor":44,"key":"Explosive Potion"},{"floor":44,"key":"PowerPotion"},{"floor":51,"key":"Block Potion"},{"floor":54,"key":"potionbrewer:BarricadePotion"}],"is_trial":false,"path_per_floor":["R","M","?","M","?","$","T","M","M","$","T","M","R","M","M","B",null,"R","M","?","T","M","?","T","M","?","M","R","M","M","M","T","R","$","M","B",null,"R","?","$","?","?","?","T","E","M","?","$","M","R","M","M","B",null],"character_chosen":"THE_SNECKO","items_purchased":["sneckomod:UnknownRareAttack","sneckomod:UnendingSupply","sneckomod:UnknownUncommonPower+1","Sling","sneckomod:Nope","Panache+1","sneckomod:MasterEye+1","sneckomod:DiceCrush","sneckomod:Nope","Letter Opener"],"campfire_rested":2,"item_purchase_floors":[6,10,35,35,35,35,42,42,42,50],"current_hp_per_floor":[99,99,81,81,81,81,81,80,75,74,74,59,59,44,44,28,103,103,43,43,43,43,43,43,40,40,7,22,5,5,3,3,31,31,32,33,61,61,61,61,66,65,65,65,44,40,40,40,41,41,70,65,59],"gold":49,"neow_bonus":"TEN_PERCENT_HP_BONUS","is_daily":false,"chose_seed":false,"campfire_upgraded":3,"win_rate":0.0,"timestamp":1614239499,"path_taken":["R","M","?","M","?","$","T","M","M","?","?","M","R","M","M","BOSS","R","M","?","?","M","?","T","?","?","M","R","M","M","?","?","R","$","M","BOSS","R","?","$","?","?","?","T","E","?","?","$","M","R","M","M","BOSS"],"items_purchased_type":["Card","Card","Card","Relic","Card","Card","Card","Card","Card","Relic"],"build_version":"2020-12-22","purchased_purges":0,"victory":true,"max_hp_per_floor":[99,99,99,99,99,99,99,99,99,99,99,99,99,99,99,103,103,103,103,51,51,51,51,51,51,51,51,51,51,51,51,51,61,61,61,61,61,61,61,61,66,66,66,66,66,66,66,66,66,66,98,103,103],"card_choices":[{"not_picked":["sneckomod:DiceCrush","sneckomod:UnknownCommonSkill"],"picked":"sneckomod:UnknownWeak","floor":2},{"not_picked":["sneckomod:DiceBlock","sneckomod:UnknownCommonSkill"],"picked":"sneckomod:UnknownVulnerable","floor":4},{"not_picked":["sneckomod:Unknown2Cost","sneckomod:DiceCrush"],"picked":"sneckomod:Unknown0Cost","floor":6},{"not_picked":["sneckomod:UnknownCommonAttack","sneckomod:RainOfDice"],"picked":"sneckomod:SerpentIdol","floor":8},{"not_picked":["sneckomod:UnknownCommonAttack","sneckomod:DiceBlock"],"picked":"sneckomod:UnknownDraw","floor":9},{"not_picked":["sneckomod:SoulDraw","sneckomod:Unknown0Cost"],"picked":"sneckomod:Nope","floor":10},{"not_picked":["sneckomod:SoulCleanse","sneckomod:UnknownUncommonPower+1"],"picked":"sneckomod:UnendingSupply+1","floor":12},{"not_picked":["sneckomod:SoulDraw","sneckomod:QuickBite"],"picked":"sneckomod:Restock","floor":14},{"not_picked":["sneckomod:UnknownDraw","sneckomod:IronFang"],"picked":"sneckomod:UnknownCommonSkill","floor":15},{"not_picked":["sneckomod:UnknownBoss","sneckomod:SoulExchange"],"picked":"sneckomod:SerpentMind+1","floor":16},{"not_picked":["sneckomod:UnknownCommonSkill","sneckomod:SoulRoll"],"picked":"sneckomod:Unknown1Cost","floor":19},{"not_picked":["sneckomod:DiceBoulder","sneckomod:UnknownBlock"],"picked":"sneckomod:UnknownUncommonPower+1","floor":22},{"not_picked":["sneckomod:TrashToTreasure","sneckomod:UnknownStrike"],"picked":"sneckomod:UnknownCommonAttack+1","floor":25},{"not_picked":["sneckomod:SoulRoll","sneckomod:UnknownClassGREMLIN"],"picked":"sneckomod:SnekBeam","floor":25},{"not_picked":["sneckomod:DiceBlock","sneckomod:DiceBoulder"],"picked":"sneckomod:UnknownBlock","floor":27},{"not_picked":["sneckomod:UnknownStrike","sneckomod:UnknownBlock"],"picked":"sneckomod:SoulCleanse+1","floor":30},{"not_picked":["sneckomod:UnknownVulnerable","sneckomod:IronFang+1"],"picked":"sneckomod:UnknownRareAttack","floor":32},{"not_picked":["sneckomod:Unknown1Cost","sneckomod:UnknownVulnerable","sneckomod:UnknownCommonAttack","sneckomod:UnknownExhaust"],"picked":"sneckomod:UnlimitedRolls+1","floor":35},{"not_picked":["sneckomod:UnknownStrike","sneckomod:UnknownClassGREMLIN","sneckomod:UnknownCommonAttack","sneckomod:UnknownBlock"],"picked":"sneckomod:UnknownExhaust","floor":36},{"not_picked":["sneckomod:MorePower+1","sneckomod:UnknownRarePower+1","sneckomod:DangerNoodle","sneckomod:UnknownRareSkill"],"picked":"sneckomod:SoulExchange","floor":37},{"not_picked":["sneckomod:UnknownClassCULL_RED_COLOR+1","sneckomod:UnknownBlock+1","sneckomod:DiceBlock","sneckomod:UnknownX+1"],"picked":"sneckomod:CheapStock+1","floor":44},{"not_picked":["sneckomod:MasterEye+1","sneckomod:SerpentMind+1","sneckomod:UnendingSupply+1","sneckomod:UnknownCommonAttack"],"picked":"sneckomod:UnknownRareSkill","floor":47},{"not_picked":["sneckomod:UnknownCommonSkill","sneckomod:WideSting+1","sneckomod:UnknownCommonAttack+1","sneckomod:DiceBoulder+1"],"picked":"sneckomod:UnknownClassHEXA_GHOST_PURPLE+1","floor":48},{"not_picked":["sneckomod:SoulRoll","sneckomod:UnendingSupply+1","sneckomod:RainOfDice","sneckomod:UnknownDraw+1"],"picked":"sneckomod:SnekBeam+1","floor":51},{"not_picked":["sneckomod:UnknownUncommonAttack+1","sneckomod:IronFang","sneckomod:UnknownCommonAttack+1","sneckomod:Unknown0Cost"],"picked":"sneckomod:ImprovisedAttack+1","floor":53},{"not_picked":["sneckomod:SoulDraw","sneckomod:DangerNoodle","sneckomod:Unknown1Cost+1","sneckomod:UnknownBlock+1"],"picked":"sneckomod:CheapStock+1","floor":54}],"player_experience":36734,"relics_obtained":[{"floor":7,"key":"potionbrewer:BottledElixir"},{"floor":11,"key":"Frozen Egg 2"},{"floor":24,"key":"potionbrewer:SlideRule"},{"floor":33,"key":"StSpp:WoodenPendulum"},{"floor":44,"key":"StSpp:WoodenStick"},{"floor":46,"key":"Blood Vial"},{"floor":47,"key":"reliquary:BoilingFlask"}],"event_choices":[{"damage_healed":0,"gold_gain":0,"player_choice":"Success","damage_taken":18,"relics_obtained":["Lantern"],"max_hp_gain":0,"max_hp_loss":0,"event_name":"Scrap Ooze","floor":3,"gold_loss":0},{"damage_healed":0,"gold_gain":0,"player_choice":"Grow","damage_taken":0,"max_hp_gain":0,"max_hp_loss":0,"event_name":"Living Wall","floor":5,"gold_loss":0,"cards_upgraded":["sneckomod:SnekBite"]},{"damage_healed":0,"gold_gain":0,"player_choice":"Became a Ghost","damage_taken":0,"max_hp_gain":0,"max_hp_loss":52,"event_name":"Ghosts","floor":20,"gold_loss":0,"cards_obtained":["Ghostly","Ghostly","Ghostly","Ghostly","Ghostly"]},{"cards_removed":["sneckomod:UnknownDraw"],"damage_healed":0,"gold_gain":0,"player_choice":"Removed Skill","damage_taken":0,"max_hp_gain":0,"max_hp_loss":0,"event_name":"Falling","floor":41,"gold_loss":0}],"is_beta":false,"boss_relics":[{"not_picked":["Sozu","Fusion Hammer"],"picked":"SlaversCollar"},{"not_picked":["reliquary:WritOfMandamus","Empty Cage"],"picked":"Snecko Eye"}],"items_purged_floors":[],"is_endless":false,"potions_floor_spawned":[2,12,14,15,27,30,36,44,51,54],"ascension_level":0}}