{"host":"3wucmrsmney0jioo","time":1614239481,"event":{"mods":["BaseMod","Minty Spire (QoL Compilation)","MostiFishMod","Prisma Mod","Reliquary","Replay The Spire","Spicy Shops","StSLib","¡¾ÒÅÎï¿¨ÅÆ¡¿REMEMod"],"gold_per_floor":[-1285,-1268,-1268,-1268,-1258,-1246,-1246,-1215,-1189,-1189,-1157,-1139,-1139,-1088,-1088,-984,-984,18,117,160,9,52,52,75,0,49,49,49,49,67,67,100,113,113,317,317,334,111,122,0,68,68,136,163,211,211,211,387,398,6,6,156,156,156,41,125,175],"floor_reached":58,"language":"ZHS","playtime":2170,"items_purged":["Writhe","PrismaMod:MiyuCommonAttack"],"score":1743,"play_id":"0508f49d-b428-48b5-bc1c-5d0dea7e0cdc","local_time":"20210225155121","is_ascension_mode":true,"campfire_choices":[{"data":"MostiFishMod:PerfectForm","floor":7,"key":"SMITH"},{"data":"PrismaMod:MiyuCheapDefend2","floor":10,"key":"SMITH"},{"floor":13,"key":"RECALL"},{"floor":15,"key":"DIG"},{"data":"PrismaMod:MiyuEvokeBuffStr","floor":23,"key":"SMITH"},{"data":"PrismaMod:MiyuUncommonDexBuff","floor":31,"key":"SMITH"},{"data":"PrismaMod:MiyuDefendChannelDefend","floor":42,"key":"SMITH"},{"data":"PrismaMod:MiyuOrbIncreasePerm","floor":46,"key":"SMITH"},{"floor":51,"key":"DIG"},{"data":"PrismaMod:MiyuOrbIncreasePerm","floor":54,"key":"SMITH"}],"circlet_count":0,"master_deck":["PrismaMod:MiyuCommonDefend","PrismaMod:MiyuCommonDefend","PrismaMod:MiyuCommonAttack+1","PrismaMod:MiyuCommonAttack+1","PrismaMod:MiyuCommonAttack","PrismaMod:MiyuCommonAttack","PrismaMod:MiyuCheapChannelAttack","MostiFishMod:PerfectForm+1","PrismaMod:MiyuDefenseExplosion","PrismaMod:MiyuCheapAttack1","PrismaMod:MiyuCheapAttack2+1","PrismaMod:MiyuCheapDefend2+1","PrismaMod:MiyuUncommonPlate+1","PrismaMod:MiyuAttackChannelVul","PrismaMod:MiyuEvokeBuffStr+1","PrismaMod:MiyuCommonAOEAttack","PrismaMod:MiyuEvokeAllDefend","PrismaMod:MiyuEvokeAllAttack","PrismaMod:MiyuMaid","PrismaMod:MiyuBride","PrismaMod:MiyuUncommonDexBuff+1","PrismaMod:MiyuEvokeCheapAttack","PrismaMod:MiyuOrbIncreasePerm+1","PrismaMod:MiyuDefendChannelDefend+1","PrismaMod:MiyuUncommonDexBuff+1","PrismaMod:MiyuCheapChannelAttack+1","PrismaMod:MiyuUncommonStrBuff","PrismaMod:MiyuEvokeBuffStr+1","PrismaMod:MiyuCheapDefend1+1","PrismaMod:MiyuOrbIncreasePerm+1","PrismaMod:MiyuCheapPlate+1","PrismaMod:MiyuChristmas+1","PrismaMod:MiyuCheapPlate+1","MostiFishMod:Kaleido","PrismaMod:MiyuCheapPlate","PrismaMod:MiyuCheapPlate","PrismaMod:MiyuCheapChannelWeak+1"],"relics":["PrismaMod:PrismaSapphire","DaveBox","REME_ComplimentaryCards","SynthV:MejaisSoulstealer","SynthV:TestCard","reliquary:Buckler","Blue Doll","reliquary:RosewoodLute","Pondfish Scales","SentryEyes","GreenFoldingFan","ChiLing","Chi","Ling","reliquary:WeakTea","Replay:Baseball","ChiXiaoBlade","reliquary:FingerTrap","Replay:Wax Seal","Replay:Towering Pillar of Hats","REME_HandOfSuture","MealTicket","Calipers","ReplayTheSpireMod:CursedCoin","ReplayFunnel","Replay:Bottled Steam","TheAbacus","Orichalcum"],"acts_visited":["Exordium","TheCity","TheBeyond","TheEnding"],"potions_floor_usage":[16,16,16,20,35,35,44,57,57],"damage_taken":[{"damage":0,"enemies":"Cultist","floor":1,"turns":3},{"damage":0,"enemies":"Jaw Worm","floor":2,"turns":2},{"damage":0,"enemies":"2 Louse","floor":5,"turns":2},{"damage":0,"enemies":"Exordium Thugs","floor":6,"turns":3},{"damage":0,"enemies":"Gremlin Nob","floor":8,"turns":3},{"damage":1,"enemies":"3 Sentries","floor":11,"turns":4},{"damage":5,"enemies":"3 Louse","floor":12,"turns":3},{"damage":0,"enemies":"Lagavulin","floor":14,"turns":4},{"damage":0,"enemies":"Slime Boss","floor":16,"turns":4},{"damage":14,"enemies":"2 Thieves","floor":18,"turns":2},{"damage":9,"enemies":"Spheric Guardian","floor":20,"turns":4},{"damage":11,"enemies":"Shelled Parasite and Fungi","floor":22,"turns":3},{"damage":4,"enemies":"Sentry and Sphere","floor":30,"turns":2},{"damage":6,"enemies":"Book of Stabbing","floor":32,"turns":2},{"damage":13,"enemies":"Centurion and Healer","floor":33,"turns":3},{"damage":11,"enemies":"Champ","floor":35,"turns":5},{"damage":7,"enemies":"3 Darklings","floor":37,"turns":3},{"damage":0,"enemies":"Orb Walker","floor":39,"turns":3},{"damage":0,"enemies":"Maw","floor":41,"turns":5},{"damage":0,"enemies":"Writhing Mass","floor":43,"turns":3},{"damage":0,"enemies":"Reptomancer","floor":44,"turns":3},{"damage":0,"enemies":"Nemesis","floor":48,"turns":5},{"damage":0,"enemies":"Sphere and 2 Shapes","floor":49,"turns":2},{"damage":0,"enemies":"Awakened One","floor":52,"turns":7},{"damage":0,"enemies":"Shield and Spear","floor":56,"turns":3},{"damage":11,"enemies":"The Heart","floor":57,"turns":6}],"seed_played":"-713655209515113137","potions_obtained":[{"floor":5,"key":"SkillPotion"},{"floor":6,"key":"Weak Potion"},{"floor":8,"key":"Adrenaline Potion"},{"floor":16,"key":"PowerPotion"},{"floor":18,"key":"Elixir"},{"floor":20,"key":"Reflective Coating"},{"floor":32,"key":"LiquidBronze"},{"floor":34,"key":"Weak Potion"},{"floor":34,"key":"BlessingOfTheForge"},{"floor":35,"key":"AttackPotion"},{"floor":39,"key":"PowerPotion"},{"floor":56,"key":"SpeedPotion"}],"is_trial":false,"path_per_floor":["M","M","?","?","M","M","R","E","T","R","E","M","R","E","R","B",null,"M","?","M","$","M","R","T","?","T","?","PTL","PTL","M","R","E","M","R","B",null,"M","$","M","$","M","R","M","E","T","R","?","E","M","$","R","B",null,"R","$","E","B",null],"character_chosen":"MIYU","items_purchased":["ChiLing","reliquary:FingerTrap","Replay:Wax Seal","Replay:Towering Pillar of Hats","PrismaMod:MiyuUncommonStrBuff","ReplayTheSpireMod:CursedCoin","PrismaMod:MiyuCheapPlate+1","ReplayFunnel","MostiFishMod:Kaleido","TheAbacus","PrismaMod:MiyuCheapPlate"],"campfire_rested":0,"item_purchase_floors":[21,38,38,40,40,50,50,50,50,55,55],"current_hp_per_floor":[75,75,80,64,64,64,64,64,64,64,63,58,58,58,58,58,80,76,76,77,77,76,76,76,76,76,80,80,80,80,80,80,77,77,76,80,80,80,80,80,80,80,80,80,80,80,80,80,80,80,80,80,80,80,80,80,79],"gold":175,"neow_bonus":"TRANSFORM_CARD","is_daily":false,"chose_seed":false,"campfire_upgraded":7,"win_rate":0.0,"timestamp":1614239481,"path_taken":["M","?","?","?","M","M","R","E","T","R","E","?","R","E","R","BOSS","M","?","M","?","M","R","?","?","T","?","PTL","PTL","M","R","E","M","R","BOSS","M","?","M","?","?","R","M","E","T","R","?","E","M","$","R","BOSS","R","$","E","BOSS"],"items_purchased_type":["Relic","Relic","Relic","Relic","Card","Relic","Card","Relic","Card","Relic","Card"],"build_version":"2020-12-22","purchased_purges":2,"victory":true,"max_hp_per_floor":[75,75,80,80,80,80,80,80,80,80,80,80,80,80,80,80,80,80,80,80,80,80,80,80,80,80,80,80,80,80,80,80,80,80,80,80,80,80,80,80,80,80,80,80,80,80,80,80,80,80,80,80,80,80,80,80,80],"card_choices":[{"not_picked":["PrismaMod:MiyuEvokeBuffDex","PrismaMod:MiyuCheapChannelRandom"],"picked":"PrismaMod:MiyuCheapAttack1","floor":1},{"not_picked":["PrismaMod:MiyuUncommonPlate","PrismaMod:MiyuUncommonAOEAttack","PrismaMod:MiyuDefenseRemoval","PrismaMod:MiyuCheapAttack1"],"picked":"PrismaMod:MiyuCheapAttack2","floor":2},{"not_picked":["PrismaMod:MiyuCheapChannelDefend","PrismaMod:MiyuDefenseExplosion","PrismaMod:MiyuCommonAOEAttack","PrismaMod:MiyuChristmas"],"picked":"PrismaMod:MiyuCheapDefend2","floor":5},{"not_picked":["PrismaMod:MiyuDefenseExplosion","PrismaMod:MiyuCheapEvoke","PrismaMod:MiyuUncommonDexBuff","PrismaMod:MiyuCheapChannelAttack"],"picked":"PrismaMod:MiyuUncommonPlate","floor":6},{"not_picked":["PrismaMod:MiyuCarnivalDefend","PrismaMod:MiyuUncommonPlate","PrismaMod:MiyuCheapChannelAttack","PrismaMod:MiyuUncommonAOEAttack"],"picked":"PrismaMod:MiyuAttackChannelVul","floor":8},{"not_picked":["PrismaMod:MiyuCheapChannelDefend","PrismaMod:MiyuUberAOEAttack","PrismaMod:MiyuAttackChannelWeak","PrismaMod:MiyuCheapAttack1"],"picked":"PrismaMod:MiyuEvokeBuffStr","floor":11},{"not_picked":["PrismaMod:MiyuCheapEvoke","PrismaMod:MiyuCheapChannelWeak","PrismaMod:MiyuCheapDefend1","PrismaMod:MiyuCheapAttack1"],"picked":"PrismaMod:MiyuCommonAOEAttack","floor":12},{"not_picked":["PrismaMod:MiyuUncommonAOEAttack","PrismaMod:MiyuDevil","PrismaMod:MiyuAttackChannelVul","PrismaMod:MiyuUncommonDexBuff"],"picked":"PrismaMod:MiyuEvokeAllDefend","floor":14},{"not_picked":["PrismaMod:MiyuChannelDefendEvoke","PrismaMod:MiyuUberDefend","PrismaMod:MiyuCheapDefend2","PrismaMod:MiyuCarnivalDefend"],"picked":"PrismaMod:MiyuEvokeAllAttack","floor":16},{"not_picked":["PrismaMod:MiyuCarnivalAttack","PrismaMod:MiyuCheapChannelVul","PrismaMod:MiyuEvokeBuffStr","PrismaMod:MiyuCheapAttack1+1"],"picked":"PrismaMod:MiyuMaid","floor":18},{"not_picked":["PrismaMod:MiyuCommonAOEAttack","PrismaMod:MiyuAttackChannelWeak","PrismaMod:MiyuUncommonDexBuff","PrismaMod:MiyuDefenseExplosion+1"],"picked":"PrismaMod:MiyuBride","floor":20},{"not_picked":["PrismaMod:MiyuCheapStrBuff","PrismaMod:MiyuCheapChannelVul","PrismaMod:MiyuEvokeAll","PrismaMod:MiyuDefenseRemoval"],"picked":"PrismaMod:MiyuUncommonDexBuff","floor":22},{"not_picked":["PrismaMod:MiyuCheapChannelVul","PrismaMod:MiyuUberDefend","PrismaMod:MiyuMaid","PrismaMod:MiyuCheapAttack2"],"picked":"PrismaMod:MiyuEvokeCheapAttack","floor":30},{"not_picked":["PrismaMod:MiyuCheapDefend1","PrismaMod:MiyuUberAttack","PrismaMod:MiyuAttackChannelVul","PrismaMod:MiyuMaid"],"picked":"PrismaMod:MiyuOrbIncreasePerm","floor":32},{"not_picked":["PrismaMod:MiyuChristmas","PrismaMod:MiyuMaid","PrismaMod:MiyuCarnivalAttack","PrismaMod:MiyuCheapStrBuff","PrismaMod:MiyuUncommonStrBuff"],"picked":"SKIP","floor":33},{"not_picked":["PrismaMod:MiyuUberDefend","PrismaMod:MiyuDefenseAbsorbMinor","PrismaMod:MiyuCheapDefend2","PrismaMod:MiyuEvokeAllAttack"],"picked":"PrismaMod:MiyuDefendChannelDefend","floor":35},{"not_picked":["PrismaMod:MiyuEvokeBuffDex+1","PrismaMod:MiyuCommonAOEAttack","PrismaMod:MiyuCheapChannelRandom+1","PrismaMod:MiyuCheapChannelDefend"],"picked":"PrismaMod:MiyuUncommonDexBuff+1","floor":37},{"not_picked":["PrismaMod:MiyuUncommonAttack","PrismaMod:MiyuCheapStrBuff+1","PrismaMod:MiyuDefenseExplosion+1","PrismaMod:MiyuDevil+1"],"picked":"PrismaMod:MiyuCheapChannelAttack+1","floor":39},{"not_picked":["PrismaMod:MiyuUberDefend","PrismaMod:MiyuEvokeCheapAttack","PrismaMod:MiyuCheapAttack2","PrismaMod:MiyuEvokeAllAttack"],"picked":"PrismaMod:MiyuEvokeBuffStr+1","floor":41},{"not_picked":["PrismaMod:MiyuEvokeCheapAttack+1","PrismaMod:MiyuDefenseExplosion","PrismaMod:MiyuCheapChannelVul+1","PrismaMod:MiyuEvokeBuffStr"],"picked":"PrismaMod:MiyuCheapDefend1+1","floor":43},{"not_picked":["PrismaMod:MiyuCheapAttack2","PrismaMod:MiyuEvokeAll","PrismaMod:MiyuAttackChannelVul+1","PrismaMod:MiyuDefendChannelDefend"],"picked":"PrismaMod:MiyuOrbIncreasePerm","floor":44},{"not_picked":["PrismaMod:MiyuAttackChannelWeak","PrismaMod:MiyuMaid","PrismaMod:MiyuEvokeBuffStr+1","PrismaMod:MiyuOrbIncreasePerm"],"picked":"PrismaMod:MiyuCheapPlate+1","floor":48},{"not_picked":["PrismaMod:MiyuEvokeBuffDex+1","PrismaMod:MiyuCheapStrBuff","PrismaMod:MiyuEvokeCheapAttack","PrismaMod:MiyuCheapAttack1+1"],"picked":"PrismaMod:MiyuChristmas+1","floor":49},{"not_picked":["PrismaMod:MiyuEvokeBuffStr+1","PrismaMod:MiyuMaid","PrismaMod:MiyuEvokeCheapAttack","PrismaMod:MiyuCheapDexBuff"],"picked":"PrismaMod:MiyuCheapChannelWeak+1","floor":56}],"player_experience":113430,"relics_obtained":[{"floor":1,"key":"SynthV:TestCard"},{"floor":8,"key":"reliquary:Buckler"},{"floor":9,"key":"Blue Doll"},{"floor":11,"key":"reliquary:RosewoodLute"},{"floor":14,"key":"Pondfish Scales"},{"floor":15,"key":"SentryEyes"},{"floor":26,"key":"reliquary:WeakTea"},{"floor":32,"key":"Replay:Baseball"},{"floor":44,"key":"REME_HandOfSuture"},{"floor":45,"key":"MealTicket"},{"floor":48,"key":"Calipers"},{"floor":51,"key":"Replay:Bottled Steam"},{"floor":56,"key":"Orichalcum"}],"event_choices":[{"damage_healed":0,"gold_gain":0,"player_choice":"Donut","damage_taken":0,"max_hp_gain":5,"max_hp_loss":0,"event_name":"Big Fish","floor":3,"gold_loss":0},{"damage_healed":0,"gold_gain":0,"player_choice":"Entered Light","damage_taken":16,"max_hp_gain":0,"max_hp_loss":0,"event_name":"Shining Light","floor":4,"gold_loss":0,"cards_upgraded":["PrismaMod:MiyuCheapAttack2","PrismaMod:MiyuCommonAttack"]},{"damage_healed":0,"gold_gain":99,"player_choice":"Stole From Cult","damage_taken":0,"max_hp_gain":0,"max_hp_loss":0,"event_name":"Nest","floor":19,"gold_loss":0},{"cards_removed":["PrismaMod:MiyuCommonDefend"],"damage_healed":0,"gold_gain":0,"player_choice":"Gave Gold","damage_taken":0,"max_hp_gain":0,"max_hp_loss":0,"event_name":"Beggar","floor":25,"gold_loss":75},{"cards_removed":["PrismaMod:MiyuCheapChannelDefend"],"damage_healed":4,"gold_gain":0,"player_choice":"Offered Uncommon","damage_taken":0,"max_hp_gain":0,"max_hp_loss":0,"event_name":"Bonfire Elementals","floor":27,"gold_loss":0},{"damage_healed":0,"gold_gain":0,"player_choice":"Got Potions","damage_taken":0,"max_hp_gain":0,"max_hp_loss":0,"event_name":"Lab","floor":34,"gold_loss":0},{"cards_removed":["PrismaMod:MiyuCommonDefend"],"damage_healed":0,"gold_gain":0,"player_choice":"Purged","damage_taken":0,"max_hp_gain":0,"max_hp_loss":0,"event_name":"Purifier","floor":47,"gold_loss":0}],"is_beta":false,"boss_relics":[{"not_picked":["PrismaMod:PrismaSapphireUpgrade","Abe\u0027s Treasure"],"picked":"GreenFoldingFan"},{"not_picked":["Fusion Hammer","REME_DuelDisc"],"picked":"ChiXiaoBlade"}],"items_purged_floors":[50,50],"is_endless":false,"potions_floor_spawned":[5,6,8,12,16,18,20,32,35,39,41,56],"ascension_level":1}}