{"host":"xbvuessano29wpkb","time":1614218499,"event":{"mods":["BaseMod","Colored Powertips","GifTheSpireLib","Minty Spire (QoL Compilation)","Shop Mod","StSLib","The Marked","óô»ðÖ¸ÄÏ"],"gold_per_floor":[117,67,67,80,30,30,30,30,57,57,57,72,97,157,157,253,253,266,266,152,52,52,52,82,82,82,117,148,148,211,261,261,363,363,378,481,531,32,101,101,151,151,203,228,240,287,34,63,63,63],"floor_reached":51,"language":"ZHS","playtime":3044,"items_purged":["theMarked:TunnelVision","theMarked:EnhanceMovement","theMarked:RogueSparks"],"score":1054,"play_id":"f42b4f7c-90e5-492c-ba84-9adfca1da879","local_time":"20210225100139","daily_mods":["SealedDeck","Heirloom","Flight"],"is_ascension_mode":false,"campfire_choices":[{"data":"theMarked:RepellingDischarge","floor":6.0,"key":"SMITH"},{"data":"theMarked:Polarize","floor":7.0,"key":"SMITH"},{"data":"theMarked:Determination","floor":8.0,"key":"SMITH"},{"data":"theMarked:GodGivenPower","floor":15.0,"key":"SMITH"},{"data":"theMarked:Friction","floor":23.0,"key":"SMITH"},{"data":"theMarked:Friction","floor":25.0,"key":"SMITH"},{"data":"theMarked:RepellingDischarge","floor":29.0,"key":"SMITH"},{"data":"theMarked:Convert","floor":32.0,"key":"SMITH"},{"data":"Master of Strategy","floor":40.0,"key":"SMITH"},{"data":"theMarked:Aftermath","floor":42.0,"key":"SMITH"},{"data":"theMarked:PowerFlow","floor":45.0,"key":"SMITH"}],"circlet_count":0,"master_deck":["theMarked:Aftermath+1","theMarked:Polarize+1","theMarked:PowerFlow+1","theMarked:RepellingDischarge+1","theMarked:Friction+1","theMarked:GodGivenPower+1","theMarked:Friction+1","theMarked:Convert+1","theMarked:ComboAttacks+1","Master of Strategy+1"],"relics":["theMarked:ArtifactOfAir","Gambling Chip","Anchor","Ornamental Fan","Question Card","Philosopher\u0027s Stone","SsserpentHead","Pantograph","Oddly Smooth Stone","The Courier","Happy Flower","Peace Pipe","theMarked:Winder","Letter Opener","Regal Pillow","Pen Nib","MerchantsRug","Bottled Lightning","Bag of Preparation","theMarked:Gun"],"acts_visited":["Exordium","TheCity","TheBeyond"],"potions_floor_usage":[50,50],"damage_taken":[{"damage":2.0,"enemies":"Small Slimes","floor":1.0,"turns":2.0},{"damage":7.0,"enemies":"2 Louse","floor":4.0,"turns":2.0},{"damage":0.0,"enemies":"Cultist","floor":12.0,"turns":3.0},{"damage":0.0,"enemies":"Lagavulin","floor":13.0,"turns":3.0},{"damage":11.0,"enemies":"3 Sentries","floor":14.0,"turns":8.0},{"damage":0.0,"enemies":"The Guardian","floor":16.0,"turns":5.0},{"damage":2.0,"enemies":"2 Thieves","floor":18.0,"turns":3.0},{"damage":0.0,"enemies":"Gremlin Leader","floor":24.0,"turns":3.0},{"damage":4.0,"enemies":"Book of Stabbing","floor":27.0,"turns":3.0},{"damage":0.0,"enemies":"Gremlin Leader","floor":28.0,"turns":3.0},{"damage":0.0,"enemies":"Shell Parasite","floor":30.0,"turns":3.0},{"damage":0.0,"enemies":"Champ","floor":33.0,"turns":3.0},{"damage":0.0,"enemies":"Orb Walker","floor":35.0,"turns":3.0},{"damage":27.0,"enemies":"2 Orb Walkers","floor":36.0,"turns":3.0},{"damage":0.0,"enemies":"3 Shapes","floor":39.0,"turns":2.0},{"damage":0.0,"enemies":"Giant Head","floor":44.0,"turns":2.0},{"damage":0.0,"enemies":"Reptomancer","floor":46.0,"turns":2.0},{"damage":0.0,"enemies":"Nemesis","floor":48.0,"turns":3.0},{"damage":12,"enemies":"Time Eater","floor":50,"turns":3}],"seed_played":"-2550331486873738343","potions_obtained":[{"floor":12.0,"key":"BlessingOfTheForge"},{"floor":13.0,"key":"SmokeBomb"},{"floor":24.0,"key":"ColorlessPotion"},{"floor":28.0,"key":"DistilledChaos"},{"floor":33.0,"key":"PowerPotion"},{"floor":39.0,"key":"LiquidMemories"},{"floor":44.0,"key":"Strength Potion"},{"floor":48,"key":"FearPotion"}],"is_trial":true,"path_per_floor":["M","?","?","M","$","R","R","R","T","?","T","M","E","?","R","B",null,"M","?","$","$","?","R","E","R","T","E","E","R","M","?","R","B",null,"M","?","?","$","M","R","?","R","T","E","R","E","$","E","R","B",null],"character_chosen":"THE_DEFAULT","items_purchased":["theMarked:RepellingDischarge","theMarked:Friction","theMarked:Winder","Letter Opener","Regal Pillow","MerchantsRug","Bottled Lightning","Bag of Preparation"],"campfire_rested":0,"item_purchase_floors":[5,20,38,38,38,47,47,47],"current_hp_per_floor":[70,70,75,68,68,68,68,68,68,68,68,68,68,57,57,57,77,75,75,75,75,75,75,75,75,75,71,71,71,71,71,71,77,77,77,50,50,50,50,50,50,50,50,50,50,50,50,50,50,63],"gold":63,"neow_bonus":"","is_daily":false,"chose_seed":false,"campfire_upgraded":11,"win_rate":0.0,"timestamp":1614218499,"path_taken":["M","?","?","M","$","R","R","R","T","?","?","M","E","?","R","BOSS","M","?","$","$","?","R","E","R","T","E","E","R","?","?","R","BOSS","M","?","?","?","?","R","?","R","T","E","R","E","$","E","R","BOSS"],"items_purchased_type":["Card","Card","Relic","Relic","Relic","Relic","Relic","Relic"],"build_version":"2020-12-22","purchased_purges":3,"victory":true,"max_hp_per_floor":[72,72,77,77,77,77,77,77,77,77,77,77,77,77,77,77,77,77,77,77,77,77,77,77,77,77,77,77,77,77,77,77,77,77,77,77,77,77,77,77,77,77,77,77,77,77,77,77,77,77],"card_choices":[{"not_picked":["theMarked:TakeCover","theMarked:BanishingStrike"],"picked":"theMarked:EnhanceMovement","floor":1.0},{"not_picked":["theMarked:Electrify","theMarked:Improvise","theMarked:LightningStrikesTwice"],"picked":"SKIP","floor":4.0},{"not_picked":["theMarked:Parry","theMarked:Opportunist","theMarked:Determination"],"picked":"SKIP","floor":12.0},{"not_picked":["theMarked:HeightenedSenses","theMarked:Frustration"],"picked":"theMarked:Friction","floor":13.0},{"not_picked":["theMarked:WastefulAttack","theMarked:ChainLightning","theMarked:ElectricStrings"],"picked":"theMarked:GodGivenPower","floor":14.0},{"not_picked":["theMarked:WastefulAttack","theMarked:WardOff+1","theMarked:Parry","theMarked:Reabsorb"],"picked":"SKIP","floor":18.0},{"not_picked":["theMarked:EmpowerWeapon","theMarked:TakeCover","theMarked:Electrify","theMarked:RepellingDischarge"],"picked":"SKIP","floor":24.0},{"not_picked":["theMarked:EmpowerWeapon","theMarked:TakeCover","theMarked:Electrify","theMarked:RepellingDischarge"],"picked":"SKIP","floor":24.0},{"not_picked":["theMarked:EmpowerWeapon+1","theMarked:HeightenedSenses","theMarked:BanishingStrike","theMarked:WardOff"],"picked":"SKIP","floor":27.0},{"not_picked":["theMarked:MysticalArsenal","theMarked:EternalStudent","theMarked:SwordAndMagic"],"picked":"theMarked:RepellingDischarge","floor":28.0},{"not_picked":["theMarked:ElectricStrings+1","theMarked:TwofoldDefense+1","theMarked:ChainLightning","theMarked:Frustration"],"picked":"SKIP","floor":30.0},{"not_picked":["theMarked:TwofoldDefense+1","theMarked:TakeCover+1","theMarked:Aftermath","theMarked:MysticalArsenal+1"],"picked":"SKIP","floor":35.0},{"not_picked":["theMarked:RepellingDischarge","theMarked:HeightenedSenses+1","theMarked:Aftermath"],"picked":"theMarked:ComboAttacks+1","floor":36.0},{"not_picked":["Sadistic Nature","Secret Technique","PanicButton"],"picked":"Master of Strategy","floor":37.0},{"not_picked":["theMarked:EmpowerWeapon","theMarked:Aftermath+1","theMarked:SwordAndMagic","theMarked:Polarize"],"picked":"SKIP","floor":39.0},{"not_picked":["theMarked:Frustration","theMarked:TwofoldDefense+1","theMarked:WardOff","theMarked:HeightenedSenses"],"picked":"SKIP","floor":44.0},{"not_picked":["theMarked:Improvise+1","theMarked:Aftermath+1","theMarked:Indomitable+1","theMarked:Pokerface+1"],"picked":"SKIP","floor":46.0},{"not_picked":["theMarked:KeepCalmAndFight+1","theMarked:MagusForm","theMarked:ResourceFulStrike","theMarked:FavorableWinds"],"picked":"SKIP","floor":48}],"player_experience":209197,"relics_obtained":[{"floor":9.0,"key":"Anchor"},{"floor":11.0,"key":"Ornamental Fan"},{"floor":13.0,"key":"StrikeDummy"},{"floor":24.0,"key":"Pantograph"},{"floor":26.0,"key":"Oddly Smooth Stone"},{"floor":27.0,"key":"The Courier"},{"floor":28.0,"key":"Happy Flower"},{"floor":36.0,"key":"Peace Pipe"},{"floor":43.0,"key":"PreservedInsect"},{"floor":44.0,"key":"MawBank"},{"floor":46.0,"key":"Pen Nib"},{"floor":48,"key":"theMarked:Gun"}],"event_choices":[{"cards_removed":["theMarked:MysticalArsenal"],"damage_healed":0.0,"max_hp_gain":0.0,"max_hp_loss":0.0,"gold_gain":0.0,"event_name":"The Cleric","player_choice":"Card Removal","floor":2.0,"gold_loss":50.0,"damage_taken":0.0},{"damage_healed":0.0,"max_hp_gain":5.0,"max_hp_loss":0.0,"gold_gain":0.0,"event_name":"Big Fish","player_choice":"Donut","floor":3.0,"gold_loss":0.0,"damage_taken":0.0},{"cards_removed":["theMarked:WardOff"],"damage_healed":0.0,"max_hp_gain":0.0,"max_hp_loss":0.0,"gold_gain":0.0,"event_name":"Living Wall","player_choice":"Forget","floor":10.0,"gold_loss":0.0,"damage_taken":0.0},{"damage_healed":0.0,"max_hp_gain":0.0,"max_hp_loss":0.0,"gold_gain":30.0,"event_name":"Dead Adventurer","player_choice":"Searched \u00273\u0027 times","floor":14.0,"gold_loss":0.0,"damage_taken":0.0,"relics_obtained":["Question Card"]},{"damage_healed":0.0,"max_hp_gain":0.0,"max_hp_loss":0.0,"gold_gain":0.0,"event_name":"Ghosts","player_choice":"Ignored","floor":19.0,"gold_loss":0.0,"damage_taken":0.0},{"damage_healed":0.0,"max_hp_gain":0.0,"max_hp_loss":0.0,"gold_gain":0.0,"event_name":"FaceTrader","player_choice":"Trade","floor":22.0,"gold_loss":0.0,"damage_taken":0.0,"relics_obtained":["SsserpentHead"]},{"damage_healed":0.0,"max_hp_gain":0.0,"max_hp_loss":0.0,"gold_gain":0.0,"cards_transformed":["theMarked:Seal","theMarked:Memento"],"event_name":"Drug Dealer","player_choice":"Became Test Subject","floor":31.0,"gold_loss":0.0,"damage_taken":0.0,"cards_obtained":["theMarked:RogueSparks","theMarked:Convert"]},{"damage_healed":0.0,"max_hp_gain":0.0,"max_hp_loss":0.0,"gold_gain":0.0,"event_name":"Mysterious Sphere","player_choice":"Fight","floor":36.0,"gold_loss":0.0,"damage_taken":0.0},{"damage_healed":0.0,"max_hp_gain":0.0,"max_hp_loss":0.0,"gold_gain":0.0,"event_name":"SensoryStone","player_choice":"Memory 1","floor":37.0,"gold_loss":0.0,"damage_taken":0.0},{"cards_removed":["theMarked:RepellingDischarge"],"damage_healed":0.0,"max_hp_gain":0.0,"max_hp_loss":0.0,"gold_gain":0.0,"event_name":"Falling","player_choice":"Removed Skill","floor":41.0,"gold_loss":0.0,"damage_taken":0.0}],"is_beta":false,"boss_relics":[{"not_picked":["SlaversCollar","Sozu"],"picked":"Philosopher\u0027s Stone"},{"not_picked":["theMarked:Eyepatch","Black Star"],"picked":"Empty Cage"}],"items_purged_floors":[20,21,38],"is_endless":false,"potions_floor_spawned":[12,13,24,28,33,39,44,48],"ascension_level":0}}