{"host":"4333ugbd3tcpphs5","time":1614265278,"event":{"mods":["Act Like it!","Aspiration","Astrologer","Bard","BaseMod","Beaked The Cultist","Bestiary","BetterRewards","Block Reminder","Bossed Relics","Colored Map","Colored Powertips","Conspire","Curses Come First","Disable Question Mark Monsters","Energized Spire","Glutton Mod","Halation","Hermit","Hubris","Infinite Spire","Keyboard Shortcuts","Marisa????????","Minty Spire (QoL Compilation)","Prisma Mod","Quick Restart","Rare Cards Sparkle","Replay The Spire","Spicy Shops","StSLib","SuperFastMode","Synergy Search","The Cursed","The Necromancer","The Sage","Transform Curses","Treasure Hunter"],"gold_per_floor":[115,19,36,36,36,64,64,76,102,102,116,133,149,166,166,270,270,280,296,307,307,307,307,307],"floor_reached":23,"language":"ENG","playtime":1916,"items_purged":[],"score":220,"play_id":"5b765873-09ea-42e5-9855-3f3c1bada8bd","local_time":"20210225100118","is_ascension_mode":false,"campfire_choices":[{"data":"beaked:ScreechingChant","floor":7,"key":"SMITH"},{"data":"TH:ElvenBoots","floor":10,"key":"SMITH"},{"data":"beaked:Ceremony","floor":15,"key":"SMITH"}],"circlet_count":0,"master_deck":["beaked:Strike_Y","beaked:Strike_Y","beaked:Strike_Y","beaked:Strike_Y","beaked:Strike_Y","beaked:Strike_Y+1","beaked:Defend_Y","beaked:Defend_Y","beaked:Defend_Y","beaked:Defend_Y","beaked:Ceremony+1","beaked:Ceremony","beaked:Ceremony+1","beaked:DigDeep","Pain","beaked:Insight","beaked:SurvivalInstinct","TH:CopperCoins","beaked:ScreechingChant+1","beaked:Insight","TH:ElvenBoots+1","beaked:Brace","beaked:SurvivalInstinct","beaked:Tradeoff","TH:CopperCoins","beaked:DarkTribute","beaked:StunningBlow+1","beaked:TuckingFeathers+1","beaked:HuntressEssence+1"],"relics":["beaked:MendingPlumage","NeowsBlessing","halation:LostSnail","Strawberry","Vajra","Replay:Bronze Core"],"acts_visited":["Exordium","TheCity"],"potions_floor_usage":[],"damage_taken":[{"damage":0,"enemies":"Small Slimes","floor":1,"turns":2},{"damage":4,"enemies":"2 Louse","floor":3,"turns":2},{"damage":0,"enemies":"Gremlin Nob","floor":6,"turns":1},{"damage":8,"enemies":"Cultist","floor":8,"turns":5},{"damage":58,"enemies":"Gremlin Gang","floor":11,"turns":10},{"damage":31,"enemies":"2 Fungi Beasts","floor":12,"turns":8},{"damage":37,"enemies":"3 Louse","floor":13,"turns":11},{"damage":30,"enemies":"Large Slime","floor":14,"turns":9},{"damage":45,"enemies":"The Guardian","floor":16,"turns":15},{"damage":69,"enemies":"Spheric Guardian","floor":18,"turns":11},{"damage":23,"enemies":"Chosen","floor":19,"turns":8},{"damage":78,"enemies":"Centurion and Healer","floor":20,"turns":9},{"damage":61,"enemies":"Gremlin Leader","floor":23,"turns":3}],"seed_played":"-4534156093154247536","potions_obtained":[{"floor":1,"key":"LiquidMemories"},{"floor":3,"key":"CultistPotion"},{"floor":8,"key":"Weak Potion"}],"is_trial":false,"path_per_floor":["M","$","M","?","?","E","R","M","T","R","M","M","M","M","R","B",null,"M","M","M","?","?","E"],"character_chosen":"BEAKED_THE_CULTIST","items_purchased":["halation:LostSnail","beaked:Insight"],"campfire_rested":0,"item_purchase_floors":[2,2],"current_hp_per_floor":[50,50,48,48,48,56,56,54,54,54,39,30,32,36,36,41,57,34,39,49,49,49,0,0],"gold":307,"neow_bonus":"THREE_ENEMY_KILL","is_daily":false,"chose_seed":false,"campfire_upgraded":3,"win_rate":0.0,"timestamp":1614265278,"path_taken":["M","$","M","?","?","E","R","M","T","R","?","M","M","M","R","BOSS","M","?","M","?","?","E"],"items_purchased_type":["Relic","Card"],"build_version":"2020-12-22","purchased_purges":0,"victory":false,"max_hp_per_floor":[50,50,50,50,50,57,57,57,57,57,57,57,57,57,57,57,57,57,57,57,57,57,57,57],"card_choices":[{"not_picked":["beaked:Cower","beaked:CursingBlood"],"picked":"beaked:DigDeep","floor":1},{"not_picked":["beaked:HuntressEssence","beaked:TuckingFeathers"],"picked":"beaked:SurvivalInstinct","floor":3},{"not_picked":["TH:PixieDust"],"picked":"TH:CopperCoins","floor":6},{"not_picked":["beaked:TuckingFeathers","beaked:Overexert"],"picked":"beaked:ScreechingChant","floor":6},{"not_picked":["beaked:FeelMyPain","beaked:DesperateSwing"],"picked":"beaked:Insight","floor":8},{"not_picked":["TH:TreasureMap"],"picked":"TH:ElvenBoots","floor":9},{"not_picked":["beaked:Struggle","beaked:Tweet","beaked:Replenish"],"picked":"SKIP","floor":11},{"not_picked":["beaked:Overexert","beaked:CursingBlood"],"picked":"beaked:Brace","floor":12},{"not_picked":["beaked:Brace","beaked:CursingBlood"],"picked":"beaked:SurvivalInstinct","floor":13},{"not_picked":["beaked:CursingBlood","beaked:Flinch"],"picked":"beaked:Tradeoff","floor":14},{"not_picked":["TH:PixieDust"],"picked":"TH:CopperCoins","floor":16},{"not_picked":["beaked:Sacrifice","beaked:Brainwash"],"picked":"beaked:DarkTribute","floor":16},{"not_picked":["beaked:Cower+1","beaked:BraceForImpact"],"picked":"beaked:StunningBlow+1","floor":18},{"not_picked":["beaked:Daydream","beaked:Brace"],"picked":"beaked:TuckingFeathers+1","floor":19},{"not_picked":["beaked:Redirect","ReplayTheSpireMod:Owlgaze"],"picked":"beaked:HuntressEssence+1","floor":20}],"player_experience":256598,"relics_obtained":[{"floor":6,"key":"Strawberry"},{"floor":9,"key":"Vajra"}],"event_choices":[{"damage_healed":0,"gold_gain":0,"player_choice":"Upgraded","damage_taken":0,"max_hp_gain":0,"max_hp_loss":0,"event_name":"Upgrade Shrine","floor":5,"gold_loss":0,"cards_upgraded":["beaked:Ceremony"]}],"is_beta":false,"boss_relics":[{"not_picked":["Black Star","infinitespire:Cupcake"],"picked":"Replay:Bronze Core"}],"items_purged_floors":[],"is_endless":false,"potions_floor_spawned":[1,3,8,12,20],"killed_by":"Gremlin Leader","ascension_level":0}}