{"host":"188xoqjicp18t4sg","time":1614233401,"event":{"mods":["BaseMod","Downfall","Good Game Mod","Minty Spire (QoL Compilation)","Relic Filter Mod","StSLib"],"gold_per_floor":[112,125,136,155,175,175,175,175,175,194,210,510,510,52,52,155,155,170,182,200,200,219,53,53,153,181,192,207,207,223,249,249,354,354,374,392,411,411,426,34,85,95,34,34,34,34,34,52,52,52],"floor_reached":51,"language":"ZHS","playtime":3983,"items_purged":["Guardian:Strike_Guardian"],"score":760,"play_id":"82b0ef64-d8e6-459e-a2dd-3bb18faee4b2","local_time":"20210225141001","is_ascension_mode":false,"campfire_choices":[{"data":"hexamod:RainOfEmbers","floor":6.0,"key":"SMITH"},{"data":"Guardian:TwinSlam","floor":13.0,"key":"SMITH"},{"data":"Guardian:PiercingHide","floor":15.0,"key":"SMITH"},{"data":"Guardian:DonusPower","floor":32.0,"key":"SMITH"},{"data":"expansioncontent:QuickStudy","floor":45.0,"key":"SMITH"},{"data":"Guardian:CompilePackage","floor":49.0,"key":"SMITH"}],"circlet_count":0,"master_deck":["Guardian:Defend_Guardian","Guardian:Defend_Guardian","Guardian:Defend_Guardian","Guardian:CurlUp","Guardian:TwinSlam+1","hexamod:RainOfEmbers+1","Guardian:PiercingHide+1","Guardian:DonusPower+1","Guardian:Reroute+1","Guardian:Planning+1","Guardian:TemporalShield","Guardian:ChargeCore+1","Guardian:FuturePlans","Guardian:CompilePackage+1","Guardian:Gem_Cyan","Guardian:TemporalStrike+1","Guardian:TwinSlam+1","expansioncontent:QuickStudy+1","Guardian:Planning+1","expansioncontent:PrepareCrush","expansioncontent:AwakenDeath+1","Guardian:Gem_Blue"],"relics":["Guardian:ModeShifter","REME:ComplimentaryCards","bronze:DecasWashers","Old Coin","bronze:DonusWashers","Matryoshka","Astrolabe","Membership Card","PreservedInsect","The Courier","downfall:GremlinWheel","Guardian:GemstoneGun","Blue Candle","SlaversCollar","downfall:TeleportStone","Frozen Egg 2","DollysMirror","sneckomod:BlankCard","Kunai","Bottled Lightning","Nunchaku","Centennial Puzzle","Whetstone","Juzu Bracelet","hexamod:BolsterEngine","Guardian:StasisUpgradeRelic"],"acts_visited":["Exordium","TheCity","TheBeyond"],"potions_floor_usage":[50],"damage_taken":[{"damage":0.0,"enemies":"2 Louse","floor":1.0,"turns":2.0},{"damage":1.0,"enemies":"Cultist","floor":2.0,"turns":3.0},{"damage":8.0,"enemies":"Jaw Worm","floor":3.0,"turns":3.0},{"damage":5.0,"enemies":"Exordium Thugs","floor":4.0,"turns":4.0},{"damage":4.0,"enemies":"Blue Slaver","floor":5.0,"turns":4.0},{"damage":1.0,"enemies":"Red Slaver","floor":10.0,"turns":3.0},{"damage":7.0,"enemies":"Exordium Thugs","floor":11.0,"turns":4.0},{"damage":5.0,"enemies":"downfall:FleeingMerchant","floor":14.0,"turns":4.0},{"damage":20.0,"enemies":"DF_ARCHETYPE_STREAMLINE","floor":16.0,"turns":11.0},{"damage":13.0,"enemies":"downfall:LooterAlt2","floor":18.0,"turns":3.0},{"damage":2.0,"enemies":"3 Byrds","floor":19.0,"turns":5.0},{"damage":3.0,"enemies":"Snake Plant","floor":20.0,"turns":3.0},{"damage":12.0,"enemies":"Centurion and Healer","floor":22.0,"turns":5.0},{"damage":1.0,"enemies":"downfall:FleeingMerchant","floor":23.0,"turns":4.0},{"damage":0.0,"enemies":"downfall:FleeingMerchant","floor":25.0,"turns":3.0},{"damage":0.0,"enemies":"Gremlin Leader","floor":26.0,"turns":3.0},{"damage":0.0,"enemies":"Chosen and Byrds","floor":27.0,"turns":1.0},{"damage":9.0,"enemies":"Cultist and Chosen","floor":28.0,"turns":5.0},{"damage":11.0,"enemies":"3 Cultists","floor":30.0,"turns":5.0},{"damage":12.0,"enemies":"Book of Stabbing","floor":31.0,"turns":3.0},{"damage":15.0,"enemies":"SI_MIRROR_ARCHETYPE","floor":33.0,"turns":10.0},{"damage":15.0,"enemies":"3 Shapes","floor":35.0,"turns":3.0},{"damage":8.0,"enemies":"3 Darklings","floor":36.0,"turns":7.0},{"damage":9.0,"enemies":"Maw","floor":37.0,"turns":7.0},{"damage":4.0,"enemies":"Transient","floor":39.0,"turns":5.0},{"damage":5.0,"enemies":"downfall:FleeingMerchant","floor":40.0,"turns":4.0},{"damage":0.0,"enemies":"Jaw Worm Horde","floor":42.0,"turns":5.0},{"damage":0.0,"enemies":"Maw","floor":48.0,"turns":6.0},{"damage":1,"enemies":"IC_BLOCK_ARCHETYPE","floor":50,"turns":9}],"seed_played":"5129391222487224391","potions_obtained":[{"floor":2.0,"key":"Block Potion"},{"floor":3.0,"key":"SpeedPotion"},{"floor":5.0,"key":"DuplicationPotion"},{"floor":11.0,"key":"SmokeBomb"},{"floor":22.0,"key":"Fire Potion"},{"floor":27.0,"key":"bronze:BurnAndBuffPotion"},{"floor":28.0,"key":"Guardian:BlockOnCardUsePotion"},{"floor":29.0,"key":"EntropicBrew"},{"floor":30.0,"key":"Fire Potion"},{"floor":39.0,"key":"GamblersBrew"}],"is_trial":false,"path_per_floor":["M","M","M","M","M","R","T","?","?","M","M","T","R","$","R","B",null,"M","M","M","?","M","$","T","?","E","M","M","?","M","E","R","B",null,"M","M","M","?","M","$","T","M","$","?","R","?","?","M","R","B",null],"character_chosen":"GUARDIAN","items_purchased":["bronze:DonusWashers","Guardian:Gem_Red","Matryoshka","Membership Card","Frozen Egg 2","DollysMirror","sneckomod:BlankCard","Kunai","expansioncontent:QuickStudy","Bottled Lightning","Nunchaku","Centennial Puzzle","Whetstone","Guardian:StasisUpgradeRelic"],"campfire_rested":0,"item_purchase_floors":[14,14,14,23,40,40,40,40,40,40,40,40,40,43],"current_hp_per_floor":[88,87,79,74,70,70,70,70,70,69,62,62,62,57,57,37,88,75,73,70,88,76,75,75,75,75,75,66,66,55,43,43,28,88,73,65,56,56,52,47,47,47,47,42,42,42,77,77,77,76],"gold":52,"neow_bonus":"TEN_PERCENT_HP_BONUS","is_daily":false,"chose_seed":false,"campfire_upgraded":6,"win_rate":0.0,"timestamp":1614233401,"path_taken":["M","M","M","M","M","R","T","?","?","M","?","?","R","$","R","BOSS","M","M","M","?","?","?","T","?","E","?","M","?","?","E","R","BOSS","M","M","M","?","?","$","T","M","$","?","R","?","?","M","R","BOSS"],"items_purchased_type":["Relic","Card","Relic","Relic","Relic","Relic","Relic","Relic","Card","Relic","Relic","Relic","Relic","Relic"],"build_version":"2020-12-22","purchased_purges":1,"victory":true,"max_hp_per_floor":[88,88,88,88,88,88,88,88,88,88,88,88,88,88,88,88,88,88,88,88,88,88,88,88,88,88,88,88,88,88,88,88,88,88,88,88,88,88,88,88,88,88,88,88,88,88,77,77,77,77],"card_choices":[{"not_picked":["Guardian:ChargeCore","Guardian:TemporalStrike"],"picked":"Guardian:Gem_Cyan","floor":1.0},{"not_picked":["Guardian:WalkerClaw","Guardian:RefractedBeam","Guardian:TimeBomb"],"picked":"SKIP","floor":2.0},{"not_picked":["Guardian:PrimingBeam","Guardian:BodySlam"],"picked":"Guardian:PiercingHide","floor":3.0},{"not_picked":["Guardian:Gem_Lightblue","Guardian:ShieldCharger","Guardian:TemporalStrike"],"picked":"SKIP","floor":4.0},{"not_picked":["Guardian:PrimingBeam","Guardian:TemporalStrike","Guardian:Suspension"],"picked":"SKIP","floor":5.0},{"not_picked":["Guardian:RevengeProtocol","Guardian:Reroute","Guardian:DecasProtection"],"picked":"SKIP","floor":10.0},{"not_picked":["Guardian:TemporalShield","Guardian:Suspension"],"picked":"Guardian:Gem_Lightblue","floor":11.0},{"not_picked":["Guardian:SpikerProtocol","Guardian:RefractedBeam","Guardian:Repulse"],"picked":"SKIP","floor":14.0},{"not_picked":["Guardian:StasisEngine","Guardian:FastForward"],"picked":"Guardian:Gem_Synthetic","floor":16.0},{"not_picked":["Guardian:PrismaticBeam","Guardian:BronzeArmor"],"picked":"Guardian:DonusPower","floor":18.0},{"not_picked":["Guardian:ChargeUp+1","Guardian:Incinerate"],"picked":"Guardian:Reroute+1","floor":19.0},{"not_picked":["Guardian:PrismaticBeam","Guardian:PrimingBeam+1"],"picked":"Guardian:Planning+1","floor":20.0},{"not_picked":["Guardian:PrimingBeam+1","Guardian:Suspension","Guardian:Reroute"],"picked":"SKIP","floor":22.0},{"not_picked":["Guardian:VentSteam+1","Guardian:PrismaticBeam"],"picked":"Guardian:TemporalShield","floor":23.0},{"not_picked":["Guardian:Harden","Guardian:PrismaticBeam"],"picked":"Guardian:Gem_White","floor":26.0},{"not_picked":["Guardian:RollAttack","Guardian:Emergency","Guardian:Gem_Lightblue"],"picked":"SKIP","floor":27.0},{"not_picked":["Guardian:PrismaticBarrier","Guardian:ShieldCharger"],"picked":"Guardian:ChargeCore","floor":28.0},{"not_picked":["Guardian:PolyBeam+1","Guardian:GuardianWhirl+1"],"picked":"Guardian:FuturePlans","floor":30.0},{"not_picked":["Guardian:RollAttack","Guardian:TemporalStrike"],"picked":"Guardian:Gem_Yellow","floor":31.0},{"not_picked":["Guardian:AncientConstruct","Guardian:ExploitGems"],"picked":"Guardian:CompilePackage","floor":33.0},{"not_picked":["Guardian:VentSteam","Guardian:ShieldSpikes+1"],"picked":"Guardian:Gem_Cyan","floor":35.0},{"not_picked":["Guardian:VentSteam+1","Guardian:TemporalStrike"],"picked":"Guardian:Gem_Red","floor":36.0},{"not_picked":["Guardian:PrimingBeam","Guardian:Gem_Red"],"picked":"Guardian:TemporalStrike","floor":37.0},{"not_picked":["Guardian:CrystalBeam","Guardian:Gem_Green"],"picked":"Guardian:Gem_Purple","floor":39.0},{"not_picked":["Guardian:DonusPower","Guardian:CompilePackage"],"picked":"Guardian:Gem_Green","floor":40.0},{"not_picked":["Guardian:Clone","Guardian:CrystalBeam+1"],"picked":"Guardian:Planning+1","floor":42.0},{"not_picked":["expansioncontent:YouAreMine","expansioncontent:PolyBeam"],"picked":"expansioncontent:PrepareCrush","floor":44.0},{"not_picked":["expansioncontent:InvincibleStrength","expansioncontent:HyperBeam"],"picked":"expansioncontent:AwakenDeath","floor":44.0},{"not_picked":["Guardian:VentSteam","Guardian:HyperBeam_Guardian","Guardian:DecasProtection"],"picked":"SKIP","floor":48.0}],"player_experience":235017,"relics_obtained":[{"floor":7.0,"key":"bronze:DecasWashers"},{"floor":12.0,"key":"Old Coin"},{"floor":24.0,"key":"PreservedInsect"},{"floor":24.0,"key":"The Courier"},{"floor":25.0,"key":"downfall:GremlinWheel"},{"floor":26.0,"key":"Guardian:GemstoneGun"},{"floor":31.0,"key":"Blue Candle"},{"floor":41.0,"key":"Juzu Bracelet"},{"floor":41.0,"key":"hexamod:BolsterEngine"}],"event_choices":[{"cards_removed":["Guardian:Gem_Yellow"],"damage_healed":18.0,"max_hp_gain":0.0,"max_hp_loss":0.0,"gold_gain":0.0,"event_name":"Bonfire Elementals","player_choice":"Offered Uncommon","floor":21.0,"gold_loss":0.0,"damage_taken":0.0},{"damage_healed":0.0,"max_hp_gain":0.0,"max_hp_loss":0.0,"gold_gain":0.0,"event_name":"Lab","player_choice":"Got Potions","floor":29.0,"gold_loss":0.0,"damage_taken":0.0},{"cards_removed":["Guardian:GuardianWhirl"],"damage_healed":0.0,"max_hp_gain":0.0,"max_hp_loss":0.0,"gold_gain":0.0,"event_name":"Wheel of Change","player_choice":"Card Removal","floor":32.0,"gold_loss":0.0,"damage_taken":0.0}],"is_beta":false,"boss_relics":[{"not_picked":["Runic Pyramid","Empty Cage"],"picked":"Astrolabe"},{"not_picked":["Calling Bell","bronze:MakeshiftBattery"],"picked":"SlaversCollar"}],"items_purged_floors":[40],"is_endless":false,"potions_floor_spawned":[2,3,5,11,16,19,22,27,28,30,35,39],"ascension_level":0}}