{"host":"l4lyu1jo6nvtq6u8","time":1614223058,"event":{"mods":["Act Like it!","Aspiration","BaseMod","Better Sensory Stone","Better Third Choice","CapriCore","Conspire","Curses Come First","Energized Spire","FetchMod","Gensokyo","Halation","Hubris","Infinite Spire","Jedi Mod","Marisa????????","Minty Spire (QoL Compilation)","Pale of the Ancients","Poor People Problems","Quick Restart","Random Character Button","RatMod","Relic Sorter","Replay The Spire","StSLib","The Construct","The Immortal","The Poker Player","Trackpad","Yakumo Yukari mod","egg","slay the spire mod where everything is the same but ironclad has a cowboy hat"],"gold_per_floor":[113,113,38,38,38,63,43,43,98,98,108,30,30,45,45,450,450,450,450],"floor_reached":18,"language":"ENG","playtime":385,"items_purged":["construct:Strike_Gold"],"score":206,"play_id":"a250154c-540f-4b66-8b2a-6e5e4dfda11e","local_time":"20210224211738","is_ascension_mode":false,"campfire_choices":[{"data":"construct:HyperBeam","floor":10,"key":"SMITH"},{"data":"construct:FlakBarrage","floor":13,"key":"SMITH"},{"data":"construct:HyperBeam+1","floor":15,"key":"SMITH"}],"circlet_count":0,"master_deck":["construct:Strike_Gold","construct:Strike_Gold","construct:Strike_Gold","construct:Defend_Gold","construct:Defend_Gold","construct:Defend_Gold","construct:AttackMode","construct:DefenseMode","construct:HyperBeam+2","construct:ForceCore","construct:FlakBarrage+1","construct:Reinforce","construct:BatteryCore"],"relics":["construct:ClockworkPhoenix","NeowsBlessing","Gensokyo:OccultBall","hubris:GlazedTorus","aspiration:TomeofQuesting","halation:PlatinumPhoenix"],"acts_visited":["Gensokyo:Gensokyo","Gensokyo:Gensokyoer"],"potions_floor_usage":[16],"damage_taken":[{"damage":0,"enemies":"Gensokyo:Gryphon","floor":1,"turns":1},{"damage":0,"enemies":"Gensokyo:Cirno","floor":6,"turns":2},{"damage":3,"enemies":"Gensokyo:2_Kodama","floor":11,"turns":2},{"damage":0,"enemies":"Gensokyo:Python","floor":14,"turns":2},{"damage":7,"enemies":"Gensokyo:Reimu","floor":16,"turns":5},{"damage":0,"enemies":"Gensokyo:Chomper","floor":18,"turns":1}],"seed_played":"834097100816940577","potions_obtained":[{"floor":1,"key":"FearPotion"},{"floor":11,"key":"construct:ShiftPotion"}],"is_trial":false,"path_per_floor":["M","?","$","$","?","E","COS","?","T","R","M","$","R","M","R","B",null,"M"],"character_chosen":"THE_CONSTRUCT_MOD","items_purchased":["construct:FlakBarrage"],"campfire_rested":0,"item_purchase_floors":[12],"current_hp_per_floor":[85,51,51,51,51,51,51,51,51,51,48,48,48,48,48,41,85,85,85],"gold":450,"neow_bonus":"THREE_ENEMY_KILL","is_daily":false,"chose_seed":false,"campfire_upgraded":3,"win_rate":0.0,"timestamp":1614223058,"path_taken":["M","?","?","$","?","E","COS","?","T","R","?","?","R","M","R","BOSS","M"],"items_purchased_type":["Card"],"build_version":"2020-12-22","purchased_purges":1,"victory":false,"max_hp_per_floor":[85,85,85,85,85,85,85,85,85,85,85,85,85,85,85,85,85,85,85],"card_choices":[{"not_picked":["construct:Boost","construct:Dampening"],"picked":"construct:ShiftGuard","floor":1},{"not_picked":["construct:SaveState","construct:ScrapCannon"],"picked":"construct:HyperBeam","floor":6},{"not_picked":["construct:GoldenBullet","construct:Construct_Overclock"],"picked":"construct:ForceCore","floor":11},{"not_picked":["construct:HeavyBolt","construct:SuppressiveFire"],"picked":"construct:Reinforce","floor":14},{"not_picked":["construct:HyperBeam","construct:MassProduction"],"picked":"construct:BatteryCore","floor":16}],"player_experience":568815,"relics_obtained":[{"floor":6,"key":"Gensokyo:OccultBall"},{"floor":6,"key":"hubris:GlazedTorus"},{"floor":9,"key":"aspiration:TomeofQuesting"},{"floor":16,"key":"Gensokyo:OccultBall"}],"event_choices":[],"is_beta":false,"boss_relics":[{"not_picked":["hubris:VirtuousBlindfold","halation:LoveArrow"],"picked":"halation:PlatinumPhoenix"}],"items_purged_floors":[3],"is_endless":false,"potions_floor_spawned":[1,11],"killed_by":"Gensokyo:Chomper","ascension_level":0}}