{"host":"d4hjo1dp8g06u19c","time":1614277928,"event":{"mods":["Act Like it!","Arknights","BaseMod","Better Match","BetterRewards","Colored Map","Colored Powertips","Downfall","LagranYue(¿≠∏Ò¿ °§‘¬)","Marisa£®ÏF”Í°°ƒß¿Ì…≥£©","Minty Spire (QoL Compilation)","Quick Restart","Remove Card Discount Mod","Shop Mod","Spicy Shops","StSLib","The Animator","The Servant 0.9.4","TheSwordswoman","UnlockEverythingMod","Youmu£®ªÍ∆«—˝√Œ£©","noobMod","ÛÙª÷∏ƒœ"],"gold_per_floor":[114,114,139,160,160,198,218,232,284,303,303,101,101,114,114,238,238,252,252,61,61,82,120,120,136,136,136,179,193,193,218,51,179,179,198,198,118,0,0,0,43,61,61,85,85,148,168,191,107,107,107,107,33,76,76],"floor_reached":56,"language":"ZHS","playtime":3313,"items_purged":["Injury","Strike_G","Defend_G","Strike_G","Strike_G","Strike_G","Defend_G","Defend_G","Defend_G","Defend_G","Escape Plan","Flying Knee","Madness","Madness","Backflip","Concentrate+1","Blade Dance+1"],"score":1394,"play_id":"5b6d9195-6803-4c15-9688-90237a04703e","local_time":"20210226023208","is_ascension_mode":false,"campfire_choices":[{"data":"Backflip","floor":11.0,"key":"SMITH"},{"data":"Storm of Steel","floor":13.0,"key":"SMITH"},{"data":"Tactician","floor":15.0,"key":"SMITH"},{"data":"Footwork","floor":24.0,"key":"SMITH"},{"data":"Tools of the Trade","floor":27.0,"key":"SMITH"},{"data":"Acrobatics","floor":40.0,"key":"SMITH"},{"floor":45,"key":"RECALL"},{"data":"Finisher","floor":52,"key":"SMITH"}],"circlet_count":0,"master_deck":["Survivor","Neutralize","Backflip+1","Tactician+1","Accuracy","Storm of Steel+1","Acrobatics+1","Tools of the Trade+1","Underhanded Strike","Footwork+1","Blade Dance+1","Eviscerate+1","Finisher+1","Prepared","Prepared+1","Well Laid Plans","Well Laid Plans+1","Tactician+1"],"relics":["Ring of the Snake","ice","LagranYue:RandomDrawCardRelic","Vajra","Golden Idol","MealTicket","HornCleat","Omamori","HoveringKite","MutagenicStrength","TwistedFunnel","Centennial Puzzle","Boot","Darkstone Periapt","Dead Branch","LagranYue:NewUniverseRelic","LagranYue:SoulBurningRelic","Bronze Scales","Red Mask","Nunchaku","Ninja Scroll","The Specimen","Snake Skull","Oddly Smooth Stone","Sundial"],"acts_visited":["Exordium","TheCity","TheBeyond","TheEnding"],"potions_floor_usage":[],"damage_taken":[{"damage":0.0,"enemies":"Small Slimes","floor":1.0,"turns":3.0},{"damage":0.0,"enemies":"Cultist","floor":3.0,"turns":4.0},{"damage":0.0,"enemies":"2 Louse","floor":4.0,"turns":2.0},{"damage":20.0,"enemies":"Gremlin Nob","floor":6.0,"turns":5.0},{"damage":1.0,"enemies":"2 Fungi Beasts","floor":7.0,"turns":4.0},{"damage":0.0,"enemies":"Large Slime","floor":8.0,"turns":8.0},{"damage":0.0,"enemies":"Exordium Wildlife","floor":10.0,"turns":3.0},{"damage":0.0,"enemies":"Lots of Slimes","floor":14.0,"turns":6.0},{"damage":7.0,"enemies":"Hexaghost","floor":16.0,"turns":9.0},{"damage":0.0,"enemies":"Spheric Guardian","floor":18.0,"turns":3.0},{"damage":2.0,"enemies":"Chosen","floor":22.0,"turns":3.0},{"damage":21.0,"enemies":"Slavers","floor":23.0,"turns":5.0},{"damage":0.0,"enemies":"Snecko","floor":25.0,"turns":4.0},{"damage":2.0,"enemies":"Gremlin Leader","floor":28.0,"turns":5.0},{"damage":0.0,"enemies":"Snake Plant","floor":29.0,"turns":2.0},{"damage":0.0,"enemies":"Cultist and Chosen","floor":31.0,"turns":1.0},{"damage":0.0,"enemies":"Collector","floor":33.0,"turns":1.0},{"damage":0.0,"enemies":"3 Darklings","floor":35.0,"turns":1.0},{"damage":0,"enemies":"Reptomancer","floor":41,"turns":1},{"damage":0,"enemies":"3 Shapes","floor":42,"turns":1},{"damage":0,"enemies":"Sphere and 2 Shapes","floor":44,"turns":1},{"damage":0,"enemies":"Mind Bloom Boss Battle","floor":46,"turns":1},{"damage":0,"enemies":"Transient","floor":47,"turns":5},{"damage":0,"enemies":"Maw","floor":48,"turns":2},{"damage":0,"enemies":"Donu and Deca","floor":50,"turns":1},{"damage":0,"enemies":"Shield and Spear","floor":54,"turns":1},{"damage":3,"enemies":"The Heart","floor":55,"turns":3}],"seed_played":"7463573962107772294","potions_obtained":[{"floor":4.0,"key":"SteroidPotion"},{"floor":6.0,"key":"SkillPotion"},{"floor":8.0,"key":"DuplicationPotion"},{"floor":14.0,"key":"Energy Potion"},{"floor":22.0,"key":"Fire Potion"},{"floor":25.0,"key":"EssenceOfSteel"},{"floor":28.0,"key":"Swift Potion"},{"floor":29.0,"key":"SteroidPotion"},{"floor":42,"key":"SteroidPotion"}],"is_trial":false,"path_per_floor":["M","?","M","M","?","E","M","M","T","M","R","$","R","M","R","B",null,"M","?","$","?","M","E","R","M","T","R","E","M","?","M","R","B",null,"M","?","$","?","?","R","E","M","T","M","R","?","M","M","R","B",null,"R","$","E","B",null],"character_chosen":"THE_SILENT","items_purchased":["Flying Knee","Omamori","TwistedFunnel","Footwork","Centennial Puzzle","LagranYue:NewUniverseRelic","Bronze Scales","Snake Skull","Oddly Smooth Stone"],"campfire_rested":0,"item_purchase_floors":[12,12,20,20,20,32,37,49,53],"current_hp_per_floor":[70,70,70,70,52,32,31,31,31,31,31,46,46,46,46,39,70,70,70,70,70,68,47,47,47,47,47,45,45,45,45,45,45,70,70,70,70,70,61,61,61,61,61,61,61,61,61,61,61,61,70,70,70,70,67],"gold":76,"neow_bonus":"RANDOM_COMMON_RELIC","is_daily":false,"chose_seed":false,"campfire_upgraded":7,"win_rate":0.0,"timestamp":1614277928,"path_taken":["M","?","M","M","?","E","M","M","T","M","R","$","R","M","R","BOSS","M","?","$","?","M","E","R","M","T","R","E","M","?","M","R","BOSS","M","?","$","?","?","R","E","M","T","M","R","?","M","M","R","BOSS","R","$","E","BOSS"],"items_purchased_type":["Card","Relic","Relic","Card","Relic","Relic","Relic","Relic","Relic"],"build_version":"2020-12-22","purchased_purges":17,"victory":true,"max_hp_per_floor":[70,70,70,70,70,70,70,70,70,70,70,70,70,70,70,70,70,70,70,70,70,70,70,70,70,70,70,70,70,70,70,70,70,70,70,70,70,70,70,70,70,70,70,70,70,70,70,70,70,70,70,70,70,70,70],"card_choices":[{"not_picked":["Crippling Poison","Dodge and Roll"],"picked":"Backflip","floor":1.0},{"not_picked":["Terror","Flying Knee"],"picked":"Tactician","floor":3.0},{"not_picked":["All Out Attack","Dodge and Roll"],"picked":"Escape Plan","floor":4.0},{"not_picked":["Sucker Punch","Slice"],"picked":"Accuracy","floor":6.0},{"not_picked":["Deadly Poison","Dash","Flying Knee"],"picked":"SKIP","floor":7.0},{"not_picked":["Dagger Throw","Tactician"],"picked":"Storm of Steel","floor":8.0},{"not_picked":["Setup","Flechettes"],"picked":"Acrobatics","floor":10.0},{"not_picked":["PiercingWail","Dash","Bane"],"picked":"SKIP","floor":14.0},{"not_picked":["Storm of Steel","Malaise"],"picked":"Tools of the Trade","floor":16.0},{"not_picked":["Poisoned Stab","Dodge and Roll"],"picked":"Underhanded Strike","floor":18.0},{"not_picked":["Prepared","Acrobatics"],"picked":"Backflip","floor":22.0},{"not_picked":["Corpse Explosion","Footwork"],"picked":"Blade Dance+1","floor":23.0},{"not_picked":["Outmaneuver","Slice","Dagger Throw"],"picked":"SKIP","floor":25.0},{"not_picked":["Dagger Spray","Bane"],"picked":"Eviscerate+1","floor":28.0},{"not_picked":["Deadly Poison+1","Outmaneuver"],"picked":"Finisher","floor":29.0},{"not_picked":["Footwork","Escape Plan","Dash"],"picked":"SKIP","floor":31.0},{"not_picked":["Finisher","Underhanded Strike+1","Dagger Spray"],"picked":"SKIP","floor":35.0},{"not_picked":["Eviscerate","Deadly Poison"],"picked":"Blade Dance+1","floor":41},{"not_picked":["Cloak And Dagger","Dodge and Roll+1"],"picked":"Concentrate+1","floor":42},{"not_picked":["Noxious Fumes+1","Backstab+1"],"picked":"Prepared","floor":44},{"not_picked":["Masterful Stab+1","Slice"],"picked":"Prepared+1","floor":46},{"not_picked":["Cloak And Dagger","Prepared+1"],"picked":"Well Laid Plans","floor":47},{"not_picked":["Calculated Gamble","Flechettes+1"],"picked":"Well Laid Plans+1","floor":48},{"not_picked":["Dash","Prepared"],"picked":"Tactician+1","floor":54}],"player_experience":146671,"relics_obtained":[{"floor":6.0,"key":"HornCleat"},{"floor":23.0,"key":"Boot"},{"floor":26.0,"key":"Darkstone Periapt"},{"floor":28.0,"key":"Dead Branch"},{"floor":41,"key":"Nunchaku"},{"floor":43,"key":"Ninja Scroll"},{"floor":46,"key":"The Specimen"},{"floor":54,"key":"Sundial"}],"event_choices":[{"damage_healed":0.0,"max_hp_gain":0.0,"max_hp_loss":0.0,"gold_gain":0.0,"event_name":"Golden Idol","player_choice":"Take Wound","floor":2.0,"gold_loss":0.0,"damage_taken":0.0,"relics_obtained":["Golden Idol"],"cards_obtained":["Injury"]},{"damage_healed":0.0,"max_hp_gain":0.0,"max_hp_loss":0.0,"gold_gain":0.0,"event_name":"Scrap Ooze","player_choice":"Success","floor":5.0,"gold_loss":0.0,"damage_taken":18.0,"relics_obtained":["MealTicket"]},{"damage_healed":0.0,"max_hp_gain":0.0,"max_hp_loss":0.0,"gold_gain":0.0,"event_name":"Drug Dealer","player_choice":"Inject Mutagens","floor":19.0,"gold_loss":0.0,"damage_taken":0.0,"relics_obtained":["MutagenicStrength"]},{"cards_removed":["Strike_G"],"damage_healed":0.0,"max_hp_gain":0.0,"max_hp_loss":0.0,"gold_gain":0.0,"event_name":"Bonfire Elementals","player_choice":"Offered Basic","floor":30.0,"gold_loss":0.0,"damage_taken":0.0},{"damage_healed":0.0,"max_hp_gain":0.0,"max_hp_loss":0.0,"gold_gain":0.0,"event_name":"SensoryStone","player_choice":"Memory 1","floor":36.0,"gold_loss":0.0,"damage_taken":0.0},{"damage_healed":0.0,"max_hp_gain":0.0,"max_hp_loss":0.0,"gold_gain":0.0,"event_name":"Tomb of Lord Red Mask","player_choice":"Paid","floor":38.0,"gold_loss":118.0,"damage_taken":0.0,"relics_obtained":["Red Mask"]},{"damage_healed":0.0,"max_hp_gain":0.0,"max_hp_loss":0.0,"gold_gain":0.0,"event_name":"Winding Halls","player_choice":"Embrace Madness","floor":39.0,"gold_loss":0.0,"damage_taken":9.0,"cards_obtained":["Madness","Madness"]},{"damage_healed":0,"gold_gain":0,"player_choice":"Fight","damage_taken":0,"max_hp_gain":0,"max_hp_loss":0,"event_name":"MindBloom","floor":46,"gold_loss":0}],"is_beta":false,"boss_relics":[{"not_picked":["WristBlade","Astrolabe"],"picked":"HoveringKite"},{"not_picked":["Snecko Eye","Calling Bell"],"picked":"LagranYue:SoulBurningRelic"}],"items_purged_floors":[12,12,20,32,32,32,32,32,32,32,32,37,49,49,49,49,53],"is_endless":false,"potions_floor_spawned":[4,6,8,14,22,25,28,29,42,44,47],"ascension_level":0}}