{"host":"gsef4mntx4mq50d0","time":1614234028,"event":{"mods":["Act Like it!","Arknights","Aspiration","BaseMod","Block Reminder","Colored Map","Downfall","GifTheSpireLib","Hallownest","HololiveMod","Hubris","Infinite Spire","MarisaÅiñ∂âJÅ@ñÇóùçπÅj","Minty Spire (QoL Compilation)","SIMod","StSLib","The Alterego","The Bug Knight","The Exalted","The Forsaken","The Servant 0.9.4","TheSwordswoman"],"gold_per_floor":[115,115,80,80,92,92,110,136,136,136,153,180,180,191,191,288,288,301,301,301,141,212,212,229,229,229],"floor_reached":25,"language":"ENG","playtime":1562,"items_purged":[],"score":218,"play_id":"61ff0507-60b4-41f2-95f5-5b21aa7baca2","local_time":"20210225162028","is_ascension_mode":true,"campfire_choices":[{"data":"HollowMod:DesolateDive","floor":6,"key":"SMITH"},{"floor":10,"key":"RECALL"},{"floor":15,"key":"REST"},{"data":"HollowMod:MawleksShell","floor":23,"key":"SMITH"}],"circlet_count":0,"master_deck":["HollowMod:NailStrikeStart","HollowMod:NailStrikeStart","HollowMod:NailStrikeStart","HollowMod:NailStrikeStart+1","HollowMod:QuickDashStart","HollowMod:QuickDashStart","HollowMod:QuickDashStart","HollowMod:QuickDashStart","HollowMod:FocusHealStart","HollowMod:PogoStrike+1","HollowMod:MothsMistake","HollowMod:DesolateDive+1","HollowMod:HuntersJournal","HollowMod:DoubleDash","HollowMod:DungDefenderAura","HollowMod:PerfectDash","Blind","HollowMod:DoubleDash","HollowMod:SoulVessel","HollowMod:NewInfectedGuardian","HollowMod:SoulStrike","HollowMod:MawleksShell+1","HollowMod:QuirrelsAssistance","HollowMod:ChannelNail"],"relics":["HollowMod:VesselMask","NeowsBlessing","hubris:Towel","infinitespire:Bottled Soul","Bromod:ArcaneTempo","Coffee Dripper","Blue Candle","HollowMod:DelicateFlower"],"acts_visited":["Hallownest:Greenpath","Hallownest:CityofTears"],"potions_floor_usage":[16,24],"damage_taken":[{"damage":0,"enemies":"Hallownest:monsterHuskGuard","floor":1,"turns":1},{"damage":0,"enemies":"Hallownest:2_Tiktiks_and_1_Crawlid","floor":5,"turns":2},{"damage":0,"enemies":"Hallownest:2_MossCreeps","floor":7,"turns":1},{"damage":29,"enemies":"Hallownest:eliteMossKnight","floor":8,"turns":9},{"damage":7,"enemies":"Hallownest:1_Baldur_1_Crawlid_1_Warrior","floor":11,"turns":4},{"damage":2,"enemies":"Hallownest:eliteVengeflyKing","floor":12,"turns":6},{"damage":3,"enemies":"Hallownest:MossCreep_and_Mosskin","floor":14,"turns":6},{"damage":24,"enemies":"Hallownest:BossBrokenVessel","floor":16,"turns":11},{"damage":10,"enemies":"Hallownest:3_Youths","floor":18,"turns":5},{"damage":12,"enemies":"Hallownest:Guard_and_Sentry","floor":24,"turns":7},{"damage":52,"enemies":"Hallownest:3_Mistakes","floor":25,"turns":8}],"seed_played":"-526847268308597839","potions_obtained":[{"floor":12,"key":"FairyPotion"},{"floor":14,"key":"Explosive Potion"},{"floor":16,"key":"DuplicationPotion"}],"is_trial":false,"path_per_floor":["M","?","?","?","M","R","M","E","T","R","M","E","?","M","R","B",null,"M","?","?","$","T","R","M","M"],"character_chosen":"THE_BUGKNIGHT","items_purchased":["HollowMod:MawleksShell","HollowMod:QuirrelsAssistance"],"campfire_rested":1,"item_purchase_floors":[21,21],"current_hp_per_floor":[75,75,80,80,80,80,80,57,57,57,56,60,60,63,80,62,80,70,70,65,65,65,65,59,7,7],"gold":229,"neow_bonus":"THREE_ENEMY_KILL","is_daily":false,"chose_seed":false,"campfire_upgraded":2,"win_rate":0.0,"timestamp":1614234028,"path_taken":["M","?","?","?","M","R","M","E","T","R","M","E","?","M","R","BOSS","M","?","?","$","?","R","M","M"],"items_purchased_type":["Card","Card"],"build_version":"2020-12-22","purchased_purges":0,"victory":false,"max_hp_per_floor":[75,75,80,80,80,80,80,80,80,80,80,80,80,80,80,80,80,80,80,80,80,80,80,80,80,80],"card_choices":[{"not_picked":["HollowMod:SoulStrike","HollowMod:MawleksShell"],"picked":"HollowMod:MothsMistake","floor":1},{"not_picked":["HollowMod:DescendingDark","HollowMod:BaldurShell"],"picked":"HollowMod:DesolateDive","floor":5},{"not_picked":["HollowMod:CornifersMapStart","HollowMod:VengefulVoid"],"picked":"HollowMod:HuntersJournal","floor":7},{"not_picked":["HollowMod:ChannelNail","HollowMod:GrimmsGift"],"picked":"HollowMod:DoubleDash","floor":8},{"not_picked":["HollowMod:SiblingsSouls","HollowMod:ShadowDash"],"picked":"HollowMod:DungDefenderAura","floor":11},{"not_picked":["HollowMod:WraithStrike","HollowMod:QuirrelsAssistance"],"picked":"HollowMod:PerfectDash","floor":12},{"not_picked":["hubris:Insight","Impatience"],"picked":"Blind","floor":13},{"not_picked":["HollowMod:NewLittleFool","HollowMod:SiblingsSouls"],"picked":"HollowMod:DoubleDash","floor":13},{"not_picked":["HollowMod:ShapeofUnn","HollowMod:ShadowDash"],"picked":"HollowMod:SoulVessel","floor":14},{"not_picked":["HollowMod:VoidDash","HollowMod:Weaversong"],"picked":"HollowMod:NewInfectedGuardian","floor":16},{"not_picked":["HollowMod:LuriensSpire","HollowMod:NewLittleFool"],"picked":"HollowMod:SoulStrike","floor":18},{"not_picked":["HollowMod:LifebloodCore","HollowMod:DescendingDark+1"],"picked":"HollowMod:ChannelNail","floor":24}],"player_experience":185774,"relics_obtained":[{"floor":8,"key":"infinitespire:Bottled Soul"},{"floor":12,"key":"Bromod:ArcaneTempo"},{"floor":22,"key":"HollowMod:DelicateFlower"}],"event_choices":[],"is_beta":false,"boss_relics":[{"not_picked":["aspiration:SecretTechniqueScroll","aspiration:ServantSkillbook"],"picked":"Coffee Dripper"}],"items_purged_floors":[],"is_endless":false,"potions_floor_spawned":[12,14,16],"killed_by":"Hallownest:3_Mistakes","ascension_level":1}}