{"host":"mconkkfc0dudtfx5","time":1614249309,"event":{"mods":["BaseMod","Highlight Path","Hubris","Marisa£®ÏF”Í°°ƒß¿Ì…≥£©","Minty Spire (QoL Compilation)","Quick Restart","Remilia£®¿Ÿ√◊¿Ú—«£©","Shop Mod","StSLib","The Bug Knight","The Senshi","The Servant 0.9.4","Youmu£®ªÍ∆«—˝√Œ£©","Yuyuko"],"gold_per_floor":[114,132,207,227,242,274,286,303,372,391,407,22,34,49,49,151,151,161,178,178,259,259,259],"floor_reached":22,"language":"ZHS","playtime":2137,"items_purged":[],"score":269,"play_id":"688552ea-67bf-4f06-9795-b27c40ddbe0c","local_time":"20210225183509","is_ascension_mode":false,"campfire_choices":[{"data":"ChaoticDestiny","floor":15,"key":"SMITH"}],"circlet_count":0,"master_deck":["Strike_RM","Strike_RM","Strike_RM","Strike_RM","Defend_RM","Defend_RM","Defend_RM","Defend_RM","RedMoon","ScarletShoot","NightDance","ScarletImprint","SuperhumanBloodyKnife","ScarletImprint","ChaoticDestiny+1","MastersStateliness","BloodAndWine","MastersStateliness","EternalNight","ForecastOfChange","FitfulNightmare","MastersStateliness","FitfulNightmare","ScarletMeister","MastersStateliness","Ultimatum+1","UnstableBomb"],"relics":["ScarletHat","hubris:64BitClover","Juzu Bracelet","Gremlin Horn","Question Card","Potion Belt","hubris:TerracottaHorce","Sundial"],"acts_visited":["Exordium","TheCity"],"potions_floor_usage":[6,10,11,19],"damage_taken":[{"damage":0,"enemies":"Small Slimes","floor":1,"turns":3},{"damage":2,"enemies":"Jaw Worm","floor":2,"turns":3},{"damage":2,"enemies":"2 Louse","floor":4,"turns":4},{"damage":0,"enemies":"Exordium Thugs","floor":5,"turns":4},{"damage":1,"enemies":"3 Sentries","floor":6,"turns":9},{"damage":11,"enemies":"Large Slime","floor":7,"turns":8},{"damage":0,"enemies":"2 Fungi Beasts","floor":8,"turns":4},{"damage":4,"enemies":"Exordium Wildlife","floor":10,"turns":9},{"damage":0,"enemies":"Large Slime","floor":11,"turns":8},{"damage":3,"enemies":"Blue Slaver","floor":13,"turns":3},{"damage":3,"enemies":"Lots of Slimes","floor":14,"turns":1},{"damage":0,"enemies":"The Guardian","floor":16,"turns":10},{"damage":1,"enemies":"Chosen","floor":18,"turns":3},{"damage":5,"enemies":"Shell Parasite","floor":19,"turns":4},{"damage":24,"enemies":"Shelled Parasite and Fungi","floor":22,"turns":4}],"seed_played":"1943148006677529781","potions_obtained":[{"floor":1,"key":"Block Potion"},{"floor":2,"key":"Fire Potion"},{"floor":8,"key":"Ancient Potion"},{"floor":10,"key":"Explosive Potion"},{"floor":13,"key":"Ancient Potion"},{"floor":14,"key":"Block Potion"},{"floor":18,"key":"DuplicationPotion"},{"floor":19,"key":"Swift Potion"}],"is_trial":false,"path_per_floor":["M","M","?","M","M","E","M","M","T","M","M","$","M","M","R","B",null,"M","M","?","T","M"],"character_chosen":"REMILIA","items_purchased":["ForecastOfChange","FitfulNightmare","Potion Belt"],"campfire_rested":0,"item_purchase_floors":[12,12,12],"current_hp_per_floor":[68,66,55,53,55,54,43,43,43,43,48,48,47,44,44,63,67,68,67,67,67,45,45],"gold":259,"neow_bonus":"ONE_RARE_RELIC","is_daily":false,"chose_seed":false,"campfire_upgraded":1,"win_rate":0.0,"timestamp":1614249309,"path_taken":["M","M","?","M","M","E","M","M","T","M","M","$","M","M","R","BOSS","M","M","?","?","M"],"items_purchased_type":["Card","Card","Relic"],"build_version":"2020-12-22","purchased_purges":0,"victory":false,"max_hp_per_floor":[68,68,68,68,68,68,68,68,68,68,68,68,68,68,68,68,68,68,68,68,68,68,68],"card_choices":[{"not_picked":["StarOfDavid","ScarletGensokyo"],"picked":"NightDance","floor":1},{"not_picked":["StarOfDavid","CharismaGuard"],"picked":"ScarletImprint","floor":2},{"not_picked":["StarOfDavid","TwelveNightmare"],"picked":"SuperhumanBloodyKnife","floor":4},{"not_picked":["UnderTheZenith","Stigmanizer"],"picked":"ScarletImprint","floor":5},{"not_picked":["VampirishNight","MastersStateliness"],"picked":"ChaoticDestiny","floor":6},{"not_picked":["BlasphemousPunishment","BombardNight"],"picked":"MastersStateliness","floor":7},{"not_picked":["ScarletDevil","UnstableMagic"],"picked":"BloodAndWine","floor":8},{"not_picked":["VampireFantasy","Maim"],"picked":"MastersStateliness","floor":10},{"not_picked":["VampireKiss","GlobalNightmare","BloodySeventeenLaser"],"picked":"EternalNight","floor":11},{"not_picked":["BombardNight","BloodHunter","UnstableMagic"],"picked":"MastersStateliness","floor":13},{"not_picked":["NightDance","UnderTheZenith","CharismaGuard"],"picked":"FitfulNightmare","floor":14},{"not_picked":["DemonKingCradle","QueenOfMidnight","EquivalentExchange"],"picked":"ScarletMeister","floor":16},{"not_picked":["VampireFantasy","BloodAndWine","BombardNight+1"],"picked":"MastersStateliness","floor":18},{"not_picked":["BombardNight","MillenniumVampire","DevilSight"],"picked":"Ultimatum+1","floor":19}],"player_experience":274120,"relics_obtained":[{"floor":6,"key":"Juzu Bracelet"},{"floor":9,"key":"Gremlin Horn"},{"floor":10,"key":"Question Card"},{"floor":21,"key":"Sundial"}],"event_choices":[{"damage_healed":0,"gold_gain":75,"player_choice":"Gather Gold","damage_taken":11,"max_hp_gain":0,"max_hp_loss":0,"event_name":"World of Goop","floor":3,"gold_loss":0},{"damage_healed":0,"gold_gain":0,"player_choice":"Read","damage_taken":0,"max_hp_gain":0,"max_hp_loss":0,"event_name":"The Library","floor":20,"gold_loss":0,"cards_obtained":["UnstableBomb"]}],"is_beta":false,"boss_relics":[{"not_picked":["Runic Pyramid","hubris:BlackHole"],"picked":"hubris:TerracottaHorce"}],"items_purged_floors":[],"is_endless":false,"potions_floor_spawned":[1,2,8,10,13,14,18,19],"killed_by":"Shelled Parasite and Fungi","ascension_level":0}}