{"host":"zf1gvustpgbojd4t","time":1614256258,"event":{"mods":["Act Like it!","BaseMod","Downfall","Hallownest","Map Debug Mod","Minty Spire (QoL Compilation)","MostiFishMod","Replay The Spire","StSLib"],"gold_per_floor":[99,116,130,130,149,49,73,90,0,0,0,18,30,40,54,154,154,54,73,73,83,298,298,298,398,273,273,273,273],"floor_reached":27,"language":"ZHS","playtime":744,"items_purged":["bronze:Strike","bronze:Strike","Hallucinations"],"score":280,"play_id":"c94182b0-a7b8-4a10-a651-b8fa9467044c","local_time":"20210225203058","is_ascension_mode":false,"campfire_choices":[{"floor":1,"key":"RECALL"},{"data":"bronze:Goto","floor":6,"key":"SMITH"},{"data":"bronze:Iterate","floor":11,"key":"SMITH"},{"data":"bronze:Verify","floor":18,"key":"SMITH"}],"circlet_count":0,"master_deck":["bronze:Strike","bronze:Defend","bronze:Defend","bronze:Defend","bronze:Replicate","bronze:Goto+1","bronze:Iterate+1","bronze:DelayedSlice","bronze:FineTuning","bronze:Verify+1","bronze:WhirlingStrike","bronze:Mutator","J.A.X.","bronze:Iterate"],"relics":["bronze:BronzeCore","DaveBox","ShadowXiaoBlade","downfall:HeartBlessingRed","ReplayTheSpireMod:Ring of Exchange","xbg","downfall:HeartBlessingBlue","Replay:Kaleidoscope","MutagenicStrength"],"acts_visited":["Exordium","TheCity"],"potions_floor_usage":[],"damage_taken":[{"damage":7,"enemies":"Small Slimes","floor":2,"turns":3},{"damage":0,"enemies":"Cultist","floor":3,"turns":2},{"damage":0,"enemies":"2 Louse","floor":5,"turns":2},{"damage":0,"enemies":"Large Slime","floor":8,"turns":4},{"damage":0,"enemies":"downfall:FleeingMerchant","floor":9,"turns":4},{"damage":10,"enemies":"Exordium Thugs","floor":12,"turns":2},{"damage":0,"enemies":"Blue Slaver","floor":13,"turns":2},{"damage":0,"enemies":"2 Fungi Beasts","floor":14,"turns":2},{"damage":0,"enemies":"downfall:LooterAlt","floor":15,"turns":1},{"damage":0,"enemies":"SI_SHIV_ARCHETYPE","floor":16,"turns":3},{"damage":5,"enemies":"Chosen","floor":19,"turns":3},{"damage":25,"enemies":"downfall:LooterAlt2","floor":21,"turns":3},{"damage":10,"enemies":"downfall:FleeingMerchant","floor":22,"turns":4},{"damage":34,"enemies":"downfall:Augmenter","floor":25,"turns":5},{"damage":9,"enemies":"Shelled Parasite and Fungi","floor":27,"turns":2}],"seed_played":"2183344218029058335","potions_obtained":[{"floor":5,"key":"Strength Potion"},{"floor":13,"key":"Ancient Potion"},{"floor":14,"key":"GamblersBrew"}],"is_trial":false,"path_per_floor":["R","M","M","?","M","R","T","M","$","?","R","M","M","M","M","B",null,"R","M","?","M","$","?","T","?","$","M"],"character_chosen":"THE_AUTOMATON","items_purchased":[],"campfire_rested":0,"item_purchase_floors":[],"current_hp_per_floor":[77,70,70,70,70,70,70,70,70,70,70,60,60,60,60,60,77,87,82,82,57,47,47,47,13,13,4,4,4],"gold":273,"neow_bonus":"TEN_PERCENT_HP_BONUS","is_daily":false,"chose_seed":false,"campfire_upgraded":3,"win_rate":0.0,"timestamp":1614256258,"path_taken":["R","M","M","?","M","R","T","?","?","?","R","M","M","M","M","BOSS","R","M","?","M","?","?","T","?","?","M"],"items_purchased_type":[],"build_version":"2020-12-22","purchased_purges":3,"victory":false,"max_hp_per_floor":[77,77,77,77,77,77,77,77,77,77,77,77,77,77,77,77,77,87,87,87,87,87,87,87,87,87,87,87,87],"card_choices":[{"not_picked":["bronze:DelayedGuard","bronze:Turbo","bronze:ItsAFeature"],"picked":"SKIP","floor":2},{"not_picked":["bronze:ChosenStrike","bronze:BugBarrage","bronze:Overheat"],"picked":"SKIP","floor":3},{"not_picked":["bronze:DarkDash","bronze:Deprecate","bronze:Safeguard"],"picked":"SKIP","floor":5},{"not_picked":["bronze:OilSpill","bronze:MaxOutput"],"picked":"bronze:Iterate","floor":8},{"not_picked":["bronze:Turbo","bronze:Branch"],"picked":"bronze:DelayedSlice","floor":9},{"not_picked":["bronze:DigitalCarnage","bronze:Invalidate","bronze:OilSpill"],"picked":"SKIP","floor":12},{"not_picked":["bronze:BronzeArmor","bronze:WildBeam","bronze:Frontload"],"picked":"SKIP","floor":13},{"not_picked":["bronze:Deprecate","bronze:Branch"],"picked":"bronze:FineTuning","floor":14},{"not_picked":["bronze:NullPointer","bronze:Invalidate","bronze:OilSpill"],"picked":"SKIP","floor":15},{"not_picked":["bronze:Format","bronze:Library"],"picked":"bronze:Verify","floor":16},{"not_picked":["bronze:Turbo","bronze:Overheat","bronze:Branch"],"picked":"SKIP","floor":19},{"not_picked":["bronze:NullPointer","bronze:CleanCode","bronze:CutThrough"],"picked":"SKIP","floor":21},{"not_picked":["bronze:Branch","bronze:Break","bronze:Invalidate+1"],"picked":"SKIP","floor":22},{"not_picked":[],"picked":"J.A.X.","floor":25},{"not_picked":["bronze:BronzeArmor","bronze:Shield"],"picked":"bronze:Iterate","floor":25}],"player_experience":115050,"relics_obtained":[{"floor":10,"key":"ReplayTheSpireMod:Ring of Exchange"},{"floor":24,"key":"Replay:Kaleidoscope"},{"floor":25,"key":"MutagenicStrength"}],"event_choices":[{"damage_healed":0,"gold_gain":0,"player_choice":"Ignored","damage_taken":0,"max_hp_gain":0,"max_hp_loss":0,"event_name":"NoteForYourself","floor":4,"gold_loss":0}],"is_beta":false,"boss_relics":[{"not_picked":["Replay:Wanted Poster","SynthV:MejaisSoulstealer"],"picked":"xbg"}],"items_purged_floors":[9,22,26],"is_endless":false,"potions_floor_spawned":[5,13,14,15],"killed_by":"Shelled Parasite and Fungi","ascension_level":0}}