{"host":"ukx402utdi8v8522","time":1614240076,"event":{"mods":["AchievementEnabler","BaseMod","Colored Map","Colored Powertips","Downfall","Minty Spire (QoL Compilation)","StSLib"],"gold_per_floor":[112,112,166,131,149,181,200,200,227,290,318,337,337,371,371,371,371],"floor_reached":16,"language":"ENG","playtime":1347,"items_purged":[],"score":222,"play_id":"3fa93090-543b-4015-8907-20cae85cebef","local_time":"20210225190116","is_ascension_mode":true,"campfire_choices":[{"data":"Metamorphosis","floor":8,"key":"SMITH"},{"floor":13,"key":"REST"},{"floor":15,"key":"REST"}],"circlet_count":0,"master_deck":["AscendersBane","Strike_G","Strike_G","Strike_G","Strike_G","Strike_G","Defend_G","Defend_G","Defend_G","Defend_G","Defend_G","Survivor","Neutralize","Metamorphosis+1","Backstab","Backflip","Envenom","Leg Sweep","Decay","Pain","Bane","Crippling Poison","Concentrate","Acrobatics"],"relics":["Ring of the Snake","downfall:ExtraCursedKey","Happy Flower","Centennial Puzzle","Toy Ornithopter","Juzu Bracelet"],"acts_visited":["Exordium"],"potions_floor_usage":[14,14],"damage_taken":[{"damage":5,"enemies":"2 Louse","floor":1,"turns":4},{"damage":0,"enemies":"Small Slimes","floor":5,"turns":3},{"damage":12,"enemies":"Lagavulin","floor":6,"turns":7},{"damage":0,"enemies":"Cultist","floor":7,"turns":3},{"damage":21,"enemies":"Lagavulin Event","floor":10,"turns":5},{"damage":5,"enemies":"3 Sentries","floor":11,"turns":4},{"damage":9,"enemies":"2 Fungi Beasts","floor":12,"turns":4},{"damage":27,"enemies":"Lagavulin","floor":14,"turns":9},{"damage":39,"enemies":"Slime Boss","floor":16,"turns":3}],"seed_played":"1800776706431254729","potions_obtained":[{"floor":6,"key":"sneckomod:MuddlingPotion"},{"floor":7,"key":"Fire Potion"},{"floor":11,"key":"LiquidMemories"}],"is_trial":false,"path_per_floor":["M","?","?","?","M","E","M","R","T","?","E","M","R","E","R","B"],"character_chosen":"THE_SILENT","items_purchased":[],"campfire_rested":2,"item_purchase_floors":[],"current_hp_per_floor":[40,40,40,57,57,45,45,45,45,24,19,10,31,14,35,0,0],"gold":371,"neow_bonus":"RANDOM_COLORLESS_2","is_daily":false,"chose_seed":false,"campfire_upgraded":1,"win_rate":0.0,"timestamp":1614240076,"path_taken":["M","?","?","?","M","E","M","R","T","?","E","M","R","E","R","BOSS"],"items_purchased_type":[],"build_version":"2020-12-22","purchased_purges":0,"victory":false,"max_hp_per_floor":[70,70,70,70,70,70,70,70,70,70,70,70,70,70,70,70,70],"card_choices":[{"not_picked":["The Bomb","Violence"],"picked":"Metamorphosis","floor":0},{"not_picked":["Blade Dance","Footwork"],"picked":"Backstab","floor":1},{"not_picked":["Flying Knee","Deflect"],"picked":"Backflip","floor":5},{"not_picked":["Choke","Skewer"],"picked":"Envenom","floor":6},{"not_picked":["Dagger Throw","Backflip"],"picked":"Leg Sweep","floor":7},{"not_picked":["Poisoned Stab","Sucker Punch"],"picked":"Bane","floor":10},{"not_picked":["Blur","Backflip"],"picked":"Crippling Poison","floor":11},{"not_picked":["Acrobatics","Deflect"],"picked":"Concentrate","floor":12},{"not_picked":["Sucker Punch","Poisoned Stab"],"picked":"Acrobatics","floor":14}],"player_experience":532539,"relics_obtained":[{"floor":6,"key":"Happy Flower"},{"floor":10,"key":"Centennial Puzzle"},{"floor":11,"key":"Toy Ornithopter"},{"floor":14,"key":"Juzu Bracelet"}],"event_choices":[{"damage_healed":0,"gold_gain":54,"player_choice":"Gained Gold","damage_taken":0,"max_hp_gain":0,"max_hp_loss":0,"event_name":"Golden Wing","floor":3,"gold_loss":0},{"damage_healed":17,"gold_gain":0,"player_choice":"Healed","damage_taken":0,"max_hp_gain":0,"max_hp_loss":0,"event_name":"The Cleric","floor":4,"gold_loss":35},{"damage_healed":0,"gold_gain":0,"player_choice":"Searched \u00271\u0027 times","damage_taken":0,"max_hp_gain":0,"max_hp_loss":0,"event_name":"Dead Adventurer","floor":10,"gold_loss":0}],"is_beta":false,"boss_relics":[],"items_purged_floors":[],"is_endless":false,"potions_floor_spawned":[6,7,11],"killed_by":"Slime Boss","ascension_level":11}}