{"host":"gg","time":1614240654,"event":{"mods":["AchievementEnabler","BaseMod","Colored Map","Googly Eyes","Minty Spire (QoL Compilation)","Permanent Neow","Relic Stats","The IronCluck"],"gold_per_floor":[119,132,407,419,206,206,266,282,355,150,150,150,161,200,200,301,301,342,42,42,42,82,136,136,193,271,288,340,161,161,191,191,268,268,312,312,18,65,105,165,207,207,207,237,237,249,300,321,321,321,321,321,321,10,41,41],"floor_reached":57,"language":"ENG","playtime":4895,"items_purged":["Regret","Defend_P+1"],"score":3130,"play_id":"d201a6a0-2572-4f59-ba2d-099a9f283412","local_time":"20210225001054","is_ascension_mode":true,"campfire_choices":[{"data":"CrushJoints","floor":6.0,"key":"SMITH"},{"floor":11.0,"key":"REST"},{"data":"Conclude","floor":15.0,"key":"SMITH"},{"floor":24.0,"key":"REST"},{"data":"Fasting2","floor":30.0,"key":"SMITH"},{"data":"Wish","floor":32.0,"key":"SMITH"},{"data":"Fasting2","floor":42,"key":"SMITH"},{"data":"WheelKick","floor":45,"key":"SMITH"},{"floor":49,"key":"RECALL"},{"data":"EmptyFist","floor":53,"key":"SMITH"}],"circlet_count":0,"master_deck":["AscendersBane","Strike_P+1","Strike_P+1","Strike_P+1","Strike_P+1","Defend_P+1","Defend_P+1","Defend_P+1","Eruption+1","Vigilance","BowlingBash","EmptyFist+1","FlurryOfBlows","Wish+1","CrushJoints+1","Conclude+1","Meditate","WheelKick+1","Worship","DevaForm","FearNoEvil+1","ThirdEye","Wallop+1","Fasting2+1","Tantrum+1","Swift Strike+1","CutThroughFate+1","SpiritShield+1","DeceiveReality","Fasting2+1","SashWhip+1","Wallop+1","MentalFortress+1","Adaptation","EmptyMind+1","Omniscience"],"relics":["Snecko Eye","CaptainsWheel","Gremlin Horn","Bag of Marbles","Black Star","Pantograph","Potion Belt","StoneCalendar","Smiling Mask","FossilizedHelix","Molten Egg 2","Tiny Chest","MawBank","Yang","Happy Flower","Coffee Dripper","Membership Card","Toy Ornithopter","Torii","Centennial Puzzle","Pear","Whetstone","CeramicFish","Bag of Preparation","Oddly Smooth Stone","Boot","Ginger"],"acts_visited":["Exordium","TheCity","TheBeyond","TheEnding"],"potions_floor_usage":[41,50,51,51,55,56],"damage_taken":[{"damage":0.0,"enemies":"Jaw Worm","floor":1.0,"turns":2.0},{"damage":0.0,"enemies":"Cultist","floor":2.0,"turns":2.0},{"damage":10.0,"enemies":"Small Slimes","floor":4.0,"turns":4.0},{"damage":40.0,"enemies":"Gremlin Nob","floor":7.0,"turns":4.0},{"damage":0.0,"enemies":"Gremlin Gang","floor":8.0,"turns":2.0},{"damage":0.0,"enemies":"3 Louse","floor":13.0,"turns":1.0},{"damage":0.0,"enemies":"2 Fungi Beasts","floor":14.0,"turns":2.0},{"damage":0.0,"enemies":"Slime Boss","floor":16.0,"turns":5.0},{"damage":12.0,"enemies":"Chosen","floor":18.0,"turns":4.0},{"damage":0.0,"enemies":"Spheric Guardian","floor":22.0,"turns":3.0},{"damage":33.0,"enemies":"Book of Stabbing","floor":23.0,"turns":5.0},{"damage":0.0,"enemies":"Gremlin Leader","floor":25.0,"turns":3.0},{"damage":0.0,"enemies":"Centurion and Healer","floor":27.0,"turns":4.0},{"damage":3.0,"enemies":"Book of Stabbing","floor":28.0,"turns":3.0},{"damage":0.0,"enemies":"Gremlin Leader","floor":31.0,"turns":3.0},{"damage":0.0,"enemies":"Champ","floor":33.0,"turns":6.0},{"damage":0.0,"enemies":"3 Darklings","floor":35.0,"turns":3.0},{"damage":0.0,"enemies":"Orb Walker","floor":38.0,"turns":4.0},{"damage":0.0,"enemies":"Maw","floor":39.0,"turns":5.0},{"damage":13,"enemies":"Giant Head","floor":40,"turns":6},{"damage":0,"enemies":"Jaw Worm Horde","floor":41,"turns":3},{"damage":0,"enemies":"Reptomancer","floor":44,"turns":3},{"damage":0,"enemies":"4 Shapes","floor":46,"turns":1},{"damage":0,"enemies":"Transient","floor":48,"turns":6},{"damage":1,"enemies":"Donu and Deca","floor":50,"turns":6},{"damage":83,"enemies":"Time Eater","floor":51,"turns":8},{"damage":10,"enemies":"Shield and Spear","floor":55,"turns":4},{"damage":64,"enemies":"The Heart","floor":56,"turns":11}],"seed_played":"-6053672424179865332","potions_obtained":[{"floor":1.0,"key":"SkillPotion"},{"floor":2.0,"key":"SteroidPotion"},{"floor":12.0,"key":"EntropicBrew"},{"floor":12.0,"key":"Swift Potion"},{"floor":16.0,"key":"Block Potion"},{"floor":23.0,"key":"LiquidMemories"},{"floor":25.0,"key":"Regen Potion"},{"floor":28.0,"key":"BottledMiracle"},{"floor":33.0,"key":"StancePotion"},{"floor":38.0,"key":"GamblersBrew"},{"floor":44,"key":"Ambrosia"}],"is_trial":false,"path_per_floor":["M","M","?","M","$","R","E","M","T","$","R","?","M","M","R","B",null,"M","$","?","?","M","E","R","E","T","M","E","$","R","E","R","B",null,"M","?","$","M","M","E","M","R","T","E","R","M","T","M","R","B","B",null,"R","$","E","B",null],"character_chosen":"WATCHER","items_purchased":["Wish","CrushJoints","Bag of Marbles","WheelKick","Pantograph","ThirdEye","Tantrum+1","Swift Strike+1","Membership Card","Toy Ornithopter","Bag of Preparation","Oddly Smooth Stone","Omniscience","GamblersBrew","Fire Potion"],"campfire_rested":2,"item_purchase_floors":[5,5,10,10,19,19,29,29,37,37,54,54,54,54,54],"current_hp_per_floor":[61,61,61,51,51,51,11,11,11,11,31,31,31,31,31,31,59,47,47,47,47,47,14,34,34,34,34,31,31,31,31,31,56,65,65,65,65,68,68,55,60,60,60,70,70,70,70,70,70,77,17,63,63,63,58,19],"gold":41,"neow_bonus":"BOSS_RELIC","is_daily":false,"chose_seed":false,"campfire_upgraded":7,"win_rate":0.0,"timestamp":1614240654,"path_taken":["M","M","?","?","$","R","E","M","T","?","R","?","M","?","R","BOSS","M","$","?","?","M","E","R","E","T","M","E","?","R","E","R","BOSS","M","?","$","?","M","E","M","R","T","E","R","M","?","M","R","BOSS","BOSS","R","$","E","BOSS"],"items_purchased_type":["Card","Card","Relic","Card","Relic","Card","Card","Card","Relic","Relic","Relic","Relic","Card","Potion","Potion"],"build_version":"2020-12-18","purchased_purges":2,"victory":true,"max_hp_per_floor":[68,68,68,68,68,68,68,68,68,68,68,68,68,68,68,68,68,68,68,68,68,68,68,68,68,68,68,68,68,68,68,68,68,68,68,68,68,68,68,68,68,68,68,78,78,78,78,78,78,78,78,78,78,78,78,78],"relic_stats":{"Gremlin Horn":[24,24],"Happy Flower":[22],"Torii":39,"counters":[28,113],"CeramicFish":18,"StoneCalendar":[52],"Yang":[174],"Bag of Preparation":[4],"Whetstone":["Eruption","FearNoEvil"],"Ginger":[2],"Smiling Mask":0,"MawBank":12,"Boot":[0],"Centennial Puzzle":[12],"Pantograph":54,"Snecko Eye":[213,241,211,202],"Tiny Chest":1,"Black Star":7,"obtain_stats":[{"Gremlin Horn":9,"Torii":40,"CeramicFish":47,"StoneCalendar":23,"Yang":31,"Bag of Preparation":54,"Whetstone":44,"Ginger":55,"Smiling Mask":25,"Boot":55,"Centennial Puzzle":40,"Pantograph":19,"Tiny Chest":28,"Potion Belt":23,"Pear":44,"Happy Flower":31,"Oddly Smooth Stone":54,"MawBank":28,"CaptainsWheel":7,"Snecko Eye":0,"Molten Egg 2":26,"Bag of Marbles":10,"Black Star":17,"Coffee Dripper":34,"Membership Card":37,"PureWater":0,"FossilizedHelix":25,"Toy Ornithopter":37},{"Gremlin Horn":5,"Torii":20,"CeramicFish":23,"StoneCalendar":11,"Yang":15,"Bag of Preparation":26,"Whetstone":22,"Ginger":27,"Smiling Mask":12,"Boot":27,"Centennial Puzzle":20,"Pantograph":9,"Tiny Chest":14,"Potion Belt":11,"Pear":22,"Happy Flower":15,"Oddly Smooth Stone":26,"MawBank":14,"CaptainsWheel":4,"Snecko Eye":0,"Molten Egg 2":12,"Bag of Marbles":5,"Black Star":8,"Coffee Dripper":16,"Membership Card":17,"PureWater":0,"FossilizedHelix":12,"Toy Ornithopter":17},{"Gremlin Horn":14,"Torii":71,"CeramicFish":78,"StoneCalendar":34,"Yang":47,"Bag of Preparation":98,"Whetstone":77,"Ginger":102,"Smiling Mask":37,"Boot":102,"Centennial Puzzle":71,"Pantograph":26,"Tiny Chest":44,"Potion Belt":34,"Pear":77,"Happy Flower":47,"Oddly Smooth Stone":98,"MawBank":44,"CaptainsWheel":12,"Snecko Eye":0,"Molten Egg 2":37,"Bag of Marbles":14,"Black Star":22,"Coffee Dripper":53,"Membership Card":56,"PureWater":0,"FossilizedHelix":37,"Toy Ornithopter":56}],"Toy Ornithopter":28},"card_choices":[{"not_picked":["Swivel","Pray"],"picked":"BowlingBash","floor":1.0},{"not_picked":["ClearTheMind","Wireheading"],"picked":"EmptyFist","floor":2.0},{"not_picked":["Worship","JustLucky"],"picked":"FlurryOfBlows","floor":4.0},{"not_picked":["SashWhip","CutThroughFate"],"picked":"Conclude","floor":7.0},{"not_picked":["Swivel","PathToVictory"],"picked":"Meditate","floor":8.0},{"not_picked":["Meditate","Evaluate","FlurryOfBlows"],"picked":"SKIP","floor":13.0},{"not_picked":["FlurryOfBlows","BowlingBash"],"picked":"Worship","floor":14.0},{"not_picked":["Alpha","SpiritShield"],"picked":"DevaForm","floor":16.0},{"not_picked":["ThirdEye","Consecrate"],"picked":"FearNoEvil","floor":18.0},{"not_picked":["Prostrate","CrushJoints"],"picked":"Wallop+1","floor":22.0},{"not_picked":["WreathOfFlame","JustLucky","WindmillStrike"],"picked":"SKIP","floor":23.0},{"not_picked":["WreathOfFlame","JustLucky","WindmillStrike"],"picked":"SKIP","floor":23.0},{"not_picked":["EmptyBody","Halt","FlyingSleeves"],"picked":"SKIP","floor":25.0},{"not_picked":["Consecrate+1","PathToVictory+1","BowlingBash+1"],"picked":"SKIP","floor":27.0},{"not_picked":["Swivel","Vault"],"picked":"Fasting2","floor":28.0},{"not_picked":["JustLucky+1","ThirdEye"],"picked":"CutThroughFate+1","floor":31.0},{"not_picked":["Wish","DevaForm"],"picked":"SpiritShield","floor":33.0},{"not_picked":["Crescendo","EmptyBody"],"picked":"DeceiveReality","floor":35.0},{"not_picked":["CrushJoints+1","BattleHymn"],"picked":"Fasting2","floor":38.0},{"not_picked":["SignatureMove+1","FlyingSleeves+1"],"picked":"SashWhip+1","floor":39},{"not_picked":["Weave+1","Study+1"],"picked":"Wallop+1","floor":40},{"not_picked":["Consecrate+1","FlurryOfBlows+1"],"picked":"MentalFortress+1","floor":41},{"not_picked":["Judgement","Swivel","Wireheading"],"picked":"SKIP","floor":44},{"not_picked":["PathToVictory","SashWhip+1"],"picked":"Adaptation","floor":46},{"not_picked":["Crescendo","Sanctity"],"picked":"EmptyMind+1","floor":48},{"not_picked":["SignatureMove+1","BattleHymn","JustLucky+1"],"picked":"SKIP","floor":55}],"player_experience":1364340,"relics_obtained":[{"floor":7.0,"key":"CaptainsWheel"},{"floor":9.0,"key":"Gremlin Horn"},{"floor":23.0,"key":"Potion Belt"},{"floor":23.0,"key":"StoneCalendar"},{"floor":25.0,"key":"Smiling Mask"},{"floor":25.0,"key":"FossilizedHelix"},{"floor":26.0,"key":"Molten Egg 2"},{"floor":28.0,"key":"Tiny Chest"},{"floor":28.0,"key":"MawBank"},{"floor":31.0,"key":"Yang"},{"floor":31.0,"key":"Happy Flower"},{"floor":40,"key":"Torii"},{"floor":40,"key":"Centennial Puzzle"},{"floor":44,"key":"Pear"},{"floor":44,"key":"Whetstone"},{"floor":47,"key":"CeramicFish"},{"floor":55,"key":"Boot"},{"floor":55,"key":"Ginger"}],"event_choices":[{"damage_healed":0.0,"max_hp_gain":0.0,"max_hp_loss":0.0,"gold_gain":275.0,"event_name":"Golden Shrine","player_choice":"Desecrate","floor":3.0,"gold_loss":0.0,"damage_taken":0.0,"cards_obtained":["Regret"]},{"damage_healed":0.0,"max_hp_gain":0.0,"max_hp_loss":0.0,"gold_gain":0.0,"event_name":"Lab","player_choice":"Got Potions","floor":12.0,"gold_loss":0.0,"damage_taken":0.0},{"damage_healed":0.0,"max_hp_gain":0.0,"max_hp_loss":0.0,"gold_gain":0.0,"event_name":"Ghosts","player_choice":"Ignored","floor":20.0,"gold_loss":0.0,"damage_taken":0.0},{"damage_healed":0.0,"max_hp_gain":0.0,"max_hp_loss":0.0,"gold_gain":0.0,"event_name":"Back to Basics","player_choice":"Simplicity","floor":21.0,"gold_loss":0.0,"damage_taken":0.0,"cards_upgraded":["Strike_P","Strike_P","Strike_P","Strike_P","Defend_P","Defend_P","Defend_P","Defend_P"]},{"damage_healed":0.0,"max_hp_gain":0.0,"max_hp_loss":0.0,"gold_gain":0.0,"event_name":"Upgrade Shrine","player_choice":"Upgraded","floor":36.0,"gold_loss":0.0,"damage_taken":0.0,"cards_upgraded":["SpiritShield"]}],"is_beta":true,"boss_relics":[{"not_picked":["Velvet Choker","Sozu"],"picked":"Black Star"},{"not_picked":["Busted Crown","SlaversCollar"],"picked":"Coffee Dripper"}],"items_purged_floors":[5,37],"is_endless":false,"potions_floor_spawned":[1,2,13,14,16,18,23,25,28,33,38,44],"ascension_level":20}}