{"host":"pmmuxs046gii331m","time":1614286317,"event":{"mods":["AchievementEnabler","BaseMod","Colored Powertips","Custom Start","Downfall","Gold Saver","Infinite Spire","Minty Spire (QoL Compilation)","Permanent Neow","Quick Restart","StSLib"],"gold_per_floor":[456,631,631,631,650,650,660,660,660,694,694,712,723,738,738,834,834,851,905,406,375,375,375,394,394,444,444,80,80,93,13,13,112,112,122,22,22,36,36,36,36,51,51,51,51,51,85,97,97,97,97],"floor_reached":50,"language":"ENG","playtime":4070,"items_purged":["Doubt","Anger","Headbutt","True Grit+1"],"score":765,"play_id":"0826655c-a403-4417-859e-1e66e25fdd72","local_time":"20210225155157","is_ascension_mode":true,"campfire_choices":[{"data":"True Grit","floor":6.0,"key":"SMITH"},{"data":"Juggernaut","floor":8.0,"key":"SMITH"},{"floor":11.0,"key":"REST"},{"data":"Armaments","floor":15.0,"key":"SMITH"},{"data":"Barricade","floor":25.0,"key":"SMITH"},{"data":"Limit Break","floor":27.0,"key":"SMITH"},{"floor":32.0,"key":"REST"},{"floor":40,"key":"REST"},{"data":"Body Slam","floor":46,"key":"SMITH"},{"floor":49,"key":"REST"}],"circlet_count":0,"master_deck":["AscendersBane","Bash","Juggernaut+1","True Grit+1","True Grit+1","Clothesline","Cleave","Armaments+1","Reckless Charge","Barricade+1","infinitespire:NeuralNetwork","Limit Break+1","Disarm","Searing Blow","Iron Wave","Flex","Feel No Pain","Iron Wave","Evolve","Body Slam+1","Second Wind+1","Dark Embrace+1"],"relics":["Burning Blood","Bag of Marbles","Dream Catcher","Ancient Tea Set","bronze:MakeshiftBattery","War Paint","Pandora\u0027s Box","HandDrill","Red Skull","Calipers","Velvet Choker","Pen Nib","Lantern","Anchor"],"acts_visited":["Exordium","TheCity","TheBeyond"],"potions_floor_usage":[38,50,50],"damage_taken":[{"damage":4.0,"enemies":"Small Slimes","floor":1.0,"turns":4.0},{"damage":2.0,"enemies":"Jaw Worm","floor":5.0,"turns":5.0},{"damage":1.0,"enemies":"Cultist","floor":7.0,"turns":4.0},{"damage":10.0,"enemies":"Lagavulin","floor":10.0,"turns":8.0},{"damage":4.0,"enemies":"Red Slaver","floor":12.0,"turns":2.0},{"damage":0.0,"enemies":"Large Slime","floor":13.0,"turns":6.0},{"damage":0.0,"enemies":"3 Louse","floor":14.0,"turns":1.0},{"damage":60.0,"enemies":"Slime Boss","floor":16.0,"turns":13.0},{"damage":17.0,"enemies":"Chosen","floor":18.0,"turns":7.0},{"damage":26.0,"enemies":"2 Thieves","floor":21.0,"turns":5.0},{"damage":3.0,"enemies":"Cultist and Chosen","floor":24.0,"turns":6.0},{"damage":31.0,"enemies":"Colosseum Slavers","floor":29.0,"turns":3.0},{"damage":0.0,"enemies":"Snecko","floor":30.0,"turns":4.0},{"damage":33.0,"enemies":"Champ","floor":33.0,"turns":9.0},{"damage":47.0,"enemies":"3 Darklings","floor":35.0,"turns":5.0},{"damage":0,"enemies":"3 Shapes","floor":38,"turns":5},{"damage":2,"enemies":"Maw","floor":42,"turns":6},{"damage":13,"enemies":"Giant Head","floor":47,"turns":5},{"damage":0,"enemies":"Sphere and 2 Shapes","floor":48,"turns":6},{"damage":84,"enemies":"Awakened One","floor":50,"turns":3}],"seed_played":"1922159190283156935","potions_obtained":[{"floor":5.0,"key":"DuplicationPotion"},{"floor":7.0,"key":"Block Potion"},{"floor":12.0,"key":"FearPotion"},{"floor":13.0,"key":"GamblersBrew"},{"floor":18.0,"key":"Ancient Potion"},{"floor":33.0,"key":"DuplicationPotion"},{"floor":35.0,"key":"LiquidBronze"},{"floor":38,"key":"LiquidBronze"}],"is_trial":false,"path_per_floor":["M","?","?","T","M","R","M","R","T","E","R","M","M","M","R","B",null,"M","T","?","M","AVR","?","M","R","T","R","$","?","M","$","R","B",null,"M","$","?","M","$","R","AVR","M","T","$","?","R","E","M","R","B"],"character_chosen":"IRONCLAD","items_purchased":["Calipers","Evolve","Body Slam"],"campfire_rested":4,"item_purchase_floors":[28,31,31],"current_hp_per_floor":[74,74,74,74,78,78,80,80,80,76,80,80,80,80,80,26,67,56,56,56,36,36,36,39,39,39,39,39,14,20,20,44,17,64,23,23,23,29,29,53,53,57,57,57,57,57,50,56,80,0,0],"gold":97,"neow_bonus":"THREE_RARE_CARDS","is_daily":false,"chose_seed":false,"campfire_upgraded":6,"win_rate":0.0,"timestamp":1614286317,"path_taken":["M","?","?","?","M","R","M","R","T","E","R","?","M","M","R","BOSS","M","?","?","M","AVR","?","?","R","T","R","$","?","M","?","R","BOSS","M","?","?","?","$","R","AVR","M","T","?","?","R","E","M","R","BOSS"],"items_purchased_type":["Relic","Card","Card"],"build_version":"2020-12-22","purchased_purges":4,"victory":false,"max_hp_per_floor":[80,80,80,80,80,80,80,80,80,80,80,80,80,80,80,80,80,80,80,80,80,80,80,80,80,80,80,80,80,80,80,80,80,80,80,80,80,80,80,80,80,80,80,80,80,80,80,80,80,80,80],"card_choices":[{"not_picked":["Corruption","Impervious"],"picked":"Juggernaut","floor":0.0},{"not_picked":["Heavy Blade","Rampage"],"picked":"True Grit","floor":1.0},{"not_picked":["Whirlwind","Perfected Strike"],"picked":"True Grit","floor":5.0},{"not_picked":["Pommel Strike","Brutality","Clash"],"picked":"SKIP","floor":7.0},{"not_picked":["Brutality","Hemokinesis"],"picked":"Clothesline","floor":10.0},{"not_picked":["Headbutt","Anger"],"picked":"Cleave","floor":11.0},{"not_picked":["Iron Wave","Rampage"],"picked":"Armaments","floor":12.0},{"not_picked":["Headbutt","Dropkick","Pommel Strike"],"picked":"SKIP","floor":13.0},{"not_picked":["Fiend Fire","Warcry"],"picked":"Reckless Charge","floor":14.0},{"not_picked":["Corruption","Juggernaut"],"picked":"Barricade","floor":16.0},{"not_picked":["Wild Strike","Heavy Blade"],"picked":"True Grit","floor":18.0},{"not_picked":["infinitespire:FinalStrike","infinitespire:Menacing"],"picked":"infinitespire:NeuralNetwork","floor":20.0},{"not_picked":["Havoc","Warcry+1","Armaments"],"picked":"SKIP","floor":21.0},{"not_picked":["Reckless Charge","Armaments"],"picked":"Iron Wave","floor":24.0},{"not_picked":["Barricade","Cleave","Pommel Strike"],"picked":"SKIP","floor":30.0},{"not_picked":["Burning Pact+1","Warcry+1"],"picked":"Second Wind+1","floor":35.0},{"not_picked":["Rage+1","Anger"],"picked":"Dark Embrace+1","floor":38},{"not_picked":["Sentinel+1","Perfected Strike","Cleave"],"picked":"SKIP","floor":42},{"not_picked":["Rampage+1","Shrug It Off","Feed"],"picked":"SKIP","floor":47},{"not_picked":["Sentinel","Dropkick+1","Anger"],"picked":"SKIP","floor":48}],"player_experience":626108,"relics_obtained":[{"floor":4.0,"key":"Bag of Marbles"},{"floor":9.0,"key":"Dream Catcher"},{"floor":10.0,"key":"Ancient Tea Set"},{"floor":19.0,"key":"War Paint"},{"floor":26.0,"key":"Red Skull"},{"floor":43,"key":"Lantern"},{"floor":47,"key":"Anchor"}],"event_choices":[{"damage_healed":0.0,"max_hp_gain":0.0,"max_hp_loss":0.0,"gold_gain":175.0,"event_name":"Liars Game","player_choice":"AGREE","floor":2.0,"gold_loss":0.0,"damage_taken":0.0,"cards_obtained":["Doubt"]},{"cards_removed":["Doubt"],"damage_healed":0.0,"max_hp_gain":0.0,"max_hp_loss":0.0,"gold_gain":0.0,"event_name":"Fountain of Cleansing","player_choice":"Removed Curses","floor":23.0,"gold_loss":0.0,"damage_taken":0.0},{"damage_healed":0.0,"max_hp_gain":0.0,"max_hp_loss":0.0,"gold_gain":0.0,"event_name":"Colosseum","player_choice":"Fight","floor":29.0,"gold_loss":0.0,"damage_taken":0.0},{"damage_healed":0.0,"max_hp_gain":0.0,"max_hp_loss":0.0,"gold_gain":0.0,"event_name":"Colosseum","player_choice":"Fled From Nobs","floor":29.0,"gold_loss":0.0,"damage_taken":0.0},{"cards_removed":["Twin Strike"],"damage_healed":0.0,"max_hp_gain":0.0,"max_hp_loss":0.0,"gold_gain":0.0,"event_name":"WeMeetAgain","player_choice":"Gave Card","floor":37.0,"gold_loss":0.0,"damage_taken":0.0,"relics_obtained":["Pen Nib"]},{"damage_healed":0,"gold_gain":0,"player_choice":"Ignored","damage_taken":0,"max_hp_gain":0,"max_hp_loss":0,"event_name":"Mysterious Sphere","floor":45,"gold_loss":0}],"is_beta":false,"boss_relics":[{"not_picked":["Runic Pyramid","Runic Cube"],"picked":"bronze:MakeshiftBattery"},{"not_picked":["Snecko Eye","Fusion Hammer"],"picked":"Velvet Choker"}],"items_purged_floors":[22,28,36,41],"is_endless":false,"potions_floor_spawned":[5,7,12,13,18,33,35,38],"killed_by":"Awakened One","ascension_level":10}}