{"host":"hfxahm4y1ssattqc","time":1614240049,"event":{"mods":["2.2 Compatiblity","Act Like it!","Aspiration","BaseMod","Beaked The Cultist","Better Third Choice","BetterRewards","Colored Map","Colored Powertips","Custom Start","Downfall","Googly Eyes","Halation","Hallownest","Hermit","Highlight Path","Hubris","Infinite Spire","Mimic Mod","Minty Spire (QoL Compilation)","Reorder Act Four","Replay The Spire","Shop Mod","Spikes Relics","StSLib","The Bug Knight","The IronCluck","The Jungle","Unknown Chances","slay the spire mod where everything is the same but ironclad has a cowboy hat"],"gold_per_floor":[113,113,113,113,133,133,159,179,214,229,229,248,68,86,86,187,187,202,202,202,202,127,127,138,186,218,218,230,230,230,245,245,347,347,362,362,374,374,386,386,406,406,478,494,494,494,454,469,469,469,469,115,115,141,141,141],"floor_reached":55,"language":"ENG","playtime":2199,"items_purged":["Defend_G"],"score":842,"play_id":"ecbe24f4-73a4-4586-a4c3-9f09007198c0","local_time":"20210225000049","is_ascension_mode":false,"campfire_choices":[{"data":"Footwork","floor":6,"key":"SMITH"},{"floor":11,"key":"REST"},{"floor":15,"key":"REST"},{"floor":23,"key":"REST"},{"data":"Noxious Fumes","floor":27,"key":"SMITH"},{"floor":32,"key":"REST"},{"floor":40,"key":"REST"},{"floor":42,"key":"RECALL"},{"floor":46,"key":"REST"},{"floor":49,"key":"REST"},{"data":"ReplayTheSpireMod:Speed Training","floor":53,"key":"SMITH"}],"circlet_count":0,"master_deck":["Strike_G","Strike_G","Strike_G","Strike_G","Defend_G","Defend_G","Defend_G","Defend_G","Neutralize","Catalyst","Footwork+1","m_Survivalism+1","Injury","Replay:Fractal Strike+1","Noxious Fumes+1","ReplayTheSpireMod:Speed Training+1","Blade Dance","Burst","Noxious Fumes","Storm of Steel","Infinite Blades","Decay","Cloak And Dagger+1","Blur"],"relics":["Ring of the Snake","Shuriken","The Specimen","Molten Egg 2","hubris:KleinBottle","Mummified Hand","LugNut","ClockworkSouvenir","aspiration:BeakedSkillbook","aspiration:PoetsPen_weak","hubris:EmptyBottle","aspiration:SecretTechniqueScroll","halation:PinkSoulGem","hubris:PeanutButter","halation:Diary","hubris:CrystalStatue","Anchor"],"acts_visited":["Exordium","TheCity","TheBeyond","TheEnding"],"potions_floor_usage":[16,50,50,50,50,50,50],"damage_taken":[{"damage":0,"enemies":"Cultist","floor":1,"turns":3},{"damage":3,"enemies":"Jaw Worm","floor":5,"turns":4},{"damage":23,"enemies":"Replay:BlueRogue","floor":7,"turns":8},{"damage":8,"enemies":"infinitespire:Voidling","floor":8,"turns":4},{"damage":16,"enemies":"2 Fungi Beasts","floor":9,"turns":13},{"damage":0,"enemies":"2 Fungi Beasts","floor":10,"turns":4},{"damage":0,"enemies":"Exordium Thugs","floor":12,"turns":4},{"damage":0,"enemies":"Large Slime","floor":14,"turns":4},{"damage":15,"enemies":"Slime Boss","floor":16,"turns":7},{"damage":23,"enemies":"Shell Parasite","floor":18,"turns":5},{"damage":0,"enemies":"3 Byrds","floor":24,"turns":3},{"damage":2,"enemies":"Cultist and Chosen","floor":26,"turns":8},{"damage":18,"enemies":"Cultist and Chosen","floor":28,"turns":5},{"damage":0,"enemies":"Snecko","floor":31,"turns":4},{"damage":18,"enemies":"Champ","floor":33,"turns":6},{"damage":21,"enemies":"3 Shapes","floor":35,"turns":4},{"damage":23,"enemies":"3 Darklings","floor":37,"turns":3},{"damage":3,"enemies":"Maw","floor":39,"turns":5},{"damage":21,"enemies":"Jaw Worm Horde","floor":41,"turns":5},{"damage":0,"enemies":"Writhing Mass","floor":44,"turns":6},{"damage":0,"enemies":"Jaw Worm Horde","floor":48,"turns":5},{"damage":39,"enemies":"Time Eater","floor":50,"turns":7},{"damage":30,"enemies":"Shield and Spear","floor":54,"turns":5},{"damage":40,"enemies":"The Heart","floor":55,"turns":3}],"seed_played":"-3127881950417307769","potions_obtained":[{"floor":5,"key":"SpeedPotion"},{"floor":10,"key":"FearPotion"},{"floor":12,"key":"LiquidMemories"},{"floor":16,"key":"LiquidBronze"},{"floor":24,"key":"CultistPotion"}],"is_trial":false,"path_per_floor":["M","?","?","$","M","R","E","M","MIM","M","R","M","$","M","R","B",null,"M","AVR","?","?","?","R","M","T","MIM","R","M","?","?","M","R","B",null,"M","$","M","?","M","R","M","R","T","M","?","R","?","M","R","B",null,"$","R","E","B"],"character_chosen":"THE_SILENT","items_purchased":["Shuriken","The Specimen","Catalyst","hubris:KleinBottle","Noxious Fumes","ClockworkSouvenir","halation:Diary","hubris:CrystalStatue"],"campfire_rested":7,"item_purchase_floors":[0,0,0,4,13,13,52,52],"current_hp_per_floor":[70,70,70,51,48,48,25,24,8,8,29,29,29,29,50,35,70,47,47,47,47,47,68,68,68,66,66,48,48,48,48,69,51,70,49,49,26,26,23,44,23,23,23,23,23,44,44,44,65,26,70,70,70,40,0,0],"gold":141,"neow_bonus":"","is_daily":false,"chose_seed":false,"campfire_upgraded":3,"win_rate":0.0,"timestamp":1614240049,"path_taken":["M","?","?","?","M","R","E","M","MIM","M","R","?","$","M","R","BOSS","M","AVR","?","?","?","R","M","?","MIM","R","?","?","?","M","R","BOSS","M","$","M","?","M","R","M","R","T","M","?","R","?","M","R","BOSS","$","R","E","BOSS"],"items_purchased_type":["Relic","Relic","Card","Relic","Card","Relic","Relic","Relic"],"build_version":"2020-12-22","purchased_purges":1,"victory":false,"max_hp_per_floor":[70,70,70,70,70,70,70,70,70,70,70,70,70,70,70,70,70,70,70,70,70,70,70,70,70,70,70,70,70,70,70,70,70,70,70,70,70,70,70,70,70,70,70,70,70,70,70,70,70,70,70,70,70,70,70,70],"card_choices":[{"not_picked":["Blade Dance","Backstab"],"picked":"Footwork","floor":1},{"not_picked":["infinitespire:Collect","infinitespire:DeathsTouch"],"picked":"Replay:Fractal Strike","floor":4},{"not_picked":["hubris:TrickCloak","Acrobatics","Choke+1"],"picked":"SKIP","floor":5},{"not_picked":["Dash+1","Acrobatics","hubris:SlightOfHand"],"picked":"SKIP","floor":7},{"not_picked":["Poisoned Stab+1","hubris:SlightOfHand"],"picked":"Noxious Fumes","floor":8},{"not_picked":["Escape Plan","Flying Knee+1"],"picked":"ReplayTheSpireMod:Speed Training","floor":9},{"not_picked":["Predator+1","Draining Mist"],"picked":"Blade Dance","floor":10},{"not_picked":["hubris:TrickCloak","Bane+1"],"picked":"Burst","floor":12},{"not_picked":["hubris:SlightOfHand","Underhanded Strike+1","PiercingWail"],"picked":"SKIP","floor":14},{"not_picked":["Poison Darts","Burst"],"picked":"Storm of Steel","floor":16},{"not_picked":["Outmaneuver+1","beaked:BraceForImpact","Bane+1"],"picked":"Infinite Blades","floor":18},{"not_picked":["beaked:Flinch","beaked:Negation+1","beaked:Tradeoff","Replay:Poison Smokescreen"],"picked":"SKIP","floor":24},{"not_picked":["beaked:Brace","beaked:CursingBlood+1","hubris:Sniper"],"picked":"Cloak And Dagger+1","floor":26},{"not_picked":["Masterful Stab+1","Poisoned Stab+1","Bane+1","Terror"],"picked":"SKIP","floor":28},{"not_picked":["Toxin Wave","Noxious Fumes","beaked:Overexert+1"],"picked":"Blur","floor":31},{"not_picked":["beaked:TuckingFeathers","Bane+1","beaked:BraceForImpact","beaked:Windmill+1"],"picked":"SKIP","floor":35},{"not_picked":["Caltrops+1","PiercingWail","ReplayTheSpireMod:Prepare the Ceremony","Deadly Poison+1"],"picked":"SKIP","floor":37},{"not_picked":["beaked:Hexing+1","beaked:Poke+1","Deflect+1","Catalyst+1"],"picked":"SKIP","floor":39},{"not_picked":["Calculated Gamble","hubris:SlightOfHand+1","beaked:SurvivalInstinct+1","Finisher+1"],"picked":"SKIP","floor":41},{"not_picked":["beaked:Poke+1","beaked:Brace+1","beaked:WarriorEssence+1","Dagger Spray+1"],"picked":"SKIP","floor":44},{"not_picked":["Blade Dance+1","beaked:MimicMachine","beaked:DigDeep+1","Deadly Poison"],"picked":"SKIP","floor":48},{"not_picked":["Acrobatics","beaked:MimicWarrior","beaked:Poke+1","Finisher+1"],"picked":"SKIP","floor":54}],"player_experience":997264,"relics_obtained":[{"floor":7,"key":"Mummified Hand"},{"floor":9,"key":"LugNut"},{"floor":43,"key":"hubris:PeanutButter"},{"floor":54,"key":"Anchor"}],"event_choices":[{"damage_healed":0,"gold_gain":0,"player_choice":"Smashed Altar","damage_taken":0,"max_hp_gain":0,"max_hp_loss":0,"event_name":"Forgotten Altar","floor":20,"gold_loss":0,"cards_obtained":["Decay"]},{"cards_removed":["Strike_G"],"damage_healed":0,"gold_gain":0,"player_choice":"Gave Gold","damage_taken":0,"max_hp_gain":0,"max_hp_loss":0,"event_name":"Beggar","floor":22,"gold_loss":75},{"damage_healed":0,"gold_gain":0,"player_choice":"Ignored","damage_taken":0,"max_hp_gain":0,"max_hp_loss":0,"event_name":"Ghosts","floor":29,"gold_loss":0},{"damage_healed":0,"gold_gain":0,"player_choice":"Upgrade","damage_taken":0,"max_hp_gain":0,"max_hp_loss":0,"event_name":"Designer","floor":47,"gold_loss":40,"cards_upgraded":["m_Survivalism"]}],"is_beta":false,"boss_relics":[{"not_picked":["Busted Crown","hubris:RunicObelisk"],"picked":"aspiration:BeakedSkillbook"},{"not_picked":["halation:CatFaceCupcake","hubris:GrandSneckoEye"],"picked":"aspiration:SecretTechniqueScroll"}],"items_purged_floors":[0],"is_endless":false,"potions_floor_spawned":[5,10,12,16,18,24,28,31,35,41,48],"killed_by":"The Heart","ascension_level":0}}