{"host":"en4narc5947t7k9n","time":1614229131,"event":{"mods":["AchievementEnabler","BaseMod","Colored Map","Minty Spire (QoL Compilation)","SuperFastMode"],"gold_per_floor":[116,66,78,97,113,113,3,3,3,3,3,3,15,36,36,137,137,152,5,15,15,29,29,29],"floor_reached":23,"language":"KOR","playtime":905,"items_purged":["Strike_R"],"score":181,"play_id":"0bfe8e1d-4939-4663-a708-48f14186e7d3","local_time":"20210225135851","is_ascension_mode":false,"campfire_choices":[{"data":"Infernal Blade","floor":6,"key":"SMITH"},{"data":"Infernal Blade","floor":8,"key":"SMITH"},{"floor":10,"key":"RECALL"},{"data":"Intimidate","floor":12,"key":"SMITH"},{"data":"Heavy Blade","floor":15,"key":"SMITH"}],"circlet_count":0,"master_deck":["Strike_R","Strike_R","Strike_R","Defend_R","Defend_R","Defend_R","Defend_R","Heavy Blade+1","Iron Wave","Intimidate+1","Infernal Blade+1","Infernal Blade+1","Pommel Strike","Feed","Anger","Feed","Iron Wave"],"relics":["Burning Blood","Du-Vu Doll","Matryoshka","Odd Mushroom","Philosopher\u0027s Stone","Nunchaku"],"acts_visited":["Exordium","TheCity"],"potions_floor_usage":[3,16,18,23],"damage_taken":[{"damage":6,"enemies":"Cultist","floor":1,"turns":3},{"damage":12,"enemies":"Small Slimes","floor":3,"turns":5},{"damage":1,"enemies":"Jaw Worm","floor":4,"turns":4},{"damage":6,"enemies":"Blue Slaver","floor":5,"turns":5},{"damage":19,"enemies":"Gremlin Gang","floor":13,"turns":6},{"damage":1,"enemies":"The Mushroom Lair","floor":14,"turns":2},{"damage":33,"enemies":"Slime Boss","floor":16,"turns":14},{"damage":18,"enemies":"2 Thieves","floor":18,"turns":3},{"damage":6,"enemies":"Chosen","floor":20,"turns":4},{"damage":42,"enemies":"Centurion and Healer","floor":22,"turns":6},{"damage":38,"enemies":"Book of Stabbing","floor":23,"turns":4}],"seed_played":"2658370959912117735","potions_obtained":[{"floor":3,"key":"Fruit Juice"},{"floor":5,"key":"SteroidPotion"},{"floor":16,"key":"LiquidMemories"},{"floor":20,"key":"ColorlessPotion"}],"is_trial":false,"path_per_floor":["M","?","M","M","M","R","$","R","T","R","?","R","M","?","R","B",null,"M","$","M","?","M","E"],"character_chosen":"IRONCLAD","items_purchased":["Infernal Blade","Nunchaku"],"campfire_rested":0,"item_purchase_floors":[7,19],"current_hp_per_floor":[80,80,79,84,84,84,84,84,84,84,84,84,71,76,76,49,85,73,73,73,73,37,0,0],"gold":29,"neow_bonus":"ONE_RARE_RELIC","is_daily":false,"chose_seed":false,"campfire_upgraded":4,"win_rate":0.0,"timestamp":1614229131,"path_taken":["M","?","M","M","M","R","$","R","T","R","?","R","?","?","R","BOSS","M","$","M","?","M","E"],"items_purchased_type":["Card","Relic"],"build_version":"2020-12-22","purchased_purges":1,"victory":false,"max_hp_per_floor":[80,80,85,85,85,85,85,85,85,85,85,85,85,85,85,85,85,85,85,85,85,85,85,85],"card_choices":[{"not_picked":["Perfected Strike","Warcry"],"picked":"Heavy Blade","floor":1},{"not_picked":["True Grit","Rupture"],"picked":"Iron Wave","floor":3},{"not_picked":["Hemokinesis","Pommel Strike"],"picked":"Intimidate","floor":4},{"not_picked":["Havoc","Disarm"],"picked":"Infernal Blade","floor":5},{"not_picked":["Fire Breathing","Clothesline"],"picked":"Pommel Strike","floor":13},{"not_picked":["Reaper","Bludgeon"],"picked":"Feed","floor":16},{"not_picked":["Wild Strike","Perfected Strike"],"picked":"Anger","floor":18},{"not_picked":["Second Wind","Blood for Blood"],"picked":"Feed","floor":20},{"not_picked":["Warcry+1","True Grit"],"picked":"Iron Wave","floor":22}],"player_experience":212727,"relics_obtained":[{"floor":9,"key":"Matryoshka"},{"floor":14,"key":"Odd Mushroom"}],"event_choices":[{"cards_removed":["Doubt"],"damage_healed":0,"gold_gain":0,"player_choice":"Card Removal","damage_taken":0,"max_hp_gain":0,"max_hp_loss":0,"event_name":"The Cleric","floor":2,"gold_loss":50},{"cards_removed":["Bash"],"damage_healed":0,"gold_gain":0,"player_choice":"Offered Basic","damage_taken":0,"max_hp_gain":0,"max_hp_loss":0,"event_name":"Bonfire Elementals","floor":11,"gold_loss":0},{"damage_healed":0,"gold_gain":0,"player_choice":"Fought Mushrooms","damage_taken":0,"max_hp_gain":0,"max_hp_loss":0,"event_name":"Mushrooms","floor":14,"gold_loss":0},{"cards_removed":["Strike_R"],"damage_healed":0,"gold_gain":0,"player_choice":"Purged","damage_taken":0,"max_hp_gain":0,"max_hp_loss":0,"event_name":"Purifier","floor":21,"gold_loss":0}],"is_beta":false,"boss_relics":[{"not_picked":["Empty Cage","Snecko Eye"],"picked":"Philosopher\u0027s Stone"}],"items_purged_floors":[7],"is_endless":false,"potions_floor_spawned":[3,5,16,20],"killed_by":"Book of Stabbing","ascension_level":0}}