{"host":"qgrlfjrqk9z96gfi","time":1614219342,"event":{"mods":["BaseMod","Block Reminder","Colored Map","Custom Start","DeckTracker","Minty Spire (QoL Compilation)"],"gold_per_floor":[211,211,227,11,11,11,41,6,6,41,41,53,53,65,65,142,142,117,41,55,74,74,107,107,107,107],"floor_reached":25,"language":"ENG","playtime":730,"items_purged":[],"score":458,"play_id":"b307d851-d106-4541-a5c2-8f67d8455d73","local_time":"20210224161542","is_ascension_mode":true,"campfire_choices":[{"data":"Apotheosis","floor":6,"key":"SMITH"},{"floor":15,"key":"REST"},{"floor":24,"key":"REST"}],"circlet_count":0,"master_deck":["AscendersBane","Strike_G+1","Strike_G","Strike_G","Strike_G","Strike_G","Defend_G","Defend_G","Defend_G","Defend_G","Defend_G","Survivor","Neutralize","Dagger Spray","Flying Knee","Apotheosis+1","Cloak And Dagger","Endless Agony+1","Dash","Envenom","Dagger Throw","Footwork","Deflect","Blur+1","Ghostly","Ghostly","Ghostly","Backflip"],"relics":["Ring of the Snake","Incense Burner","Oddly Smooth Stone","InkBottle","The Specimen","Cursed Key","Juzu Bracelet"],"acts_visited":["Exordium","TheCity"],"potions_floor_usage":[10,21,23],"damage_taken":[{"damage":5,"enemies":"2 Louse","floor":1,"turns":3},{"damage":5,"enemies":"Small Slimes","floor":3,"turns":6},{"damage":7,"enemies":"3 Sentries","floor":7,"turns":8},{"damage":14,"enemies":"Gremlin Nob","floor":10,"turns":5},{"damage":0,"enemies":"Cultist","floor":12,"turns":2},{"damage":0,"enemies":"2 Fungi Beasts","floor":14,"turns":3},{"damage":50,"enemies":"Hexaghost","floor":16,"turns":13},{"damage":11,"enemies":"2 Thieves","floor":18,"turns":4},{"damage":0,"enemies":"Shell Parasite","floor":20,"turns":4},{"damage":6,"enemies":"Snake Plant","floor":21,"turns":5},{"damage":29,"enemies":"Book of Stabbing","floor":23,"turns":8},{"damage":16,"enemies":"Gremlin Leader","floor":25,"turns":6}],"seed_played":"-7195512956100776917","potions_obtained":[{"floor":3,"key":"DuplicationPotion"},{"floor":7,"key":"Block Potion"},{"floor":12,"key":"Swift Potion"},{"floor":13,"key":"FairyPotion"},{"floor":16,"key":"SpeedPotion"}],"is_trial":false,"path_per_floor":["M","?","M","$","?","R","E","?","T","E","?","M","?","M","R","B",null,"M","$","M","M","?","E","R","E"],"character_chosen":"THE_SILENT","items_purchased":["Apotheosis","Footwork"],"campfire_rested":2,"item_purchase_floors":[4,19],"current_hp_per_floor":[54,59,54,54,36,36,29,46,46,32,11,11,11,11,32,8,55,44,44,44,38,35,6,16,0,0],"gold":107,"neow_bonus":"HUNDRED_GOLD","is_daily":false,"chose_seed":false,"campfire_upgraded":1,"win_rate":0.0,"timestamp":1614219342,"path_taken":["M","?","M","$","?","R","E","?","T","E","?","M","?","M","R","BOSS","M","$","M","?","?","E","R","E"],"items_purchased_type":["Card","Card"],"build_version":"2020-12-22","purchased_purges":0,"victory":false,"max_hp_per_floor":[66,71,71,71,71,71,71,71,71,71,71,71,71,71,71,71,71,71,71,71,71,35,35,35,35,35],"card_choices":[{"not_picked":["Acrobatics","Deflect"],"picked":"Dagger Spray","floor":1},{"not_picked":["Reflex","PiercingWail"],"picked":"Flying Knee","floor":3},{"not_picked":["Heel Hook","Dash"],"picked":"Cloak And Dagger","floor":7},{"not_picked":["Expertise","Doppelganger"],"picked":"Endless Agony","floor":10},{"not_picked":["Dodge and Roll","Outmaneuver"],"picked":"Dash","floor":12},{"not_picked":["Quick Slash","Caltrops","Setup"],"picked":"SKIP","floor":14},{"not_picked":["Storm of Steel","Night Terror"],"picked":"Envenom","floor":16},{"not_picked":["Flying Knee","Escape Plan"],"picked":"Dagger Throw","floor":18},{"not_picked":["Quick Slash","Predator"],"picked":"Deflect","floor":20},{"not_picked":["Masterful Stab","Poisoned Stab"],"picked":"Blur+1","floor":21},{"not_picked":["Prepared+1","Slice"],"picked":"Backflip","floor":23}],"player_experience":1190597,"relics_obtained":[{"floor":7,"key":"Oddly Smooth Stone"},{"floor":9,"key":"InkBottle"},{"floor":10,"key":"The Specimen"},{"floor":23,"key":"Juzu Bracelet"}],"event_choices":[{"damage_healed":0,"gold_gain":0,"player_choice":"Donut","damage_taken":0,"max_hp_gain":5,"max_hp_loss":0,"event_name":"Big Fish","floor":2,"gold_loss":0},{"damage_healed":0,"gold_gain":0,"player_choice":"Success","damage_taken":18,"relics_obtained":["Incense Burner"],"max_hp_gain":0,"max_hp_loss":0,"event_name":"Scrap Ooze","floor":5,"gold_loss":0},{"damage_healed":17,"gold_gain":0,"player_choice":"Healed","damage_taken":0,"max_hp_gain":0,"max_hp_loss":0,"event_name":"The Cleric","floor":8,"gold_loss":35},{"damage_healed":0,"gold_gain":0,"player_choice":"Entered Light","damage_taken":21,"max_hp_gain":0,"max_hp_loss":0,"event_name":"Shining Light","floor":11,"gold_loss":0,"cards_upgraded":["Strike_G","Endless Agony"]},{"damage_healed":0,"gold_gain":0,"player_choice":"Got Potions","damage_taken":0,"max_hp_gain":0,"max_hp_loss":0,"event_name":"Lab","floor":13,"gold_loss":0},{"damage_healed":0,"gold_gain":0,"player_choice":"Became a Ghost","damage_taken":0,"max_hp_gain":0,"max_hp_loss":36,"event_name":"Ghosts","floor":22,"gold_loss":0,"cards_obtained":["Ghostly","Ghostly","Ghostly"]}],"is_beta":false,"boss_relics":[{"not_picked":["Coffee Dripper","Ring of the Serpent"],"picked":"Cursed Key"}],"items_purged_floors":[],"is_endless":false,"potions_floor_spawned":[3,7,12,16],"killed_by":"Gremlin Leader","ascension_level":20}}