{"host":"8am31i0j9qpslrrv","time":1614222900,"event":{"mods":["BaseMod","Curses Come First","Minty Spire (QoL Compilation)","Quick Restart","Replay The Spire","StSLib"],"gold_per_floor":[113,129,54,54,104,104,145,145,171,171,196,221,221,221,221,266,266],"floor_reached":16,"language":"ENG","playtime":382,"items_purged":["Defend_B"],"score":234,"play_id":"3adc14f9-ae51-4a41-b579-a7d88efbc1d6","local_time":"20210224221500","is_ascension_mode":true,"campfire_choices":[{"data":"Zap","floor":6.0,"key":"SMITH"},{"data":"Dualcast","floor":8.0,"key":"SMITH"},{"floor":10.0,"key":"REST"},{"data":"Glacier","floor":15.0,"key":"SMITH"}],"circlet_count":0,"master_deck":["AscendersBane","Strike_B","Strike_B+1","Strike_B","Strike_B","Defend_B","Defend_B","Defend_B","Zap+1","Dualcast+1","Skim","Skim","Glacier+1","Sickly"],"relics":["Cracked Core","NeowsBlessing","Golden Idol","Singing Bowl","Gremlin Food","Ring of Panic","ReplayTheSpireMod:Ring of Challenge"],"acts_visited":["Exordium"],"potions_floor_usage":[16],"damage_taken":[{"damage":0.0,"enemies":"Small Slimes","floor":1.0,"turns":1.0},{"damage":0.0,"enemies":"Cultist","floor":2.0,"turns":1.0},{"damage":0.0,"enemies":"3 Sentries","floor":7.0,"turns":1.0},{"damage":3.0,"enemies":"2 Louse","floor":11.0,"turns":3.0},{"damage":3.0,"enemies":"Large Slime","floor":12.0,"turns":5.0},{"damage":53,"enemies":"Fading Forest","floor":16,"turns":7}],"seed_played":"-5844405712079369327","potions_obtained":[{"floor":1.0,"key":"Block Potion"},{"floor":7.0,"key":"BlessingOfTheForge"}],"is_trial":false,"path_per_floor":["M","M","$","?","?","R","E","R","T","R","M","M","?","?","R","B"],"character_chosen":"DEFECT","items_purchased":[],"campfire_rested":1,"item_purchase_floors":[],"current_hp_per_floor":[64,64,64,40,33,33,33,33,33,54,53,52,52,52,52,0,0],"gold":266,"neow_bonus":"THREE_ENEMY_KILL","is_daily":false,"chose_seed":false,"campfire_upgraded":3,"win_rate":0.0,"timestamp":1614222900,"path_taken":["M","M","$","?","?","R","E","R","T","R","M","?","?","?","R","BOSS"],"items_purchased_type":[],"build_version":"2020-12-22","purchased_purges":1,"victory":false,"max_hp_per_floor":[71,71,71,71,71,71,71,71,71,71,73,75,75,75,75,75,75],"card_choices":[{"not_picked":["Genetic Algorithm","Auto Shields"],"picked":"Skim","floor":1.0},{"not_picked":["Rebound","Gash"],"picked":"Skim","floor":2.0},{"not_picked":["Redo","Ball Lightning"],"picked":"Glacier","floor":7.0},{"not_picked":["Hologram","Streamline","Barrage"],"picked":"Singing Bowl","floor":11.0},{"not_picked":["Sweeping Beam","Capacitor","Leap"],"picked":"Singing Bowl","floor":12.0}],"player_experience":798453,"relics_obtained":[{"floor":7.0,"key":"Singing Bowl"},{"floor":9.0,"key":"Gremlin Food"},{"floor":13.0,"key":"Ring of Panic"},{"floor":13.0,"key":"ReplayTheSpireMod:Ring of Challenge"}],"event_choices":[{"damage_healed":0.0,"max_hp_gain":0.0,"max_hp_loss":0.0,"gold_gain":0.0,"event_name":"Golden Idol","player_choice":"Take Damage","floor":4.0,"gold_loss":0.0,"damage_taken":24.0,"relics_obtained":["Golden Idol"]},{"damage_healed":0.0,"max_hp_gain":0.0,"max_hp_loss":0.0,"gold_gain":50.0,"event_name":"FaceTrader","player_choice":"Touch","floor":5.0,"gold_loss":0.0,"damage_taken":7.0},{"damage_healed":0.0,"max_hp_gain":0.0,"max_hp_loss":0.0,"gold_gain":0.0,"event_name":"Dead Adventurer","player_choice":"Searched \u00271\u0027 times","floor":14.0,"gold_loss":0.0,"damage_taken":0.0}],"is_beta":false,"boss_relics":[],"items_purged_floors":[3],"is_endless":false,"potions_floor_spawned":[1,7],"killed_by":"Fading Forest","ascension_level":18}}