{"host":"ovivighfa421z0zp","time":1614270271,"event":{"mods":["BaseMod","Colored Map","DeckTracker","Keyboard Shortcuts","Minty Spire (QoL Compilation)","Permanent Neow","Quick Restart","Replay The Spire","StSLib","SuperFastMode","The Cursed","The Hierophant"],"gold_per_floor":[117,117,117,131,141,167,167,186,186,198,226,270,282,27,27,102,102,115,35,51,81,81,81,99,99,99,99,43,56,68,83,83,157,207,221,239,191,208,208,241,241,256,325,350,361,361,583,22,22,22,22],"floor_reached":52,"language":"KOR","playtime":2494,"items_purged":["TheCursedMod:Strike_TheCursed"],"score":1509,"play_id":"18b7d27e-8e0e-4681-af6d-041bcfec527f","local_time":"20210226012431","is_ascension_mode":true,"campfire_choices":[{"floor":7.0,"key":"REST"},{"floor":10.0,"key":"REST"},{"floor":13.0,"key":"REST"},{"data":"TheCursedMod:CleanUpWorkshop","floor":15.0,"key":"SMITH"},{"floor":23.0,"key":"REST"},{"floor":25.0,"key":"REST"},{"data":"TheCursedMod:ForbiddenAlchemy","floor":27.0,"key":"SMITH"},{"floor":32.0,"key":"REST"},{"floor":41.0,"key":"REST"},{"floor":49,"key":"REST"}],"circlet_count":0,"master_deck":["AscendersBane","TheCursedMod:Strike_TheCursed","TheCursedMod:Strike_TheCursed","TheCursedMod:Defend_TheCursed","TheCursedMod:Defend_TheCursed","TheCursedMod:Defend_TheCursed","TheCursedMod:Defend_TheCursed","TheCursedMod:CursedWand+1","TheCursedMod:CleanUpWorkshop+1","TheCursedMod:Dregs","Delirium","TheCursedMod:VoidForm+1","TheCursedMod:Evocation+1","Amnesia","TheCursedMod:CursedAmulet","TheCursedMod:SpitefulStrike","TheCursedMod:DemonSword+1","TheCursedMod:CursedAmulet","TheCursedMod:SpitefulStrike","TheCursedMod:SmokeScreen","TheCursedMod:LuckyCharm","TheCursedMod:CursedBlade","TheCursedMod:CircleOfFlame","TheCursedMod:ForbiddenAlchemy+1","TheCursedMod:SpitefulPray","TheCursedMod:SmokeScreen+1","TheCursedMod:CursedBoomerang","TheCursedMod:CursedBlade+1","TheCursedMod:RapidMovement","TheCursedMod:Wield+1","TheCursedMod:ForbiddenAlchemy+1","TheCursedMod:CursedMace+1","TheCursedMod:AshesToAshes","Hallucinations","TheCursedMod:CursedAmulet","TheCursedMod:CursedAmulet","TheCursedMod:SpitefulPlan","Writhe","TheCursedMod:SpitefulPray","TheCursedMod:DoubleShield+1","TheCursedMod:CircleOfBlood","ReplayTheSpireMod:IOU","TheCursedMod:ManaBullet+1","TheCursedMod:WearCloak","TheCursedMod:StingEye+1","TheCursedMod:SurpriseAttack+1"],"relics":["TheCursedMod:BlackMagic101","Akabeko","MawBank","ReplayTheSpireMod:Shallot","ReplayTheSpireMod:DimensionalGlitch","Red Mask","Blue Candle","Molten Egg 2","Tiny House","ReplayTheSpireMod:CursedCoin","Regal Pillow","Nunchaku","Mummified Hand","Replay:PocketPolymizer","Replay:Wax Seal","TheCursedMod:MagicCandle","Guide Book"],"acts_visited":["Exordium","TheCity","TheBeyond"],"potions_floor_usage":[50,50,50,50,50,50,51,51,51,51,51,51],"damage_taken":[{"damage":15.0,"enemies":"2 Louse","floor":1.0,"turns":3.0},{"damage":16.0,"enemies":"Jaw Worm","floor":4.0,"turns":3.0},{"damage":2.0,"enemies":"Cultist","floor":5.0,"turns":4.0},{"damage":25.0,"enemies":"Gremlin Nob","floor":6.0,"turns":4.0},{"damage":11.0,"enemies":"Exordium Thugs","floor":8.0,"turns":6.0},{"damage":9.0,"enemies":"3 Louse","floor":11.0,"turns":3.0},{"damage":16.0,"enemies":"3 Sentries","floor":12.0,"turns":8.0},{"damage":14.0,"enemies":"The Guardian","floor":16.0,"turns":7.0},{"damage":7.0,"enemies":"2 Thieves","floor":18.0,"turns":4.0},{"damage":22.0,"enemies":"3 Byrds","floor":20.0,"turns":6.0},{"damage":23.0,"enemies":"Masked Bandits","floor":21.0,"turns":5.0},{"damage":14.0,"enemies":"Cultist and Chosen","floor":24.0,"turns":6.0},{"damage":0.0,"enemies":"Centurion and Healer","floor":29.0,"turns":4.0},{"damage":5.0,"enemies":"Snecko","floor":30.0,"turns":7.0},{"damage":8.0,"enemies":"Sentry and Sphere","floor":31.0,"turns":5.0},{"damage":30.0,"enemies":"Collector","floor":33.0,"turns":9.0},{"damage":16.0,"enemies":"Orb Walker","floor":35.0,"turns":4.0},{"damage":0.0,"enemies":"3 Darklings","floor":36.0,"turns":3.0},{"damage":10.0,"enemies":"Maw","floor":38.0,"turns":9.0},{"damage":18.0,"enemies":"Reptomancer","floor":40.0,"turns":9.0},{"damage":18.0,"enemies":"Transient","floor":42.0,"turns":6.0},{"damage":16.0,"enemies":"Mind Bloom Boss Battle","floor":44.0,"turns":6.0},{"damage":19.0,"enemies":"Spire Growth","floor":45.0,"turns":4.0},{"damage":10,"enemies":"Replay:Hell Engine","floor":50,"turns":10},{"damage":37,"enemies":"Donu and Deca","floor":51,"turns":7}],"seed_played":"4820234071181646694","potions_obtained":[{"floor":4.0,"key":"Adrenaline Potion"},{"floor":5.0,"key":"SkillPotion"},{"floor":8.0,"key":"Dexterity Potion"},{"floor":18.0,"key":"Swift Potion"},{"floor":24.0,"key":"Elixir"},{"floor":29.0,"key":"Fire Potion"},{"floor":31.0,"key":"AttackPotion"},{"floor":33.0,"key":"Energy Potion"},{"floor":40.0,"key":"FearPotion"}],"is_trial":false,"path_per_floor":["M","?","?","M","M","E","R","M","T","R","M","E","R","$","R","B",null,"M","?","M","?","T","R","M","R","T","R","$","M","M","M","R","B",null,"M","M","$","M","?","E","R","M","T","?","M","?","?","$","R","B","B",null],"character_chosen":"THE_CURSED","items_purchased":["TheCursedMod:LuckyCharm","TheCursedMod:CursedBlade","TheCursedMod:CircleOfFlame","TheCursedMod:CursedBlade+1","ReplayTheSpireMod:CursedCoin","Regal Pillow","TheCursedMod:CursedAmulet","Replay:Wax Seal","TheCursedMod:MagicCandle","TheCursedMod:ManaBullet+1","Guide Book","TheCursedMod:WearCloak","TheCursedMod:StingEye+1"],"campfire_rested":8,"item_purchase_floors":[14,14,14,28,37,37,37,48,48,48,48,48,48],"current_hp_per_floor":[49,71,50,34,32,7,28,17,17,38,29,13,34,34,34,20,58,51,51,29,6,6,27,13,34,34,34,34,34,29,21,42,12,61,45,45,45,35,50,32,69,51,51,35,16,16,16,16,53,45,11],"gold":22,"neow_bonus":"THREE_RARE_CARDS","is_daily":false,"chose_seed":false,"campfire_upgraded":2,"win_rate":0.0,"timestamp":1614270271,"path_taken":["M","?","?","M","M","E","R","M","T","R","M","E","R","$","R","BOSS","M","?","M","?","?","R","M","R","T","R","$","M","M","?","R","BOSS","M","M","$","M","?","E","R","M","T","?","?","?","?","$","R","BOSS","BOSS"],"items_purchased_type":["Card","Card","Card","Card","Relic","Relic","Card","Relic","Relic","Card","Relic","Card","Card"],"build_version":"2020-12-22","purchased_purges":1,"victory":true,"max_hp_per_floor":[71,71,71,71,71,71,71,71,71,71,71,71,71,71,71,71,71,71,71,71,71,71,71,71,71,71,71,71,71,71,71,71,71,76,76,76,76,76,76,76,76,76,76,76,76,76,76,76,76,76,76],"card_choices":[{"not_picked":["TheCursedMod:OutForBlood","TheCursedMod:CursedRelics"],"picked":"TheCursedMod:VoidForm","floor":0.0},{"not_picked":["TheCursedMod:SaltUponWound","TheCursedMod:SmokeScreen"],"picked":"TheCursedMod:Evocation","floor":1.0},{"not_picked":["TheCursedMod:SaltUponWound","TheCursedMod:SmokeScreen"],"picked":"TheCursedMod:CursedAmulet","floor":4.0},{"not_picked":["TheCursedMod:WearCloak","TheCursedMod:StingEye"],"picked":"TheCursedMod:SpitefulStrike","floor":5.0},{"not_picked":["TheCursedMod:Evocation","TheCursedMod:SoulReap"],"picked":"TheCursedMod:DemonSword","floor":6.0},{"not_picked":["TheCursedMod:CursedArmor","TheCursedMod:CircleOfFlame"],"picked":"TheCursedMod:CursedAmulet","floor":8.0},{"not_picked":["TheCursedMod:Stretching","TheCursedMod:CursedArmor"],"picked":"TheCursedMod:SpitefulStrike","floor":11.0},{"not_picked":["TheCursedMod:CursedArmor","TheCursedMod:CircleOfFlame"],"picked":"TheCursedMod:SmokeScreen","floor":12.0},{"not_picked":["TheCursedMod:DarkBarrier","TheCursedMod:ManaCirculation"],"picked":"TheCursedMod:ForbiddenAlchemy","floor":16.0},{"not_picked":["TheCursedMod:Torture","TheCursedMod:SmokeScreen"],"picked":"TheCursedMod:SpitefulPray","floor":18.0},{"not_picked":["TheCursedMod:CircleOfCorruption","TheCursedMod:ManaBullet"],"picked":"TheCursedMod:AbyssShockwave","floor":20.0},{"not_picked":["TheCursedMod:Torture","TheCursedMod:SpreadPlague+1"],"picked":"TheCursedMod:SmokeScreen+1","floor":21.0},{"not_picked":["TheCursedMod:SurpriseAttack","TheCursedMod:CircleOfWindfury"],"picked":"TheCursedMod:CursedBoomerang","floor":24.0},{"not_picked":["TheCursedMod:Evocation","TheCursedMod:CursedBlade+1","TheCursedMod:CircleOfFlame+1"],"picked":"SKIP","floor":29.0},{"not_picked":["TheCursedMod:Wield+1","TheCursedMod:Hemoplague"],"picked":"TheCursedMod:RapidMovement","floor":30.0},{"not_picked":["TheCursedMod:SurpriseAttack+1","TheCursedMod:Stigma+1"],"picked":"TheCursedMod:Wield+1","floor":31.0},{"not_picked":["TheCursedMod:DemonicPact","TheCursedMod:OutForBlood"],"picked":"TheCursedMod:ForbiddenAlchemy","floor":33.0},{"not_picked":["TheCursedMod:Mangle+1","TheCursedMod:SmokeScreen"],"picked":"TheCursedMod:CursedMace+1","floor":35.0},{"not_picked":["TheCursedMod:WearCloak","TheCursedMod:HellsGateOpen+1"],"picked":"TheCursedMod:AshesToAshes","floor":36.0},{"not_picked":["TheCursedMod:Torture","TheCursedMod:RapidMovement"],"picked":"TheCursedMod:SpitefulPlan","floor":38.0},{"not_picked":["TheCursedMod:CursedBlade+1","TheCursedMod:SpreadPlague+1","TheCursedMod:Stigma+1"],"picked":"SKIP","floor":40.0},{"not_picked":["TheCursedMod:SurpriseAttack+1","TheCursedMod:TroublousMinions+1"],"picked":"TheCursedMod:SpitefulPray","floor":42.0},{"not_picked":["TheCursedMod:Wield+1","TheCursedMod:CursedMace+1"],"picked":"TheCursedMod:DoubleShield+1","floor":44.0},{"not_picked":["TheCursedMod:BloodBarrier+1","TheCursedMod:CursedShiv+1"],"picked":"TheCursedMod:CircleOfBlood","floor":45.0}],"player_experience":877874,"relics_obtained":[{"floor":6.0,"key":"Akabeko"},{"floor":9.0,"key":"MawBank"},{"floor":12.0,"key":"ReplayTheSpireMod:Shallot"},{"floor":21.0,"key":"Red Mask"},{"floor":22.0,"key":"Blue Candle"},{"floor":26.0,"key":"Molten Egg 2"},{"floor":40.0,"key":"Nunchaku"},{"floor":43.0,"key":"Mummified Hand"},{"floor":44.0,"key":"Replay:PocketPolymizer"}],"event_choices":[{"damage_healed":0.0,"max_hp_gain":0.0,"max_hp_loss":0.0,"gold_gain":0.0,"event_name":"Shining Light","player_choice":"Entered Light","floor":3.0,"gold_loss":0.0,"damage_taken":21.0,"cards_upgraded":["TheCursedMod:CursedWand","TheCursedMod:Evocation"]},{"damage_healed":0.0,"max_hp_gain":0.0,"max_hp_loss":0.0,"gold_gain":0.0,"event_name":"Masked Bandits","player_choice":"Fought Bandits","floor":21.0,"gold_loss":0.0,"damage_taken":0.0},{"damage_healed":15.0,"max_hp_gain":0.0,"max_hp_loss":0.0,"gold_gain":0.0,"event_name":"Winding Halls","player_choice":"Writhe","floor":39.0,"gold_loss":0.0,"damage_taken":0.0,"cards_obtained":["Writhe"]},{"damage_healed":0.0,"max_hp_gain":0.0,"max_hp_loss":0.0,"gold_gain":0.0,"event_name":"MindBloom","player_choice":"Fight","floor":44.0,"gold_loss":0.0,"damage_taken":0.0},{"cards_removed":["TheCursedMod:AbyssShockwave"],"damage_healed":0.0,"max_hp_gain":0.0,"max_hp_loss":0.0,"gold_gain":0.0,"event_name":"Falling","player_choice":"Removed Attack","floor":46.0,"gold_loss":0.0,"damage_taken":0.0},{"damage_healed":0.0,"max_hp_gain":0.0,"max_hp_loss":0.0,"gold_gain":222.0,"event_name":"Tomb of Lord Red Mask","player_choice":"Wore Mask","floor":47.0,"gold_loss":0.0,"damage_taken":0.0}],"is_beta":false,"boss_relics":[{"not_picked":["Velvet Choker","Kintsugi"],"picked":"ReplayTheSpireMod:DimensionalGlitch"},{"not_picked":["Runic Pyramid","Coffee Dripper"],"picked":"Tiny House"}],"items_purged_floors":[14],"is_endless":false,"potions_floor_spawned":[4,5,8,18,24,29,31,33,40],"ascension_level":20}}