{"host":"xc18ixkpjvqrt8st","time":1614275305,"event":{"mods":["Act Like it!","BaseMod","Better Match","Better Third Choice","Conspire","Hallownest","Hermit","Hubris","Jorbs\u0027s Wanderer Trilogy","Minty Spire (QoL Compilation)","Reliquary","Robot Space Explorer","Shade Mod","Shop Mod","Spicy Shops","Spire Arcade","StSLib","The Animator","The Jungle","The Sage"],"gold_per_floor":[124,124,140,83,113,154,168,182,182,200,200,213,213,246,246,356,356,370,370,61,77,88,88,122,143,143,143,173,173,173,204,204,208,208],"floor_reached":33,"language":"ENG","playtime":1832,"items_purged":[],"score":359,"play_id":"a8087db0-69dd-43ba-a0ac-62d724129bf8","local_time":"20210225114825","is_ascension_mode":true,"campfire_choices":[{"floor":11,"key":"REST"},{"floor":13,"key":"REST"},{"floor":15,"key":"REST"},{"floor":23,"key":"REST"},{"floor":27,"key":"REST"},{"floor":30,"key":"REST"},{"floor":32,"key":"REST"}],"circlet_count":0,"master_deck":["animator:Alexander","animator:Rider","animator:Caster","animator:Berserker","animator:SakuraMatou","animator:IzunaHatsuse","animator:Saber","animator:Mitsurugi","animator:Entoma+2","animator:YunYun","animator:Assassin","animator:Jibril","animator:HigakiRinne","animator:Melzalgald","animator:HomuraAkemi","animator:IzunaHatsuse","animator:Biyorigo","animator:TsurugaMeisai","animator:YunYun","animator:Rider","animator:Illya","animator:Azekura","Bite","Bite","Bite","Bite","Bite","animator:Archer","animator:UneriGinkaku","animator:SayakaMiki","animator:Darkness+1","animator:MetalKnight","animator:Chris","animator:Geryuganshoop","animator:FielNirvalen","animator:Konayuki"],"relics":["animator:LivingPicture","animator:TheMissingPiece","NeowsBlessing","hubris:SphereOfDissonance","animator:WizardHat","Anchor","Pandora\u0027s Box","Lee\u0027s Waffle","Nunchaku"],"acts_visited":["Exordium","TheCity"],"potions_floor_usage":[10,14,16,18,24,28,33,33],"damage_taken":[{"damage":0,"enemies":"Small Slimes","floor":1,"turns":1},{"damage":0,"enemies":"Jaw Worm","floor":3,"turns":1},{"damage":0,"enemies":"2 Louse","floor":5,"turns":1},{"damage":31,"enemies":"3 Sentries","floor":6,"turns":10},{"damage":7,"enemies":"Exordium Wildlife","floor":7,"turns":6},{"damage":13,"enemies":"Large Slime","floor":8,"turns":5},{"damage":10,"enemies":"Lots of Slimes","floor":10,"turns":3},{"damage":8,"enemies":"Blue Slaver","floor":12,"turns":2},{"damage":16,"enemies":"Gremlin Nob","floor":14,"turns":4},{"damage":3,"enemies":"Slime Boss","floor":16,"turns":6},{"damage":12,"enemies":"conspire:FuzzyDice","floor":18,"turns":5},{"damage":18,"enemies":"2 Thieves","floor":21,"turns":4},{"damage":49,"enemies":"3 Cultists","floor":22,"turns":6},{"damage":22,"enemies":"conspire:Head Lice","floor":24,"turns":7},{"damage":12,"enemies":"Centurion and Healer","floor":25,"turns":5},{"damage":19,"enemies":"Shelled Parasite and Fungi","floor":28,"turns":5},{"damage":0,"enemies":"Snecko","floor":31,"turns":2},{"damage":66,"enemies":"Collector","floor":33,"turns":7}],"seed_played":"7715068621210481176","potions_obtained":[{"floor":1,"key":"CultistPotion"},{"floor":7,"key":"DuplicationPotion"},{"floor":8,"key":"SpeedPotion"},{"floor":14,"key":"Explosive Potion"},{"floor":16,"key":"Ancient Potion"},{"floor":18,"key":"Fruit Juice"},{"floor":25,"key":"DistilledChaos"},{"floor":29,"key":"SmokeBomb"},{"floor":29,"key":"AttackPotion"}],"is_trial":false,"path_per_floor":["M","?","M","$","M","E","M","M","T","M","R","M","R","E","R","B",null,"M","?","$","M","M","R","E","M","T","R","M","?","R","M","R","B"],"character_chosen":"THE_ANIMATOR","items_purchased":["animator:SakuraMatou","Lee\u0027s Waffle","animator:Archer","animator:UneriGinkaku","animator:SayakaMiki"],"campfire_rested":7,"item_purchase_floors":[4,20,20,20,20],"current_hp_per_floor":[66,66,67,67,67,36,29,20,20,14,34,27,47,32,52,51,71,65,53,60,52,11,29,13,19,19,37,26,26,44,44,62,0,0],"gold":208,"neow_bonus":"THREE_ENEMY_KILL","is_daily":false,"chose_seed":false,"campfire_upgraded":0,"win_rate":0.0,"timestamp":1614275305,"path_taken":["M","?","M","?","M","E","M","M","T","M","R","?","R","E","R","BOSS","M","?","$","M","M","R","E","M","T","R","M","?","R","?","R","BOSS"],"items_purchased_type":["Card","Relic","Card","Card","Card"],"build_version":"2020-12-22","purchased_purges":0,"victory":false,"max_hp_per_floor":[66,66,67,67,67,67,67,67,67,67,67,68,68,69,69,71,71,77,53,60,62,62,62,62,62,62,62,62,62,62,62,62,62,62],"card_choices":[{"not_picked":["animator:EmiyaShirou","animator:FielNirvalen"],"picked":"animator:Caster","floor":1},{"not_picked":["animator:OrikoMikuni","animator:Demiurge"],"picked":"animator:Berserker","floor":3},{"not_picked":["animator:Cocytus","animator:Assassin"],"picked":"animator:IzunaHatsuse","floor":5},{"not_picked":["animator:Berserker","animator:EmiyaShirou"],"picked":"animator:Saber","floor":6},{"not_picked":["animator:NagisaMomoe","animator:Kazuma"],"picked":"animator:Mitsurugi","floor":7},{"not_picked":["animator:Wiz","animator:Verdia"],"picked":"animator:Entoma","floor":8},{"not_picked":["animator:Demiurge","animator:DolaRiku"],"picked":"animator:YunYun","floor":10},{"not_picked":["animator:Alexander","animator:Berserker"],"picked":"animator:Assassin","floor":12},{"not_picked":["animator:Melzalgald","animator:Togame"],"picked":"animator:Jibril","floor":14},{"not_picked":["animator:HomuraAkemi","animator:Wiz"],"picked":"animator:HigakiRinne","floor":16},{"not_picked":["animator:DolaStephanie+1","animator:Demiurge+1"],"picked":"animator:Azekura","floor":18},{"not_picked":["animator:NarberalGamma","animator:Megumin"],"picked":"animator:Darkness+1","floor":21},{"not_picked":["animator:SilverFang","animator:Geryuganshoop"],"picked":"animator:MetalKnight","floor":22},{"not_picked":["animator:DolaStephanie","animator:YuiTsuruno"],"picked":"animator:Chris","floor":24},{"not_picked":["animator:Emonzaemon","animator:Wiz"],"picked":"animator:Geryuganshoop","floor":25},{"not_picked":["animator:Archer","animator:Vanir"],"picked":"animator:FielNirvalen","floor":28},{"not_picked":["animator:Azekura","animator:Emonzaemon"],"picked":"animator:Konayuki","floor":31}],"player_experience":682473,"relics_obtained":[{"floor":6,"key":"hubris:SphereOfDissonance"},{"floor":9,"key":"animator:WizardHat"},{"floor":14,"key":"Anchor"},{"floor":24,"key":"Nunchaku"}],"event_choices":[{"damage_healed":0,"gold_gain":0,"player_choice":"Ignored","damage_taken":0,"max_hp_gain":0,"max_hp_loss":0,"event_name":"Transmorgrifier","floor":2,"gold_loss":0},{"damage_healed":0,"gold_gain":0,"player_choice":"Became a vampire","damage_taken":0,"max_hp_gain":0,"max_hp_loss":24,"event_name":"Vampires","floor":19,"gold_loss":0,"cards_obtained":["Bite","Bite","Bite","Bite","Bite"]},{"damage_healed":0,"gold_gain":0,"player_choice":"Got Potions","damage_taken":0,"max_hp_gain":0,"max_hp_loss":0,"event_name":"Lab","floor":29,"gold_loss":0}],"is_beta":false,"boss_relics":[{"not_picked":["reliquary:Craggleroot","reliquary:Ember"],"picked":"Pandora\u0027s Box"}],"items_purged_floors":[],"is_endless":false,"potions_floor_spawned":[1,7,8,14,16,18,25],"killed_by":"Collector","ascension_level":2}}