{"host":"h49usdrjeju7gyhi","time":1614221808,"event":{"mods":["Act Like it!","BaseMod","Minty Spire (QoL Compilation)","Ruina","StSLib","The Animator"],"gold_per_floor":[115,115,132,161,188,188,200,210,233,233,251,251,251,262,262,351,351,373,384,409,426,220,220,239,239,239],"floor_reached":25,"language":"ENG","playtime":1560,"items_purged":["animator:Strike"],"score":398,"play_id":"9837d537-cbea-416b-a52d-3657a3c9f435","local_time":"20210224215648","is_ascension_mode":true,"campfire_choices":[{"data":"animator:Millim","floor":6,"key":"SMITH"},{"data":"animator:Kaijin","floor":10,"key":"SMITH"},{"data":"animator:Millim+1","floor":12,"key":"SMITH"},{"floor":15,"key":"REST"},{"floor":23,"key":"REST"}],"circlet_count":0,"master_deck":["AscendersBane","animator:Strike_Konosuba+1","animator:Defend_Konosuba","animator:Strike","animator:Defend","animator:Defend","animator:Kazuma","animator:Aqua","animator:ShinjiMatou","animator:Archer","animator:Millim+2","animator:Megumin+7","animator:ShinjiMatou","animator:Kaijin+1","animator:EmiyaShirou","animator:AcuraShin","animator:Shuna","animator:SwordMaiden"],"relics":["animator:LivingPicture","animator:TheMissingPiece","Tiny Chest","animator:Buoy","Empty Cage","Orichalcum"],"acts_visited":["Exordium","TheCity"],"potions_floor_usage":[8,18,19,24,25,25],"damage_taken":[{"damage":0,"enemies":"2 Louse","floor":1,"turns":3},{"damage":2,"enemies":"Cultist","floor":3,"turns":5},{"damage":0,"enemies":"Jaw Worm","floor":4,"turns":4},{"damage":11,"enemies":"Large Slime","floor":5,"turns":6},{"damage":1,"enemies":"Looter","floor":7,"turns":4},{"damage":16,"enemies":"Exordium Wildlife","floor":8,"turns":4},{"damage":8,"enemies":"Lots of Slimes","floor":11,"turns":2},{"damage":7,"enemies":"Gremlin Gang","floor":14,"turns":2},{"damage":23,"enemies":"The Guardian","floor":16,"turns":11},{"damage":12,"enemies":"Spheric Guardian","floor":18,"turns":5},{"damage":17,"enemies":"Chosen","floor":19,"turns":4},{"damage":16,"enemies":"Snecko","floor":21,"turns":5},{"damage":17,"enemies":"Snake Plant","floor":24,"turns":3},{"damage":18,"enemies":"Cultist and Chosen","floor":25,"turns":3}],"seed_played":"-3740702141002181602","potions_obtained":[{"floor":3,"key":"Energy Potion"},{"floor":4,"key":"ColorlessPotion"},{"floor":7,"key":"Fire Potion"},{"floor":14,"key":"LiquidMemories"},{"floor":21,"key":"DuplicationPotion"},{"floor":24,"key":"Swift Potion"}],"is_trial":false,"path_per_floor":["M","?","M","M","M","R","M","M","T","R","M","R","?","M","R","B",null,"M","M","T","M","$","R","M","M"],"character_chosen":"THE_ANIMATOR","items_purchased":["Weak Potion","animator:SwordMaiden"],"campfire_rested":2,"item_purchase_floors":[22,22],"current_hp_per_floor":[56,49,49,51,42,42,43,30,30,30,24,24,24,17,35,14,49,39,24,24,8,8,26,11,0,0],"gold":239,"neow_bonus":"RANDOM_COMMON_RELIC","is_daily":false,"chose_seed":false,"campfire_upgraded":3,"win_rate":0.0,"timestamp":1614221808,"path_taken":["M","?","M","M","M","R","M","M","T","R","M","R","?","M","R","BOSS","M","?","?","M","$","R","M","M"],"items_purchased_type":["Potion","Card"],"build_version":"2020-12-22","purchased_purges":1,"victory":false,"max_hp_per_floor":[60,60,60,60,60,60,60,61,61,61,61,61,61,61,61,61,61,61,61,61,61,61,61,61,61,61],"card_choices":[{"not_picked":["animator:Caster","animator:SilverFang"],"picked":"animator:ShinjiMatou","floor":1},{"not_picked":["animator:Rider","animator:Genos"],"picked":"animator:Archer","floor":3},{"not_picked":["animator:Berserker","animator:Sloth"],"picked":"animator:Millim","floor":4},{"not_picked":["animator:Verdia","animator:Kazuma"],"picked":"animator:Megumin","floor":5},{"not_picked":["animator:Berserker","animator:Genos"],"picked":"animator:ShinjiMatou","floor":7},{"not_picked":["animator:ChaikaBohdan","animator:Millim"],"picked":"animator:Kaijin","floor":8},{"not_picked":["animator:DwarfShaman","animator:Berserker","animator:Shion"],"picked":"SKIP","floor":11},{"not_picked":["animator:Caster","animator:ShinjiMatou"],"picked":"animator:EmiyaShirou","floor":14},{"not_picked":["animator:Greed","animator:Boros"],"picked":"animator:AcuraShin","floor":16},{"not_picked":["animator:Vanir","animator:Chris"],"picked":"animator:Shuna","floor":18},{"not_picked":["animator:Darkness","animator:HighElfArcher","animator:Benimaru"],"picked":"SKIP","floor":19},{"not_picked":["animator:Benimaru","animator:Shion","animator:Guy"],"picked":"SKIP","floor":21}],"player_experience":1603209,"relics_obtained":[{"floor":9,"key":"animator:Buoy"},{"floor":20,"key":"Orichalcum"}],"event_choices":[{"cards_removed":["animator:Defend"],"damage_healed":0,"gold_gain":0,"player_choice":"Card Removal","damage_taken":7,"max_hp_gain":0,"max_hp_loss":0,"event_name":"Golden Wing","floor":2,"gold_loss":0},{"damage_healed":0,"gold_gain":0,"player_choice":"Cursed","damage_taken":0,"max_hp_gain":0,"max_hp_loss":0,"event_name":"Wheel of Change","floor":13,"gold_loss":0,"cards_obtained":["Decay"]}],"is_beta":false,"boss_relics":[{"not_picked":["Mark of Pain","Busted Crown"],"picked":"Empty Cage"}],"items_purged_floors":[22],"is_endless":false,"potions_floor_spawned":[3,4,7,14,21,24],"killed_by":"Cultist and Chosen","ascension_level":20}}