{"host":"e8rlfedn69rz2s07","time":1614273732,"event":{"mods":["AchievementEnabler","BaseMod","Minty Spire (QoL Compilation)","Permanent Neow","Relic Stats"],"gold_per_floor":[117,137,151,169,183,183,183,29,79,79,39,74,88,107,107,107,107],"floor_reached":16,"language":"ENG","playtime":650,"items_purged":[],"score":208,"play_id":"bc35c79c-6a97-4462-bc3c-255a80beeb76","local_time":"20210225192212","is_ascension_mode":true,"campfire_choices":[{"floor":6.0,"key":"REST"},{"data":"Buffer","floor":10.0,"key":"SMITH"},{"floor":15,"key":"REST"}],"circlet_count":0,"master_deck":["AscendersBane","Strike_B","Strike_B","Strike_B","Defend_B","Defend_B","Defend_B","Defend_B","Zap","Dualcast","Barrage","Leap","Gash","Gash","Auto Shields","Buffer+1","White Noise","Leap","Rip and Tear"],"relics":["Sozu","Blood Vial","Matryoshka"],"acts_visited":["Exordium"],"potions_floor_usage":[],"damage_taken":[{"damage":6.0,"enemies":"Small Slimes","floor":1.0,"turns":3.0},{"damage":14.0,"enemies":"Jaw Worm","floor":2.0,"turns":6.0},{"damage":0.0,"enemies":"2 Louse","floor":3.0,"turns":2.0},{"damage":1.0,"enemies":"Exordium Thugs","floor":4.0,"turns":4.0},{"damage":7.0,"enemies":"2 Fungi Beasts","floor":5.0,"turns":4.0},{"damage":1.0,"enemies":"Looter","floor":11.0,"turns":4.0},{"damage":46.0,"enemies":"3 Sentries","floor":12.0,"turns":12.0},{"damage":4,"enemies":"Large Slime","floor":13,"turns":6},{"damage":0,"enemies":"Red Slaver","floor":14,"turns":5},{"damage":0,"enemies":"Slime Boss","floor":16,"turns":3}],"seed_played":"-5080847849644428746","potions_obtained":[],"is_trial":false,"path_per_floor":["M","M","M","M","M","R","?","$","T","R","M","E","M","M","R","B"],"character_chosen":"DEFECT","items_purchased":["Buffer"],"campfire_rested":2,"item_purchase_floors":[8],"current_hp_per_floor":[58,44,44,43,36,57,50,50,50,50,51,7,5,7,28,30,30],"gold":107,"neow_bonus":"BOSS_RELIC","is_daily":false,"chose_seed":false,"campfire_upgraded":1,"win_rate":0.0,"timestamp":1614273732,"path_taken":["M","M","M","M","M","R","?","$","T","R","M","E","M","M","R","BOSS"],"items_purchased_type":["Card"],"build_version":"2020-12-22","purchased_purges":0,"victory":false,"max_hp_per_floor":[71,71,71,71,71,71,71,71,71,71,71,71,71,71,71,71,71],"relic_stats":{"Sozu":3,"Blood Vial":10,"counters":[10,49],"obtain_stats":[{"Sozu":0,"Blood Vial":9,"Matryoshka":12,"Cracked Core":0},{"Sozu":0,"Blood Vial":5,"Matryoshka":7,"Cracked Core":0},{"Sozu":0,"Blood Vial":19,"Matryoshka":35,"Cracked Core":0}]},"card_choices":[{"not_picked":["Leap","Turbo"],"picked":"Barrage","floor":1.0},{"not_picked":["Heatsinks","Skim"],"picked":"Leap","floor":2.0},{"not_picked":["Compile Driver","Hologram"],"picked":"Gash","floor":3.0},{"not_picked":["Conserve Battery","Cold Snap"],"picked":"Gash","floor":4.0},{"not_picked":["Tempest","Go for the Eyes"],"picked":"Auto Shields","floor":5.0},{"not_picked":["Ball Lightning","Compile Driver"],"picked":"White Noise","floor":11.0},{"not_picked":["Reboot","Barrage"],"picked":"Leap","floor":12.0},{"not_picked":["Redo","Lockon","White Noise"],"picked":"SKIP","floor":13},{"not_picked":["Rebound","Leap"],"picked":"Rip and Tear","floor":14}],"player_experience":1136007,"relics_obtained":[{"floor":9.0,"key":"Blood Vial"},{"floor":12.0,"key":"Matryoshka"}],"event_choices":[{"cards_removed":["Strike_B"],"damage_healed":0.0,"max_hp_gain":0.0,"max_hp_loss":0.0,"gold_gain":0.0,"event_name":"Golden Wing","player_choice":"Card Removal","floor":7.0,"gold_loss":0.0,"damage_taken":7.0}],"is_beta":false,"boss_relics":[],"items_purged_floors":[],"is_endless":false,"potions_floor_spawned":[2,4,12],"killed_by":"Slime Boss","ascension_level":20}}