{"host":"adi","time":1614257903,"event":{"mods":["AchievementEnabler","BaseMod","Bestiary","Colored Powertips","Minty Spire (QoL Compilation)","StSLib"],"gold_per_floor":[117,133,150,150,167,167,187,156,181,181,201,276,55,69,69,172,172,152,152,152,62,62,62,62,90,165,165,181,38,54,54,54,54,54],"floor_reached":33,"language":"ENG","playtime":772,"items_purged":[],"score":257,"play_id":"6c767add-2619-4e53-8572-55e7b0c93054","local_time":"20210225135823","is_ascension_mode":false,"campfire_choices":[{"data":"Uppercut","floor":6,"key":"SMITH"},{"floor":10,"key":"REST"},{"data":"Fiend Fire","floor":15,"key":"SMITH"},{"data":"Spot Weakness","floor":23,"key":"SMITH"},{"floor":27,"key":"REST"},{"data":"Seeing Red","floor":32,"key":"SMITH"}],"circlet_count":0,"master_deck":["Bash","Clash","Thunderclap","Uppercut+1","Ghostly Armor","Disarm","Carnage","Double Tap","Sword Boomerang","Spot Weakness+1","Whirlwind","Fiend Fire+1","Impervious","Disarm+1","Flash of Steel","Seeing Red+1","Armaments","Twin Strike","Intimidate+1"],"relics":["Burning Blood","Dream Catcher","Tiny Chest","Pandora\u0027s Box","Ginger","Boot","Self Forming Clay","Sling","Sundial"],"acts_visited":["Exordium","TheCity"],"potions_floor_usage":[16,28,33,33,33],"damage_taken":[{"damage":6.0,"enemies":"Small Slimes","floor":1.0,"turns":4.0},{"damage":11.0,"enemies":"Jaw Worm","floor":2.0,"turns":3.0},{"damage":0.0,"enemies":"Cultist","floor":3.0,"turns":2.0},{"damage":12.0,"enemies":"Exordium Wildlife","floor":5.0,"turns":3.0},{"damage":26,"enemies":"2 Fungi Beasts","floor":7,"turns":4},{"damage":22,"enemies":"Exordium Thugs","floor":8,"turns":5},{"damage":7,"enemies":"Looter","floor":11,"turns":2},{"damage":6,"enemies":"Large Slime","floor":14,"turns":4},{"damage":19,"enemies":"Slime Boss","floor":16,"turns":7},{"damage":28,"enemies":"2 Thieves","floor":18,"turns":4},{"damage":29,"enemies":"Book of Stabbing","floor":25,"turns":6},{"damage":13,"enemies":"Spheric Guardian","floor":28,"turns":4},{"damage":6,"enemies":"Snake Plant","floor":30,"turns":4},{"damage":82,"enemies":"Automaton","floor":33,"turns":8}],"seed_played":"7303893210861384234","potions_obtained":[{"floor":2.0,"key":"SteroidPotion"},{"floor":3.0,"key":"Weak Potion"},{"floor":7,"key":"Regen Potion"},{"floor":18,"key":"Regen Potion"},{"floor":30,"key":"LiquidMemories"}],"is_trial":false,"path_per_floor":["M","M","M","?","M","R","M","M","T","R","M","?","$","M","R","B",null,"M","$","?","$","T","R","?","E","T","R","M","$","M","T","R","B"],"character_chosen":"IRONCLAD","items_purchased":["Spot Weakness","Whirlwind","Fiend Fire","Flash of Steel","Sling"],"campfire_rested":2,"item_purchase_floors":[13,13,13,21,29],"current_hp_per_floor":[80,75,80,77,71,71,51,35,35,59,58,47,47,47,47,34,80,58,58,58,58,58,58,58,35,35,59,64,64,64,64,64,0,0],"gold":54,"neow_bonus":"TRANSFORM_CARD","is_daily":false,"chose_seed":false,"campfire_upgraded":4,"win_rate":0.0,"timestamp":1614257903,"path_taken":["M","M","M","?","M","R","M","M","T","R","M","?","$","M","R","BOSS","M","$","?","?","?","R","?","E","T","R","?","$","M","?","R","BOSS"],"items_purchased_type":["Card","Card","Card","Card","Relic"],"build_version":"2020-12-18","purchased_purges":0,"victory":false,"max_hp_per_floor":[80,80,80,80,80,80,80,80,80,80,80,80,80,80,80,80,80,80,80,80,80,80,80,80,80,80,80,80,80,80,80,80,80,80],"card_choices":[{"not_picked":["Body Slam","Iron Wave"],"picked":"Thunderclap","floor":1.0},{"not_picked":["Shrug It Off","Body Slam"],"picked":"Uppercut","floor":2.0},{"not_picked":["Clothesline","Iron Wave"],"picked":"Ghostly Armor","floor":3.0},{"not_picked":["Cleave","Entrench"],"picked":"Wild Strike","floor":5},{"not_picked":["Warcry","Anger"],"picked":"Disarm","floor":7},{"not_picked":["Twin Strike","Wild Strike"],"picked":"Carnage","floor":8},{"not_picked":["Intimidate","Perfected Strike"],"picked":"Double Tap","floor":10},{"not_picked":["Feel No Pain","Thunderclap"],"picked":"Sword Boomerang","floor":11},{"not_picked":["True Grit","Clash","Dark Embrace"],"picked":"SKIP","floor":14},{"not_picked":["Feed","Brutality"],"picked":"Impervious","floor":16},{"not_picked":["Anger","Iron Wave"],"picked":"Disarm+1","floor":18},{"not_picked":["Havoc","Ghostly Armor"],"picked":"Seeing Red","floor":25},{"not_picked":["Pommel Strike","Perfected Strike+1"],"picked":"Armaments","floor":27},{"not_picked":["Sentinel","Thunderclap"],"picked":"Twin Strike","floor":28},{"not_picked":["Rage","Exhume"],"picked":"Intimidate+1","floor":30}],"player_experience":455638,"relics_obtained":[{"floor":9,"key":"Tiny Chest"},{"floor":22,"key":"Ginger"},{"floor":25,"key":"Boot"},{"floor":26,"key":"Self Forming Clay"},{"floor":31,"key":"Sundial"}],"event_choices":[{"damage_healed":0.0,"max_hp_gain":0.0,"max_hp_loss":0.0,"gold_gain":0.0,"event_name":"Scrap Ooze","player_choice":"Success","floor":4.0,"gold_loss":0.0,"damage_taken":3.0,"relics_obtained":["Dream Catcher"]},{"damage_healed":0,"gold_gain":75,"player_choice":"Gather Gold","damage_taken":11,"max_hp_gain":0,"max_hp_loss":0,"event_name":"World of Goop","floor":12,"gold_loss":0},{"damage_healed":0,"gold_gain":0,"player_choice":"Ignored","damage_taken":0,"max_hp_gain":0,"max_hp_loss":0,"event_name":"NoteForYourself","floor":20,"gold_loss":0},{"cards_removed":["Wild Strike"],"damage_healed":0,"gold_gain":0,"player_choice":"Elegance","damage_taken":0,"max_hp_gain":0,"max_hp_loss":0,"event_name":"Back to Basics","floor":24,"gold_loss":0}],"is_beta":true,"boss_relics":[{"not_picked":["Empty Cage","SacredBark"],"picked":"Pandora\u0027s Box"}],"items_purged_floors":[],"is_endless":false,"potions_floor_spawned":[2,3,7,8,18,30],"killed_by":"Automaton","ascension_level":0}}