{"host":"n5x0e04y88v3omrc","time":1614264543,"event":{"mods":["Aspiration","BaseMod","Colored Powertips","Downfall","Minty Spire (QoL Compilation)","Reimu£®≤©¿ˆ¡È√Œ£©","Remilia£®¿Ÿ√◊¿Ú—«£©","Replay The Spire","Shop Mod","StSLib","UnlockEverythingMod"],"gold_per_floor":[118,118,136,136,10,10,10,10,36,54,77,89,101,113,136,164,176,293,305,330,342,269,25,79,111,125,125,125,135,147,165,182,92,92,92,92],"floor_reached":35,"language":"ZHS","playtime":10511,"items_purged":["Defend_RM","Writhe"],"score":352,"play_id":"b3eb83d5-ea63-447d-8729-576f647551af","local_time":"20210225224903","is_ascension_mode":false,"campfire_choices":[{"data":"ScarletShoot","floor":6.0,"key":"SMITH"},{"data":"Stigmanizer","floor":14.0,"key":"SMITH"},{"data":"BloodAndWine","floor":17,"key":"SMITH"},{"data":"MastersStateliness","floor":27,"key":"SMITH"},{"data":"RedMoon","floor":34,"key":"SMITH"}],"circlet_count":0,"master_deck":["Strike_RM","Strike_RM","Strike_RM","Strike_RM","Defend_RM","RedMoon+1","ScarletShoot+1","Stigmanizer+1","CharismaGuard+1","BloodHunter","MastersStateliness+1","BloodHunter","BloodAndWine+1","VampireClaw+1","BloodAndWine+1","BloodyHallows+1","RedRainbow","BloodHunter+1","Stigmanizer+1"],"relics":["ScarletHat","NeowsBlessing","Ring of Misfortune","Ring of Fury","Tiny Chest","MawBank","FairyMaid","Guide Book","Nunchaku","Replay:Bottled Flurry","aspiration:FrozenJewel"],"acts_visited":["Exordium","TheCity"],"potions_floor_usage":[18,18,30,31,32],"damage_taken":[{"damage":0.0,"enemies":"2 Louse","floor":1.0,"turns":1.0},{"damage":0.0,"enemies":"Jaw Worm","floor":3.0,"turns":1.0},{"damage":0.0,"enemies":"Gremlin Nob","floor":9.0,"turns":1.0},{"damage":0.0,"enemies":"Small Slimes","floor":10.0,"turns":2.0},{"damage":0.0,"enemies":"Looter","floor":15.0,"turns":2.0},{"damage":0.0,"enemies":"Red Slaver","floor":16.0,"turns":1.0},{"damage":0,"enemies":"Fading Forest","floor":18,"turns":11},{"damage":5,"enemies":"Spheric Guardian","floor":20,"turns":1},{"damage":53,"enemies":"Replay:Snechameleon","floor":25,"turns":5},{"damage":8,"enemies":"2 Thieves","floor":26,"turns":3},{"damage":18,"enemies":"Snake Plant","floor":29,"turns":4},{"damage":11,"enemies":"Centurion and Healer","floor":30,"turns":4},{"damage":10,"enemies":"Shelled Parasite and Fungi","floor":31,"turns":4},{"damage":18,"enemies":"Cultist and Chosen","floor":32,"turns":4},{"damage":67,"enemies":"Automaton","floor":35,"turns":6}],"seed_played":"7065594278950209821","potions_obtained":[{"floor":1.0,"key":"SkillPotion"},{"floor":15.0,"key":"Weak Potion"},{"floor":16.0,"key":"Languid Potion"},{"floor":20,"key":"Fire Potion"},{"floor":29,"key":"PowerPotion"},{"floor":31,"key":"Swift Potion"}],"is_trial":false,"path_per_floor":["M","?","M","?","$","R","PTL","PTL","E","M","T","$","?","R","M","M","R","B",null,"M","?","?","$","T","E","M","R","T","M","M","M","M","?","R","B"],"character_chosen":"REMILIA","items_purchased":["BloodHunter","Guide Book"],"campfire_rested":0,"item_purchase_floors":[5,23],"current_hp_per_floor":[75,75,75,75,75,75,75,75,75,75,75,75,75,75,75,75,75,75,75,73,73,73,73,73,61,61,61,61,51,53,48,35,35,35,0,0],"gold":92,"neow_bonus":"THREE_ENEMY_KILL","is_daily":false,"chose_seed":false,"campfire_upgraded":5,"win_rate":0.0,"timestamp":1614264543,"path_taken":["M","?","M","?","$","R","PTL","PTL","E","M","T","$","?","R","M","M","R","BOSS","M","?","?","$","?","E","M","R","T","M","M","M","?","?","R","BOSS"],"items_purchased_type":["Card","Relic"],"build_version":"2020-12-22","purchased_purges":2,"victory":false,"max_hp_per_floor":[75,75,75,75,75,75,75,75,75,75,75,75,75,75,75,75,75,75,75,75,75,75,75,75,75,75,75,75,75,79,79,79,79,79,79,79],"card_choices":[{"not_picked":["BloodyMagicSquare","BloodyTrap"],"picked":"Stigmanizer","floor":1.0},{"not_picked":["ForbiddenFruit","EndlessAdversity"],"picked":"CharismaGuard","floor":3.0},{"not_picked":["DiffusionOfMisfortune","BloodRain"],"picked":"MastersStateliness","floor":9.0},{"not_picked":["MillenniumVampire","ReincarnationDial"],"picked":"BloodHunter","floor":10.0},{"not_picked":["VampireKiss","BloodAndWine"],"picked":"VampireClaw","floor":15.0},{"not_picked":["DiffusionOfMisfortune","MastersStateliness"],"picked":"BloodAndWine","floor":16.0},{"not_picked":["HeartBreak","HellCatastrophe"],"picked":"BloodyHallows","floor":18},{"not_picked":["ScarletImprint","UnstableMagic"],"picked":"RedRainbow","floor":20},{"not_picked":["ScarletImprint","EndlessAdversity","VampireFantasy"],"picked":"SKIP","floor":25},{"not_picked":["EndlessAdversity","FavorOfDestiny","ScarletCoffin"],"picked":"SKIP","floor":26},{"not_picked":["ScarletGensokyo","DiffusionOfMisfortune"],"picked":"BloodHunter+1","floor":29},{"not_picked":["UnderTheZenith","NightDance","RedRainbow"],"picked":"SKIP","floor":30},{"not_picked":["RedMagic","EndlessAdversity","DiffusionOfMisfortune"],"picked":"SKIP","floor":31},{"not_picked":["LeisurelyOfLord+1","BlasphemousPunishment"],"picked":"Stigmanizer+1","floor":32}],"player_experience":141328,"relics_obtained":[{"floor":4.0,"key":"Ring of Misfortune"},{"floor":4.0,"key":"Ring of Fury"},{"floor":9.0,"key":"Tiny Chest"},{"floor":11.0,"key":"MawBank"},{"floor":24,"key":"Nunchaku"},{"floor":25,"key":"Replay:Bottled Flurry"},{"floor":28,"key":"aspiration:FrozenJewel"}],"event_choices":[{"damage_healed":0.0,"max_hp_gain":0.0,"max_hp_loss":0.0,"gold_gain":0.0,"event_name":"Golden Idol","player_choice":"Ignored","floor":2.0,"gold_loss":0.0,"damage_taken":0.0},{"damage_healed":0,"gold_gain":0,"player_choice":"Ignored","damage_taken":0,"max_hp_gain":0,"max_hp_loss":0,"event_name":"Ghosts","floor":21,"gold_loss":0},{"damage_healed":0,"gold_gain":0,"player_choice":"Obtained Relic","damage_taken":0,"relics_obtained":["FairyMaid"],"max_hp_gain":0,"max_hp_loss":0,"event_name":"Addict","floor":22,"gold_loss":85},{"cards_removed":["Defend_RM"],"damage_healed":0,"gold_gain":0,"player_choice":"Upgrade and Remove","damage_taken":0,"max_hp_gain":0,"max_hp_loss":0,"event_name":"Designer","floor":33,"gold_loss":90,"cards_upgraded":["CharismaGuard"]}],"is_beta":false,"boss_relics":[{"not_picked":["Velvet Choker","Sozu","ReplayTheSpireMod:DimensionalGlitch"]}],"items_purged_floors":[5,23],"is_endless":false,"potions_floor_spawned":[1,15,16,20,29,31],"killed_by":"Automaton","ascension_level":0}}