{"host":"aovbmu76o5toxav1","time":1614274639,"event":{"mods":["BaseMod","Jorbs\u0027s Wanderer Trilogy","Marisa????????","Minty Spire (QoL Compilation)","StSLib","The Bug Knight","The Servant 0.9.4"],"gold_per_floor":[113,133,65,80,155,182,192,192,218,238,41,66,79,94,94,198,198,217,236,252,265,72,91,91,122,147,147,62,62,62,109,109,229,229,242,307,116,135,135,176,223,223,247,260,308,308,328,356,356,356,356,356,3,32,32],"floor_reached":56,"language":"ENG","playtime":8068,"items_purged":["Strike_MRS","Strike_MRS","Defend_MRS"],"score":1364,"play_id":"5f20bff0-9776-4a16-82df-70ac89be5014","local_time":"20210225123719","is_ascension_mode":false,"campfire_choices":[{"data":"MilkyWay","floor":8,"key":"SMITH"},{"data":"MachineGunSpark","floor":15,"key":"SMITH"},{"floor":24,"key":"REST"},{"data":"OpenUniverse","floor":27,"key":"SMITH"},{"data":"OortCloud","floor":29,"key":"SMITH"},{"floor":32,"key":"REST"},{"floor":42,"key":"RECALL"},{"data":"CasketOfStar","floor":49,"key":"SMITH"},{"data":"FinalSpark","floor":52,"key":"SMITH"}],"circlet_count":0,"master_deck":["Strike_MRS","Strike_MRS","Defend_MRS","Defend_MRS+1","Defend_MRS","MasterSpark","UpSweep+1","NonDirectionalLaser","MachineGunSpark+1","MilkyWay+1","OortCloud+1","FairyDestructionRay","DoubleSpark","GalacticHalo+1","Parasite","Parasite","OpenUniverse+1","WitchLeyline+1","TreasureHunter","EnergyRecoil+1","DragonMeteor","ShootingEcho","OrrerysSun+1","WitchOfGreed","IllusionStar+1","FinalSpark+1","SprinkleStarSeal","CasketOfStar+1","Acceleration+1","PulseMagic+1","OpenUniverse+1","SuperPerseids"],"relics":["MiniHakkero","Nunchaku","Smiling Mask","ShroomBag","Anchor","SlaversCollar","Toolbox","Toy Ornithopter","Bottled Lightning","Regal Pillow","PreservedInsect","BreadOfAWashokuLover","War Paint","TungstenRod","Philosopher\u0027s Stone","MagicBroom","WingedGreaves","Potion Belt","Blood Vial","Thread and Needle","Letter Opener","Whetstone","Du-Vu Doll","Blue Candle","Gambling Chip"],"acts_visited":["Exordium","TheCity","TheBeyond","TheEnding"],"potions_floor_usage":[25,25,25,50,55,55,55,55,55],"damage_taken":[{"damage":3,"enemies":"Jaw Worm","floor":1,"turns":3},{"damage":0,"enemies":"Small Slimes","floor":2,"turns":2},{"damage":0,"enemies":"Cultist","floor":4,"turns":3},{"damage":5,"enemies":"Lagavulin","floor":6,"turns":6},{"damage":15,"enemies":"Lots of Slimes","floor":7,"turns":3},{"damage":3,"enemies":"Gremlin Gang","floor":10,"turns":3},{"damage":0,"enemies":"3 Sentries","floor":12,"turns":5},{"damage":9,"enemies":"Exordium Wildlife","floor":13,"turns":5},{"damage":0,"enemies":"Blue Slaver","floor":14,"turns":2},{"damage":32,"enemies":"Hexaghost","floor":16,"turns":12},{"damage":9,"enemies":"2 Thieves","floor":18,"turns":5},{"damage":10,"enemies":"3 Byrds","floor":19,"turns":5},{"damage":21,"enemies":"Centurion and Healer","floor":20,"turns":9},{"damage":1,"enemies":"Chosen and Byrds","floor":21,"turns":6},{"damage":32,"enemies":"Snake Plant","floor":23,"turns":5},{"damage":14,"enemies":"Slavers","floor":25,"turns":5},{"damage":2,"enemies":"HollowMod:Nosk","floor":31,"turns":12},{"damage":67,"enemies":"Collector","floor":33,"turns":17},{"damage":0,"enemies":"Orb Walker","floor":35,"turns":2},{"damage":0,"enemies":"Mind Bloom Boss Battle","floor":36,"turns":12},{"damage":0,"enemies":"3 Shapes","floor":38,"turns":3},{"damage":10,"enemies":"Giant Head","floor":40,"turns":6},{"damage":52,"enemies":"Reptomancer","floor":41,"turns":6},{"damage":2,"enemies":"Sphere and 2 Shapes","floor":44,"turns":2},{"damage":0,"enemies":"Nemesis","floor":45,"turns":9},{"damage":10,"enemies":"Spire Growth","floor":47,"turns":4},{"damage":0,"enemies":"Maw","floor":48,"turns":6},{"damage":59,"enemies":"Awakened One","floor":50,"turns":10},{"damage":32,"enemies":"Shield and Spear","floor":54,"turns":5},{"damage":50,"enemies":"The Heart","floor":55,"turns":5}],"seed_played":"-7803093164285147315","potions_obtained":[{"floor":1,"key":"Strength Potion"},{"floor":4,"key":"SpeedPotion"},{"floor":7,"key":"ColorlessPotion"},{"floor":23,"key":"Dexterity Potion"},{"floor":31,"key":"Ancient Potion"},{"floor":31,"key":"Dexterity Potion"},{"floor":35,"key":"DuplicationPotion"},{"floor":40,"key":"SteroidPotion"},{"floor":44,"key":"FearPotion"},{"floor":48,"key":"LiquidBronze"}],"is_trial":false,"path_per_floor":["M","M","$","M","?","E","M","R","T","M","$","E","M","M","R","B",null,"M","M","M","M","$","M","R","E","T","R","?","R","?","E","R","B",null,"M","?","$","M","?","E","E","R","T","M","E","?","M","M","R","B",null,"R","$","E","B",null],"character_chosen":"MARISA","items_purchased":["OortCloud","ShroomBag","Toolbox","MillisecondPulsars","Du-Vu Doll","Block Potion"],"campfire_rested":2,"item_purchase_floors":[3,11,22,37,53,53],"current_hp_per_floor":[72,72,72,72,61,56,41,41,41,38,38,42,37,41,41,13,75,70,64,47,50,50,22,44,34,34,34,34,34,34,36,73,13,75,75,88,88,88,88,78,32,32,32,34,40,40,48,54,54,6,84,84,84,56,34],"gold":32,"neow_bonus":"THREE_CARDS","is_daily":false,"chose_seed":false,"campfire_upgraded":6,"win_rate":0.0,"timestamp":1614274639,"path_taken":["M","M","$","M","?","E","M","R","T","M","?","E","M","?","R","BOSS","M","M","M","?","$","M","R","E","T","R","?","R","?","E","R","BOSS","M","?","$","M","?","E","E","R","T","M","E","?","M","M","R","BOSS","R","$","E","BOSS"],"items_purchased_type":["Card","Relic","Relic","Card","Relic","Potion"],"build_version":"2020-12-22","purchased_purges":3,"victory":true,"max_hp_per_floor":[75,75,75,75,75,75,75,75,75,75,75,75,75,75,75,75,75,75,75,75,75,75,75,75,75,75,75,75,75,75,75,75,75,75,75,88,88,88,88,88,88,88,88,88,88,84,84,84,84,84,84,84,84,84,84],"card_choices":[{"not_picked":["UnstableBomb","6A"],"picked":"NonDirectionalLaser","floor":0},{"not_picked":["ChargingUp","UnstableBomb"],"picked":"MachineGunSpark","floor":1},{"not_picked":["6A","OneTimeOff"],"picked":"MilkyWay","floor":2},{"not_picked":["SporeBomb","ChargingUp"],"picked":"FairyDestructionRay","floor":4},{"not_picked":["MysteriousBeam","DarkMatter"],"picked":"DoubleSpark","floor":6},{"not_picked":["EventHorizon","WitchOfGreed"],"picked":"GalacticHalo","floor":7},{"not_picked":["PowerUp","AbsoluteMagnitude","SuperPerseids"],"picked":"SKIP","floor":10},{"not_picked":["MaximisePower","LuminesStrike"],"picked":"OpenUniverse","floor":12},{"not_picked":["GravityBeat","PropBag"],"picked":"WitchLeyline","floor":13},{"not_picked":["SatelliteIllusion","PowerUp","MachineGunSpark"],"picked":"SKIP","floor":14},{"not_picked":["ManaRampage","CollectingQuirk"],"picked":"TreasureHunter","floor":16},{"not_picked":["ShootingEcho","Robbery"],"picked":"EnergyRecoil+1","floor":18},{"not_picked":["GravityBeat","BlazeAway"],"picked":"DragonMeteor","floor":19},{"not_picked":["DarkMatter","GalacticHalo"],"picked":"ShootingEcho","floor":20},{"not_picked":["ShootTheMoon","MilkyWay","DC+1"],"picked":"SKIP","floor":21},{"not_picked":["EarthLightRay","Acceleration"],"picked":"OrrerysSun+1","floor":23},{"not_picked":["MilkyWay+1","OortCloud"],"picked":"WitchOfGreed","floor":25},{"not_picked":["StarlightTyphoon","MilkyWay"],"picked":"IllusionStar+1","floor":31},{"not_picked":["TreasureHunter","EscapeVelocity"],"picked":"FinalSpark","floor":33},{"not_picked":["SporeBomb","OortCloud","GrandCross"],"picked":"SKIP","floor":35},{"not_picked":["MilkyWay+1","UnstableBomb"],"picked":"SprinkleStarSeal","floor":36},{"not_picked":["MilkyWay","OneTimeOff","WitchLeyline"],"picked":"SKIP","floor":38},{"not_picked":["MachineGunSpark","ChargeUpSpray","DoubleSpark"],"picked":"SKIP","floor":40},{"not_picked":["BlazingStar","SuperPerseids+1"],"picked":"CasketOfStar","floor":41},{"not_picked":["LuminesStrike+1","AsteroidBelt"],"picked":"Acceleration+1","floor":44},{"not_picked":["GrandCross","BlazingStar"],"picked":"PulseMagic+1","floor":45},{"not_picked":["PropBag+1","SporeBomb+1"],"picked":"OpenUniverse+1","floor":47},{"not_picked":["IllusionStar","UnstableBomb","MilkyWay+1"],"picked":"SKIP","floor":48},{"not_picked":["EarthLightRay","NonDirectionalLaser+1"],"picked":"SuperPerseids","floor":54}],"player_experience":128250,"relics_obtained":[{"floor":6,"key":"Nunchaku"},{"floor":9,"key":"Smiling Mask"},{"floor":12,"key":"Anchor"},{"floor":25,"key":"Toy Ornithopter"},{"floor":25,"key":"Bottled Lightning"},{"floor":26,"key":"Regal Pillow"},{"floor":31,"key":"BreadOfAWashokuLover"},{"floor":31,"key":"War Paint"},{"floor":33,"key":"TungstenRod"},{"floor":36,"key":"MagicBroom"},{"floor":36,"key":"WingedGreaves"},{"floor":40,"key":"Potion Belt"},{"floor":40,"key":"Blood Vial"},{"floor":41,"key":"Thread and Needle"},{"floor":45,"key":"Letter Opener"},{"floor":45,"key":"Whetstone"},{"floor":54,"key":"Blue Candle"},{"floor":54,"key":"Gambling Chip"}],"event_choices":[{"damage_healed":0,"gold_gain":75,"player_choice":"Gather Gold","damage_taken":11,"max_hp_gain":0,"max_hp_loss":0,"event_name":"World of Goop","floor":5,"gold_loss":0},{"damage_healed":0,"gold_gain":0,"player_choice":"Obtained Relic","damage_taken":0,"relics_obtained":["PreservedInsect"],"max_hp_gain":0,"max_hp_loss":0,"event_name":"Addict","floor":28,"gold_loss":85},{"damage_healed":0,"gold_gain":0,"player_choice":"Ignored","damage_taken":0,"max_hp_gain":0,"max_hp_loss":0,"event_name":"Vampires","floor":30,"gold_loss":0},{"damage_healed":0,"gold_gain":0,"player_choice":"Fight","damage_taken":0,"max_hp_gain":0,"max_hp_loss":0,"event_name":"MindBloom","floor":36,"gold_loss":0},{"cards_removed":["MillisecondPulsars"],"damage_healed":0,"gold_gain":0,"player_choice":"Removed Power","damage_taken":0,"max_hp_gain":0,"max_hp_loss":0,"event_name":"Falling","floor":39,"gold_loss":0},{"damage_healed":0,"gold_gain":0,"player_choice":"Max HP","damage_taken":0,"max_hp_gain":0,"max_hp_loss":4,"event_name":"Winding Halls","floor":46,"gold_loss":0}],"is_beta":false,"boss_relics":[{"not_picked":["SacredBark","Black Star"],"picked":"SlaversCollar"},{"not_picked":["Runic Dome","Velvet Choker"],"picked":"Philosopher\u0027s Stone"}],"items_purged_floors":[11,22,37],"is_endless":false,"potions_floor_spawned":[1,4,7,12,13,18,23,31,35,38,44,47,48],"ascension_level":0}}