{"host":"1bzbl1adcbkdzqlf","time":1614289788,"event":{"mods":["BaseMod","Minty Spire (QoL Compilation)","Slay the Relics Exporter"],"gold_per_floor":[112,287,306,306,306,346,360,396,444,444,458,13,88,102,102,222,222,237,237,253,278,294,294,294],"floor_reached":23,"language":"ENG","playtime":3467,"items_purged":["Pain"],"score":291,"play_id":"f0fd65bd-9182-4042-9bcc-0bd0bc7d3552","local_time":"20210225154948","is_ascension_mode":true,"campfire_choices":[{"floor":10,"key":"REST"},{"data":"Accuracy","floor":15,"key":"SMITH"}],"circlet_count":0,"master_deck":["Strike_G","Strike_G","Defend_G","Defend_G","Defend_G","Defend_G","Defend_G","Survivor","Neutralize","Leg Sweep","Doubt","Dagger Throw","Infinite Blades","Slice","Accuracy+1","Quick Slash","Infinite Blades","Blade Dance","Unload","Caltrops+1","Calculated Gamble+1","Blade Dance+1","Prepared+1","Cloak And Dagger","Cloak And Dagger","Deflect","Well Laid Plans"],"relics":["Ring of the Snake","MealTicket","Golden Idol","WarpedTongs","Mercury Hourglass","PreservedInsect","Strawberry","Boot","Medical Kit","Astrolabe"],"acts_visited":["Exordium","TheCity"],"potions_floor_usage":[6,8,21,23,23,23],"damage_taken":[{"damage":0,"enemies":"Small Slimes","floor":1,"turns":3},{"damage":0,"enemies":"Jaw Worm","floor":3,"turns":5},{"damage":37,"enemies":"3 Sentries","floor":6,"turns":14},{"damage":3,"enemies":"Cultist","floor":7,"turns":4},{"damage":5,"enemies":"Gremlin Nob","floor":8,"turns":5},{"damage":3,"enemies":"Large Slime","floor":11,"turns":6},{"damage":3,"enemies":"Blue Slaver","floor":14,"turns":4},{"damage":0,"enemies":"Slime Boss","floor":16,"turns":5},{"damage":0,"enemies":"Spheric Guardian","floor":18,"turns":3},{"damage":6,"enemies":"3 Byrds","floor":20,"turns":2},{"damage":6,"enemies":"Cultist and Chosen","floor":21,"turns":3},{"damage":31,"enemies":"Shelled Parasite and Fungi","floor":22,"turns":4},{"damage":35,"enemies":"Book of Stabbing","floor":23,"turns":4}],"seed_played":"789335619433764434","potions_obtained":[{"floor":1,"key":"CunningPotion"},{"floor":7,"key":"Block Potion"},{"floor":14,"key":"LiquidBronze"},{"floor":20,"key":"DuplicationPotion"},{"floor":21,"key":"Swift Potion"},{"floor":22,"key":"LiquidBronze"}],"is_trial":false,"path_per_floor":["M","?","M","?","?","E","M","E","T","R","M","$","?","M","R","B",null,"M","?","M","M","M","E"],"character_chosen":"THE_SILENT","items_purchased":["Boot","Medical Kit","Infinite Blades"],"campfire_rested":1,"item_purchase_floors":[12,12,12],"current_hp_per_floor":[70,70,70,53,53,16,13,8,15,38,35,50,39,36,36,36,77,77,77,71,65,34,0,0],"gold":294,"neow_bonus":"RANDOM_COMMON_RELIC","is_daily":false,"chose_seed":false,"campfire_upgraded":1,"win_rate":0.0,"timestamp":1614289788,"path_taken":["M","?","M","?","?","E","M","E","T","R","?","$","?","M","R","BOSS","M","?","M","M","M","E"],"items_purchased_type":["Relic","Relic","Card"],"build_version":"2020-12-22","purchased_purges":1,"victory":false,"max_hp_per_floor":[70,70,70,70,70,70,70,70,77,77,77,77,77,77,77,77,77,77,77,77,77,77,77,77],"card_choices":[{"not_picked":["Endless Agony","Outmaneuver"],"picked":"Leg Sweep","floor":1},{"not_picked":["Catalyst","Prepared"],"picked":"Dagger Throw","floor":3},{"not_picked":["Dodge and Roll","All Out Attack"],"picked":"Infinite Blades","floor":6},{"not_picked":["Deflect","Skewer"],"picked":"Slice","floor":7},{"not_picked":["Doppelganger","Unload"],"picked":"Accuracy","floor":8},{"not_picked":["Sucker Punch","Eviscerate"],"picked":"Quick Slash","floor":11},{"not_picked":["Slice","Deadly Poison"],"picked":"Blade Dance","floor":14},{"not_picked":["Night Terror","Doppelganger"],"picked":"Unload","floor":16},{"not_picked":["Dagger Throw","Well Laid Plans"],"picked":"Prepared+1","floor":18},{"not_picked":["Sucker Punch","Blade Dance"],"picked":"Cloak And Dagger","floor":20},{"not_picked":["Bouncing Flask","Dagger Throw"],"picked":"Deflect","floor":21},{"not_picked":["Prepared","Outmaneuver"],"picked":"Well Laid Plans","floor":22}],"player_experience":553081,"relics_obtained":[{"floor":6,"key":"Mercury Hourglass"},{"floor":8,"key":"PreservedInsect"},{"floor":9,"key":"Strawberry"}],"event_choices":[{"damage_healed":0,"gold_gain":175,"player_choice":"AGREE","damage_taken":0,"max_hp_gain":0,"max_hp_loss":0,"event_name":"Liars Game","floor":2,"gold_loss":0,"cards_obtained":["Doubt"]},{"damage_healed":0,"gold_gain":0,"player_choice":"Take Damage","damage_taken":17,"relics_obtained":["Golden Idol"],"max_hp_gain":0,"max_hp_loss":0,"event_name":"Golden Idol","floor":4,"gold_loss":0},{"damage_healed":0,"gold_gain":0,"player_choice":"Rummage","damage_taken":0,"relics_obtained":["WarpedTongs"],"max_hp_gain":0,"max_hp_loss":0,"event_name":"Accursed Blacksmith","floor":5,"gold_loss":0,"cards_obtained":["Pain"]},{"damage_healed":0,"gold_gain":75,"player_choice":"Gather Gold","damage_taken":11,"max_hp_gain":0,"max_hp_loss":0,"event_name":"World of Goop","floor":13,"gold_loss":0},{"damage_healed":0,"gold_gain":0,"player_choice":"Read","damage_taken":0,"max_hp_gain":0,"max_hp_loss":0,"event_name":"The Library","floor":19,"gold_loss":0,"cards_obtained":["Cloak And Dagger"]}],"is_beta":false,"boss_relics":[{"not_picked":["Ring of the Serpent","SacredBark"],"picked":"Astrolabe"}],"items_purged_floors":[12],"is_endless":false,"potions_floor_spawned":[1,7,14,20,21,22],"killed_by":"Book of Stabbing","ascension_level":3}}