{"host":"z8uivwf40jrpk7h3","time":1614242560,"event":{"mods":["BaseMod","Lobotomy","Minty Spire (QoL Compilation)","Replay The Spire","StSLib"],"gold_per_floor":[119,119,133,147,158,191,191,191,218,143,143,143],"floor_reached":11,"language":"ZHS","playtime":438,"items_purged":["Strike_G"],"score":131,"play_id":"e645161b-8b27-47f8-915e-8ada19172307","local_time":"20210225164240","is_ascension_mode":true,"campfire_choices":[{"data":"Bouncing Flask","floor":7,"key":"SMITH"}],"circlet_count":0,"master_deck":["AscendersBane","Strike_G","Strike_G","Strike_G","Strike_G","Defend_G","Defend_G","Defend_G","Defend_G","Defend_G","Survivor","Neutralize","Mercenary","CrumblingArmor","SnowQueen","Bouncing Flask+1","Laetitia"],"relics":["Ring of the Snake","CogitoBucket","Boot","Gremlin Food","Golden Idol","Pen Nib"],"acts_visited":["Exordium"],"potions_floor_usage":[11],"damage_taken":[{"damage":0.0,"enemies":"2 Louse","floor":1.0,"turns":4.0},{"damage":0.0,"enemies":"Jaw Worm","floor":3.0,"turns":4.0},{"damage":8.0,"enemies":"Cultist","floor":4.0,"turns":7.0},{"damage":9.0,"enemies":"Looter","floor":5.0,"turns":4.0},{"damage":31,"enemies":"Lagavulin","floor":6,"turns":7},{"damage":0,"enemies":"3 Sentries","floor":11,"turns":1}],"seed_played":"-5260766573059338673","potions_obtained":[{"floor":6,"key":"PowerPotion"}],"is_trial":false,"path_per_floor":["M","?","M","M","M","E","R","?","T","$","E"],"character_chosen":"THE_SILENT","items_purchased":[],"campfire_rested":0,"item_purchase_floors":[],"current_hp_per_floor":[59,54,54,46,37,6,6,6,6,6,6,6],"gold":143,"neow_bonus":"","is_daily":false,"chose_seed":false,"campfire_upgraded":1,"win_rate":0.0,"timestamp":1614242560,"path_taken":["M","?","M","M","M","E","R","?","T","$","E"],"items_purchased_type":[],"build_version":"2020-12-22","purchased_purges":1,"victory":false,"max_hp_per_floor":[66,66,66,66,66,66,66,60,60,60,60,60],"card_choices":[{"not_picked":["Yin","ShyLook"],"picked":"Mercenary","floor":1.0},{"not_picked":["Poisoned Stab","Slice","Hidden Blade"],"picked":"SKIP","floor":1.0},{"not_picked":["UniverseFragment","Porccubus"],"picked":"CrumblingArmor","floor":3.0},{"not_picked":["Flying Knee","Toxin Wave","Escape Plan"],"picked":"SKIP","floor":3.0},{"not_picked":["Flying Knee","Toxin Wave","Escape Plan"],"picked":"SKIP","floor":3.0},{"not_picked":["Wellcheers","WallGazer"],"picked":"SnowQueen","floor":4.0},{"not_picked":["Slice","Dagger Throw"],"picked":"Bouncing Flask","floor":4.0},{"not_picked":["Underhanded Strike","Prepared","PiercingWail"],"picked":"SKIP","floor":5.0},{"not_picked":["BeautyBeast","MHz"],"picked":"Laetitia","floor":6},{"not_picked":["Grand Finale","Hidden Blade","Deadly Poison"],"picked":"SKIP","floor":6}],"player_experience":98774,"relics_obtained":[{"floor":6,"key":"Gremlin Food"},{"floor":9,"key":"Pen Nib"}],"event_choices":[{"damage_healed":0.0,"max_hp_gain":0.0,"max_hp_loss":0.0,"gold_gain":0.0,"event_name":"Scrap Ooze","player_choice":"Success","floor":2.0,"gold_loss":0.0,"damage_taken":5.0,"relics_obtained":["Boot"]},{"damage_healed":0,"gold_gain":0,"player_choice":"Lose Max HP","damage_taken":0,"relics_obtained":["Golden Idol"],"max_hp_gain":0,"max_hp_loss":6,"event_name":"Golden Idol","floor":8,"gold_loss":0}],"is_beta":false,"boss_relics":[],"items_purged_floors":[10],"is_endless":false,"potions_floor_spawned":[6],"killed_by":"3 Sentries","ascension_level":16}}