{"host":"6vtgmkkqqeew181q","time":1614229579,"event":{"mods":["100% Spire Juice","AlwaysNeverKeys","BaseMod","Better Skull","Better Third Choice","BetterRewards","Colored Powertips","Downfall","Faster Ascension Climbing","Highlight Path","Minty Spire (QoL Compilation)","Reliquary","Replay The Spire","Spire Birthday Party","StSLib","The Jungle"],"gold_per_floor":[116,116,116,116,131,131,131,147,147,147,176,176,191,205,205,324,324,343,358,358,376,376,376,389,432,388,388,388,388,12,25,25,155,155,180,513,530,17,17,47,47,47,95,95,110,110,130,130,130,130,130,130,83,117,117,117],"floor_reached":55,"language":"ENG","playtime":2478,"items_purged":["downfall:Haunted","Burn","Injury"],"score":1038,"play_id":"1ca621f7-c1ee-425c-9614-733430b6a2fb","local_time":"20210224210619","is_ascension_mode":false,"campfire_choices":[{"floor":6,"key":"REST"},{"data":"Moonworks:Ambush","floor":10,"key":"SMITH"},{"data":"Moonworks:TreasureThief","floor":15,"key":"SMITH"},{"data":"Moonworks:IndiscriminateFireSupport","floor":23,"key":"SMITH"},{"data":"Moonworks:IndiscriminateFireSupport","floor":27,"key":"SMITH"},{"floor":29,"key":"DIG"},{"floor":32,"key":"DIG"},{"floor":41,"key":"DIG"},{"floor":44,"key":"DIG"},{"floor":46,"key":"DIG"},{"floor":49,"key":"DIG"},{"floor":52,"key":"REST"}],"circlet_count":0,"master_deck":["Moonworks:Defend+1","Moonworks:Defend+1","Moonworks:Defend+1","Moonworks:Defend+1","Moonworks:Ambush+1","Moonworks:LongDistanceShot+1","Poisoned Strike+1","Moonworks:TreasureThief+1","Moonworks:JonathanRush+1","Moonworks:BindingChains+1","Moonworks:CompletionReward+1","Moonworks:IndiscriminateFireSupport+1","Moonworks:MeltingMemories+1","CurseOfTheBell","downfall:Icky","Moonworks:IndiscriminateFireSupport+1","Moonworks:NicePresent+1","Slimebound:Tackle+1","Slimebound:Tackle+1","Slimebound:Tackle+1","Moonworks:SakisCookie+1","Moonworks:Flamethrower+1","downfall:Haunted","downfall:Haunted","Moonworks:IndiscriminateFireSupport+1","Moonworks:Encore+1","Moonworks:JonathanRush+1","Moonworks:MiracleWalker+1","Moonworks:RagingMadness","Moonworks:RagingMadness"],"relics":["Moonworks:BrokenBomb","Moonworks:Homemark","Chemical X","reliquary:PartyBalloon","Garlic","Shovel","Replay:WaspNest","Chameleon Ring","Potion Belt","reliquary:Knoch","Replay:Ancient Bell","sneckomod:BlankCard","Gremlin Horn","Mango","StrikeDummy","Sundial","Moonworks:LittleGull","Darkstone Periapt","Lantern","Guardian:BottledAnomaly","Bottled Flame","SlaversCollar","ReplayTheSpireMod:TigerMarble","reliquary:NewFriend","Blue Doll","Boot","White Beast Statue","InkBottle","Mark of the Bloom","reliquary:Spinner","FossilizedHelix"],"acts_visited":["Exordium","TheCity","TheBeyond","TheEnding"],"potions_floor_usage":[16,16,31,33,33,47,55,55,55,55,55],"damage_taken":[{"damage":0,"enemies":"Cultist","floor":1,"turns":4},{"damage":0,"enemies":"2 Louse","floor":5,"turns":4},{"damage":4,"enemies":"Jaw Worm","floor":8,"turns":4},{"damage":7,"enemies":"3 Sentries","floor":11,"turns":7},{"damage":2,"enemies":"Looter","floor":13,"turns":3},{"damage":3,"enemies":"Large Slime","floor":14,"turns":6},{"damage":14,"enemies":"The Guardian","floor":16,"turns":8},{"damage":0,"enemies":"3 Byrds","floor":18,"turns":4},{"damage":3,"enemies":"Chosen","floor":19,"turns":4},{"damage":2,"enemies":"Centurion and Healer","floor":21,"turns":4},{"damage":15,"enemies":"Snake Plant","floor":24,"turns":3},{"damage":0,"enemies":"Slavers","floor":25,"turns":1},{"damage":3,"enemies":"3 Cultists","floor":31,"turns":2},{"damage":29,"enemies":"Collector","floor":33,"turns":3},{"damage":0,"enemies":"Orb Walker","floor":35,"turns":1},{"damage":27,"enemies":"3 Shapes","floor":37,"turns":5},{"damage":11,"enemies":"Giant Head","floor":40,"turns":4},{"damage":0,"enemies":"Spire Growth","floor":45,"turns":2},{"damage":4,"enemies":"Maw","floor":47,"turns":4},{"damage":9,"enemies":"Donu and Deca","floor":50,"turns":2},{"damage":21,"enemies":"Shield and Spear","floor":54,"turns":3},{"damage":40,"enemies":"The Heart","floor":55,"turns":2}],"seed_played":"-3984962622774622611","potions_obtained":[{"floor":5,"key":"Weak Potion"},{"floor":11,"key":"Cursed Concoction"},{"floor":14,"key":"sneckomod:MuddlingPotion"},{"floor":16,"key":"Adrenaline Potion"},{"floor":19,"key":"Milkshake"},{"floor":21,"key":"Fire Potion"},{"floor":25,"key":"sneckomod:MuddlingPotion"},{"floor":31,"key":"Explosive Potion"},{"floor":37,"key":"SpeedPotion"},{"floor":45,"key":"SpeedPotion"},{"floor":47,"key":"Swift Potion"},{"floor":54,"key":"AttackPotion"}],"is_trial":false,"path_per_floor":["M","?","?","T","M","R","?","M","T","R","E","?","M","M","R","B",null,"M","M","?","M","?","R","M","E","T","R","?","R","$","M","R","B",null,"M","?","M","$","?","E","R","$","T","R","M","R","M","?","R","B",null,"R","$","E","B"],"character_chosen":"THE_STARBREAKER","items_purchased":["Chemical X","reliquary:PartyBalloon","Garlic","Replay:WaspNest","Guardian:BottledAnomaly","ReplayTheSpireMod:TigerMarble","Moonworks:RagingMadness"],"campfire_rested":2,"item_purchase_floors":[0,0,0,0,30,38,53],"current_hp_per_floor":[42,35,35,35,35,53,58,54,54,54,47,47,45,42,42,28,79,79,76,76,74,74,74,59,59,59,59,71,71,71,68,68,56,91,91,91,66,66,66,55,55,55,55,55,55,55,64,64,64,55,55,55,55,34,0,0],"gold":117,"neow_bonus":"","is_daily":false,"chose_seed":false,"campfire_upgraded":4,"win_rate":0.0,"timestamp":1614229579,"path_taken":["M","?","?","?","M","R","?","M","T","R","E","?","M","M","R","BOSS","M","M","?","M","?","R","M","E","T","R","?","R","$","M","R","BOSS","M","?","M","$","?","E","R","$","T","R","M","R","?","?","R","BOSS","R","$","E","BOSS"],"items_purchased_type":["Relic","Relic","Relic","Relic","Relic","Relic","Card"],"build_version":"2020-12-22","purchased_purges":3,"victory":false,"max_hp_per_floor":[60,60,60,60,60,60,65,65,65,65,65,65,65,65,65,65,79,79,79,79,79,79,79,79,79,79,79,91,91,91,91,91,91,91,91,91,91,91,91,91,91,91,91,91,91,91,91,91,91,91,91,91,91,91,91,91],"card_choices":[{"not_picked":["Moonworks:NicePresent","Moonworks:CookingTime"],"picked":"Moonworks:TreasureThief","floor":1},{"not_picked":["Moonworks:Poppoformation","Moonworks:Dash"],"picked":"Moonworks:JonathanRush","floor":5},{"not_picked":["Moonworks:EvilSpyWorkPreparation","Moonworks:JonathanRush"],"picked":"Moonworks:BindingChains","floor":8},{"not_picked":["Moonworks:AwakeningOfTalent","Moonworks:Assault","Moonworks:DeployBits"],"picked":"SKIP","floor":11},{"not_picked":["Moonworks:BackdoorTrade","Moonworks:ExtendedPhotonRifle"],"picked":"Moonworks:CompletionReward","floor":13},{"not_picked":["Moonworks:JonathanRush","Moonworks:AngelHand"],"picked":"Moonworks:IndiscriminateFireSupport","floor":14},{"not_picked":["Moonworks:HolyNight","Moonworks:OutOfAmmo"],"picked":"Moonworks:MeltingMemories","floor":16},{"not_picked":["Sickly","Normality"],"picked":"ReplayTheSpireMod:Faulty Equipment","floor":17},{"not_picked":["Pain","Decay"],"picked":"CurseOfTheBell","floor":17},{"not_picked":["Voices","downfall:Malfunctioning"],"picked":"downfall:Icky","floor":17},{"not_picked":["Moonworks:DeployBits","Moonworks:LulusLuckyEgg"],"picked":"Moonworks:IndiscriminateFireSupport","floor":18},{"not_picked":["Moonworks:Bloodlust","Moonworks:SweetBattle"],"picked":"Moonworks:NicePresent","floor":19},{"not_picked":["Moonworks:Assault","Moonworks:TreasureThief","Moonworks:LeapThroughSpace"],"picked":"SKIP","floor":21},{"not_picked":["Moonworks:Poppoformation","Moonworks:ExtendedPhotonRifle"],"picked":"Moonworks:SakisCookie","floor":24},{"not_picked":["Moonworks:SakisCookie","Moonworks:LulusLuckyEgg"],"picked":"Moonworks:Flamethrower","floor":25},{"not_picked":["Moonworks:NicePresent","Moonworks:Assault+1"],"picked":"Moonworks:IndiscriminateFireSupport+1","floor":31},{"not_picked":["Moonworks:Blazing","Moonworks:MeltingMemories"],"picked":"Moonworks:Encore","floor":33},{"not_picked":["Moonworks:Dinner","Moonworks:CloudOfSeagulls+1"],"picked":"Moonworks:JonathanRush","floor":35},{"not_picked":["Moonworks:DeployBits+1","Moonworks:CastOff+1","Moonworks:SakisCookie"],"picked":"SKIP","floor":37},{"not_picked":["Moonworks:JonathanRush","Moonworks:BackdoorTrade","Moonworks:LeapThroughSpace"],"picked":"SKIP","floor":40},{"not_picked":["Moonworks:IndiscriminateFireSupport+1","Moonworks:CloudOfSeagulls+1","Moonworks:SakisCookie"],"picked":"SKIP","floor":45},{"not_picked":["Moonworks:LulusLuckyEgg","Moonworks:FullSpeedAlicianrone+1"],"picked":"Moonworks:MiracleWalker+1","floor":47},{"not_picked":["Moonworks:DevilHand","Moonworks:DeployBits+1","Moonworks:IndiscriminateFireSupport"],"picked":"SKIP","floor":54}],"player_experience":674624,"relics_obtained":[{"floor":4,"key":"Chameleon Ring"},{"floor":9,"key":"Potion Belt"},{"floor":11,"key":"reliquary:Knoch"},{"floor":25,"key":"Sundial"},{"floor":26,"key":"Moonworks:LittleGull"},{"floor":29,"key":"Lantern"},{"floor":32,"key":"Bottled Flame"},{"floor":40,"key":"reliquary:NewFriend"},{"floor":41,"key":"Blue Doll"},{"floor":43,"key":"Boot"},{"floor":44,"key":"White Beast Statue"},{"floor":46,"key":"InkBottle"},{"floor":49,"key":"reliquary:Spinner"},{"floor":54,"key":"FossilizedHelix"}],"event_choices":[{"cards_removed":["Moonworks:Strike"],"damage_healed":0,"gold_gain":0,"player_choice":"Card Removal","damage_taken":7,"max_hp_gain":0,"max_hp_loss":0,"event_name":"Golden Wing","floor":2,"gold_loss":0},{"damage_healed":35,"gold_gain":0,"player_choice":"Embrace Burn","damage_taken":0,"max_hp_gain":0,"max_hp_loss":60,"event_name":"betterThird:BetterShining","floor":3,"gold_loss":0},{"damage_healed":0,"gold_gain":0,"player_choice":"Donut","damage_taken":0,"max_hp_gain":5,"max_hp_loss":0,"event_name":"Big Fish","floor":7,"gold_loss":0},{"damage_healed":0,"gold_gain":0,"player_choice":"Take Wound","damage_taken":0,"relics_obtained":["Golden Idol"],"max_hp_gain":0,"max_hp_loss":0,"event_name":"Golden Idol","floor":12,"gold_loss":0,"cards_obtained":["Injury"]},{"damage_healed":0,"gold_gain":333,"player_choice":"Gave Idol","damage_taken":0,"max_hp_gain":0,"max_hp_loss":0,"event_name":"The Moai Head","floor":36,"relics_lost":["Golden Idol"],"gold_loss":0},{"damage_healed":0,"gold_gain":0,"player_choice":"Ignored","damage_taken":0,"max_hp_gain":0,"max_hp_loss":0,"event_name":"NoteForYourself","floor":39,"gold_loss":0},{"damage_healed":0,"gold_gain":0,"player_choice":"Upgrade","damage_taken":0,"relics_obtained":["Mark of the Bloom"],"max_hp_gain":0,"max_hp_loss":0,"event_name":"MindBloom","floor":48,"gold_loss":0,"cards_upgraded":["Moonworks:Defend","Moonworks:Defend","Moonworks:Defend","Moonworks:Defend","Moonworks:LongDistanceShot","Poisoned Strike","Moonworks:JonathanRush","Moonworks:BindingChains","Moonworks:CompletionReward","Moonworks:MeltingMemories","ReplayTheSpireMod:Faulty Equipment","Moonworks:NicePresent","Moonworks:SakisCookie","Moonworks:Flamethrower","Moonworks:Encore","Moonworks:JonathanRush"]}],"is_beta":false,"boss_relics":[{"not_picked":["Replay:Fungal Core","reliquary:Craggleroot"],"picked":"Replay:Ancient Bell"},{"not_picked":["reliquary:RoseTintedGlasses","reliquary:Aerogel"],"picked":"sneckomod:BlankCard"},{"not_picked":["reliquary:Sod","Frozen Egg 2"],"picked":"Gremlin Horn"},{"not_picked":["Pondfish Scales","reliquary:OuijaBoard"],"picked":"Mango"},{"not_picked":["Sozu","Snecko Eye"],"picked":"SlaversCollar"}],"items_purged_floors":[0,30,38],"is_endless":false,"potions_floor_spawned":[5,11,14,16,19,21,25,31,37,45,47,54],"killed_by":"The Heart","ascension_level":0}}