{"host":"bx8ylsmj2ob6hd5u","time":1614248848,"event":{"mods":["AchievementEnabler","Act Like it!","Aspiration","BaseMod","Colored Map","Downfall","Duelist Mod","Friendly Minions","Gensokyo","GifTheSpireLib","Hallownest","Hermit","HololiveMod","Hubris","Infinite Spire","Jorbs\u0027s Wanderer Trilogy","KinomotoSakuraMod(????)","Kiyohime????","Koishi","KomeijiMod","Lobotomy","LobotomyExtend","Marisa????????","Minty Spire (QoL Compilation)","Prisma Mod","Rare Cards Sparkle","Reimu??????","Remilia??????","Replay The Spire","StSLib","Td1madao Mod","The Administrix","The Animator","The Bug Knight","The Construct","The Cursed","The Disciple","The Hierophant","The Necromancer","The Poker Player","The Runesmith","The Senshi","The Servant 0.9.4","WarShipGirlsR/????R mod"],"gold_per_floor":[115,132,145,145,156,156,171,171,171,191,211,225,301,301,301,405,405,416,416,296,309,323,323,346,346,373,373,383,383,65,79,79,182,182,194,194,214,214,233,233,260,260,286,286,130,146,146,166,166,166],"floor_reached":51,"language":"ENG","playtime":4686,"items_purged":["animator:Defend_MadokaMagica"],"score":616,"play_id":"fd777125-11d9-4b30-9736-841bddb6eda9","local_time":"20210225122728","is_ascension_mode":false,"campfire_choices":[{"data":"Dash_Komeiji","floor":6.0,"key":"SMITH"},{"data":"AbyssNova","floor":8.0,"key":"SMITH"},{"data":"TerribleSouvenir","floor":15.0,"key":"SMITH"},{"data":"LunaDial","floor":23.0,"key":"SMITH"},{"floor":25.0,"key":"REST"},{"data":"HagoromoKu","floor":29.0,"key":"SMITH"},{"data":"Crow Ritual","floor":32.0,"key":"SMITH"},{"data":"ShanghaiNingyou","floor":40.0,"key":"SMITH"},{"data":"HelanNingyou","floor":42.0,"key":"SMITH"}],"circlet_count":0,"master_deck":["Strike_Komeiji","Strike_Komeiji","Strike_Komeiji","Strike_Komeiji","Defend_Komeiji","Defend_Komeiji+1","Defend_Komeiji+1","Defend_Komeiji","Dash_Komeiji+1","animator:Strike_HitsugiNoChaika","TerribleSouvenir+1","SeekerDolls","DemonLordCradle","Agarareta+1","AbyssNova+1","SenyouGoraku+1","RikonNoKama+1","NingyouKisou+1","VampireKiss+1","HelanNingyou+1","MissingPower+1","Agarareta+1","LunaDial+1","HagoromoKu+1","Crow Ritual+1","NingyouChiyari+1","ShanghaiNingyou+1","KokorosuKi+1","KinbakuJin+1","Gensokyo:DreamlikeParadise","Gensokyo:Shovel","Gensokyo:OverchargedCore","MiraiBunraku","HisouTensoku","ShyakuBuku+1"],"relics":["KomeijisEye","SpellCardsRule","MusicBox","LetterFromLob","aspiration:ChemicalBlood","Shuriken","Hallownest:SheosBrushRelic","construct:ClawGrip","infinitespire:Broken Mirror","aspiration:SecretTechniqueScroll","Gensokyo:SpiderMask","aspiration:TomeofQuesting","PreservedInsect","Bronze Scales","SlaversCollar","Nunchaku","War Paint","Orichalcum"],"acts_visited":["Exordium","Hallownest:Greenpath","Gensokyo:Gensokyoer"],"potions_floor_usage":[46,48,48,50,50,50],"damage_taken":[{"damage":3.0,"enemies":"Hallownest:monsterHuskGuard","floor":1.0,"turns":6.0},{"damage":2.0,"enemies":"Hallownest:2_MossCreeps","floor":2.0,"turns":7.0},{"damage":0.0,"enemies":"2_ Uuma","floor":3.0,"turns":6.0},{"damage":2.0,"enemies":"Hallownest:MossCreep_and_Mosskin","floor":5.0,"turns":8.0},{"damage":0.0,"enemies":"Hallownest:monsterAspidMother","floor":7.0,"turns":6.0},{"damage":6.0,"enemies":"Hallownest:1_Ooma_and_2_Uuma","floor":10.0,"turns":3.0},{"damage":4.0,"enemies":"Hallownest:monsterMossCharger","floor":11.0,"turns":6.0},{"damage":19.0,"enemies":"Hallownest:Guard_and_Warrior","floor":12.0,"turns":5.0},{"damage":5.0,"enemies":"Hallownest:BossFalseKnight","floor":16.0,"turns":6.0},{"damage":8.0,"enemies":"Gensokyo:Chomper","floor":18.0,"turns":4.0},{"damage":13.0,"enemies":"Gensokyo:3_Dogs","floor":21.0,"turns":3.0},{"damage":26.0,"enemies":"Gensokyo:Slime_Group","floor":22.0,"turns":3.0},{"damage":0.0,"enemies":"Gensokyo:Wraith","floor":28.0,"turns":4.0},{"damage":5.0,"enemies":"Gensokyo:3_Gloops","floor":31.0,"turns":4.0},{"damage":3.0,"enemies":"Gensokyo:Eternal_Rivals","floor":33.0,"turns":9.0},{"damage":6.0,"enemies":"Gensokyo:AncientGuardian","floor":35.0,"turns":7.0},{"damage":9.0,"enemies":"Gensokyo:3_Bats","floor":37.0,"turns":3.0},{"damage":0.0,"enemies":"Gensokyo:SeedOfUnknown","floor":39.0,"turns":7.0},{"damage":23,"enemies":"Gensokyo:Sharpion","floor":46,"turns":7},{"damage":0,"enemies":"Gensokyo:3_Boulders","floor":48,"turns":3},{"damage":7,"enemies":"Gensokyo:Shinki","floor":50,"turns":8}],"seed_played":"-8966756119853278712","potions_obtained":[{"floor":1.0,"key":"LifebloodPotion"},{"floor":3.0,"key":"Explosive Potion"},{"floor":11.0,"key":"ZuzhouPotion:ReiMu"},{"floor":12.0,"key":"Block Potion"},{"floor":18.0,"key":"PowerPotion"},{"floor":22.0,"key":"LifebloodPotion"},{"floor":46,"key":"Explosive Potion"},{"floor":48,"key":"sneckomod:MuddlingPotion"}],"is_trial":false,"path_per_floor":["M","M","M","?","M","R","M","R","T","M","M","M","T","?","R","B",null,"M","AVR","?","M","M","R","T","R","T","M","M","R","$","M","R","B",null,"M","?","M","?","M","R","T","R","T","?","COS","M","?","M","R_BF","B",null],"character_chosen":"KomeijiSatori","items_purchased":["Bronze Scales","Crow Ritual"],"campfire_rested":1,"item_purchase_floors":[30,30],"current_hp_per_floor":[47,45,50,50,48,48,48,48,48,42,41,30,30,30,30,42,50,43,43,43,30,16,16,16,31,31,31,44,44,44,45,45,49,50,44,44,43,43,50,50,50,50,50,50,50,30,30,39,50,50],"gold":166,"neow_bonus":"THREE_RARE_CARDS","is_daily":false,"chose_seed":false,"campfire_upgraded":8,"win_rate":0.0,"timestamp":1614248848,"path_taken":["M","M","?","?","M","R","M","R","T","M","M","M","?","?","R","BOSS","M","AVR","?","M","M","R","?","R","T","?","M","R","$","M","R","BOSS","M","?","M","?","M","R","?","R","T","?","COS","M","?","?","R_BF","BOSS"],"items_purchased_type":["Relic","Card"],"build_version":"2020-12-22","purchased_purges":1,"victory":true,"max_hp_per_floor":[50,50,50,50,50,50,50,50,50,50,50,50,50,50,50,50,50,50,50,50,50,50,50,50,50,50,50,50,50,50,50,50,50,50,50,50,50,50,50,50,50,50,50,50,50,50,50,50,50,50],"card_choices":[{"not_picked":["MunenMusou","LunaticRedEyes"],"picked":"TerribleSouvenir","floor":0.0},{"not_picked":["JyouchiJin+1","NingyouSousou+1"],"picked":"SeekerDolls","floor":1.0},{"not_picked":["SeekerDolls","ShyakuBuku"],"picked":"DemonLordCradle","floor":2.0},{"not_picked":["DochyakuKami+1","YoukiSo+1"],"picked":"Agarareta+1","floor":3.0},{"not_picked":["Sabishigari+1","Agarareta+1"],"picked":"AbyssNova","floor":5.0},{"not_picked":["DemonLordCradle","SenseofElegance"],"picked":"SenyouGoraku+1","floor":7.0},{"not_picked":["ShyakuBuku","Mishyaguji+1"],"picked":"RikonNoKama+1","floor":10.0},{"not_picked":["Melting","NingyouSousou+1"],"picked":"NingyouKisou+1","floor":11.0},{"not_picked":["DemonLordCradle","SeekerDolls"],"picked":"VampireKiss","floor":12.0},{"not_picked":["JigokuNoTaiyou","SemiAutomaton"],"picked":"HelanNingyou","floor":16.0},{"not_picked":["Sabishigari+1","NingyouSousou+1"],"picked":"MissingPower+1","floor":18.0},{"not_picked":["DemonLordCradle+1","SenyouGoraku+1"],"picked":"Agarareta+1","floor":21.0},{"not_picked":["NingyouSP+1","Sabishigari+1"],"picked":"LunaDial","floor":22.0},{"not_picked":["Agarareta+1","SeishiRoten+1"],"picked":"HagoromoKu","floor":28.0},{"not_picked":["YoukiSo+1","SatsujinDooru"],"picked":"NingyouChiyari+1","floor":31.0},{"not_picked":["LunaticRedEyes","HelanNingyou"],"picked":"ShanghaiNingyou","floor":33.0},{"not_picked":["NingyouFukuhei+1","KoKei+1"],"picked":"KokorosuKi+1","floor":35.0},{"not_picked":["ShyakuBuku+1","NingyouSousou+1"],"picked":"KinbakuJin+1","floor":37.0},{"not_picked":["SenyouGoraku+1","NingyouShinki+1"],"picked":"HagoromoMizu+1","floor":39.0},{"not_picked":["Gensokyo:BrilliantDragonBullet","Gensokyo:NewMoon"],"picked":"Gensokyo:DreamlikeParadise","floor":44},{"not_picked":["NingyouFukuhei+1","DochyakuKami+1"],"picked":"MiraiBunraku","floor":46},{"not_picked":["DemonLordCradle","HagoromoMizu"],"picked":"ShyakuBuku+1","floor":48}],"player_experience":1614396,"relics_obtained":[{"floor":1.0,"key":"LetterFromLob"},{"floor":9.0,"key":"aspiration:ChemicalBlood"},{"floor":13.0,"key":"Shuriken"},{"floor":24.0,"key":"aspiration:TomeofQuesting"},{"floor":26.0,"key":"PreservedInsect"},{"floor":41.0,"key":"Nunchaku"},{"floor":43.0,"key":"War Paint"}],"event_choices":[],"is_beta":false,"boss_relics":[{"not_picked":["Sozu","SacredBark"],"picked":"construct:ClawGrip"},{"not_picked":["hubris:GrandSneckoEye","Ring of Chaos"],"picked":"SlaversCollar"}],"items_purged_floors":[19],"is_endless":false,"potions_floor_spawned":[1,3,11,12,18,22,46,48],"ascension_level":0}}