{"host":"kaame4qwxxqnygv7","time":1614244428,"event":{"mods":["AchievementEnabler","BaseMod","Better Match","Better Skull","Better Third Choice","BetterRewards","Block Reminder","Bossed Relics","DeckTracker","Energized Spire","GungeonMod","Minty Spire (QoL Compilation)","Quick Restart","Red Circlet Mod","StSLib","SuperFastMode","The Blue Laboratory"],"gold_per_floor":[109,124,77,77,92,126,126,153,179,179,33,33,33,52,52,128,128,143,143,242,167,226,226,226,226,226,226,239,253,281,301,317,317,317,400,409,422,437,437,464,164,190,217,271,271,271,296,296,45,75,75,75,75,75,75,115,115],"floor_reached":58,"language":"KOR","playtime":2020,"items_purged":["Burn","Strike_G"],"score":1958,"play_id":"c3c2005a-88be-49a4-96d2-dd8f8c5e1fb8","local_time":"20210225181348","is_ascension_mode":true,"campfire_choices":[{"data":"Terror","floor":7.0,"key":"SMITH"},{"data":"Neutralize","floor":12.0,"key":"SMITH"},{"floor":15.0,"key":"REST"},{"data":"After Image","floor":23.0,"key":"SMITH"},{"data":"Cloak And Dagger","floor":25.0,"key":"SMITH"},{"data":"Cloak And Dagger","floor":27.0,"key":"SMITH"},{"floor":33.0,"key":"REST"},{"floor":46,"key":"RECALL"},{"floor":51,"key":"REST"},{"data":"Adrenaline","floor":54,"key":"SMITH"}],"circlet_count":0,"master_deck":["AscendersBane","Strike_G","Strike_G","Strike_G","Defend_G","Defend_G","Defend_G","Defend_G","Defend_G","Survivor","Neutralize+1","Cloak And Dagger+1","After Image+1","Cloak And Dagger","Terror+1","Infinite Blades","Unload","Unload","Cloak And Dagger+1","Unload","Dagger Spray","Adrenaline+1","Adrenaline","Blur","Accuracy"],"relics":["Ring of the Serpent","DemoMod:SevenLeafClover","DemoMod:MeatBun","Unceasing Top","DemoMod:ResourcefulSack","WingedGreaves","Turnip","Juzu Bracelet","Prayer Wheel","Strawberry","CeramicFish","Lizard Tail","MutagenicStrength","DemoMod:RatBoots","DemoMod:PinkGuonStone","DemoMod:PartiallyEatenCheese","HoveringKite","FossilizedHelix","Calipers","DemoMod:GlassGuonStoneRelic","Tingsha","Tough Bandages","DemoMod:VorpalBullet","DemoMod:AgedBell","Toy Ornithopter","Dead Branch","ClockworkSouvenir","Lantern","Nunchaku"],"acts_visited":["Exordium","TheCity","DemoMod:Maze","TheBeyond","TheEnding"],"potions_floor_usage":[56],"damage_taken":[{"damage":0.0,"enemies":"Small Slimes","floor":1.0,"turns":2.0},{"damage":0.0,"enemies":"Jaw Worm","floor":2.0,"turns":3.0},{"damage":0.0,"enemies":"Cultist","floor":5.0,"turns":2.0},{"damage":0.0,"enemies":"Gremlin Nob","floor":6.0,"turns":4.0},{"damage":0.0,"enemies":"Lagavulin","floor":8.0,"turns":4.0},{"damage":0.0,"enemies":"3 Louse","floor":14.0,"turns":2.0},{"damage":21.0,"enemies":"Hexaghost","floor":16.0,"turns":9.0},{"damage":9.0,"enemies":"Chosen","floor":18.0,"turns":4.0},{"damage":0.0,"enemies":"DemoMod:Red_and_blue_shotgun_kin","floor":28.0,"turns":1.0},{"damage":8.0,"enemies":"DemoMod:Veteran_shot_gun_kin_and_bullet_kin","floor":29.0,"turns":3.0},{"damage":0.0,"enemies":"DemoMod:2_Mousers","floor":30.0,"turns":7.0},{"damage":11.0,"enemies":"DemoMod:Veteran_shot_gun_kin_and_blue_shotgun_kin_with_gunsinger","floor":31.0,"turns":3.0},{"damage":7.0,"enemies":"DemoMod:Red_and_blue_shotgun_kin_with_gunsinger","floor":32.0,"turns":4.0},{"damage":21,"enemies":"DemoMod:ResourcefulRat","floor":34,"turns":13},{"damage":75,"enemies":"DemoMod:ResourcefulRat","floor":35,"turns":13},{"damage":0,"enemies":"3 Darklings","floor":37,"turns":2},{"damage":0,"enemies":"Orb Walker","floor":38,"turns":2},{"damage":0,"enemies":"Sphere and 2 Shapes","floor":40,"turns":3},{"damage":14,"enemies":"Reptomancer","floor":42,"turns":10},{"damage":0,"enemies":"2 Orb Walkers","floor":44,"turns":5},{"damage":0,"enemies":"Mind Bloom Boss Battle","floor":47,"turns":5},{"damage":0,"enemies":"Giant Head","floor":50,"turns":3},{"damage":0,"enemies":"Donu and Deca","floor":52,"turns":9},{"damage":0,"enemies":"Shield and Spear","floor":56,"turns":2},{"damage":0,"enemies":"The Heart","floor":57,"turns":5}],"seed_played":"135547061971853122","potions_obtained":[{"floor":1.0,"key":"blueLaboratory:NullPotion"},{"floor":8.0,"key":"SteroidPotion"},{"floor":28.0,"key":"GamblersBrew"}],"is_trial":false,"path_per_floor":["M","M","?","T","M","E","R","E","T","?","$","R","?","M","R","B",null,"M","?","?","?","T","R","?","R","T","R","M","M","M","M","M","R","B","B",null,"M","M","?","M","$","E","T","?","T","R","?","?","$","E","R","B",null,"R","$","E","B",null],"character_chosen":"THE_SILENT","items_purchased":["DemoMod:SevenLeafClover","DemoMod:MeatBun","DemoMod:GnawedKey","Cloak And Dagger","Block Potion","blueLaboratory:Virophage","Calipers","ClockworkSouvenir"],"campfire_rested":3,"item_purchase_floors":[0,0,0,0,0,11,41,49],"current_hp_per_floor":[42,42,42,42,42,42,42,42,49,49,49,49,49,49,70,49,67,58,58,58,58,58,58,58,58,69,69,69,61,61,50,43,64,43,6,63,63,63,63,63,63,49,49,49,49,49,49,53,53,53,77,77,79,79,79,80,80],"gold":115,"neow_bonus":"","is_daily":false,"chose_seed":false,"campfire_upgraded":6,"win_rate":0.0,"timestamp":1614244428,"path_taken":["M","M","?","?","M","E","R","E","T","?","$","R","?","M","R","BOSS","M","?","?","?","?","R","?","R","T","R","M","M","M","M","M","R","BOSS","BOSS","M","M","?","M","$","E","?","?","T","R","?","?","$","E","R","BOSS","R","$","E","BOSS"],"items_purchased_type":["Relic","Relic","Relic","Card","Potion","Potion","Relic","Relic"],"build_version":"2020-12-22","purchased_purges":2,"victory":true,"max_hp_per_floor":[66,66,66,66,66,66,66,66,73,73,73,73,73,73,73,73,73,73,73,73,73,73,73,73,73,73,73,73,73,73,73,73,73,73,73,80,80,80,80,80,80,80,80,80,80,80,80,80,80,80,80,80,80,80,80,80,80],"card_choices":[{"not_picked":["PiercingWail","Infinite Blades"],"picked":"Poisoned Stab","floor":1.0},{"not_picked":["Outmaneuver","Setup","Masterful Stab"],"picked":"SKIP","floor":2.0},{"not_picked":["Malaise","After Image","Doppelganger"],"picked":"SKIP","floor":4.0},{"not_picked":["Malaise","Doppelganger"],"picked":"After Image","floor":4.0},{"not_picked":["Burst","Dodge and Roll"],"picked":"Cloak And Dagger","floor":5.0},{"not_picked":["Choke","Well Laid Plans"],"picked":"Terror","floor":6.0},{"not_picked":["Distraction","Slice"],"picked":"Infinite Blades","floor":8.0},{"not_picked":["Night Terror","A Thousand Cuts"],"picked":"Unload","floor":9.0},{"not_picked":["Poisoned Stab","Prepared"],"picked":"Cloak And Dagger","floor":14.0},{"not_picked":["Flying Knee","Slice","Outmaneuver"],"picked":"SKIP","floor":14.0},{"not_picked":["Dodge and Roll+1","PiercingWail","Backflip"],"picked":"SKIP","floor":18.0},{"not_picked":["Prepared","Leg Sweep","Sucker Punch+1"],"picked":"SKIP","floor":18.0},{"not_picked":["Malaise","Venomology"],"picked":"Unload","floor":22.0},{"not_picked":["Slice","Flying Knee+1","Bane+1"],"picked":"SKIP","floor":28.0},{"not_picked":["Bouncing Flask+1","Deadly Poison","Dodge and Roll"],"picked":"SKIP","floor":28.0},{"not_picked":["Flechettes","Setup","Choke"],"picked":"SKIP","floor":29.0},{"not_picked":["Cloak And Dagger","Outmaneuver","Envenom"],"picked":"SKIP","floor":29.0},{"not_picked":["Flying Knee","PiercingWail"],"picked":"Dagger Spray","floor":30.0},{"not_picked":["Endless Agony","Dash","Backflip"],"picked":"SKIP","floor":30.0},{"not_picked":["Catalyst","PiercingWail","Acrobatics"],"picked":"SKIP","floor":31.0},{"not_picked":["Eviscerate","Flying Knee","Bullet Time"],"picked":"SKIP","floor":31.0},{"not_picked":["Dodge and Roll","Dagger Throw","Endless Agony+1"],"picked":"SKIP","floor":32.0},{"not_picked":["Predator+1","Flying Knee+1","A Thousand Cuts"],"picked":"SKIP","floor":32.0},{"not_picked":["Doppelganger","Burst"],"picked":"Adrenaline","floor":35},{"not_picked":["Night Terror","Grand Finale"],"picked":"Adrenaline","floor":36},{"not_picked":["Underhanded Strike","Flying Knee+1","Cloak And Dagger"],"picked":"SKIP","floor":37},{"not_picked":["Reflex","Leg Sweep","Cloak And Dagger+1"],"picked":"SKIP","floor":37},{"not_picked":["Underhanded Strike+1","Leg Sweep","Catalyst"],"picked":"SKIP","floor":38},{"not_picked":["Catalyst","Underhanded Strike","Reflex"],"picked":"SKIP","floor":38},{"not_picked":["Dodge and Roll","Endless Agony"],"picked":"Blur","floor":40},{"not_picked":["Caltrops","Escape Plan","Acrobatics"],"picked":"SKIP","floor":40},{"not_picked":["Predator","Deflect","Heel Hook"],"picked":"SKIP","floor":42},{"not_picked":["Night Terror","Storm of Steel","Phantasmal Killer"],"picked":"SKIP","floor":43},{"not_picked":["Corpse Explosion","Envenom","Burst"],"picked":"SKIP","floor":45},{"not_picked":["Corpse Explosion","Envenom","Burst"],"picked":"SKIP","floor":45},{"not_picked":["Well Laid Plans","Slice","Infinite Blades"],"picked":"SKIP","floor":50},{"not_picked":["Corpse Explosion","Riddle With Holes"],"picked":"Accuracy","floor":56}],"player_experience":338961,"relics_obtained":[{"floor":4.0,"key":"DemoMod:ResourcefulSack"},{"floor":4.0,"key":"WingedGreaves"},{"floor":6.0,"key":"Turnip"},{"floor":8.0,"key":"Juzu Bracelet"},{"floor":9.0,"key":"Prayer Wheel"},{"floor":9.0,"key":"Strawberry"},{"floor":22.0,"key":"CeramicFish"},{"floor":22.0,"key":"Lizard Tail"},{"floor":36,"key":"DemoMod:RatBoots"},{"floor":36,"key":"DemoMod:PinkGuonStone"},{"floor":36,"key":"DemoMod:PartiallyEatenCheese"},{"floor":36,"key":"HoveringKite"},{"floor":36,"key":"FossilizedHelix"},{"floor":42,"key":"Tingsha"},{"floor":43,"key":"Tough Bandages"},{"floor":44,"key":"DemoMod:VorpalBullet"},{"floor":45,"key":"DemoMod:AgedBell"},{"floor":45,"key":"Toy Ornithopter"},{"floor":47,"key":"Dead Branch"},{"floor":50,"key":"Lantern"},{"floor":56,"key":"Nunchaku"}],"event_choices":[{"damage_healed":0.0,"max_hp_gain":0.0,"max_hp_loss":0.0,"gold_gain":0.0,"event_name":"betterThird:BetterGoop","player_choice":"Left","floor":3.0,"gold_loss":47.0,"damage_taken":0.0},{"damage_healed":49.0,"max_hp_gain":0.0,"max_hp_loss":73.0,"gold_gain":0.0,"event_name":"betterThird:BetterShining","player_choice":"Embrace Burn","floor":10.0,"gold_loss":0.0,"damage_taken":0.0},{"damage_healed":0.0,"max_hp_gain":0.0,"max_hp_loss":0.0,"gold_gain":0.0,"cards_transformed":["Poisoned Stab"],"event_name":"Transmorgrifier","player_choice":"Transformed","floor":13.0,"gold_loss":0.0,"damage_taken":0.0,"cards_obtained":["Unload"]},{"damage_healed":0.0,"max_hp_gain":0.0,"max_hp_loss":0.0,"gold_gain":0.0,"event_name":"Ghosts","player_choice":"Ignored","floor":19.0,"gold_loss":0.0,"damage_taken":0.0},{"damage_healed":0.0,"max_hp_gain":0.0,"max_hp_loss":0.0,"gold_gain":99.0,"event_name":"betterThird:BetterNest","player_choice":"Steal","floor":20.0,"gold_loss":0.0,"damage_taken":0.0},{"cards_removed":["Strike_G"],"damage_healed":0.0,"max_hp_gain":0.0,"max_hp_loss":0.0,"gold_gain":0.0,"event_name":"Beggar","player_choice":"Gave Gold","floor":21.0,"gold_loss":75.0,"damage_taken":0.0},{"damage_healed":0.0,"max_hp_gain":0.0,"max_hp_loss":0.0,"gold_gain":0.0,"event_name":"Drug Dealer","player_choice":"Inject Mutagens","floor":24.0,"gold_loss":0.0,"damage_taken":0.0,"relics_obtained":["MutagenicStrength"]},{"damage_healed":0,"gold_gain":0,"player_choice":"Ignored","damage_taken":0,"max_hp_gain":0,"max_hp_loss":0,"event_name":"Tomb of Lord Red Mask","floor":39,"gold_loss":0},{"damage_healed":0,"gold_gain":0,"player_choice":"Fight","damage_taken":0,"max_hp_gain":0,"max_hp_loss":0,"event_name":"Mysterious Sphere","floor":44,"gold_loss":0},{"damage_healed":0,"gold_gain":0,"player_choice":"Fight","damage_taken":0,"max_hp_gain":0,"max_hp_loss":0,"event_name":"MindBloom","floor":47,"gold_loss":0},{"damage_healed":0,"gold_gain":0,"player_choice":"Random: Green","damage_taken":0,"max_hp_gain":0,"max_hp_loss":0,"event_name":"betterThird:BetterPortal","floor":48,"gold_loss":0},{"damage_healed":4,"gold_gain":0,"player_choice":"LEAVE ","damage_taken":0,"relics_obtained":[],"max_hp_gain":0,"max_hp_loss":0,"event_name":"betterSkull:BetterSkull","floor":48,"gold_loss":0,"cards_upgraded":[]}],"is_beta":false,"boss_relics":[{"not_picked":["SacredBark","energizedSpire:CursedPentagram"],"picked":"Ring of the Serpent"},{"not_picked":[]}],"items_purged_floors":[11,49],"is_endless":false,"potions_floor_spawned":[1,8,16,28,30,32,37,42,47,50],"ascension_level":14}}