{"host":"y13mj1mxwnd5xx1x","time":1614296441,"event":{"mods":["AchievementEnabler","BaseMod","Minty Spire (QoL Compilation)"],"gold_per_floor":[115,132,232,249,263,263,295,295,295,295,312,641,257,269,269,371,371,390,410,425,454,66,66,81,106,106,106,131,6,36,48,48,152,152,166,184,184,198,212,246,256,256,256,256,273,293,318,333,333,333,333,333,129,160,160],"floor_reached":56,"language":"ENG","playtime":4613,"items_purged":["Strike_R","Strike_R","Strike_R"],"score":1410,"play_id":"fbe6faaf-0fe1-4284-a9de-3a58b5ba0cc6","local_time":"20210225174041","is_ascension_mode":true,"campfire_choices":[{"data":"Armaments","floor":6,"key":"SMITH"},{"floor":10,"key":"REST"},{"floor":15,"key":"REST"},{"data":"Barricade","floor":23,"key":"SMITH"},{"data":"Rampage","floor":27,"key":"SMITH"},{"data":"Rage","floor":32,"key":"SMITH"},{"data":"Dual Wield","floor":42,"key":"SMITH"},{"floor":44,"key":"RECALL"},{"data":"Impervious","floor":49,"key":"SMITH"},{"data":"Shockwave","floor":52,"key":"SMITH"}],"circlet_count":0,"master_deck":["Defend_R","Defend_R","Defend_R","Bash+1","Armaments+1","Cleave","Impervious+1","Disarm+1","Rampage+1","Seeing Red","Feed","Ghostly Armor","Barricade+1","Evolve+1","Battle Trance","Rage+1","Battle Trance","Rage+1","Reaper+1","Impervious+1","Power Through+1","Battle Trance+1","Second Wind+1","Body Slam+1","Dual Wield+1","Shockwave+1","Exhume","Shrug It Off","Body Slam+1"],"relics":["Burning Blood","Akabeko","Pantograph","Old Coin","Sundial","Runic Dome","Red Mask","Strawberry","Bag of Marbles","Happy Flower","Molten Egg 2","Potion Belt","Astrolabe","Pen Nib","Orichalcum","Boot","TheAbacus","Red Skull"],"acts_visited":["Exordium","TheCity","TheBeyond","TheEnding"],"potions_floor_usage":[21,25,46,55,55,55,55],"damage_taken":[{"damage":0,"enemies":"Small Slimes","floor":1,"turns":4},{"damage":6,"enemies":"Cultist","floor":2,"turns":4},{"damage":7,"enemies":"Jaw Worm","floor":4,"turns":5},{"damage":12,"enemies":"2 Fungi Beasts","floor":5,"turns":4},{"damage":58,"enemies":"Lagavulin","floor":7,"turns":11},{"damage":17,"enemies":"Exordium Thugs","floor":11,"turns":4},{"damage":26,"enemies":"Gremlin Nob","floor":12,"turns":4},{"damage":0,"enemies":"Gremlin Gang","floor":14,"turns":2},{"damage":22,"enemies":"The Guardian","floor":16,"turns":14},{"damage":10,"enemies":"2 Thieves","floor":18,"turns":5},{"damage":7,"enemies":"Shell Parasite","floor":19,"turns":9},{"damage":3,"enemies":"Shelled Parasite and Fungi","floor":20,"turns":12},{"damage":68,"enemies":"Masked Bandits","floor":21,"turns":6},{"damage":0,"enemies":"Cultist and Chosen","floor":24,"turns":8},{"damage":11,"enemies":"Book of Stabbing","floor":25,"turns":10},{"damage":22,"enemies":"Slavers","floor":28,"turns":9},{"damage":0,"enemies":"Gremlin Leader","floor":30,"turns":9},{"damage":8,"enemies":"Snake Plant","floor":31,"turns":6},{"damage":6,"enemies":"Champ","floor":33,"turns":15},{"damage":2,"enemies":"3 Darklings","floor":35,"turns":8},{"damage":0,"enemies":"Orb Walker","floor":36,"turns":9},{"damage":0,"enemies":"Spire Growth","floor":38,"turns":9},{"damage":0,"enemies":"4 Shapes","floor":39,"turns":7},{"damage":0,"enemies":"Giant Head","floor":40,"turns":7},{"damage":0,"enemies":"Jaw Worm Horde","floor":41,"turns":5},{"damage":0,"enemies":"Maw","floor":45,"turns":7},{"damage":19,"enemies":"Sphere and 2 Shapes","floor":46,"turns":8},{"damage":1,"enemies":"Nemesis","floor":47,"turns":7},{"damage":55,"enemies":"Jaw Worm Horde","floor":48,"turns":5},{"damage":36,"enemies":"Awakened One","floor":50,"turns":8},{"damage":20,"enemies":"Shield and Spear","floor":54,"turns":6},{"damage":7,"enemies":"The Heart","floor":55,"turns":8}],"seed_played":"4204383523237171988","potions_obtained":[{"floor":2,"key":"ColorlessPotion"},{"floor":4,"key":"PowerPotion"},{"floor":5,"key":"LiquidBronze"},{"floor":7,"key":"BloodPotion"},{"floor":14,"key":"Swift Potion"},{"floor":21,"key":"Energy Potion"},{"floor":28,"key":"Ancient Potion"},{"floor":30,"key":"SkillPotion"},{"floor":31,"key":"AttackPotion"},{"floor":45,"key":"DistilledChaos"},{"floor":47,"key":"Dexterity Potion"},{"floor":48,"key":"Swift Potion"}],"is_trial":false,"path_per_floor":["M","M","?","M","M","R","E","?","T","R","M","E","$","M","R","B",null,"M","M","M","?","$","R","M","E","T","R","E","$","E","M","R","B",null,"M","M","?","M","M","E","M","R","T","R","M","M","E","M","R","B",null,"R","$","E","B",null],"character_chosen":"IRONCLAD","items_purchased":["Feed","Sundial","Strawberry","Bag of Marbles","Shrug It Off","TheAbacus"],"campfire_rested":2,"item_purchase_floors":[13,13,22,22,53,53],"current_hp_per_floor":[80,80,80,79,73,73,21,21,21,45,34,14,14,20,44,57,84,83,82,89,49,56,56,65,64,64,64,52,52,58,60,60,85,117,117,120,120,123,127,127,130,130,130,130,133,120,125,110,110,107,137,137,137,123,136],"gold":160,"neow_bonus":"UPGRADE_CARD","is_daily":false,"chose_seed":false,"campfire_upgraded":7,"win_rate":0.0,"timestamp":1614296441,"path_taken":["M","M","?","?","M","R","E","?","T","R","M","E","$","M","R","BOSS","M","M","M","?","?","R","M","E","T","R","E","$","E","M","R","BOSS","M","M","?","?","M","E","M","R","T","R","M","M","E","M","R","BOSS","R","$","E","BOSS"],"items_purchased_type":["Card","Relic","Relic","Relic","Card","Relic"],"build_version":"2020-12-22","purchased_purges":3,"victory":true,"max_hp_per_floor":[80,80,80,80,80,80,80,80,80,80,80,80,80,80,80,84,84,87,87,91,95,102,102,105,109,109,109,113,113,113,117,117,117,117,117,120,120,123,127,127,130,130,130,130,133,133,133,133,133,137,137,137,137,137,137],"card_choices":[{"not_picked":["Clothesline","Intimidate"],"picked":"Armaments","floor":1},{"not_picked":["Dropkick","Dark Embrace"],"picked":"Cleave","floor":2},{"not_picked":["Sentinel","Heavy Blade","Havoc"],"picked":"SKIP","floor":4},{"not_picked":["True Grit","Armaments"],"picked":"Impervious","floor":5},{"not_picked":["Sword Boomerang","Blood for Blood"],"picked":"Disarm","floor":7},{"not_picked":["Wild Strike","Metallicize"],"picked":"Rampage","floor":11},{"not_picked":["True Grit","Iron Wave"],"picked":"Seeing Red","floor":12},{"not_picked":["Havoc","Warcry"],"picked":"Ghostly Armor","floor":14},{"not_picked":["Bludgeon","Brutality"],"picked":"Barricade","floor":16},{"not_picked":["Clash+1","Perfected Strike+1"],"picked":"Evolve+1","floor":18},{"not_picked":["Shockwave","Havoc"],"picked":"Battle Trance","floor":19},{"not_picked":["Dual Wield","Evolve","Perfected Strike"],"picked":"SKIP","floor":20},{"not_picked":["Sword Boomerang","Warcry+1"],"picked":"Rage+1","floor":21},{"not_picked":["Warcry","Twin Strike+1","Dropkick"],"picked":"SKIP","floor":24},{"not_picked":["Heavy Blade","Warcry","Sever Soul"],"picked":"SKIP","floor":25},{"not_picked":["Flex","Havoc+1"],"picked":"Battle Trance","floor":28},{"not_picked":["Pummel+1","Anger+1"],"picked":"Rage","floor":30},{"not_picked":["Cleave+1","Spot Weakness"],"picked":"Reaper+1","floor":31},{"not_picked":["Brutality","Corruption"],"picked":"Impervious","floor":33},{"not_picked":["Thunderclap+1","Havoc","Seeing Red+1"],"picked":"SKIP","floor":35},{"not_picked":["Sword Boomerang+1","Ghostly Armor+1","Dark Embrace"],"picked":"SKIP","floor":36},{"not_picked":["Headbutt+1","Infernal Blade+1","Sword Boomerang+1"],"picked":"SKIP","floor":38},{"not_picked":["Twin Strike+1","Pommel Strike+1"],"picked":"Body Slam+1","floor":39},{"not_picked":["Intimidate","Searing Blow+1","Second Wind+1"],"picked":"SKIP","floor":40},{"not_picked":["Headbutt+1","Warcry+1"],"picked":"Dual Wield","floor":41},{"not_picked":["Thunderclap+1","Dual Wield+1","Infernal Blade+1"],"picked":"SKIP","floor":45},{"not_picked":["Spot Weakness+1","Combust+1"],"picked":"Shockwave","floor":46},{"not_picked":["Clash+1","Thunderclap+1","Armaments+1"],"picked":"SKIP","floor":47},{"not_picked":["Twin Strike+1","Headbutt+1"],"picked":"Exhume","floor":48},{"not_picked":["Burning Pact+1","Dropkick+1"],"picked":"Body Slam+1","floor":54}],"player_experience":220804,"relics_obtained":[{"floor":7,"key":"Akabeko"},{"floor":9,"key":"Pantograph"},{"floor":12,"key":"Old Coin"},{"floor":21,"key":"Red Mask"},{"floor":25,"key":"Happy Flower"},{"floor":28,"key":"Molten Egg 2"},{"floor":30,"key":"Potion Belt"},{"floor":40,"key":"Pen Nib"},{"floor":43,"key":"Orichalcum"},{"floor":47,"key":"Boot"},{"floor":54,"key":"Red Skull"}],"event_choices":[{"damage_healed":0,"gold_gain":100,"player_choice":"Pray","damage_taken":0,"max_hp_gain":0,"max_hp_loss":0,"event_name":"Golden Shrine","floor":3,"gold_loss":0},{"damage_healed":0,"gold_gain":0,"player_choice":"Grow","damage_taken":0,"max_hp_gain":0,"max_hp_loss":0,"event_name":"Living Wall","floor":8,"gold_loss":0,"cards_upgraded":["Disarm"]},{"damage_healed":0,"gold_gain":0,"player_choice":"Fought Bandits","damage_taken":0,"max_hp_gain":0,"max_hp_loss":0,"event_name":"Masked Bandits","floor":21,"gold_loss":0},{"damage_healed":0,"gold_gain":0,"player_choice":"Forge","damage_taken":0,"max_hp_gain":0,"max_hp_loss":0,"event_name":"Accursed Blacksmith","floor":37,"gold_loss":0,"cards_upgraded":["Impervious"]}],"is_beta":false,"boss_relics":[{"not_picked":["Fusion Hammer","Velvet Choker"],"picked":"Runic Dome"},{"not_picked":["Philosopher\u0027s Stone","Busted Crown"],"picked":"Astrolabe"}],"items_purged_floors":[13,22,29],"is_endless":false,"potions_floor_spawned":[2,4,5,7,14,21,28,30,31,33,38,39,45,47,48],"ascension_level":1}}