{"host":"79cxsmzz7r2v6ls6","time":1614225768,"event":{"mods":["Act Like it!","BaseMod","BetterRewards","Colored Powertips","Downfall","Hermit","Highlight Path","Jorbs\u0027s Wanderer Trilogy","Lobotomy","LobotomyExtend","MarisaÅiñ∂âJÅ@ñÇóùçπÅj","Minty Spire (QoL Compilation)","Shop Mod","StSLib","The Cursed","The Hierophant","The IronCluck","The Mystic","The Necromancer","everything is the same but u backflip on backflip","slay the spire mod where everything is the same but ironclad has a cowboy hat"],"gold_per_floor":[119,119,136,86,96,128,128,193,193,204,204,204,204,218,218,315,315,315,315],"floor_reached":18,"language":"ENG","playtime":1528,"items_purged":[],"score":245,"play_id":"cb67b8a3-e239-46c8-ac46-13857bb80e4d","local_time":"20210225150248","is_ascension_mode":false,"campfire_choices":[{"data":"Apotheosis","floor":7,"key":"SMITH"},{"data":"hermit:Manifest","floor":11,"key":"SMITH"},{"floor":13,"key":"RECALL"},{"data":"hermit:FlashPowder","floor":15,"key":"SMITH"}],"circlet_count":0,"master_deck":["hermit:Strike_Hermit","hermit:Strike_Hermit","hermit:Strike_Hermit","hermit:Defend_Hermit","hermit:Defend_Hermit","hermit:Defend_Hermit","hermit:Snapshot","hermit:Covet","Parasite","Apotheosis+1","hermit:LuckOfTheDraw","Regret","hermit:Dive","hermit:FlashPowder+1","hermit:LoneWolf","hermit:Grudge","hermit:Manifest+1","hermit:BlackWind"],"relics":["hermit:Momento","LetterFromLob","Toy Ornithopter","Ginger","Happy Flower","Mercury Hourglass","SlaversCollar"],"acts_visited":["Exordium","TheCity"],"potions_floor_usage":[8,8,18,18],"damage_taken":[{"damage":0,"enemies":"2 Louse","floor":1,"turns":2},{"damage":0,"enemies":"Small Slimes","floor":3,"turns":3},{"damage":3,"enemies":"Jaw Worm","floor":5,"turns":4},{"damage":0,"enemies":"Lagavulin","floor":6,"turns":9},{"damage":34,"enemies":"Gremlin Nob","floor":8,"turns":5},{"damage":0,"enemies":"Gremlin Gang","floor":10,"turns":2},{"damage":0,"enemies":"Blue Slaver","floor":14,"turns":4},{"damage":0,"enemies":"Hexaghost","floor":16,"turns":9},{"damage":110,"enemies":"Shell Parasite","floor":18,"turns":3}],"seed_played":"-3136453833727773537","potions_obtained":[{"floor":1,"key":"AttackPotion"},{"floor":5,"key":"Slimebound:ThreeZeroPotion"},{"floor":6,"key":"SteroidPotion"},{"floor":14,"key":"GamblersBrew"}],"is_trial":false,"path_per_floor":["M","?","M","?","M","E","R","E","T","M","R","?","R","M","R","B",null,"M"],"character_chosen":"HERMIT","items_purchased":[],"campfire_rested":0,"item_purchase_floors":[],"current_hp_per_floor":[75,75,75,75,72,72,72,46,46,46,46,46,46,46,46,46,75,0,0],"gold":315,"neow_bonus":"RANDOM_COLORLESS_2","is_daily":false,"chose_seed":false,"campfire_upgraded":3,"win_rate":0.0,"timestamp":1614225768,"path_taken":["M","?","M","?","M","E","R","E","T","M","R","?","R","M","R","BOSS","M"],"items_purchased_type":[],"build_version":"2020-12-22","purchased_purges":0,"victory":false,"max_hp_per_floor":[75,75,75,75,75,75,75,75,75,75,75,75,75,75,75,75,75,75,75],"card_choices":[{"not_picked":["Magnetism","Thinking Ahead"],"picked":"Apotheosis","floor":0},{"not_picked":["hermit:Horror","hermit:LowProfile"],"picked":"hermit:LuckOfTheDraw","floor":1},{"not_picked":["hermit:Cheat","hermit:Desperado"],"picked":"hermit:Dive","floor":3},{"not_picked":["hermit:SprayPray","hermit:GoldenBullet"],"picked":"hermit:FlashPowder","floor":5},{"not_picked":["hermit:Quickdraw","hermit:EyeOfTheStorm"],"picked":"hermit:LoneWolf","floor":6},{"not_picked":["hermit:HighCaliber","hermit:Headshot"],"picked":"hermit:Grudge","floor":8},{"not_picked":["hermit:FullyLoaded","hermit:Grudge"],"picked":"hermit:Manifest","floor":10},{"not_picked":["hermit:ItchyTrigger","hermit:Roulette","hermit:Dive"],"picked":"SKIP","floor":14},{"not_picked":["hermit:DeadOrAlive","hermit:Purgatory"],"picked":"hermit:BlackWind","floor":16}],"player_experience":147768,"relics_obtained":[{"floor":1,"key":"LetterFromLob"},{"floor":6,"key":"Ginger"},{"floor":8,"key":"Happy Flower"},{"floor":9,"key":"Mercury Hourglass"}],"event_choices":[{"damage_healed":0,"gold_gain":0,"player_choice":"Box","damage_taken":0,"relics_obtained":["Toy Ornithopter"],"max_hp_gain":0,"max_hp_loss":0,"event_name":"Big Fish","floor":2,"gold_loss":0,"cards_obtained":["Regret"]},{"cards_removed":["hermit:Strike_Hermit"],"damage_healed":0,"gold_gain":0,"player_choice":"Card Removal","damage_taken":0,"max_hp_gain":0,"max_hp_loss":0,"event_name":"The Cleric","floor":4,"gold_loss":50},{"cards_removed":["hermit:Defend_Hermit"],"damage_healed":0,"gold_gain":0,"player_choice":"Forget","damage_taken":0,"max_hp_gain":0,"max_hp_loss":0,"event_name":"Living Wall","floor":12,"gold_loss":0}],"is_beta":false,"boss_relics":[{"not_picked":["Astrolabe","SacredBark"],"picked":"SlaversCollar"}],"items_purged_floors":[],"is_endless":false,"potions_floor_spawned":[1,5,6,14],"killed_by":"Shell Parasite","ascension_level":0}}