{"host":"7jag2woc339g1nhm","time":1614221715,"event":{"mods":["AchievementEnabler","BaseMod","Bestiary","DeckTracker","Minty Spire (QoL Compilation)"],"gold_per_floor":[109,109,129,129,149,190,190,190,190,228,249,274,274,18,18,138,138,156,156,255,255,273,273,273],"floor_reached":23,"language":"ENG","playtime":1671,"items_purged":["Defend_P"],"score":224,"play_id":"126a7445-5eb9-4719-842e-c0fa730a3463","local_time":"20210225132515","is_ascension_mode":false,"campfire_choices":[{"data":"Eruption","floor":7,"key":"SMITH"},{"data":"WindmillStrike","floor":13,"key":"SMITH"},{"data":"LikeWater","floor":15,"key":"SMITH"}],"circlet_count":0,"master_deck":["Strike_P","Strike_P","Strike_P","Defend_P","Defend_P","Defend_P","Eruption+1","Vigilance","ClearTheMind+1","Protect","WindmillStrike+1","ThirdEye","Protect","CarveReality","Protect","Protect","LikeWater+1","FlyingSleeves","Scrawl","Evaluate+1","CutThroughFate","Necronomicurse","Adaptation","Crescendo","Vault"],"relics":["PureWater","NeowsBlessing","Golden Idol","Unceasing Top","Mummified Hand","Prayer Wheel","Lee\u0027s Waffle","Sozu","Necronomicon"],"acts_visited":["Exordium","TheCity"],"potions_floor_usage":[10,16,16],"damage_taken":[{"damage":0,"enemies":"Jaw Worm","floor":1,"turns":1},{"damage":0,"enemies":"2 Louse","floor":3,"turns":2},{"damage":0,"enemies":"Small Slimes","floor":5,"turns":2},{"damage":32,"enemies":"Gremlin Nob","floor":6,"turns":4},{"damage":5,"enemies":"Lagavulin","floor":10,"turns":8},{"damage":7,"enemies":"Blue Slaver","floor":11,"turns":3},{"damage":4,"enemies":"Large Slime","floor":12,"turns":6},{"damage":23,"enemies":"Hexaghost","floor":16,"turns":8},{"damage":9,"enemies":"3 Byrds","floor":18,"turns":6},{"damage":0,"enemies":"Chosen","floor":22,"turns":10},{"damage":52,"enemies":"Slavers","floor":23,"turns":1}],"seed_played":"-556563460783575600","potions_obtained":[{"floor":5,"key":"LiquidBronze"},{"floor":6,"key":"Dexterity Potion"},{"floor":11,"key":"GamblersBrew"}],"is_trial":false,"path_per_floor":["M","?","M","?","M","E","R","?","T","E","M","M","R","$","R","B",null,"M","?","?","?","M","E"],"character_chosen":"WATCHER","items_purchased":["Lee\u0027s Waffle","FlyingSleeves"],"campfire_rested":0,"item_purchase_floors":[14,14],"current_hp_per_floor":[72,72,72,67,67,35,35,35,35,30,23,19,19,74,74,51,74,65,49,49,49,49,0,0],"gold":273,"neow_bonus":"THREE_ENEMY_KILL","is_daily":false,"chose_seed":false,"campfire_upgraded":3,"win_rate":0.0,"timestamp":1614221715,"path_taken":["M","?","M","?","M","E","R","?","T","E","M","M","R","?","R","BOSS","M","?","?","?","M","E"],"items_purchased_type":["Relic","Card"],"build_version":"2020-12-22","purchased_purges":1,"victory":false,"max_hp_per_floor":[72,72,72,67,67,67,67,67,67,67,67,67,67,74,74,74,74,74,74,74,74,74,74,74],"card_choices":[{"not_picked":["BowlingBash","WheelKick"],"picked":"ClearTheMind","floor":1},{"not_picked":["WreathOfFlame","Meditate"],"picked":"Protect","floor":3},{"not_picked":["MasterReality","ThirdEye"],"picked":"WindmillStrike","floor":5},{"not_picked":["LikeWater","Wallop"],"picked":"ThirdEye","floor":6},{"not_picked":["SashWhip","FlurryOfBlows"],"picked":"Protect","floor":10},{"not_picked":["Worship","FlurryOfBlows"],"picked":"CarveReality","floor":11},{"not_picked":["SashWhip","ForeignInfluence"],"picked":"Protect","floor":11},{"not_picked":["Prostrate","SashWhip"],"picked":"Protect","floor":12},{"not_picked":["EmptyBody","Weave"],"picked":"LikeWater","floor":12},{"not_picked":["LessonLearned","Ragnarok"],"picked":"Scrawl","floor":16},{"not_picked":["EmptyFist","JustLucky"],"picked":"Evaluate+1","floor":18},{"not_picked":["FollowUp","PathToVictory+1"],"picked":"CutThroughFate","floor":18},{"not_picked":["CutThroughFate","CrushJoints+1"],"picked":"Crescendo","floor":22},{"not_picked":["ThirdEye","SashWhip"],"picked":"Vault","floor":22}],"player_experience":135808,"relics_obtained":[{"floor":6,"key":"Unceasing Top"},{"floor":9,"key":"Mummified Hand"},{"floor":10,"key":"Prayer Wheel"},{"floor":19,"key":"Necronomicon"}],"event_choices":[{"damage_healed":0,"gold_gain":0,"player_choice":"Grow","damage_taken":0,"max_hp_gain":0,"max_hp_loss":0,"event_name":"Living Wall","floor":2,"gold_loss":0,"cards_upgraded":["ClearTheMind"]},{"damage_healed":0,"gold_gain":0,"player_choice":"Lose Max HP","damage_taken":0,"relics_obtained":["Golden Idol"],"max_hp_gain":0,"max_hp_loss":5,"event_name":"Golden Idol","floor":4,"gold_loss":0},{"damage_healed":0,"gold_gain":0,"player_choice":"Ignored","damage_taken":0,"max_hp_gain":0,"max_hp_loss":0,"event_name":"Liars Game","floor":8,"gold_loss":0},{"damage_healed":0,"gold_gain":0,"player_choice":"Obtained Book","damage_taken":16,"max_hp_gain":0,"max_hp_loss":0,"event_name":"Cursed Tome","floor":19,"gold_loss":0},{"damage_healed":0,"gold_gain":99,"player_choice":"Stole From Cult","damage_taken":0,"max_hp_gain":0,"max_hp_loss":0,"event_name":"Nest","floor":20,"gold_loss":0},{"damage_healed":0,"gold_gain":0,"cards_transformed":["Strike_P"],"player_choice":"Transformed","damage_taken":0,"max_hp_gain":0,"max_hp_loss":0,"event_name":"Transmorgrifier","floor":21,"gold_loss":0,"cards_obtained":["Adaptation"]}],"is_beta":false,"boss_relics":[{"not_picked":["Runic Pyramid","SacredBark"],"picked":"Sozu"}],"items_purged_floors":[14],"is_endless":false,"potions_floor_spawned":[5,6,11,18,22],"killed_by":"Slavers","ascension_level":0}}