{"host":"uyfpom4rlahfoee4","time":1614289129,"event":{"mods":["BaseMod","Downfall","Minty Spire (QoL Compilation)","StSLib"],"gold_per_floor":[99,111,211,227,238,238,238,270,270,144,144,154,154,165,178,283,283,283,296,315,315,315,315],"floor_reached":21,"language":"ENG","playtime":1163,"items_purged":[],"score":181,"play_id":"54129123-a583-4d27-bf12-f36925894702","local_time":"20210225133849","is_ascension_mode":false,"campfire_choices":[{"data":"bronze:Replicate","floor":1,"key":"SMITH"},{"data":"bronze:ChosenStrike","floor":6,"key":"SMITH"},{"floor":9,"key":"REST"},{"data":"bronze:Repulsor","floor":13,"key":"SMITH"},{"data":"bronze:Fortify","floor":18,"key":"SMITH"}],"circlet_count":0,"master_deck":["bronze:Strike","bronze:Strike","bronze:Strike","bronze:Strike","bronze:Defend","bronze:Defend","bronze:Defend","bronze:Defend","bronze:Replicate+1","bronze:Goto","bronze:ChosenStrike+1","bronze:Overheat","bronze:HyperBeam","bronze:Branch","bronze:Repulsor+1","bronze:Safeguard+1","bronze:BitShift+1","bronze:Fortify+1","bronze:ForLoop+1","bronze:SpaghettiCode+1","bronze:CutThrough","bronze:BugBarrage"],"relics":["bronze:BronzeCore","bronze:CableSpool","Toxic Egg 2","Gremlin Horn","Black Star"],"acts_visited":["Exordium","TheCity"],"potions_floor_usage":[],"damage_taken":[{"damage":0,"enemies":"Jaw Worm","floor":2,"turns":4},{"damage":0,"enemies":"Cultist","floor":4,"turns":4},{"damage":7,"enemies":"Small Slimes","floor":5,"turns":4},{"damage":21,"enemies":"Lagavulin","floor":8,"turns":5},{"damage":0,"enemies":"downfall:FleeingMerchant","floor":10,"turns":4},{"damage":5,"enemies":"downfall:LooterAlt","floor":12,"turns":3},{"damage":0,"enemies":"3 Louse","floor":14,"turns":2},{"damage":0,"enemies":"Gremlin Gang","floor":15,"turns":3},{"damage":15,"enemies":"IC_STATUS_ARCHETYPE","floor":16,"turns":6},{"damage":10,"enemies":"Chosen","floor":19,"turns":5},{"damage":24,"enemies":"Spheric Guardian","floor":20,"turns":4},{"damage":0,"enemies":"Centurion and Healer","floor":21,"turns":1}],"seed_played":"7664343789405420912","potions_obtained":[{"floor":0,"key":"SneckoOil"},{"floor":0,"key":"Explosive Potion"},{"floor":0,"key":"BlessingOfTheForge"},{"floor":8,"key":"Regen Potion"},{"floor":15,"key":"Dexterity Potion"}],"is_trial":false,"path_per_floor":["R","M","?","M","M","R","T","E","R","$","T","M","R","M","M","B",null,"R","M","M","M"],"character_chosen":"THE_AUTOMATON","items_purchased":["bronze:Repulsor","bronze:Safeguard+1"],"campfire_rested":1,"item_purchase_floors":[10,10],"current_hp_per_floor":[70,70,70,70,63,63,63,42,63,63,63,58,58,58,58,43,70,70,60,36,36,36,36],"gold":315,"neow_bonus":"THREE_SMALL_POTIONS","is_daily":false,"chose_seed":false,"campfire_upgraded":4,"win_rate":0.0,"timestamp":1614289129,"path_taken":["R","M","?","M","M","R","T","E","R","$","?","M","R","M","M","BOSS","R","M","M","M"],"items_purchased_type":["Card","Card"],"build_version":"2020-12-22","purchased_purges":0,"victory":false,"max_hp_per_floor":[70,70,70,70,70,70,70,70,70,70,70,70,70,70,70,70,70,70,70,70,70,70,70],"card_choices":[{"not_picked":["bronze:FineTuning","bronze:Shield"],"picked":"bronze:ChosenStrike","floor":2},{"not_picked":["bronze:Frontload","bronze:ItsAFeature","bronze:CloningBeam"],"picked":"SKIP","floor":4},{"not_picked":["bronze:MaxOutput","bronze:BugBarrage"],"picked":"bronze:Overheat","floor":5},{"not_picked":["bronze:Shell+1","bronze:NullPointer"],"picked":"bronze:HyperBeam","floor":8},{"not_picked":["bronze:BugBarrage","bronze:CutThrough"],"picked":"bronze:Branch","floor":10},{"not_picked":["bronze:Iterate","bronze:Invalidate+1"],"picked":"bronze:BitShift+1","floor":12},{"not_picked":["bronze:FineTuning+1","bronze:Return+1"],"picked":"bronze:Fortify","floor":14},{"not_picked":["bronze:ItsAFeature","bronze:Turbo+1"],"picked":"bronze:ForLoop+1","floor":15},{"not_picked":["bronze:HardenedForm","bronze:FindAndReplace+1"],"picked":"bronze:SpaghettiCode+1","floor":16},{"not_picked":["bronze:BuggyMess+1","bronze:MaxOutput"],"picked":"bronze:CutThrough","floor":19},{"not_picked":["bronze:Overload+1","bronze:BuggyMess+1"],"picked":"bronze:BugBarrage","floor":20}],"player_experience":209606,"relics_obtained":[{"floor":7,"key":"bronze:CableSpool"},{"floor":8,"key":"Toxic Egg 2"},{"floor":11,"key":"Gremlin Horn"}],"event_choices":[],"is_beta":false,"boss_relics":[{"not_picked":["bronze:MakeshiftBattery","Busted Crown"],"picked":"Black Star"}],"items_purged_floors":[],"is_endless":false,"potions_floor_spawned":[8,12,14,15,16,19],"killed_by":"Centurion and Healer","ascension_level":0}}