{"host":"wvcyfzs99um8is6a","time":1614216887,"event":{"mods":["AchievementEnabler","BaseMod","Colored Map","Colored Powertips","Highlight Path","Minty Spire (QoL Compilation)","Random Character Button","Relic Filter","StSLib","SuperFastMode"],"gold_per_floor":[119,138,63,63,124,154,85,85,154,154,167,167,67,86,86,188,188,200,40,59,75,75,75,104,104,149,177,177,193,193,193,193,297,297,311,331,348,365,378,378,378,391,391,421,421,437,460,40,40,40],"floor_reached":51,"language":"ENG","playtime":6011,"items_purged":["Strike_P","Strike_P"],"score":815,"play_id":"2990f430-eb4e-481a-9ce4-c7c221391c9b","local_time":"20210224203447","is_ascension_mode":false,"campfire_choices":[{"data":"LessonLearned","floor":10.0,"key":"SMITH"},{"data":"BattleHymn","floor":15.0,"key":"SMITH"},{"floor":23.0,"key":"REST"},{"data":"Devotion","floor":25.0,"key":"SMITH"},{"floor":30.0,"key":"REST"},{"data":"SpiritShield","floor":32.0,"key":"SMITH"},{"floor":40.0,"key":"REST"},{"floor":45.0,"key":"REST"},{"floor":49.0,"key":"REST"}],"circlet_count":0,"master_deck":["Strike_P+1","Defend_P+1","Defend_P+1","Defend_P+1","Defend_P+1","Eruption+1","Vigilance+1","SandsOfTime+1","WindmillStrike+1","BattleHymn+1","MentalFortress+1","SpiritShield+1","Devotion+1","Pray+1","EmptyBody+1","Ragnarok+1","EmptyMind+1","Wireheading","Perseverance+1"],"relics":["HolyWater","Boot","Juzu Bracelet","Torii","SlaversCollar","HornCleat","Kunai","Centennial Puzzle","Nilry\u0027s Codex","Question Card","Bronze Scales","Pen Nib","Chemical X","Anchor"],"acts_visited":["Exordium","TheCity","TheBeyond"],"potions_floor_usage":[50],"damage_taken":[{"damage":0.0,"enemies":"Small Slimes","floor":1.0,"turns":2.0},{"damage":0.0,"enemies":"2 Louse","floor":2.0,"turns":3.0},{"damage":5.0,"enemies":"3 Sentries","floor":6.0,"turns":5.0},{"damage":9.0,"enemies":"Cultist","floor":11.0,"turns":6.0},{"damage":0.0,"enemies":"3 Louse","floor":14.0,"turns":3.0},{"damage":13.0,"enemies":"Hexaghost","floor":16.0,"turns":7.0},{"damage":0.0,"enemies":"Chosen","floor":18.0,"turns":4.0},{"damage":8.0,"enemies":"Shell Parasite","floor":20.0,"turns":7.0},{"damage":20.0,"enemies":"Sentry and Sphere","floor":21.0,"turns":6.0},{"damage":0.0,"enemies":"Gremlin Leader","floor":24.0,"turns":4.0},{"damage":32.0,"enemies":"Slavers","floor":27.0,"turns":4.0},{"damage":1.0,"enemies":"Cultist and Chosen","floor":29.0,"turns":6.0},{"damage":16.0,"enemies":"Automaton","floor":33.0,"turns":10.0},{"damage":1.0,"enemies":"Orb Walker","floor":35.0,"turns":5.0},{"damage":0.0,"enemies":"3 Shapes","floor":36.0,"turns":3.0},{"damage":2.0,"enemies":"Jaw Worm Horde","floor":37.0,"turns":6.0},{"damage":10.0,"enemies":"4 Shapes","floor":38.0,"turns":5.0},{"damage":1.0,"enemies":"3 Darklings","floor":39.0,"turns":5.0},{"damage":1.0,"enemies":"Spire Growth","floor":42.0,"turns":5.0},{"damage":44.0,"enemies":"Reptomancer","floor":44.0,"turns":4.0},{"damage":1.0,"enemies":"Jaw Worm Horde","floor":46.0,"turns":4.0},{"damage":2,"enemies":"Donu and Deca","floor":50,"turns":6}],"seed_played":"8566228545697769366","potions_obtained":[{"floor":6.0,"key":"SpeedPotion"},{"floor":11.0,"key":"PowerPotion"},{"floor":16.0,"key":"DuplicationPotion"},{"floor":18.0,"key":"BlessingOfTheForge"},{"floor":21.0,"key":"Energy Potion"},{"floor":24.0,"key":"LiquidMemories"},{"floor":27.0,"key":"Fruit Juice"},{"floor":33.0,"key":"StancePotion"},{"floor":35.0,"key":"LiquidBronze"},{"floor":36.0,"key":"Swift Potion"},{"floor":37.0,"key":"Weak Potion"}],"is_trial":false,"path_per_floor":["M","M","$","?","?","E","$","?","T","R","M","?","$","M","R","B",null,"M","$","M","M","?","R","E","R","T","E","?","M","R","?","R","B",null,"M","M","M","M","M","R","?","M","T","E","R","M","T","$","R","B",null],"character_chosen":"WATCHER","items_purchased":["BattleHymn","Devotion","Chemical X","Anchor","DuplicationPotion","Weak Potion"],"campfire_rested":5,"item_purchase_floors":[7,19,48,48,48,48],"current_hp_per_floor":[79,79,79,79,79,74,74,71,71,71,62,62,62,62,62,49,79,79,79,71,51,51,74,74,74,74,42,31,30,55,55,55,39,84,83,83,81,71,70,84,84,83,83,39,64,63,63,63,84,82],"gold":40,"neow_bonus":"TEN_PERCENT_HP_BONUS","is_daily":false,"chose_seed":false,"campfire_upgraded":4,"win_rate":0.0,"timestamp":1614216887,"path_taken":["M","M","$","?","?","E","$","?","T","R","M","?","$","M","R","BOSS","M","$","M","M","?","R","E","R","T","E","?","M","R","?","R","BOSS","M","M","M","M","M","R","?","M","T","E","R","M","?","$","R","BOSS"],"items_purchased_type":["Card","Card","Relic","Relic","Potion","Potion"],"build_version":"2020-12-22","purchased_purges":2,"victory":true,"max_hp_per_floor":[79,79,79,79,79,79,79,79,79,79,79,79,79,79,79,79,79,79,79,79,79,79,79,79,79,79,79,84,84,84,84,84,84,84,84,84,84,84,84,84,84,84,84,84,84,84,84,84,84,84],"card_choices":[{"not_picked":["SashWhip","Evaluate"],"picked":"SandsOfTime","floor":1.0},{"not_picked":["Protect","Meditate"],"picked":"WindmillStrike","floor":2.0},{"not_picked":["Adaptation","ThirdEye"],"picked":"LessonLearned","floor":6.0},{"not_picked":["Wallop","FlyingSleeves","ClearTheMind"],"picked":"SKIP","floor":11.0},{"not_picked":["TalkToTheHand","FlurryOfBlows"],"picked":"MentalFortress","floor":14.0},{"not_picked":["Alpha","Vault"],"picked":"SpiritShield","floor":16.0},{"not_picked":["Nirvana","BowlingBash","CutThroughFate+1"],"picked":"SKIP","floor":18.0},{"not_picked":["CarveReality","EmptyBody","PathToVictory"],"picked":"SKIP","floor":20.0},{"not_picked":["EmptyFist","Halt"],"picked":"Pray+1","floor":21.0},{"not_picked":["PathToVictory","Vengeance+1","CutThroughFate"],"picked":"SKIP","floor":24.0},{"not_picked":["InnerPeace","ReachHeaven","JustLucky"],"picked":"SKIP","floor":27.0},{"not_picked":["Halt","PathToVictory","BowlingBash"],"picked":"SKIP","floor":29.0},{"not_picked":["Judgement","Blasphemy"],"picked":"Ragnarok","floor":33.0},{"not_picked":["Wallop+1","WheelKick+1","Crescendo+1"],"picked":"SKIP","floor":35.0},{"not_picked":["Meditate","Halt+1","CarveReality"],"picked":"SKIP","floor":36.0},{"not_picked":["InnerPeace","Protect+1"],"picked":"EmptyMind","floor":37.0},{"not_picked":["JustLucky","ClearTheMind","FollowUp"],"picked":"SKIP","floor":38.0},{"not_picked":["Protect+1","PathToVictory","SashWhip+1"],"picked":"SKIP","floor":39.0},{"not_picked":["Protect+1","PathToVictory","SashWhip+1"],"picked":"SKIP","floor":39.0},{"not_picked":["Study","TalkToTheHand"],"picked":"Wireheading","floor":42.0},{"not_picked":["Omniscience","Protect+1","Evaluate+1","JustLucky+1"],"picked":"SKIP","floor":44.0},{"not_picked":["CutThroughFate+1","Evaluate+1","JustLucky"],"picked":"Perseverance+1","floor":46.0}],"player_experience":1060458,"relics_obtained":[{"floor":6.0,"key":"Boot"},{"floor":9.0,"key":"Torii"},{"floor":24.0,"key":"HornCleat"},{"floor":26.0,"key":"Kunai"},{"floor":27.0,"key":"Centennial Puzzle"},{"floor":28.0,"key":"Nilry\u0027s Codex"},{"floor":43.0,"key":"Question Card"},{"floor":44.0,"key":"Bronze Scales"},{"floor":47.0,"key":"Pen Nib"}],"event_choices":[{"damage_healed":0.0,"max_hp_gain":0.0,"max_hp_loss":0.0,"gold_gain":0.0,"event_name":"Living Wall","player_choice":"Grow","floor":4.0,"gold_loss":0.0,"damage_taken":0.0,"cards_upgraded":["Vigilance"]},{"damage_healed":0.0,"max_hp_gain":0.0,"max_hp_loss":0.0,"gold_gain":61.0,"event_name":"Golden Wing","player_choice":"Gained Gold","floor":5.0,"gold_loss":0.0,"damage_taken":0.0},{"damage_healed":0.0,"max_hp_gain":0.0,"max_hp_loss":0.0,"gold_gain":0.0,"event_name":"Scrap Ooze","player_choice":"Success","floor":8.0,"gold_loss":0.0,"damage_taken":3.0,"relics_obtained":["Juzu Bracelet"]},{"damage_healed":0.0,"max_hp_gain":0.0,"max_hp_loss":0.0,"gold_gain":0.0,"event_name":"Liars Game","player_choice":"Ignored","floor":12.0,"gold_loss":0.0,"damage_taken":0.0},{"damage_healed":0.0,"max_hp_gain":0.0,"max_hp_loss":0.0,"gold_gain":0.0,"cards_transformed":["Strike_P"],"event_name":"Transmorgrifier","player_choice":"Transformed","floor":22.0,"gold_loss":0.0,"damage_taken":0.0,"cards_obtained":["EmptyBody"]},{"damage_healed":0.0,"max_hp_gain":0.0,"max_hp_loss":0.0,"gold_gain":0.0,"event_name":"Cursed Tome","player_choice":"Obtained Book","floor":28.0,"gold_loss":0.0,"damage_taken":16.0},{"damage_healed":0.0,"max_hp_gain":0.0,"max_hp_loss":0.0,"gold_gain":0.0,"event_name":"Vampires","player_choice":"Ignored","floor":31.0,"gold_loss":0.0,"damage_taken":0.0},{"cards_removed":["LessonLearned"],"damage_healed":0.0,"max_hp_gain":0.0,"max_hp_loss":0.0,"gold_gain":0.0,"event_name":"Falling","player_choice":"Removed Attack","floor":41.0,"gold_loss":0.0,"damage_taken":0.0}],"is_beta":false,"boss_relics":[{"not_picked":["Sozu","Astrolabe"],"picked":"SlaversCollar"},{"not_picked":["Black Star","Empty Cage"],"picked":"HolyWater"}],"items_purged_floors":[3,13],"is_endless":false,"potions_floor_spawned":[6,11,16,18,21,24,27,33,35,36,37,42],"ascension_level":0}}