{"host":"fuszjwm6fqgjjp4d","time":1614218798,"event":{"mods":["BaseMod","Colored Map","Minty Spire (QoL Compilation)","Permanent Neow","Relic Sorter","Relic Stats","StSLib"],"gold_per_floor":[116,116,116,116,181,181,199,199,222,222,272,301,370,401,401,473,473,490,509,9,59,78,91,91,11,11,74,74,124,124,135,135,213,213,230,1279,37,87,97,126,126,145,169,180,190,190,217,236,236,236,236,236,236,29,62,62,62],"floor_reached":56,"language":"ENG","playtime":1677,"items_purged":["Strike_R","Strike_R","Normality"],"score":2334,"play_id":"41058dc3-8417-4526-9329-1bdf01906eaf","local_time":"20210224200638","is_ascension_mode":true,"campfire_choices":[{"data":"Searing Blow+1","floor":6.0,"key":"SMITH"},{"data":"Searing Blow+2","floor":8.0,"key":"SMITH"},{"data":"Searing Blow+3","floor":10.0,"key":"SMITH"},{"data":"Searing Blow+5","floor":15.0,"key":"SMITH"},{"floor":24.0,"key":"REST"},{"data":"Searing Blow+6","floor":28.0,"key":"SMITH"},{"data":"Corruption","floor":30.0,"key":"SMITH"},{"data":"Searing Blow+7","floor":32.0,"key":"SMITH"},{"data":"Searing Blow+8","floor":41.0,"key":"SMITH"},{"data":"Searing Blow+9","floor":46.0,"key":"SMITH"},{"floor":49.0,"key":"RECALL"},{"data":"Searing Blow+10","floor":53.0,"key":"SMITH"}],"circlet_count":0,"master_deck":["AscendersBane","Strike_R","Strike_R","Defend_R","Defend_R","Defend_R","Defend_R","Bash","Searing Blow+11","Brutality","Pommel Strike","Corruption+1","Warcry","True Grit","Double Tap","Secret Weapon","Shrug It Off","Power Through","Battle Trance","Shrug It Off","Double Tap","True Grit","Shrug It Off","Flex","Flex","Headbutt","Barricade","Rage"],"relics":["Mark of Pain","SsserpentHead","Red Skull","Omamori","The Courier","Calling Bell","Toy Ornithopter","Shuriken","Ginger","Bag of Preparation","Dead Branch","SlaversCollar","Sling","Blood Vial","Bottled Tornado","Nunchaku","Vajra","Centennial Puzzle","MealTicket","Art of War","Eternal Feather"],"acts_visited":["Exordium","TheCity","TheBeyond","TheEnding"],"potions_floor_usage":[56,56],"damage_taken":[{"damage":8.0,"enemies":"2 Louse","floor":1.0,"turns":3.0},{"damage":0.0,"enemies":"Cultist","floor":5.0,"turns":3.0},{"damage":3.0,"enemies":"Small Slimes","floor":7.0,"turns":3.0},{"damage":0.0,"enemies":"Gremlin Nob","floor":12.0,"turns":2.0},{"damage":6.0,"enemies":"2 Fungi Beasts","floor":13.0,"turns":3.0},{"damage":18.0,"enemies":"3 Sentries","floor":14.0,"turns":5.0},{"damage":22.0,"enemies":"The Guardian","floor":16.0,"turns":5.0},{"damage":33.0,"enemies":"Shell Parasite","floor":18.0,"turns":4.0},{"damage":16.0,"enemies":"2 Thieves","floor":19.0,"turns":4.0},{"damage":6.0,"enemies":"Centurion and Healer","floor":22.0,"turns":4.0},{"damage":9.0,"enemies":"3 Cultists","floor":23.0,"turns":4.0},{"damage":0.0,"enemies":"Snake Plant","floor":27.0,"turns":1.0},{"damage":21.0,"enemies":"Shelled Parasite and Fungi","floor":31.0,"turns":2.0},{"damage":37.0,"enemies":"Champ","floor":33.0,"turns":5.0},{"damage":14.0,"enemies":"3 Shapes","floor":35.0,"turns":5.0},{"damage":0.0,"enemies":"Orb Walker","floor":39.0,"turns":2.0},{"damage":0.0,"enemies":"Reptomancer","floor":40.0,"turns":1.0},{"damage":3.0,"enemies":"Spire Growth","floor":42.0,"turns":2.0},{"damage":20.0,"enemies":"Sphere and 2 Shapes","floor":44.0,"turns":3.0},{"damage":0.0,"enemies":"Jaw Worm Horde","floor":45.0,"turns":4.0},{"damage":0.0,"enemies":"Giant Head","floor":47.0,"turns":2.0},{"damage":16.0,"enemies":"Writhing Mass","floor":48.0,"turns":3.0},{"damage":1.0,"enemies":"Time Eater","floor":50.0,"turns":2.0},{"damage":0.0,"enemies":"Donu and Deca","floor":51.0,"turns":2.0},{"damage":2.0,"enemies":"Shield and Spear","floor":55.0,"turns":3.0},{"damage":108,"enemies":"The Heart","floor":56,"turns":6}],"seed_played":"4760451230118760840","potions_obtained":[{"floor":5.0,"key":"Strength Potion"},{"floor":7.0,"key":"Fire Potion"},{"floor":13.0,"key":"ElixirPotion"},{"floor":19.0,"key":"EssenceOfSteel"},{"floor":23.0,"key":"Fire Potion"},{"floor":31.0,"key":"BlessingOfTheForge"},{"floor":33.0,"key":"ColorlessPotion"},{"floor":35.0,"key":"BlessingOfTheForge"},{"floor":39.0,"key":"EssenceOfSteel"},{"floor":40.0,"key":"GamblersBrew"},{"floor":47.0,"key":"CultistPotion"}],"is_trial":false,"path_per_floor":["M","?","?","?","M","R","M","R","T","R","?","E","M","E","R","B",null,"M","M","$","?","M","M","R","$","T","M","R","?","R","M","R","B",null,"M","?","$","?","M","E","R","M","T","M","M","R","E","M","R","B","B",null,"R","$","E","B"],"character_chosen":"IRONCLAD","items_purchased":["Bag of Preparation","Double Tap","Secret Weapon","Battle Trance","Shrug It Off","Double Tap","Sling","True Grit","Blood Vial","Bottled Tornado","Nunchaku","Shrug It Off","Vajra","Centennial Puzzle","Barricade","Ancient Potion"],"campfire_rested":1,"item_purchase_floors":[20,20,20,37,37,37,37,37,37,37,37,37,37,37,54,54],"current_hp_per_floor":[60,60,65,65,65,65,62,62,62,62,62,62,56,38,38,16,64,31,15,15,15,14,5,29,29,29,29,29,45,45,29,29,2,61,52,52,52,52,54,56,56,55,55,42,44,44,46,32,32,38,40,70,70,80,78,0,0],"gold":62,"neow_bonus":"BOSS_RELIC","is_daily":false,"chose_seed":false,"campfire_upgraded":10,"win_rate":0.0,"timestamp":1614218798,"path_taken":["M","?","?","?","?","R","M","R","T","R","?","E","?","E","R","BOSS","M","M","$","?","M","M","R","$","T","?","R","?","R","M","R","BOSS","M","?","$","?","M","E","R","M","T","M","M","R","E","M","R","BOSS","BOSS","R","$","E","BOSS"],"items_purchased_type":["Relic","Card","Card","Card","Card","Card","Relic","Card","Relic","Relic","Relic","Card","Relic","Relic","Card","Potion"],"build_version":"2020-12-22","purchased_purges":3,"victory":false,"max_hp_per_floor":[75,75,80,80,80,80,80,80,80,80,80,80,80,80,80,80,80,80,80,80,80,80,80,80,80,80,80,80,80,80,80,80,80,80,80,80,80,80,80,80,80,80,80,80,80,80,80,80,80,80,80,80,80,80,80,80,80],"relic_stats":{"counters":[26,83],"Dead Branch":[305],"Eternal Feather":0,"Bag of Preparation":[34],"Ginger":[4],"Blood Vial":20,"SsserpentHead":400,"Nunchaku":[8],"Centennial Puzzle":[15],"Shuriken":[23],"MealTicket":10,"Art of War":[1],"obtain_stats":[{"Dead Branch":26,"Vajra":37,"Eternal Feather":55,"The Courier":14,"Omamori":12,"Bag of Preparation":20,"Ginger":17,"Bottled Tornado":37,"Sling":37,"Burning Blood":0,"Calling Bell":17,"Blood Vial":37,"SsserpentHead":4,"SlaversCollar":34,"Nunchaku":37,"Centennial Puzzle":37,"Shuriken":17,"MealTicket":40,"Mark of Pain":0,"Art of War":47,"Red Skull":9,"Toy Ornithopter":17},{"Dead Branch":11,"Vajra":15,"Eternal Feather":25,"The Courier":6,"Omamori":4,"Bag of Preparation":9,"Ginger":7,"Bottled Tornado":15,"Sling":15,"Burning Blood":0,"Calling Bell":7,"Blood Vial":15,"SsserpentHead":1,"SlaversCollar":14,"Nunchaku":15,"Centennial Puzzle":15,"Shuriken":7,"MealTicket":17,"Mark of Pain":0,"Art of War":21,"Red Skull":3,"Toy Ornithopter":7},{"Dead Branch":40,"Vajra":53,"Eternal Feather":77,"The Courier":19,"Omamori":11,"Bag of Preparation":32,"Ginger":24,"Bottled Tornado":53,"Sling":53,"Burning Blood":0,"Calling Bell":24,"Blood Vial":53,"SsserpentHead":3,"SlaversCollar":48,"Nunchaku":53,"Centennial Puzzle":53,"Shuriken":24,"MealTicket":56,"Mark of Pain":0,"Art of War":67,"Red Skull":9,"Toy Ornithopter":24}],"Toy Ornithopter":37},"card_choices":[{"not_picked":["Anger","Iron Wave"],"picked":"Searing Blow","floor":1.0},{"not_picked":["Flex","Dropkick","Heavy Blade"],"picked":"SKIP","floor":5.0},{"not_picked":["Seeing Red","Anger","Wild Strike"],"picked":"SKIP","floor":7.0},{"not_picked":["Thunderclap","Body Slam","Sever Soul"],"picked":"SKIP","floor":12.0},{"not_picked":["Thunderclap","Cleave"],"picked":"Brutality","floor":13.0},{"not_picked":["Warcry","Body Slam"],"picked":"Pommel Strike","floor":14.0},{"not_picked":["Reaper","Bludgeon"],"picked":"Corruption","floor":16.0},{"not_picked":["Searing Blow","Disarm"],"picked":"Warcry","floor":18.0},{"not_picked":["Burning Pact","Flame Barrier"],"picked":"True Grit","floor":19.0},{"not_picked":["Warcry","Iron Wave"],"picked":"Shrug It Off","floor":22.0},{"not_picked":["Perfected Strike+1","Sword Boomerang+1","Clothesline"],"picked":"SKIP","floor":23.0},{"not_picked":["Disarm+1","Headbutt"],"picked":"Power Through","floor":27.0},{"not_picked":["Carnage+1","Immolate","Spot Weakness"],"picked":"SKIP","floor":31.0},{"not_picked":["Cleave+1","Flame Barrier","Sword Boomerang"],"picked":"SKIP","floor":35.0},{"not_picked":["Headbutt","Clothesline","Cleave"],"picked":"SKIP","floor":39.0},{"not_picked":["Perfected Strike","Blood for Blood+1","Sword Boomerang+1"],"picked":"SKIP","floor":40.0},{"not_picked":["Uppercut","Pommel Strike","Flex"],"picked":"SKIP","floor":42.0},{"not_picked":["Uppercut","Pommel Strike"],"picked":"Flex","floor":42.0},{"not_picked":["Iron Wave","Cleave"],"picked":"Flex","floor":44.0},{"not_picked":["Offering","Wild Strike"],"picked":"Headbutt","floor":45.0},{"not_picked":["Twin Strike+1","Havoc","Carnage"],"picked":"SKIP","floor":47.0},{"not_picked":["Body Slam","Headbutt","Combust"],"picked":"SKIP","floor":48.0},{"not_picked":["Wild Strike","Rupture"],"picked":"Rage","floor":55.0}],"player_experience":1531514,"relics_obtained":[{"floor":9.0,"key":"Red Skull"},{"floor":12.0,"key":"Omamori"},{"floor":14.0,"key":"The Courier"},{"floor":17.0,"key":"Toy Ornithopter"},{"floor":17.0,"key":"Shuriken"},{"floor":17.0,"key":"Ginger"},{"floor":26.0,"key":"Dead Branch"},{"floor":40.0,"key":"MealTicket"},{"floor":47.0,"key":"Art of War"},{"floor":55.0,"key":"Eternal Feather"}],"event_choices":[{"damage_healed":0.0,"max_hp_gain":0.0,"max_hp_loss":0.0,"gold_gain":0.0,"event_name":"Living Wall","player_choice":"Grow","floor":2.0,"gold_loss":0.0,"damage_taken":0.0,"cards_upgraded":["Searing Blow"]},{"damage_healed":0.0,"max_hp_gain":5.0,"max_hp_loss":0.0,"gold_gain":0.0,"event_name":"Big Fish","player_choice":"Donut","floor":3.0,"gold_loss":0.0,"damage_taken":0.0},{"damage_healed":0.0,"max_hp_gain":0.0,"max_hp_loss":0.0,"gold_gain":0.0,"event_name":"FaceTrader","player_choice":"Trade","floor":4.0,"gold_loss":0.0,"damage_taken":0.0,"relics_obtained":["SsserpentHead"]},{"damage_healed":0.0,"max_hp_gain":0.0,"max_hp_loss":0.0,"gold_gain":0.0,"event_name":"Upgrade Shrine","player_choice":"Upgraded","floor":11.0,"gold_loss":0.0,"damage_taken":0.0,"cards_upgraded":["Searing Blow"]},{"cards_removed":["Strike_R"],"damage_healed":0.0,"max_hp_gain":0.0,"max_hp_loss":0.0,"gold_gain":0.0,"event_name":"Wheel of Change","player_choice":"Card Removal","floor":21.0,"gold_loss":0.0,"damage_taken":0.0},{"damage_healed":16.0,"max_hp_gain":0.0,"max_hp_loss":0.0,"gold_gain":0.0,"event_name":"The Library","player_choice":"Heal","floor":29.0,"gold_loss":0.0,"damage_taken":0.0},{"damage_healed":0.0,"max_hp_gain":0.0,"max_hp_loss":0.0,"gold_gain":999.0,"event_name":"MindBloom","player_choice":"Gold","floor":36.0,"gold_loss":0.0,"damage_taken":0.0,"cards_obtained":["Normality","Normality"]},{"damage_healed":0.0,"max_hp_gain":0.0,"max_hp_loss":0.0,"gold_gain":0.0,"event_name":"SensoryStone","player_choice":"Memory 1","floor":38.0,"gold_loss":0.0,"damage_taken":0.0}],"is_beta":false,"boss_relics":[{"not_picked":["Sozu","Cursed Key"],"picked":"Calling Bell"},{"not_picked":["Runic Dome","Fusion Hammer"],"picked":"SlaversCollar"}],"items_purged_floors":[20,25,37],"is_endless":false,"potions_floor_spawned":[5,7,13,19,23,31,33,35,39,40,47,48],"killed_by":"The Heart","ascension_level":20}}