{"host":"r4j5b3etkqj66d96","time":1614259672,"event":{"mods":["BaseMod","Colored Map","DeckTracker","Highlight Path","Minty Spire (QoL Compilation)","Quick Restart","Relic Stats","StSLib","SuperFastMode"],"gold_per_floor":[113,113,38,38,56,56,88,108,108,127,159,190,202,234,246,258,258],"floor_reached":16,"language":"JPN","playtime":587,"items_purged":["Strike_G"],"score":274,"play_id":"db9b8cd6-fc9f-4789-a70a-633d92b44381","local_time":"20210225222752","is_ascension_mode":true,"campfire_choices":[{"data":"Neutralize","floor":6,"key":"SMITH"},{"floor":15,"key":"REST"}],"circlet_count":0,"master_deck":["AscendersBane","Strike_G","Strike_G","Strike_G","Strike_G","Defend_G","Defend_G","Defend_G","Defend_G","Defend_G","Survivor","Neutralize+1","Bouncing Flask","Poisoned Stab","Night Terror","Acrobatics","Dagger Spray","Dagger Throw","Escape Plan","Caltrops"],"relics":["Ring of the Snake","NeowsBlessing","The Specimen","Ninja Scroll","MawBank","Paper Crane"],"acts_visited":["Exordium"],"potions_floor_usage":[10,11,16,16],"damage_taken":[{"damage":0,"enemies":"Small Slimes","floor":1,"turns":1},{"damage":0,"enemies":"Jaw Worm","floor":5,"turns":1},{"damage":0,"enemies":"3 Sentries","floor":7,"turns":1},{"damage":7,"enemies":"Cultist","floor":8,"turns":5},{"damage":7,"enemies":"Exordium Wildlife","floor":10,"turns":5},{"damage":14,"enemies":"Lagavulin","floor":11,"turns":6},{"damage":10,"enemies":"Large Slime","floor":12,"turns":5},{"damage":2,"enemies":"Blue Slaver","floor":14,"turns":2},{"damage":37,"enemies":"Slime Boss","floor":16,"turns":6}],"seed_played":"-8135705678653570609","potions_obtained":[{"floor":5,"key":"SpeedPotion"},{"floor":8,"key":"EssenceOfSteel"},{"floor":10,"key":"GhostInAJar"},{"floor":12,"key":"AttackPotion"}],"is_trial":false,"path_per_floor":["M","?","$","?","M","R","E","M","T","M","E","M","?","M","R","B"],"character_chosen":"THE_SILENT","items_purchased":[],"campfire_rested":1,"item_purchase_floors":[],"current_hp_per_floor":[59,59,59,59,59,59,59,52,52,45,31,21,10,8,27,0,0],"gold":258,"neow_bonus":"THREE_ENEMY_KILL","is_daily":false,"chose_seed":false,"campfire_upgraded":1,"win_rate":0.0,"timestamp":1614259672,"path_taken":["M","?","$","?","M","R","E","M","T","?","E","?","?","M","R","BOSS"],"items_purchased_type":[],"build_version":"2020-12-22","purchased_purges":1,"victory":false,"max_hp_per_floor":[66,66,66,66,66,66,66,66,66,66,66,66,66,66,66,66,66],"relic_stats":{"counters":[9,32],"MawBank":60,"obtain_stats":[{"NeowsBlessing":0,"The Specimen":7,"Ninja Scroll":9,"Paper Crane":13,"MawBank":11,"Ring of the Snake":0},{"NeowsBlessing":0,"The Specimen":3,"Ninja Scroll":4,"Paper Crane":7,"MawBank":6,"Ring of the Snake":0},{"NeowsBlessing":0,"The Specimen":3,"Ninja Scroll":8,"Paper Crane":24,"MawBank":19,"Ring of the Snake":0}],"Ring of the Snake":[18]},"card_choices":[{"not_picked":["Outmaneuver","Riddle With Holes"],"picked":"Bouncing Flask","floor":1},{"not_picked":["Deflect","Riddle With Holes"],"picked":"Poisoned Stab","floor":5},{"not_picked":["Slice","Backstab"],"picked":"Night Terror","floor":7},{"not_picked":["Noxious Fumes","Infinite Blades"],"picked":"Acrobatics","floor":8},{"not_picked":["Sucker Punch","Cloak And Dagger"],"picked":"Dagger Spray","floor":10},{"not_picked":["Reflex","Quick Slash"],"picked":"Dagger Throw","floor":11},{"not_picked":["Flying Knee","Sucker Punch"],"picked":"Escape Plan","floor":12},{"not_picked":["Blade Dance","Calculated Gamble"],"picked":"Caltrops","floor":14}],"player_experience":1309267,"relics_obtained":[{"floor":7,"key":"The Specimen"},{"floor":9,"key":"Ninja Scroll"},{"floor":11,"key":"MawBank"}],"event_choices":[{"damage_healed":0,"gold_gain":0,"player_choice":"Ignored","damage_taken":0,"max_hp_gain":0,"max_hp_loss":0,"event_name":"Shining Light","floor":2,"gold_loss":0},{"damage_healed":0,"gold_gain":0,"player_choice":"Ignored","damage_taken":0,"max_hp_gain":0,"max_hp_loss":0,"event_name":"Liars Game","floor":4,"gold_loss":0},{"damage_healed":0,"gold_gain":0,"player_choice":"Success","damage_taken":11,"relics_obtained":["Paper Crane"],"max_hp_gain":0,"max_hp_loss":0,"event_name":"Scrap Ooze","floor":13,"gold_loss":0}],"is_beta":false,"boss_relics":[],"items_purged_floors":[3],"is_endless":false,"potions_floor_spawned":[5,8,10,12,14],"killed_by":"Slime Boss","ascension_level":20}}