{"host":"jsd6g3c2vo13e69c","time":1614287668,"event":{"mods":["2.2 Compatiblity","Act Like it!","BaseMod","Better Altar","Better Match","Better Note","Better Sensory Stone","Better Third Choice","BetterRewards","Colored Map","Colored Powertips","Downfall","Friendly Minions","GifTheSpireLib","Googly Eyes","Gremlin Mod","Hermit","Hubris","Infinite Spire","Melee Mod","Minty Spire (QoL Compilation)","Permanent Neow","Quick Restart","Random Character Button","Replay The Spire","Shop Mod","Spire Arcade","StSLib","The Cursed","The Disciple","The Forsaken","thorton"],"gold_per_floor":[99,116,116,26,26,26,26,26,53,63,75,90,123,133,150,248,248,148,161,161,174,174,174,174,174,209,209,209,224,224,243,253,358,358,358,373,383,398,418,435,435,435,335,335,335,335],"floor_reached":44,"language":"ENG","playtime":2561,"items_purged":["Regret","hexamod:Defend"],"score":467,"play_id":"72c492a9-7089-4806-8abd-a53b24a83563","local_time":"20210225161428","is_ascension_mode":false,"campfire_choices":[{"data":"hexamod:Sear","floor":1,"key":"SMITH"},{"data":"hexamod:RainOfEmbers","floor":6,"key":"SMITH"},{"data":"hexamod:DynamicBlow","floor":8,"key":"SMITH"},{"data":"hexamod:ForkedFlame","floor":18,"key":"SMITH"},{"data":"hexamod:ForkedFlame","floor":23,"key":"SMITH"},{"data":"hexamod:Again","floor":25,"key":"SMITH"},{"data":"hexamod:Again","floor":27,"key":"SMITH"},{"data":"hubris:InfiniteBlow+8","floor":35,"key":"SMITH"},{"floor":43,"key":"RECALL"}],"circlet_count":0,"master_deck":["hexamod:Sear+1","hexamod:Float","hexamod:RainOfEmbers+1","hexamod:DynamicBlow+1","hexamod:GhostflameInferno","hexamod:DynamicBlow","hexamod:FlamesFromBeyond","hexamod:Again+1","hexamod:ThirdSeal","hexamod:StepThrough","hexamod:ForkedFlame+1","hexamod:ForkedFlame+1","hexamod:Again+1","hexamod:Rewind+1","hexamod:SkipABeat+1","hexamod:VolcanoVisage","hubris:InfiniteBlow+9","hexamod:SkipABeat","hexamod:Rewind","hexamod:SpectralAdrenaline","hexamod:TimeOfNeed","hexamod:FifthSeal","hexamod:ForkedFlame","hexamod:PhantomCloak+1","hexamod:StepThrough","hexamod:GhostflameInferno","hexamod:PowerFromBeyond","hexamod:GhostShield","hexamod:TimeWarp","hexamod:FirstSeal","hexamod:SpectersWail+1","hexamod:SixthSeal","hexamod:SpectersWail+1","hexamod:RetreatToShadows+1","hexamod:FourthSeal","hexamod:RadiantFlame","Parasite","hexamod:SpectersWail+1"],"relics":["hexamod:SpiritBrand","Replay:Baseball","Pet Ghost","Bronze Scales","War Paint","Art of War","thethorton:CrushedCigarette","downfall:HeartBlessingGreen","Iron Hammer","infinitespire:WardingShard","Smiling Mask","Pandora\u0027s Box","hubris:Icosahedron","downfall:HeartBlessingBlue"],"acts_visited":["Exordium","TheCity","TheBeyond"],"potions_floor_usage":[13,16,26,26,33,38,40],"damage_taken":[{"damage":0,"enemies":"2 Louse","floor":2,"turns":2},{"damage":7,"enemies":"downfall:FleeingMerchant","floor":4,"turns":4},{"damage":16,"enemies":"Lagavulin","floor":9,"turns":5},{"damage":1,"enemies":"Jaw Worm","floor":10,"turns":3},{"damage":0,"enemies":"Cultist","floor":11,"turns":3},{"damage":3,"enemies":"Exordium Wildlife","floor":12,"turns":3},{"damage":11,"enemies":"3 Sentries","floor":13,"turns":5},{"damage":0,"enemies":"Red Slaver","floor":14,"turns":3},{"damage":0,"enemies":"downfall:LooterAlt","floor":15,"turns":3},{"damage":22,"enemies":"WA_ARCHETYPE_RETAIN","floor":16,"turns":7},{"damage":5,"enemies":"Shell Parasite","floor":19,"turns":3},{"damage":5,"enemies":"3 Byrds","floor":21,"turns":4},{"damage":12,"enemies":"Slavers","floor":26,"turns":4},{"damage":0,"enemies":"Centurion and Healer","floor":29,"turns":4},{"damage":10,"enemies":"Snecko","floor":31,"turns":3},{"damage":0,"enemies":"3 Cultists","floor":32,"turns":3},{"damage":41,"enemies":"DF_ARCHETYPE_CLAW","floor":33,"turns":6},{"damage":10,"enemies":"Orb Walker","floor":36,"turns":3},{"damage":29,"enemies":"3 Darklings","floor":37,"turns":3},{"damage":16,"enemies":"Spire Growth","floor":38,"turns":4},{"damage":0,"enemies":"Transient","floor":39,"turns":5},{"damage":12,"enemies":"Writhing Mass","floor":40,"turns":4},{"damage":54,"enemies":"Nightmare","floor":44,"turns":3}],"seed_played":"-5715196253853190877","potions_obtained":[{"floor":5,"key":"LifebloodPotion"},{"floor":5,"key":"SpeedPotion"},{"floor":5,"key":"Milkshake"},{"floor":11,"key":"hexamod:EctoCoolerPotion"},{"floor":12,"key":"SkillPotion"},{"floor":13,"key":"hexamod:EctoCoolerPotion"},{"floor":15,"key":"FairyPotion"},{"floor":16,"key":"Block Potion"},{"floor":26,"key":"Dexterity Potion"},{"floor":29,"key":"FearPotion"},{"floor":32,"key":"Swift Potion"},{"floor":33,"key":"Regen Potion"},{"floor":38,"key":"PowerPotion"}],"is_trial":false,"path_per_floor":["R","M","?","$","?","R","T","R","E","M","M","M","E","M","M","B",null,"R","M","?","M","?","R","T","R","E","R","?","M","AVR","M","M","B",null,"R","M","M","M","M","M","T","?","R","NM"],"character_chosen":"THE_SPIRIT","items_purchased":[],"campfire_rested":0,"item_purchase_floors":[],"current_hp_per_floor":[70,70,70,63,63,63,63,63,47,46,46,43,32,32,32,10,70,70,65,65,60,60,60,60,60,48,48,48,48,48,38,38,21,70,70,60,38,41,48,43,43,43,53,0,0,0],"gold":335,"neow_bonus":"RANDOM_COMMON_RELIC","is_daily":false,"chose_seed":false,"campfire_upgraded":8,"win_rate":0.0,"timestamp":1614287668,"path_taken":["R","M","?","?","?","R","T","R","E","M","?","M","E","M","M","BOSS","R","M","?","M","?","R","T","R","E","R","?","M","AVR","M","M","BOSS","R","M","M","?","?","M","T","?","R","NM"],"items_purchased_type":[],"build_version":"2020-12-22","purchased_purges":2,"victory":false,"max_hp_per_floor":[70,70,70,70,70,70,70,70,70,70,70,70,70,70,70,70,70,70,70,70,70,70,70,70,70,70,70,70,70,70,70,70,70,70,70,70,70,70,70,70,70,70,80,80,80,80],"card_choices":[{"not_picked":["hexamod:BacktrackSmack","hexamod:NightmareGuise"],"picked":"hexamod:RainOfEmbers","floor":2},{"not_picked":["hexamod:NightmareGuise","hexamod:Firestarter"],"picked":"hexamod:DynamicBlow","floor":4},{"not_picked":["hexamod:RainOfEmbers","hexamod:BurningTouch"],"picked":"hexamod:GhostflameInferno","floor":9},{"not_picked":["hexamod:ThermalTransfer","hexamod:InspiringFlames"],"picked":"hexamod:DynamicBlow","floor":10},{"not_picked":["hexamod:GhostflameBarrier","hexamod:FastForward","hexamod:SixthSeal"],"picked":"SKIP","floor":11},{"not_picked":["hexamod:SwordOfDarkness","hexamod:ShieldOfDarkness"],"picked":"hexamod:FlamesFromBeyond","floor":12},{"not_picked":["hexamod:EmpoweredFlame","hexamod:HauntingEcho"],"picked":"hexamod:Again","floor":13},{"not_picked":["hexamod:BacktrackSmack","hexamod:FourthSeal"],"picked":"hexamod:ThirdSeal","floor":14},{"not_picked":["hexamod:GhostLash","hexamod:SpectersWail"],"picked":"hexamod:StepThrough","floor":15},{"not_picked":["hexamod:Haunt","hexamod:SwordOfDarkness","hexamod:AdvancingGuard"],"picked":"SKIP","floor":15},{"not_picked":["hexamod:TimeWarp","hexamod:GhostOfSpirePresent"],"picked":"hexamod:ForkedFlame","floor":16},{"not_picked":["hexamod:ParanormalForm","hexamod:SearingWound"],"picked":"hexamod:ForkedFlame","floor":16},{"not_picked":["hexamod:EmpoweredFlame+1","hexamod:HeatMetal"],"picked":"hexamod:Again","floor":19},{"not_picked":["hexamod:RainOfEmbers","hexamod:SwordOfDarkness+1","hexamod:GhostShield"],"picked":"SKIP","floor":19},{"not_picked":["hexamod:GhostLash","hexamod:BacktrackSmack"],"picked":"hexamod:Rewind+1","floor":21},{"not_picked":["hexamod:ThermalTransfer","hexamod:NightmareGuise","hexamod:AdvancingGuard"],"picked":"SKIP","floor":21},{"not_picked":["hexamod:AdvancingGuard","hexamod:RadiantFlame"],"picked":"hexamod:SkipABeat","floor":26},{"not_picked":["hexamod:FirstSeal","hexamod:BacktrackSmack","hexamod:HeatMetal+1"],"picked":"SKIP","floor":26},{"not_picked":["hexamod:Again+1","hexamod:ChargedBarrage"],"picked":"hexamod:VolcanoVisage","floor":29},{"not_picked":["hexamod:ShieldOfDarkness","hexamod:FastForward","hexamod:NightmareGuise"],"picked":"SKIP","floor":29},{"not_picked":["hexamod:GhostLash+1","hexamod:Firestarter"],"picked":"hexamod:SkipABeat","floor":31},{"not_picked":["hexamod:GhostShield+1","hexamod:ShieldOfDarkness"],"picked":"hexamod:Rewind","floor":31},{"not_picked":["hexamod:BurningTouch+1","hexamod:ShieldOfDarkness"],"picked":"hexamod:SpectralAdrenaline","floor":32},{"not_picked":["hexamod:WildfireWeapon","hexamod:TurnItUp"],"picked":"hexamod:TimeOfNeed","floor":33},{"not_picked":["hexamod:GhostOfSpirePresent","hexamod:SixthSeal"],"picked":"hexamod:FifthSeal","floor":33},{"not_picked":["hexamod:ThirdSeal","hexamod:SecondSeal"],"picked":"hexamod:FirstSeal","floor":36},{"not_picked":["hexamod:Again","hexamod:PhantomCloak+1"],"picked":"hexamod:SpectersWail+1","floor":36},{"not_picked":["hexamod:GhostOfSpirePast","hexamod:PhantomCloak+1","hexamod:SwordOfDarkness+1"],"picked":"SKIP","floor":36},{"not_picked":["hexamod:FirstSeal","hexamod:FourthSeal"],"picked":"hexamod:SixthSeal","floor":37},{"not_picked":["hexamod:HauntingEcho+1","hexamod:HexaLevel"],"picked":"hexamod:SpectersWail+1","floor":37},{"not_picked":["hexamod:BurningTouch+1","hexamod:HeatShield"],"picked":"hexamod:RetreatToShadows+1","floor":38},{"not_picked":["hexamod:ThirdSeal","hexamod:SixthSeal"],"picked":"hexamod:FourthSeal","floor":39},{"not_picked":["hexamod:FourthSeal","hexamod:Again","hexamod:ThermalTransfer+1"],"picked":"SKIP","floor":39},{"not_picked":["hexamod:RadiantFlame","hexamod:RainOfEmbers+1","hexamod:NightmareGuise"],"picked":"SKIP","floor":39},{"not_picked":["hexamod:RainOfEmbers+1","hexamod:NightmareGuise"],"picked":"hexamod:RadiantFlame","floor":39},{"not_picked":["hexamod:FourthSeal","hexamod:Again","hexamod:ThermalTransfer+1"],"picked":"SKIP","floor":39},{"not_picked":["hexamod:BurningTouch","hexamod:ShieldOfDarkness"],"picked":"hexamod:SpectersWail+1","floor":40}],"player_experience":478835,"relics_obtained":[{"floor":7,"key":"Bronze Scales"},{"floor":9,"key":"War Paint"},{"floor":13,"key":"Art of War"},{"floor":24,"key":"Iron Hammer"},{"floor":26,"key":"infinitespire:WardingShard"}],"event_choices":[{"damage_healed":0,"gold_gain":0,"player_choice":"Box","damage_taken":0,"relics_obtained":["Pet Ghost"],"max_hp_gain":0,"max_hp_loss":0,"event_name":"Big Fish","floor":3,"gold_loss":0,"cards_obtained":["Regret"]},{"damage_healed":0,"gold_gain":0,"player_choice":"Got Potions","damage_taken":0,"max_hp_gain":0,"max_hp_loss":0,"event_name":"Lab","floor":5,"gold_loss":0},{"damage_healed":0,"gold_gain":0,"player_choice":"Ignored","damage_taken":0,"max_hp_gain":0,"max_hp_loss":0,"event_name":"betterNote:BetterNote","floor":20,"gold_loss":0,"cards_obtained":["Slimebound:MassFeed"]},{"damage_healed":0,"gold_gain":0,"player_choice":"Ignored","damage_taken":0,"max_hp_gain":0,"max_hp_loss":0,"event_name":"Vampires","floor":22,"gold_loss":0}],"is_beta":false,"boss_relics":[{"not_picked":["Philosopher\u0027s Stone","Replay:Drink Me"],"picked":"thethorton:CrushedCigarette"},{"not_picked":["hubris:RunicObelisk","Sozu"],"picked":"Pandora\u0027s Box"}],"items_purged_floors":[4,30],"is_endless":false,"potions_floor_spawned":[11,12,13,15,16,19,26,29,32,33,38],"killed_by":"Nightmare","ascension_level":0}}