{"host":"lvs2wt6hnb8ekxok","time":1614242325,"event":{"mods":["Act Like it!","Arknights","Ascension Reborn","Bartender","BaseMod","BetterRewards","Card Forge","Challenge The Spire","Custom Start","Downfall","Elementarium","Friendly Minions","Gensokyo","GifTheSpireLib","Halation","Hallownest","Hero for Fun","Hubris","Infinite Spire","Kiyohime????","Lobotomy","Menagerie","Minty Spire (QoL Compilation)","Relic Filter","Relic Stats","Replay The Spire","Reworked Bosses","Ruina","SOS???????","StSLib","Stuff the Spire","Td1madao Mod","The Animator","The Bladedancer","The Bug Knight","The Death Knight","The Exalted","The Forsaken","The Servant 0.9.4","Wandering Minibosses","???Mod??????Boss","???mod?????"],"gold_per_floor":[99,117,117,130,130,142,196,225,237,237,251,270,270,270,285,381,381,381,393,393,404,422,454,454,554,554,554,568,568,134,160,177,278,278,278,298,298,314,328,328,328,328],"floor_reached":40,"language":"ENG","playtime":2189,"items_purged":[],"score":480,"play_id":"f668ccd2-b669-4855-85ad-6b2b63aa39b6","local_time":"20210225003845","is_ascension_mode":true,"campfire_choices":[{"floor":1,"key":"RECALL"},{"floor":10,"key":"REST"},{"floor":13,"key":"REST"},{"data":"Slimebound:OozeBath","floor":18,"key":"SMITH"},{"floor":27,"key":"REST"},{"floor":29,"key":"REST"},{"floor":35,"key":"REST"}],"circlet_count":0,"master_deck":["Slimebound:Strike_Slimebound+1","Slimebound:Strike_Slimebound+1","Slimebound:Strike_Slimebound+1","Slimebound:Tackle+1","Slimebound:Defend_Slimebound+1","Slimebound:Defend_Slimebound+1","Slimebound:Defend_Slimebound+1","Slimebound:Defend_Slimebound+1","Slimebound:Split+1","Slimebound:CorrosiveSpit+1","Slimebound:Equalize+1","Slimebound:SplitMire+1","Slimebound:SplitBruiser+1","Slimebound:DouseInSlime+1","Slimebound:LevelUp+1","Slimebound:SplitLeeching+1","Slimebound:Equalize+1","Slimebound:HauntingLick+1","Slimebound:OozeBath+1","Slimebound:GrowthPunch+1","hubris:NaturalOne","Slimebound:GoopTackle+1","Slimebound:Prepare+1","Slimebound:PressTheAttack+1","Slimebound:Gluttony+1","Slimebound:Schlurp+1","expansioncontent:DashGenerateEvil+1","Replay:SS_fish_1+1","Slimebound:RejuvenatingLick+1","Slimebound:AcidTongue+1","Slimebound:RallyTheTroops+1","Elementarium:StickyTar","KiyohimeMod:FlameKiss+1","Slimebound:SelfFormingGoo+1","Replay:Bootleg Shield Generator+1","infinitespire:Fortify+1","Slimebound:LeadByExample+1","Slimebound:FormOfPuddle+1","Slimebound:LeechEnergy+1","Slimebound:SpikyOuterGoop+1"],"relics":["Slimebound:AbsorbEndCombat","Hammer of Thor","Seething Fire","Anvil of the Gods","hubris:Towel","Ancient Tea Set","infinitespire:CursedDice","hubris:Icosahedron","hubris:Stopwatch","Ring of Peace","Ring of Hypnosis","Replay:Bottled Eggs","Bottled Lightning","wanderingMiniBosses:CarrionFlame","hubris:64BitClover","Bag of Marbles","ReplayTheSpireMod:SealedPack"],"acts_visited":["Exordium","TheCity","TheBeyond"],"potions_floor_usage":[23,38,39],"damage_taken":[{"damage":0,"enemies":"ats:Genji","floor":2,"turns":3},{"damage":5,"enemies":"Small Slimes","floor":4,"turns":3},{"damage":0,"enemies":"Cultist","floor":6,"turns":3},{"damage":7,"enemies":"Lagavulin","floor":8,"turns":5},{"damage":13,"enemies":"2 Fungi Beasts","floor":9,"turns":6},{"damage":1,"enemies":"Blue Slaver","floor":11,"turns":3},{"damage":7,"enemies":"3 Louse","floor":12,"turns":2},{"damage":1,"enemies":"downfall:LooterAlt","floor":15,"turns":2},{"damage":24,"enemies":"DF_ARCHETYPE_STREAMLINE","floor":16,"turns":8},{"damage":13,"enemies":"downfall:LooterAlt2","floor":19,"turns":4},{"damage":72,"enemies":"3 Cultists","floor":21,"turns":6},{"damage":22,"enemies":"Snecko","floor":22,"turns":6},{"damage":7,"enemies":"Book of Stabbing","floor":23,"turns":7},{"damage":27,"enemies":"Snake Plant","floor":28,"turns":4},{"damage":0,"enemies":"downfall:FleeingMerchant","floor":30,"turns":4},{"damage":8,"enemies":"Nightmare","floor":31,"turns":7},{"damage":14,"enemies":"Cultist and Chosen","floor":32,"turns":5},{"damage":33,"enemies":"WA_ARCHETYPE_CALM","floor":33,"turns":7},{"damage":34,"enemies":"3 Shapes","floor":36,"turns":3},{"damage":28,"enemies":"3 Shapes","floor":37,"turns":7},{"damage":13,"enemies":"3 Darklings","floor":38,"turns":5},{"damage":29,"enemies":"Spire Growth","floor":39,"turns":5},{"damage":23,"enemies":"Reptomancer","floor":40,"turns":3}],"seed_played":"1066673726148355623","potions_obtained":[{"floor":4,"key":"EssenceOfSteel"},{"floor":8,"key":"sneckomod:MuddlingPotion"},{"floor":31,"key":"Slimebound:ThreeZeroPotion"}],"is_trial":false,"path_per_floor":["R","M","?","M","?","M","T","E","M","R","M","M","R","?","M","B",null,"R","M","?","M","M","E","T","?","?","R","M","R","$","NM","M","B",null,"R","M","?","M","M","E"],"character_chosen":"SLIMEBOUND","items_purchased":["hubris:64BitClover","expansioncontent:DashGenerateEvil","Replay:SS_fish_1"],"campfire_rested":5,"item_purchase_floors":[30,30,30],"current_hp_per_floor":[71,71,71,68,68,71,71,68,69,71,70,71,71,71,71,60,71,71,62,62,55,57,62,62,62,62,71,50,71,71,71,59,42,71,71,41,25,26,15,0,0,0],"gold":328,"neow_bonus":"TEN_PERCENT_HP_BONUS","is_daily":false,"chose_seed":false,"campfire_upgraded":1,"win_rate":0.0,"timestamp":1614242325,"path_taken":["R","M","?","M","?","M","T","E","M","R","M","?","R","?","M","BOSS","R","M","?","M","M","E","T","?","?","R","M","R","$","NM","M","BOSS","R","M","?","M","M","E"],"items_purchased_type":["Relic","Card","Card"],"build_version":"2020-12-22","purchased_purges":0,"victory":false,"max_hp_per_floor":[71,71,71,71,71,71,71,71,71,71,71,71,71,71,71,71,71,71,71,71,71,71,71,71,71,71,71,71,71,71,71,71,71,71,71,71,71,71,71,71,71,71],"relic_stats":{"counters":[23,106],"obtain_stats":[{"Ring of Hypnosis":20,"infinitespire:CursedDice":8,"hubris:64BitClover":30,"Hammer of Thor":0,"ReplayTheSpireMod:SealedPack":34,"Seething Fire":0,"hubris:Towel":3,"Ancient Tea Set":7,"hubris:Icosahedron":14,"wanderingMiniBosses:CarrionFlame":28,"Anvil of the Gods":0,"hubris:Stopwatch":17,"Ring of Peace":20,"Slimebound:AbsorbEndCombat":0,"Bag of Marbles":31,"Bottled Lightning":24,"Replay:Bottled Eggs":23},{"Ring of Hypnosis":10,"infinitespire:CursedDice":4,"hubris:64BitClover":15,"Hammer of Thor":0,"ReplayTheSpireMod:SealedPack":18,"Seething Fire":0,"hubris:Towel":1,"Ancient Tea Set":3,"hubris:Icosahedron":7,"wanderingMiniBosses:CarrionFlame":14,"Anvil of the Gods":0,"hubris:Stopwatch":9,"Ring of Peace":10,"Slimebound:AbsorbEndCombat":0,"Bag of Marbles":16,"Bottled Lightning":13,"Replay:Bottled Eggs":13},{"Ring of Hypnosis":38,"infinitespire:CursedDice":14,"hubris:64BitClover":64,"Hammer of Thor":0,"ReplayTheSpireMod:SealedPack":83,"Seething Fire":0,"hubris:Towel":3,"Ancient Tea Set":9,"hubris:Icosahedron":24,"wanderingMiniBosses:CarrionFlame":60,"Anvil of the Gods":0,"hubris:Stopwatch":34,"Ring of Peace":38,"Slimebound:AbsorbEndCombat":0,"Bag of Marbles":71,"Bottled Lightning":57,"Replay:Bottled Eggs":57}]},"card_choices":[{"not_picked":["Slimebound:Schlurp","Slimebound:GoopTackle"],"picked":"Slimebound:Equalize","floor":2},{"not_picked":["Slimebound:FinishingTackle","Slimebound:SamplingLick"],"picked":"Slimebound:SplitMire","floor":4},{"not_picked":["Slimebound:SplitLeeching","Slimebound:PressTheAttack"],"picked":"Slimebound:SplitBruiser","floor":6},{"not_picked":["Slimebound:FinishingTackle","Slimebound:ItLooksTasty"],"picked":"Slimebound:DouseInSlime","floor":8},{"not_picked":["Slimebound:SlimeSpikes","Slimebound:GoopSpray"],"picked":"Slimebound:LevelUp","floor":9},{"not_picked":["Slimebound:ComboTackle","Slimebound:SplitMire"],"picked":"Slimebound:SplitLeeching","floor":11},{"not_picked":["Slimebound:RainOfGoop","Slimebound:MassFeed"],"picked":"Slimebound:Equalize","floor":12},{"not_picked":["Slimebound:ItLooksTasty","Slimebound:SplitAcid"],"picked":"Slimebound:HauntingLick","floor":15},{"not_picked":["Slimebound:Overexert","Slimebound:MassRepurpose"],"picked":"Slimebound:OozeBath","floor":16},{"not_picked":["Slimebound:SplitLeeching","Slimebound:Equalize"],"picked":"Slimebound:GrowthPunch","floor":19},{"not_picked":["Slimebound:HauntingLick+1","Slimebound:RollThrough"],"picked":"Slimebound:GoopTackle","floor":21},{"not_picked":["Slimebound:ItLooksTasty","Slimebound:ComboTackle"],"picked":"Slimebound:Prepare","floor":22},{"not_picked":["Slimebound:Chomp+1","Slimebound:ProtectTheBoss"],"picked":"Slimebound:PressTheAttack","floor":23},{"not_picked":["Slimebound:LivingWall","Slimebound:Dissolve"],"picked":"Slimebound:Gluttony","floor":28},{"not_picked":["Slimebound:HauntingLick","Slimebound:Equalize"],"picked":"Slimebound:Schlurp","floor":30},{"not_picked":["Slimebound:FinishingTackle","Slimebound:SplitAcid"],"picked":"Slimebound:RejuvenatingLick+1","floor":31},{"not_picked":["Slimebound:LeechingTouch","Slimebound:Prepare"],"picked":"Slimebound:AcidTongue+1","floor":32},{"not_picked":["Slimebound:MassFeed","Slimebound:DuplicatedForm"],"picked":"Slimebound:RallyTheTroops","floor":33},{"not_picked":["m_BronzeSurvivor","Dualcast"],"picked":"KiyohimeMod:FlameKiss","floor":34},{"not_picked":["Slimebound:OneTwoCombo","Slimebound:MinionMaster"],"picked":"Slimebound:SelfFormingGoo","floor":34},{"not_picked":["Survey Options","hubris:Ssssneak"],"picked":"Replay:Bootleg Shield Generator","floor":34},{"not_picked":["ReplayTheSpireMod:Echoes of Time","infinitespire:DeathsTouch"],"picked":"infinitespire:Fortify","floor":34},{"not_picked":["Slimebound:LeechEnergy+1","Slimebound:SlimeBarrage+1"],"picked":"Slimebound:LeadByExample","floor":36},{"not_picked":["Slimebound:FlameTackle+1","Slimebound:GoopSpray+1"],"picked":"Slimebound:FormOfPuddle+1","floor":37},{"not_picked":["Slimebound:SplitLeeching+1","Slimebound:SamplingLick+1"],"picked":"Slimebound:LeechEnergy+1","floor":38},{"not_picked":["Slimebound:AcidTongue","Slimebound:SamplingLick"],"picked":"Slimebound:SpikyOuterGoop","floor":39}],"player_experience":114038,"relics_obtained":[{"floor":7,"key":"Ancient Tea Set"},{"floor":8,"key":"infinitespire:CursedDice"},{"floor":20,"key":"Ring of Peace"},{"floor":20,"key":"Ring of Hypnosis"},{"floor":23,"key":"Replay:Bottled Eggs"},{"floor":24,"key":"Bottled Lightning"},{"floor":28,"key":"wanderingMiniBosses:CarrionFlame"},{"floor":31,"key":"Bag of Marbles"}],"event_choices":[{"damage_healed":0,"gold_gain":0,"player_choice":"Ignored","damage_taken":0,"max_hp_gain":0,"max_hp_loss":0,"event_name":"Ghosts","floor":26,"gold_loss":0}],"is_beta":false,"boss_relics":[{"not_picked":["Ectoplasm","halation:SmartPhone"],"picked":"hubris:Stopwatch"},{"not_picked":["halation:CatFaceCupcake","StuffTheSpire:ModemDavis"],"picked":"ReplayTheSpireMod:SealedPack"}],"items_purged_floors":[],"is_endless":true,"potions_floor_spawned":[4,8,16,31,32,33,36],"killed_by":"Reptomancer","ascension_level":0}}