{"host":"insagfzijja1377g","time":1614276908,"event":{"mods":["BaseMod","Bestiary","Highlight Path","Minty Spire (QoL Compilation)","Relic Stats","Slay the Relics Exporter"],"gold_per_floor":[364,364,48,58,58,58,88,88,112,140,151,164,164,184,184,262,262,274,289,214,229,229,229,262,262,262,273,273,51,65,79,79,79,79],"floor_reached":33,"language":"ENG","playtime":1697,"items_purged":["Defend_P"],"score":498,"play_id":"611ac6f9-31dc-4f8e-a261-0416941b9f93","local_time":"20210225121508","is_ascension_mode":true,"campfire_choices":[{"data":"SashWhip","floor":6,"key":"SMITH"},{"data":"FollowUp","floor":8,"key":"SMITH"},{"floor":15,"key":"REST"},{"data":"BowlingBash","floor":23,"key":"SMITH"},{"data":"MentalFortress","floor":25,"key":"SMITH"},{"data":"LikeWater","floor":28,"key":"SMITH"},{"data":"Prostrate","floor":32,"key":"SMITH"}],"circlet_count":0,"master_deck":["AscendersBane","Strike_P","Strike_P","Strike_P","Defend_P","Defend_P","Eruption","Vigilance","SashWhip+1","MentalFortress+1","FollowUp+1","InnerPeace","FollowUp","LikeWater+1","EmptyFist","Evaluate","Sanctity","Vault","Sanctity","Tantrum","BowlingBash+1","EmptyFist","CarveReality","BowlingBash+1","Prostrate+1","Halt+1","Vault"],"relics":["PureWater","OrangePellets","Centennial Puzzle","Smiling Mask","Art of War","Coffee Dripper","Shovel","CloakClasp","Damaru"],"acts_visited":["Exordium","TheCity"],"potions_floor_usage":[7,14,16,24,27,33],"damage_taken":[{"damage":2,"enemies":"Jaw Worm","floor":1,"turns":4},{"damage":1,"enemies":"2 Louse","floor":4,"turns":4},{"damage":12,"enemies":"Gremlin Nob","floor":7,"turns":3},{"damage":20,"enemies":"3 Sentries","floor":10,"turns":7},{"damage":0,"enemies":"Cultist","floor":11,"turns":1},{"damage":16,"enemies":"Large Slime","floor":12,"turns":4},{"damage":5,"enemies":"Gremlin Gang","floor":14,"turns":4},{"damage":11,"enemies":"Hexaghost","floor":16,"turns":13},{"damage":1,"enemies":"Shell Parasite","floor":18,"turns":6},{"damage":7,"enemies":"Chosen","floor":19,"turns":5},{"damage":20,"enemies":"Snake Plant","floor":21,"turns":7},{"damage":0,"enemies":"Gremlin Leader","floor":24,"turns":5},{"damage":0,"enemies":"Snecko","floor":27,"turns":5},{"damage":0,"enemies":"Centurion and Healer","floor":30,"turns":5},{"damage":0,"enemies":"Sentry and Sphere","floor":31,"turns":3},{"damage":62,"enemies":"Champ","floor":33,"turns":12}],"seed_played":"-8628047794641255893","potions_obtained":[{"floor":4,"key":"PowerPotion"},{"floor":5,"key":"AttackPotion"},{"floor":7,"key":"Explosive Potion"},{"floor":11,"key":"Strength Potion"},{"floor":16,"key":"AttackPotion"},{"floor":21,"key":"ColorlessPotion"},{"floor":24,"key":"LiquidBronze"},{"floor":27,"key":"AttackPotion"}],"is_trial":false,"path_per_floor":["M","?","$","M","?","R","E","R","T","E","M","M","?","M","R","B",null,"M","M","?","M","?","R","E","R","T","M","R","$","M","M","R","B"],"character_chosen":"WATCHER","items_purchased":["OrangePellets","MentalFortress","FollowUp","PowerPotion","Damaru","Prostrate"],"campfire_rested":1,"item_purchase_floors":[3,3,3,3,29,29],"current_hp_per_floor":[63,63,63,62,62,62,50,50,50,30,30,14,14,9,30,19,59,58,51,51,31,31,31,31,31,31,31,31,31,31,31,31,0,0],"gold":79,"neow_bonus":"TWO_FIFTY_GOLD","is_daily":false,"chose_seed":false,"campfire_upgraded":6,"win_rate":0.0,"timestamp":1614276908,"path_taken":["M","?","$","M","?","R","E","R","T","E","M","?","?","M","R","BOSS","M","?","?","M","?","R","E","R","T","M","R","$","M","?","R","BOSS"],"items_purchased_type":["Relic","Card","Card","Potion","Relic","Card"],"build_version":"2020-12-22","purchased_purges":1,"victory":false,"max_hp_per_floor":[72,72,72,72,72,72,72,72,72,72,72,72,72,72,72,72,72,72,72,72,72,72,72,72,72,72,72,72,72,72,72,72,72,72],"relic_stats":{"OrangePellets":[0],"Centennial Puzzle":[24],"Shovel":0,"counters":[16,88],"Art of War":[7],"CloakClasp":[64],"Smiling Mask":25,"obtain_stats":[{"OrangePellets":3,"Centennial Puzzle":7,"Shovel":24,"Damaru":29,"Art of War":10,"Coffee Dripper":17,"CloakClasp":26,"PureWater":0,"Smiling Mask":9},{"OrangePellets":1,"Centennial Puzzle":3,"Shovel":12,"Damaru":13,"Art of War":4,"Coffee Dripper":8,"CloakClasp":12,"PureWater":0,"Smiling Mask":3},{"OrangePellets":4,"Centennial Puzzle":11,"Shovel":63,"Damaru":68,"Art of War":18,"Coffee Dripper":40,"CloakClasp":63,"PureWater":0,"Smiling Mask":11}]},"card_choices":[{"not_picked":["JustLucky","SignatureMove"],"picked":"SashWhip","floor":1},{"not_picked":["Prostrate","Crescendo"],"picked":"InnerPeace","floor":4},{"not_picked":["PathToVictory","Prostrate"],"picked":"FollowUp","floor":7},{"not_picked":["CrushJoints","FlyingSleeves"],"picked":"LikeWater","floor":10},{"not_picked":["FlyingSleeves","Swivel"],"picked":"EmptyFist","floor":11},{"not_picked":["Conclude","ConjureBlade"],"picked":"Evaluate","floor":12},{"not_picked":["EmptyBody","SashWhip","EmptyFist"],"picked":"SKIP","floor":14},{"not_picked":["Scrawl","Judgement"],"picked":"Vault","floor":16},{"not_picked":["EmptyBody","PathToVictory"],"picked":"Sanctity","floor":18},{"not_picked":["Perseverance","Prostrate+1"],"picked":"Tantrum","floor":19},{"not_picked":["ForeignInfluence","InnerPeace"],"picked":"BowlingBash","floor":21},{"not_picked":["CrushJoints","Halt"],"picked":"CarveReality","floor":24},{"not_picked":["Consecrate","Worship"],"picked":"BowlingBash+1","floor":27},{"not_picked":["FlyingSleeves","SignatureMove"],"picked":"Halt+1","floor":30},{"not_picked":["Wireheading","FlurryOfBlows"],"picked":"Vault","floor":31}],"player_experience":2241885,"relics_obtained":[{"floor":7,"key":"Centennial Puzzle"},{"floor":9,"key":"Smiling Mask"},{"floor":10,"key":"Art of War"},{"floor":24,"key":"Shovel"},{"floor":26,"key":"CloakClasp"}],"event_choices":[{"cards_removed":["Doubt"],"damage_healed":0,"gold_gain":0,"player_choice":"Forget","damage_taken":0,"max_hp_gain":0,"max_hp_loss":0,"event_name":"Living Wall","floor":2,"gold_loss":0},{"damage_healed":0,"gold_gain":0,"player_choice":"Got Potions","damage_taken":0,"max_hp_gain":0,"max_hp_loss":0,"event_name":"Lab","floor":5,"gold_loss":0},{"damage_healed":0,"gold_gain":0,"player_choice":"1 cards matched","damage_taken":0,"max_hp_gain":0,"max_hp_loss":0,"event_name":"Match and Keep!","floor":13,"gold_loss":0,"cards_obtained":["Sanctity"]},{"cards_removed":["Defend_P"],"damage_healed":0,"gold_gain":0,"player_choice":"Gave Gold","damage_taken":0,"max_hp_gain":0,"max_hp_loss":0,"event_name":"Beggar","floor":20,"gold_loss":75},{"damage_healed":0,"gold_gain":0,"cards_transformed":["Strike_P"],"player_choice":"Transformed","damage_taken":0,"max_hp_gain":0,"max_hp_loss":0,"event_name":"Transmorgrifier","floor":22,"gold_loss":0,"cards_obtained":["EmptyFist"]}],"is_beta":false,"boss_relics":[{"not_picked":["Fusion Hammer","Calling Bell"],"picked":"Coffee Dripper"}],"items_purged_floors":[29],"is_endless":false,"potions_floor_spawned":[4,7,11,16,21,24,27],"killed_by":"Champ","ascension_level":13}}