{"host":"2mn14zkn87997iwg","time":1614211664,"event":{"mods":["AchievementEnabler","BaseMod","Colored Map","DeckTracker","Hermit","Keyboard Shortcuts","Marisa£¨Ùöéë¡¡Øª×âÞÞ£©","Minty Spire (QoL Compilation)","Quick Restart","StSLib","SuperFastMode","everything is the same but u backflip on backflip"],"gold_per_floor":[115,190,210,210,223,223,223,256,329,343,372,372,400,49,49,145,145,164,164,183,194,194,228,228,228,228,228,246,274,284,131,131,236,236,255,255,155,165,40,40,66,78,131,131,147,197,215,245,245,245],"floor_reached":51,"language":"KOR","playtime":3395,"items_purged":["hermit:Defend_Hermit+1","hermit:Defend_Hermit+1","hermit:Strike_Hermit+1"],"score":738,"play_id":"6cf1543e-8c79-4eec-a12c-9a143f0b30ab","local_time":"20210225090744","is_ascension_mode":false,"campfire_choices":[{"data":"hermit:Snapshot","floor":6.0,"key":"SMITH"},{"floor":12.0,"key":"REST"},{"floor":15.0,"key":"REST"},{"data":"hermit:WideOpen","floor":25.0,"key":"SMITH"},{"floor":27.0,"key":"REST"},{"data":"hermit:TakeAim","floor":32.0,"key":"SMITH"},{"data":"hermit:FullyLoaded","floor":40.0,"key":"SMITH"},{"floor":44.0,"key":"REST"},{"floor":49,"key":"REST"}],"circlet_count":0,"master_deck":["hermit:Strike_Hermit+1","hermit:Strike_Hermit+1","hermit:Strike_Hermit+1","hermit:Defend_Hermit+1","hermit:Defend_Hermit+1","hermit:Snapshot+1","hermit:Covet","hermit:TrackingShot","hermit:Combo+1","hermit:LowProfile","hermit:GoldenBullet","hermit:WideOpen+1","hermit:Brawl","hermit:BigShot","hermit:Headshot","hermit:Headshot","hermit:Quickdraw+1","hermit:Virtue+1","hermit:Glare","hermit:Combo+1","hermit:TakeAim+1","hermit:FullyLoaded+1","hermit:BlackWind"],"relics":["hermit:Momento","Oddly Smooth Stone","Kunai","InkBottle","Regal Pillow","Bronze Scales","Shuriken","Philosopher\u0027s Stone","MutagenicStrength","Potion Belt","Pen Nib","Bottled Lightning","SlaversCollar","HornCleat","Smiling Mask","Thread and Needle","PreservedInsect"],"acts_visited":["Exordium","TheCity","TheBeyond"],"potions_floor_usage":[48,50,50,50,50],"damage_taken":[{"damage":0.0,"enemies":"2 Louse","floor":1.0,"turns":2.0},{"damage":3.0,"enemies":"Jaw Worm","floor":3.0,"turns":3.0},{"damage":0.0,"enemies":"Small Slimes","floor":5.0,"turns":3.0},{"damage":17.0,"enemies":"3 Sentries","floor":8.0,"turns":8.0},{"damage":11.0,"enemies":"3 Louse","floor":10.0,"turns":3.0},{"damage":11.0,"enemies":"Gremlin Nob","floor":11.0,"turns":4.0},{"damage":33.0,"enemies":"Lagavulin","floor":13.0,"turns":6.0},{"damage":42.0,"enemies":"Hexaghost","floor":16.0,"turns":8.0},{"damage":24.0,"enemies":"Shell Parasite","floor":18.0,"turns":5.0},{"damage":1.0,"enemies":"Spheric Guardian","floor":20.0,"turns":3.0},{"damage":7.0,"enemies":"Snake Plant","floor":21.0,"turns":3.0},{"damage":13.0,"enemies":"Slavers","floor":23.0,"turns":3.0},{"damage":0.0,"enemies":"3 Cultists","floor":28.0,"turns":4.0},{"damage":6.0,"enemies":"Gremlin Leader","floor":29.0,"turns":3.0},{"damage":0.0,"enemies":"Centurion and Healer","floor":30.0,"turns":3.0},{"damage":55.0,"enemies":"Collector","floor":33.0,"turns":5.0},{"damage":10.0,"enemies":"3 Shapes","floor":35.0,"turns":3.0},{"damage":17.0,"enemies":"3 Darklings","floor":38.0,"turns":5.0},{"damage":38.0,"enemies":"Reptomancer","floor":41.0,"turns":5.0},{"damage":13.0,"enemies":"4 Shapes","floor":42.0,"turns":5.0},{"damage":8,"enemies":"Jaw Worm Horde","floor":45,"turns":2},{"damage":0,"enemies":"Mind Bloom Boss Battle","floor":46,"turns":2},{"damage":0,"enemies":"Writhing Mass","floor":47,"turns":3},{"damage":20,"enemies":"Nemesis","floor":48,"turns":5},{"damage":41,"enemies":"Time Eater","floor":50,"turns":7}],"seed_played":"2516520837683977139","potions_obtained":[{"floor":11.0,"key":"BlessingOfTheForge"},{"floor":13.0,"key":"AttackPotion"},{"floor":16.0,"key":"GamblersBrew"},{"floor":33.0,"key":"Ancient Potion"},{"floor":41.0,"key":"Swift Potion"},{"floor":46,"key":"EssenceOfSteel"},{"floor":47,"key":"LiquidBronze"}],"is_trial":false,"path_per_floor":["M","?","M","?","M","R","?","E","T","M","E","R","E","$","R","B",null,"M","?","M","M","?","E","?","R","T","R","M","E","M","$","R","B",null,"M","?","$","M","$","R","E","M","T","R","M","?","M","E","R","B",null],"character_chosen":"HERMIT","items_purchased":["hermit:BigShot","Shuriken","hermit:Headshot","hermit:TakeAim"],"campfire_rested":5,"item_purchase_floors":[14,14,14,31],"current_hp_per_floor":[82,71,68,52,52,52,52,35,35,24,13,52,19,19,58,16,82,58,58,57,50,50,37,37,37,37,76,76,70,70,70,70,15,82,72,72,72,55,55,55,17,4,4,43,35,35,35,15,54,13],"gold":245,"neow_bonus":"TEN_PERCENT_HP_BONUS","is_daily":false,"chose_seed":false,"campfire_upgraded":4,"win_rate":0.0,"timestamp":1614211664,"path_taken":["M","?","M","?","M","R","?","E","T","M","E","R","E","$","R","BOSS","M","?","M","M","?","E","?","R","T","R","?","E","M","$","R","BOSS","M","?","?","M","$","R","E","M","T","R","?","?","M","E","R","BOSS"],"items_purchased_type":["Card","Relic","Card","Card"],"build_version":"2020-12-22","purchased_purges":3,"victory":true,"max_hp_per_floor":[82,82,82,82,82,82,82,82,82,82,82,82,82,82,82,82,82,82,82,82,82,82,82,82,82,82,82,82,82,82,82,82,82,82,82,82,82,82,82,82,82,82,82,82,82,82,82,82,82,82],"card_choices":[{"not_picked":["hermit:Glare","hermit:Coalescence"],"picked":"hermit:TrackingShot","floor":1.0},{"not_picked":["hermit:Snipe","hermit:LowProfile"],"picked":"hermit:Combo","floor":3.0},{"not_picked":["hermit:ItchyTrigger","hermit:FullyLoaded"],"picked":"hermit:LowProfile","floor":5.0},{"not_picked":["hermit:FlashPowder","hermit:Showdown"],"picked":"hermit:GoldenBullet","floor":8.0},{"not_picked":["hermit:SprayPray","hermit:BodyArmor"],"picked":"hermit:WideOpen","floor":10.0},{"not_picked":["hermit:NoHoldsBarred","hermit:Virtue","hermit:Showdown"],"picked":"SKIP","floor":11.0},{"not_picked":["hermit:Malice","hermit:Desperado"],"picked":"hermit:Brawl","floor":13.0},{"not_picked":["hermit:HighNoon","hermit:Magnum"],"picked":"hermit:FinalCanter","floor":16.0},{"not_picked":["hermit:Shortfuse","hermit:Determination+1"],"picked":"hermit:Headshot","floor":18.0},{"not_picked":["hermit:Glare","hermit:BodyArmor"],"picked":"hermit:Quickdraw+1","floor":20.0},{"not_picked":["hermit:CalledShot","hermit:Roughhouse","hermit:Combo"],"picked":"SKIP","floor":21.0},{"not_picked":["hermit:Determination","hermit:Misfire"],"picked":"hermit:Virtue+1","floor":23.0},{"not_picked":["hermit:WideOpen","hermit:Coalescence"],"picked":"hermit:Glare","floor":28.0},{"not_picked":["hermit:DeadOrAlive","hermit:Vantage","hermit:BlackWind"],"picked":"SKIP","floor":29.0},{"not_picked":["hermit:Virtue","hermit:Desperado"],"picked":"hermit:Combo+1","floor":30.0},{"not_picked":["hermit:CalledShot","hermit:SprayPray","hermit:Roulette+1"],"picked":"SKIP","floor":35.0},{"not_picked":["hermit:Vantage","hermit:Feint","hermit:Snipe+1"],"picked":"SKIP","floor":38.0},{"not_picked":["hermit:HighCaliber+1","hermit:Virtue+1"],"picked":"hermit:BlackWind","floor":41.0},{"not_picked":["hermit:Vantage+1","hermit:Roulette+1","hermit:Deadeye"],"picked":"SKIP","floor":42.0},{"not_picked":["hermit:WideOpen+1","hermit:Misfire","hermit:Enervate"],"picked":"SKIP","floor":45},{"not_picked":["hermit:LowProfile+1","hermit:HighCaliber","hermit:TrackingShot+1"],"picked":"SKIP","floor":47},{"not_picked":["hermit:FinalCanter","hermit:GhostlyPresence+1","hermit:Maintenance+1"],"picked":"SKIP","floor":48}],"player_experience":81693,"relics_obtained":[{"floor":8.0,"key":"Kunai"},{"floor":9.0,"key":"InkBottle"},{"floor":11.0,"key":"Regal Pillow"},{"floor":13.0,"key":"Bronze Scales"},{"floor":23.0,"key":"Potion Belt"},{"floor":26.0,"key":"Pen Nib"},{"floor":29.0,"key":"Bottled Lightning"},{"floor":41.0,"key":"HornCleat"},{"floor":43.0,"key":"Smiling Mask"},{"floor":46,"key":"Thread and Needle"},{"floor":48,"key":"PreservedInsect"}],"event_choices":[{"damage_healed":0.0,"max_hp_gain":0.0,"max_hp_loss":0.0,"gold_gain":75.0,"event_name":"World of Goop","player_choice":"Gather Gold","floor":2.0,"gold_loss":0.0,"damage_taken":11.0},{"damage_healed":0.0,"max_hp_gain":0.0,"max_hp_loss":0.0,"gold_gain":0.0,"event_name":"Shining Light","player_choice":"Entered Light","floor":4.0,"gold_loss":0.0,"damage_taken":16.0,"cards_upgraded":["hermit:Combo","hermit:Strike_Hermit"]},{"damage_healed":0.0,"max_hp_gain":0.0,"max_hp_loss":0.0,"gold_gain":0.0,"event_name":"Dead Adventurer","player_choice":"Searched \u00272\u0027 times","floor":7.0,"gold_loss":0.0,"damage_taken":0.0,"relics_obtained":["Oddly Smooth Stone"]},{"damage_healed":0.0,"max_hp_gain":0.0,"max_hp_loss":0.0,"gold_gain":0.0,"event_name":"Back to Basics","player_choice":"Simplicity","floor":19.0,"gold_loss":0.0,"damage_taken":0.0,"cards_upgraded":["hermit:Strike_Hermit","hermit:Strike_Hermit","hermit:Strike_Hermit","hermit:Defend_Hermit","hermit:Defend_Hermit","hermit:Defend_Hermit","hermit:Defend_Hermit"]},{"damage_healed":0.0,"max_hp_gain":0.0,"max_hp_loss":0.0,"gold_gain":0.0,"event_name":"Drug Dealer","player_choice":"Inject Mutagens","floor":22.0,"gold_loss":0.0,"damage_taken":0.0,"relics_obtained":["MutagenicStrength"]},{"damage_healed":0.0,"max_hp_gain":0.0,"max_hp_loss":0.0,"gold_gain":0.0,"event_name":"Ghosts","player_choice":"Ignored","floor":24.0,"gold_loss":0.0,"damage_taken":0.0},{"damage_healed":0.0,"max_hp_gain":0.0,"max_hp_loss":0.0,"gold_gain":0.0,"cards_transformed":["hermit:FinalCanter"],"event_name":"Transmorgrifier","player_choice":"Transformed","floor":36.0,"gold_loss":0.0,"damage_taken":0.0,"cards_obtained":["hermit:FullyLoaded"]},{"damage_healed":0,"gold_gain":0,"player_choice":"Fight","damage_taken":0,"max_hp_gain":0,"max_hp_loss":0,"event_name":"MindBloom","floor":46,"gold_loss":0}],"is_beta":false,"boss_relics":[{"not_picked":["hermit:DentedPlate","Empty Cage"],"picked":"Philosopher\u0027s Stone"},{"not_picked":["Astrolabe","Coffee Dripper"],"picked":"SlaversCollar"}],"items_purged_floors":[31,37,39],"is_endless":false,"potions_floor_spawned":[11,13,16,18,21,33,41,46,47],"ascension_level":0}}