{"host":"njcl8kinlkfw245p","time":1614282223,"event":{"mods":["BaseMod","Block Reminder","Colored Map","Googly Eyes","KinomotoSakuraMod(????)","Minty Spire (QoL Compilation)","StSLib","The Senshi","Unceasing Turn Reminder","everything is the same but u backflip on backflip"],"gold_per_floor":[115,165,177,187,187,187,200,200,200,200,220,232,252,287,287,361,361,371,371,371,388,406,441,441,470,470,395,395,410,335,347,347,419,419,438,458,12,31,0,25,25,25,25],"floor_reached":42,"language":"ENG","playtime":3394,"items_purged":["Normality"],"score":1014,"play_id":"b4e93ac8-e394-4997-860e-2dd6573c004a","local_time":"20210225114343","is_ascension_mode":true,"campfire_choices":[{"data":"theSenshi:MoonPrismPowerMakeUp","floor":6.0,"key":"SMITH"},{"data":"theSenshi:RoseThrow","floor":10.0,"key":"SMITH"},{"data":"theSenshi:SailorPlanetAttack","floor":15.0,"key":"SMITH"},{"data":"theSenshi:TuxedoMaskAssists","floor":24.0,"key":"SMITH"},{"data":"theSenshi:MoonCosmicPowerMakeUp","floor":28,"key":"SMITH"},{"data":"theSenshi:VenusGlamour","floor":32,"key":"SMITH"},{"floor":41,"key":"REST"}],"circlet_count":0,"master_deck":["AscendersBane","theSenshi:SailorKick","theSenshi:SailorKick","theSenshi:SailorKick","theSenshi:SailorBlock","theSenshi:SailorBlock","theSenshi:SailorBlock","theSenshi:SailorBlock","theSenshi:RoseThrow+1","theSenshi:MoonPrismPowerMakeUp+1","theSenshi:VenusGlamour+1","theSenshi:UranusStrength+1","theSenshi:SailorVenusAssists","theSenshi:LunaWiseMentor","theSenshi:SailorJupiterAssists","theSenshi:TuxedoMaskAssists+1","theSenshi:SailorPlanetAttack+1","theSenshi:SailorSaturnAssists","theSenshi:SailorJupiterAssists","theSenshi:MoonlightKnight","theSenshi:SaturnsMystery","theSenshi:SailorJupiterAssists+1","theSenshi:MoonCosmicPowerMakeUp+1","theSenshi:InTheNickOfTime","theSenshi:FatedKiss","theSenshi:MoonKick","theSenshi:LunaWiseMentor"],"relics":["Cursed Key","Juzu Bracelet","Runic Pyramid","Bronze Scales","Velvet Choker","theSenshi:ChokerRelic","Pantograph","Red Mask","Bag of Preparation"],"acts_visited":["Exordium","TheCity","TheBeyond"],"potions_floor_usage":[31,38,40],"damage_taken":[{"damage":0.0,"enemies":"Cultist","floor":1.0,"turns":4.0},{"damage":3.0,"enemies":"Small Slimes","floor":3.0,"turns":3.0},{"damage":9.0,"enemies":"Jaw Worm","floor":4.0,"turns":2.0},{"damage":7.0,"enemies":"Blue Slaver","floor":7.0,"turns":3.0},{"damage":2.0,"enemies":"Looter","floor":11.0,"turns":2.0},{"damage":5.0,"enemies":"Exordium Thugs","floor":12.0,"turns":4.0},{"damage":0.0,"enemies":"Large Slime","floor":13.0,"turns":4.0},{"damage":20.0,"enemies":"3 Sentries","floor":14.0,"turns":10.0},{"damage":21.0,"enemies":"The Guardian","floor":16.0,"turns":8.0},{"damage":0.0,"enemies":"Chosen","floor":18.0,"turns":4.0},{"damage":7.0,"enemies":"Shell Parasite","floor":21.0,"turns":5.0},{"damage":22.0,"enemies":"Shelled Parasite and Fungi","floor":22.0,"turns":5.0},{"damage":0.0,"enemies":"Book of Stabbing","floor":23.0,"turns":5.0},{"damage":42.0,"enemies":"Slavers","floor":25.0,"turns":6.0},{"damage":18,"enemies":"Snake Plant","floor":29,"turns":4},{"damage":11,"enemies":"Cultist and Chosen","floor":31,"turns":7},{"damage":42,"enemies":"Champ","floor":33,"turns":11},{"damage":22,"enemies":"3 Shapes","floor":35,"turns":4},{"damage":17,"enemies":"3 Darklings","floor":36,"turns":6},{"damage":33,"enemies":"4 Shapes","floor":38,"turns":6},{"damage":29,"enemies":"Nemesis","floor":40,"turns":7},{"damage":54,"enemies":"Reptomancer","floor":42,"turns":3}],"seed_played":"1456746872575038265","potions_obtained":[{"floor":4.0,"key":"DuplicationPotion"},{"floor":7.0,"key":"SpeedPotion"},{"floor":12.0,"key":"CultistPotion"},{"floor":16.0,"key":"GamblersBrew"},{"floor":21.0,"key":"DistilledChaos"},{"floor":25,"key":"Explosive Potion"},{"floor":29,"key":"Fire Potion"},{"floor":35,"key":"AttackPotion"}],"is_trial":false,"path_per_floor":["M","?","M","M","T","R","M","?","T","R","M","M","M","E","R","B",null,"M","?","?","M","M","E","R","E","T","$","R","M","?","M","R","B",null,"M","M","$","M","?","E","R","E"],"character_chosen":"THE_SENSHI","items_purchased":["theSenshi:ChokerRelic","Pantograph"],"campfire_rested":1,"item_purchase_floors":[37,37],"current_hp_per_floor":[68,68,65,56,56,56,49,49,49,49,47,42,42,22,22,1,57,62,62,62,60,53,70,70,47,47,47,47,34,34,37,37,20,61,56,61,61,40,40,26,48,0,0],"gold":25,"neow_bonus":"BOSS_RELIC","is_daily":false,"chose_seed":false,"campfire_upgraded":6,"win_rate":0.0,"timestamp":1614282223,"path_taken":["M","?","M","?","?","R","M","?","T","R","?","M","M","E","R","BOSS","M","?","?","M","M","E","R","E","T","$","R","M","?","M","R","BOSS","M","M","$","M","?","E","R","E"],"items_purchased_type":["Relic","Relic"],"build_version":"2020-12-22","purchased_purges":1,"victory":false,"max_hp_per_floor":[75,75,75,75,75,75,75,75,75,75,75,75,75,75,75,75,75,75,75,75,75,75,75,75,75,75,75,75,75,75,75,75,75,75,75,75,75,75,75,75,75,75,75],"card_choices":[{"not_picked":["theSenshi:EncouragingSpeech","theSenshi:HesSoDreamy"],"picked":"theSenshi:VenusGlamour","floor":1.0},{"not_picked":["theSenshi:SailorStarFighterAssists","theSenshi:MoonCrystalPowerMakeUp"],"picked":"theSenshi:UranusStrength","floor":3.0},{"not_picked":["theSenshi:MoonPunch","theSenshi:MoonPower","theSenshi:MarsPride"],"picked":"SKIP","floor":4.0},{"not_picked":["theSenshi:SupersonicWaves","theSenshi:TuxedoSmokingBomber"],"picked":"theSenshi:SailorVenusAssists","floor":7.0},{"not_picked":["theSenshi:EncouragingSpeech","theSenshi:GatheringStrength"],"picked":"theSenshi:LunaWiseMentor","floor":11.0},{"not_picked":["theSenshi:MoonPower","theSenshi:LunasBite"],"picked":"theSenshi:SailorJupiterAssists","floor":12.0},{"not_picked":["theSenshi:Sidestep","theSenshi:SailorStarMakerAssists"],"picked":"theSenshi:TuxedoMaskAssists","floor":13.0},{"not_picked":["theSenshi:MoonlightKnight","theSenshi:SailorVenusAssists"],"picked":"theSenshi:SailorPlanetAttack","floor":14.0},{"not_picked":["theSenshi:SilverMoonCrystalPowerKiss","theSenshi:GlimpseOfThePast"],"picked":"theSenshi:SailorSaturnAssists","floor":16.0},{"not_picked":["theSenshi:SailorMercuryAssists","theSenshi:SupersonicWaves"],"picked":"theSenshi:SailorJupiterAssists","floor":18.0},{"not_picked":["theSenshi:RainbowMoonHeartAche","theSenshi:LunasBite"],"picked":"theSenshi:SaturnsMystery","floor":21.0},{"not_picked":["theSenshi:SailorMarsAssists","theSenshi:GatheringStrength"],"picked":"theSenshi:SailorJupiterAssists+1","floor":22.0},{"not_picked":["theSenshi:SaturnsMystery","theSenshi:SailorStarMakerAssists"],"picked":"theSenshi:MoonCosmicPowerMakeUp","floor":23.0},{"not_picked":["theSenshi:MoonPunch","theSenshi:HesSoDreamy","theSenshi:MoonsReflection"],"picked":"SKIP","floor":25},{"not_picked":["theSenshi:SailorStarFighterAssists","theSenshi:SailorMarsAssists","theSenshi:SailorUranusAssists"],"picked":"SKIP","floor":29},{"not_picked":["theSenshi:ChibiMoonsLove","theSenshi:SailorMarsAssists"],"picked":"theSenshi:InTheNickOfTime","floor":31},{"not_picked":["theSenshi:JupitersPower","theSenshi:InTheNameOfTheMoon"],"picked":"theSenshi:FatedKiss","floor":33},{"not_picked":["theSenshi:SailorVenusAssists","theSenshi:MoonCosmicPowerMakeUp","theSenshi:SupersonicWaves"],"picked":"SKIP","floor":35},{"not_picked":["theSenshi:MoonTwilightFlash","theSenshi:MoonPunch"],"picked":"theSenshi:MoonKick","floor":36},{"not_picked":["theSenshi:VenusGlamour","theSenshi:SchoolBag"],"picked":"theSenshi:LunaWiseMentor","floor":38},{"not_picked":["theSenshi:MoonPunch","theSenshi:TuxedoMaskAssists","theSenshi:SchoolBag+1"],"picked":"SKIP","floor":40}],"player_experience":976779,"relics_obtained":[{"floor":14.0,"key":"Juzu Bracelet"},{"floor":23.0,"key":"Bronze Scales"},{"floor":40,"key":"Bag of Preparation"}],"event_choices":[{"damage_healed":0.0,"max_hp_gain":0.0,"max_hp_loss":0.0,"gold_gain":50.0,"event_name":"Golden Shrine","player_choice":"Pray","floor":2.0,"gold_loss":0.0,"damage_taken":0.0},{"damage_healed":0.0,"max_hp_gain":0.0,"max_hp_loss":0.0,"gold_gain":0.0,"event_name":"Upgrade Shrine","player_choice":"Upgraded","floor":8.0,"gold_loss":0.0,"damage_taken":0.0,"cards_upgraded":["theSenshi:UranusStrength"]},{"damage_healed":0.0,"max_hp_gain":0.0,"max_hp_loss":0.0,"gold_gain":0.0,"event_name":"The Library","player_choice":"Read","floor":19.0,"gold_loss":0.0,"damage_taken":0.0,"cards_obtained":["theSenshi:MoonlightKnight"]},{"damage_healed":0.0,"max_hp_gain":0.0,"max_hp_loss":0.0,"gold_gain":0.0,"event_name":"Vampires","player_choice":"Ignored","floor":20.0,"gold_loss":0.0,"damage_taken":0.0},{"cards_removed":["theSenshi:SailorKick"],"damage_healed":0,"gold_gain":0,"player_choice":"Gave Gold","damage_taken":0,"max_hp_gain":0,"max_hp_loss":0,"event_name":"Beggar","floor":30,"gold_loss":75},{"damage_healed":0,"gold_gain":0,"player_choice":"Paid","damage_taken":0,"relics_obtained":["Red Mask"],"max_hp_gain":0,"max_hp_loss":0,"event_name":"Tomb of Lord Red Mask","floor":39,"gold_loss":31}],"is_beta":false,"boss_relics":[{"not_picked":["Astrolabe","Coffee Dripper"],"picked":"Runic Pyramid"},{"not_picked":["theSenshi:EternalSailorFukuRelic","SlaversCollar"],"picked":"Velvet Choker"}],"items_purged_floors":[27],"is_endless":false,"potions_floor_spawned":[4,7,12,14,16,21,25,29,35],"killed_by":"Reptomancer","ascension_level":19}}