{"host":"snampf0t8p8psf53","time":1614279045,"event":{"mods":["AchievementEnabler","BaseMod","Bestiary","Curses Come First","DeckTracker","Minty Spire (QoL Compilation)","Permanent Neow","StSLib","SuperFastMode"],"gold_per_floor":[110,110,128,142,142,171,171,206,206,231,286,296,296,1,1,98,98,110,127,57,57,75,75,75,75],"floor_reached":24,"language":"ENG","playtime":1000,"items_purged":["Parasite"],"score":251,"play_id":"2a5371c8-8324-4841-8f62-f74bf6600882","local_time":"20210225105045","is_ascension_mode":true,"campfire_choices":[{"floor":7.0,"key":"REST"},{"floor":15.0,"key":"REST"},{"floor":23,"key":"REST"}],"circlet_count":0,"master_deck":["Strike_P","Strike_P","Strike_P","Strike_P","Defend_P","Defend_P","Defend_P","Defend_P","Eruption","Vigilance","Wallop+1","Crescendo","CrushJoints","Protect","Fasting2","Wireheading","WindmillStrike","InnerPeace","SandsOfTime","Devotion","SpiritShield","CutThroughFate","MentalFortress"],"relics":["Philosopher\u0027s Stone","Sundial","Pantograph","TeardropLocket","Pen Nib","Eternal Feather","Fusion Hammer"],"acts_visited":["Exordium","TheCity"],"potions_floor_usage":[22,22,24],"damage_taken":[{"damage":0.0,"enemies":"Cultist","floor":1.0,"turns":2.0},{"damage":0.0,"enemies":"2 Louse","floor":3.0,"turns":1.0},{"damage":2.0,"enemies":"Small Slimes","floor":4.0,"turns":2.0},{"damage":24.0,"enemies":"3 Sentries","floor":6.0,"turns":5.0},{"damage":15.0,"enemies":"Lagavulin","floor":8.0,"turns":5.0},{"damage":7.0,"enemies":"3 Sentries","floor":10.0,"turns":5.0},{"damage":43.0,"enemies":"Lagavulin Event","floor":11.0,"turns":5.0},{"damage":0.0,"enemies":"Looter","floor":12.0,"turns":2.0},{"damage":15.0,"enemies":"The Guardian","floor":16.0,"turns":7.0},{"damage":22.0,"enemies":"Spheric Guardian","floor":18.0,"turns":4.0},{"damage":43.0,"enemies":"3 Byrds","floor":19.0,"turns":7.0},{"damage":3,"enemies":"Snake Plant","floor":22,"turns":5},{"damage":34,"enemies":"Book of Stabbing","floor":24,"turns":2}],"seed_played":"-3906397303619659845","potions_obtained":[{"floor":3.0,"key":"Energy Potion"},{"floor":6.0,"key":"EssenceOfSteel"},{"floor":8.0,"key":"EssenceOfSteel"},{"floor":11.0,"key":"StancePotion"},{"floor":16.0,"key":"SpeedPotion"},{"floor":22,"key":"PowerPotion"}],"is_trial":false,"path_per_floor":["M","?","M","M","$","E","R","E","T","E","?","M","?","$","R","B",null,"M","M","$","?","M","R","E"],"character_chosen":"WATCHER","items_purchased":["SandsOfTime","Devotion","MentalFortress"],"campfire_rested":3,"item_purchase_floors":[14,14,20],"current_hp_per_floor":[72,72,72,70,70,46,67,52,52,45,2,2,20,20,52,54,69,47,4,4,4,1,33,0,0],"gold":75,"neow_bonus":"BOSS_RELIC","is_daily":false,"chose_seed":false,"campfire_upgraded":0,"win_rate":0.0,"timestamp":1614279045,"path_taken":["M","?","M","M","$","E","R","E","T","E","?","M","?","$","R","BOSS","M","M","$","?","M","R","E"],"items_purchased_type":["Card","Card","Card"],"build_version":"2020-12-22","purchased_purges":1,"victory":false,"max_hp_per_floor":[72,72,72,72,72,72,72,72,72,72,72,72,72,69,69,69,69,69,69,69,69,69,69,69,69],"card_choices":[{"not_picked":["CrushJoints","Perseverance"],"picked":"Wallop","floor":1.0},{"not_picked":["JustLucky","CrushJoints"],"picked":"Crescendo","floor":3.0},{"not_picked":["Prostrate","Indignation"],"picked":"CrushJoints","floor":4.0},{"not_picked":["Crescendo","WaveOfTheHand"],"picked":"Protect","floor":6.0},{"not_picked":["WheelKick","Wallop"],"picked":"Fasting2","floor":8.0},{"not_picked":["Study","Crescendo"],"picked":"Wireheading","floor":10.0},{"not_picked":["FlyingSleeves","SashWhip"],"picked":"WindmillStrike","floor":11.0},{"not_picked":["Consecrate","CrushJoints"],"picked":"InnerPeace","floor":12.0},{"not_picked":["Ragnarok","Scrawl"],"picked":"SpiritShield","floor":16.0},{"not_picked":["Consecrate","PathToVictory","CrushJoints"],"picked":"SKIP","floor":18.0},{"not_picked":["EmptyBody","FearNoEvil"],"picked":"CutThroughFate","floor":19.0},{"not_picked":["Wallop+1","Crescendo","SashWhip+1"],"picked":"SKIP","floor":22}],"player_experience":186888,"relics_obtained":[{"floor":6.0,"key":"Sundial"},{"floor":8.0,"key":"Pantograph"},{"floor":9.0,"key":"TeardropLocket"},{"floor":10.0,"key":"Pen Nib"},{"floor":11.0,"key":"Eternal Feather"}],"event_choices":[{"damage_healed":0.0,"max_hp_gain":0.0,"max_hp_loss":0.0,"gold_gain":0.0,"event_name":"Living Wall","player_choice":"Grow","floor":2.0,"gold_loss":0.0,"damage_taken":0.0,"cards_upgraded":["Wallop"]},{"damage_healed":0.0,"max_hp_gain":0.0,"max_hp_loss":0.0,"gold_gain":30.0,"event_name":"Dead Adventurer","player_choice":"Searched \u00272\u0027 times","floor":11.0,"gold_loss":0.0,"damage_taken":0.0},{"damage_healed":18.0,"max_hp_gain":0.0,"max_hp_loss":0.0,"gold_gain":0.0,"event_name":"Mushrooms","player_choice":"Healed and dodged fight","floor":13.0,"gold_loss":0.0,"damage_taken":0.0,"cards_obtained":["Parasite"]},{"damage_healed":0.0,"max_hp_gain":0.0,"max_hp_loss":0.0,"gold_gain":0.0,"event_name":"Ghosts","player_choice":"Ignored","floor":21.0,"gold_loss":0.0,"damage_taken":0.0}],"is_beta":false,"boss_relics":[{"not_picked":["Snecko Eye","Calling Bell"],"picked":"Fusion Hammer"}],"items_purged_floors":[14],"is_endless":false,"potions_floor_spawned":[3,6,8,11,16,22],"killed_by":"Book of Stabbing","ascension_level":1}}