{"host":"gc8yb33y1dm65mio","time":1614220525,"event":{"mods":["BaseMod","Bestiary","Colored Map","Colored Powertips","Curses Come First","Highlight Path","Minty Spire (QoL Compilation)","Quick Restart","Relic Stats","StSLib"],"gold_per_floor":[118,118,132,149,68,94,94,122,200,215,215,215,215,215,215,292,292,305,317,21,38,55,55,68,100,100,100,134,134,159,49,49,125,125,145,160,180,200,219,219,246,246,272,286,131,131,131,185,185,185],"floor_reached":51,"language":"ENG","playtime":2573,"items_purged":["Strike_G","Writhe"],"score":1602,"play_id":"710f1514-14b5-4bcf-8149-132527f7afce","local_time":"20210224183525","is_ascension_mode":true,"campfire_choices":[{"data":"Neutralize","floor":7.0,"key":"SMITH"},{"data":"Blade Dance","floor":13.0,"key":"SMITH"},{"data":"Well Laid Plans","floor":15.0,"key":"SMITH"},{"data":"Glass Knife","floor":23.0,"key":"SMITH"},{"data":"Accuracy","floor":29.0,"key":"SMITH"},{"data":"Terror","floor":32.0,"key":"SMITH"},{"data":"Wraith Form v2","floor":40.0,"key":"SMITH"},{"data":"After Image","floor":42.0,"key":"SMITH"},{"floor":47.0,"key":"REST"},{"floor":49,"key":"REST"}],"circlet_count":0,"master_deck":["AscendersBane","Strike_G","Strike_G+1","Strike_G","Defend_G","Defend_G","Defend_G","Defend_G","Defend_G","Survivor","Neutralize+1","Underhanded Strike","Blade Dance+1","Acrobatics","Well Laid Plans+1","After Image+1","Terror+1","Glass Knife+1","Dagger Spray+1","Slice","Sucker Punch+1","Accuracy+1","Finisher+1","Wraith Form v2+1","Riddle With Holes+1","Dagger Throw+1","Dash+1","Blade Dance","Apotheosis","Secret Technique"],"relics":["Ring of the Snake","NeowsBlessing","FaceOfCleric","Lizard Tail","Happy Flower","Blue Candle","Mummified Hand","Blood Vial","WristBlade","ClockworkSouvenir","Molten Egg 2","Ninja Scroll","Tough Bandages","Letter Opener","Oddly Smooth Stone","Snecko Eye","Nunchaku","Lantern","Calipers"],"acts_visited":["Exordium","TheCity","TheBeyond"],"potions_floor_usage":[48,50,50],"damage_taken":[{"damage":0.0,"enemies":"Small Slimes","floor":1.0,"turns":1.0},{"damage":0.0,"enemies":"Cultist","floor":3.0,"turns":1.0},{"damage":0.0,"enemies":"Jaw Worm","floor":4.0,"turns":1.0},{"damage":22.0,"enemies":"Lagavulin","floor":6.0,"turns":9.0},{"damage":43.0,"enemies":"Gremlin Nob","floor":8.0,"turns":5.0},{"damage":4.0,"enemies":"Large Slime","floor":10.0,"turns":4.0},{"damage":59.0,"enemies":"Slime Boss","floor":16.0,"turns":15.0},{"damage":4.0,"enemies":"Chosen","floor":18.0,"turns":4.0},{"damage":5.0,"enemies":"Shell Parasite","floor":19.0,"turns":3.0},{"damage":15.0,"enemies":"Snake Plant","floor":21.0,"turns":4.0},{"damage":0.0,"enemies":"Centurion and Healer","floor":22.0,"turns":4.0},{"damage":0.0,"enemies":"Snecko","floor":24.0,"turns":3.0},{"damage":12.0,"enemies":"Book of Stabbing","floor":25.0,"turns":4.0},{"damage":1.0,"enemies":"Gremlin Leader","floor":28.0,"turns":3.0},{"damage":0.0,"enemies":"Slavers","floor":30.0,"turns":3.0},{"damage":50.0,"enemies":"Collector","floor":33.0,"turns":6.0},{"damage":0.0,"enemies":"3 Darklings","floor":35.0,"turns":1.0},{"damage":5.0,"enemies":"3 Shapes","floor":36.0,"turns":3.0},{"damage":21.0,"enemies":"Jaw Worm Horde","floor":37.0,"turns":4.0},{"damage":9.0,"enemies":"Transient","floor":38.0,"turns":6.0},{"damage":0.0,"enemies":"Writhing Mass","floor":39.0,"turns":4.0},{"damage":0.0,"enemies":"Giant Head","floor":41.0,"turns":7.0},{"damage":1.0,"enemies":"Spire Growth","floor":44.0,"turns":3.0},{"damage":0,"enemies":"2 Orb Walkers","floor":48,"turns":1},{"damage":28,"enemies":"Donu and Deca","floor":50,"turns":7}],"seed_played":"-4254261850532829915","potions_obtained":[{"floor":1.0,"key":"AttackPotion"},{"floor":3.0,"key":"CultistPotion"},{"floor":8.0,"key":"SkillPotion"},{"floor":18.0,"key":"BlessingOfTheForge"},{"floor":21.0,"key":"PowerPotion"},{"floor":22.0,"key":"Swift Potion"},{"floor":28.0,"key":"DuplicationPotion"},{"floor":33.0,"key":"Block Potion"},{"floor":36.0,"key":"PowerPotion"},{"floor":37.0,"key":"ColorlessPotion"},{"floor":38.0,"key":"PowerPotion"},{"floor":44.0,"key":"SpeedPotion"},{"floor":48,"key":"BlessingOfTheForge"}],"is_trial":false,"path_per_floor":["M","?","M","M","$","E","R","E","T","M","T","?","R","?","R","B",null,"M","M","$","M","M","R","M","E","T","?","E","R","E","?","R","B",null,"M","M","M","M","M","R","E","R","T","M","$","?","R","?","R","B",null],"character_chosen":"THE_SILENT","items_purchased":["Well Laid Plans","Slice","ClockworkSouvenir","Blade Dance"],"campfire_rested":2,"item_purchase_floors":[5,20,20,45],"current_hp_per_floor":[59,59,60,61,61,40,40,35,35,32,32,21,21,81,81,23,67,66,64,64,52,55,55,58,49,49,49,51,51,54,54,54,7,70,73,71,53,47,50,50,53,53,53,55,55,45,74,77,99,72],"gold":185,"neow_bonus":"THREE_ENEMY_KILL","is_daily":false,"chose_seed":false,"campfire_upgraded":8,"win_rate":0.0,"timestamp":1614220525,"path_taken":["M","?","?","M","?","E","R","E","T","M","?","?","R","?","R","BOSS","M","M","$","M","M","R","?","E","T","?","E","R","E","?","R","BOSS","M","M","M","M","M","R","E","R","T","?","?","?","R","?","R","BOSS"],"items_purchased_type":["Card","Card","Relic","Card"],"build_version":"2020-12-22","purchased_purges":2,"victory":true,"max_hp_per_floor":[66,66,67,68,68,69,69,70,70,71,71,71,71,81,81,82,82,83,84,84,85,86,86,87,88,88,88,89,89,90,90,90,91,91,92,93,94,95,96,96,97,97,97,98,98,98,98,99,99,100],"relic_stats":{"Happy Flower":[29],"counters":[25,106],"Blue Candle":[3],"Letter Opener":[19],"Blood Vial":34,"Lizard Tail":34,"Tough Bandages":[60],"Nunchaku":[6],"FaceOfCleric":24,"Mummified Hand":[77],"Snecko Eye":[67,67,73,50],"obtain_stats":[{"Lantern":43,"Calipers":48,"NeowsBlessing":0,"Happy Flower":8,"Blue Candle":9,"Oddly Smooth Stone":30,"Letter Opener":28,"ClockworkSouvenir":20,"Blood Vial":12,"Lizard Tail":6,"Tough Bandages":27,"Nunchaku":41,"FaceOfCleric":2,"WristBlade":17,"Mummified Hand":11,"Ninja Scroll":26,"Snecko Eye":34,"Molten Egg 2":25,"Ring of the Snake":0},{"Lantern":22,"Calipers":24,"NeowsBlessing":0,"Happy Flower":5,"Blue Candle":5,"Oddly Smooth Stone":15,"Letter Opener":14,"ClockworkSouvenir":9,"Blood Vial":6,"Lizard Tail":4,"Tough Bandages":13,"Nunchaku":22,"FaceOfCleric":1,"WristBlade":7,"Mummified Hand":6,"Ninja Scroll":13,"Snecko Eye":16,"Molten Egg 2":13,"Ring of the Snake":0},{"Lantern":95,"Calipers":99,"NeowsBlessing":0,"Happy Flower":17,"Blue Candle":17,"Oddly Smooth Stone":64,"Letter Opener":61,"ClockworkSouvenir":43,"Blood Vial":21,"Lizard Tail":12,"Tough Bandages":58,"Nunchaku":95,"FaceOfCleric":1,"WristBlade":36,"Mummified Hand":21,"Ninja Scroll":58,"Snecko Eye":70,"Molten Egg 2":58,"Ring of the Snake":0}],"Ring of the Snake":[32]},"card_choices":[{"not_picked":["Cloak And Dagger","Heel Hook"],"picked":"Underhanded Strike","floor":1.0},{"not_picked":["Bouncing Flask","Blur"],"picked":"Blade Dance","floor":3.0},{"not_picked":["Deflect","Predator"],"picked":"Acrobatics","floor":4.0},{"not_picked":["Skewer","Setup"],"picked":"After Image","floor":6.0},{"not_picked":["Endless Agony","Acrobatics"],"picked":"Phantasmal Killer","floor":8.0},{"not_picked":["Outmaneuver","Bane"],"picked":"Terror","floor":10.0},{"not_picked":["Die Die Die","Doppelganger"],"picked":"Glass Knife","floor":16.0},{"not_picked":["Deflect","Poisoned Stab","Bane"],"picked":"SKIP","floor":18.0},{"not_picked":["Cloak And Dagger","Flying Knee"],"picked":"Dagger Spray+1","floor":19.0},{"not_picked":["Underhanded Strike+1","Sucker Punch","Deflect"],"picked":"SKIP","floor":21.0},{"not_picked":["Sucker Punch","Blur","Caltrops"],"picked":"SKIP","floor":22.0},{"not_picked":["Deadly Poison","Unload"],"picked":"Sucker Punch+1","floor":24.0},{"not_picked":["Reflex","Backstab+1"],"picked":"Accuracy","floor":25.0},{"not_picked":["Cloak And Dagger","Sucker Punch+1"],"picked":"Finisher+1","floor":28.0},{"not_picked":["Quick Slash+1","Poisoned Stab+1","Flying Knee+1"],"picked":"SKIP","floor":30.0},{"not_picked":["Phantasmal Killer","Corpse Explosion"],"picked":"Wraith Form v2","floor":33.0},{"not_picked":["Terror","Deadly Poison","Masterful Stab+1"],"picked":"SKIP","floor":35.0},{"not_picked":["Bane+1","Underhanded Strike+1"],"picked":"Riddle With Holes+1","floor":36.0},{"not_picked":["Poisoned Stab+1","Acrobatics"],"picked":"Dagger Throw+1","floor":37.0},{"not_picked":["Dagger Spray+1","Setup"],"picked":"Dash+1","floor":38.0},{"not_picked":["Poisoned Stab+1","Cloak And Dagger","Outmaneuver"],"picked":"SKIP","floor":39.0},{"not_picked":["Caltrops+1","Blur","Cloak And Dagger"],"picked":"SKIP","floor":41.0},{"not_picked":["PiercingWail","Venomology","Dagger Spray+1"],"picked":"SKIP","floor":44.0},{"not_picked":["Madness","Impatience"],"picked":"Apotheosis","floor":46.0},{"not_picked":["Enlightenment","Apotheosis"],"picked":"Secret Technique","floor":46.0}],"player_experience":1098376,"relics_obtained":[{"floor":6.0,"key":"Lizard Tail"},{"floor":8.0,"key":"Happy Flower"},{"floor":9.0,"key":"Blue Candle"},{"floor":11.0,"key":"Mummified Hand"},{"floor":25.0,"key":"Molten Egg 2"},{"floor":26.0,"key":"Ninja Scroll"},{"floor":28.0,"key":"Letter Opener"},{"floor":30.0,"key":"Oddly Smooth Stone"},{"floor":41.0,"key":"Nunchaku"},{"floor":43.0,"key":"Lantern"},{"floor":48,"key":"Calipers"}],"event_choices":[{"damage_healed":0.0,"max_hp_gain":0.0,"max_hp_loss":0.0,"gold_gain":0.0,"event_name":"FaceTrader","player_choice":"Trade","floor":2.0,"gold_loss":0.0,"damage_taken":0.0,"relics_obtained":["FaceOfCleric"]},{"damage_healed":0.0,"max_hp_gain":0.0,"max_hp_loss":0.0,"gold_gain":0.0,"event_name":"Scrap Ooze","player_choice":"Success","floor":12.0,"gold_loss":0.0,"damage_taken":11.0,"relics_obtained":["Blood Vial"]},{"cards_removed":["Phantasmal Killer"],"damage_healed":50.0,"max_hp_gain":10.0,"max_hp_loss":0.0,"gold_gain":0.0,"event_name":"Bonfire Elementals","player_choice":"Offered Rare","floor":14.0,"gold_loss":0.0,"damage_taken":0.0},{"damage_healed":0.0,"max_hp_gain":0.0,"max_hp_loss":0.0,"gold_gain":0.0,"event_name":"The Mausoleum","player_choice":"Opened","floor":27.0,"gold_loss":0.0,"damage_taken":0.0,"relics_obtained":["Tough Bandages"],"cards_obtained":["Writhe"]},{"cards_removed":["Strike_G"],"damage_healed":0.0,"max_hp_gain":0.0,"max_hp_loss":0.0,"gold_gain":0.0,"event_name":"Designer","player_choice":"Upgrade and Remove","floor":31.0,"gold_loss":110.0,"damage_taken":0.0,"cards_upgraded":["Strike_G"]},{"damage_healed":0.0,"max_hp_gain":0.0,"max_hp_loss":0.0,"gold_gain":0.0,"event_name":"SensoryStone","player_choice":"Memory 3","floor":46.0,"gold_loss":0.0,"damage_taken":10.0},{"damage_healed":0,"gold_gain":0,"player_choice":"Fight","damage_taken":0,"max_hp_gain":0,"max_hp_loss":0,"event_name":"Mysterious Sphere","floor":48,"gold_loss":0}],"is_beta":false,"boss_relics":[{"not_picked":["Astrolabe","Tiny House"],"picked":"WristBlade"},{"not_picked":["Velvet Choker","Calling Bell"],"picked":"Snecko Eye"}],"items_purged_floors":[20,45],"is_endless":false,"potions_floor_spawned":[1,3,8,18,21,22,28,33,36,37,38,44,48],"ascension_level":19}}