{"host":"8o45mh5p3pp1o2mi","time":1614295991,"event":{"mods":["BaseMod","Bestiary","Better Match","Better Third Choice","BetterRewards","Dark Map","Downfall","Fox Events","Minty Spire (QoL Compilation)","Rare Cards Sparkle","Relic Stats","Replay The Spire","Shop Mod","Spire Exporter","StSLib","everything is the same but u backflip on backflip"],"gold_per_floor":[0,11,11,11,11,24,24,24,36,62,79,79,79],"floor_reached":12,"language":"ENG","playtime":580,"items_purged":[],"score":129,"play_id":"d2edfdd5-9588-454c-8500-cbd2e07fb981","local_time":"20210225233311","is_ascension_mode":true,"campfire_choices":[{"data":"Burst","floor":1,"key":"SMITH"},{"data":"Calculated Gamble","floor":8,"key":"SMITH"}],"circlet_count":0,"master_deck":["AscendersBane","Strike_G","Strike_G","Strike_G","Strike_G","Strike_G","Defend_G","Defend_G","Defend_G","Defend_G","Defend_G","Survivor","Neutralize+1","Burst+1","Calculated Gamble+1","Regret","Dagger Throw","ReplayTheSpireMod:Scrap Shanks","Unload","Choke"],"relics":["Ring of the Snake","Boot","Singing Bowl","Ice Cream"],"acts_visited":["Exordium"],"potions_floor_usage":[],"damage_taken":[{"damage":1,"enemies":"Jaw Worm","floor":2,"turns":5},{"damage":1,"enemies":"2 Louse","floor":6,"turns":3},{"damage":0,"enemies":"Small Slimes","floor":9,"turns":3},{"damage":26,"enemies":"Lagavulin","floor":10,"turns":8},{"damage":9,"enemies":"Exordium Thugs","floor":11,"turns":4},{"damage":30,"enemies":"Gremlin Nob","floor":12,"turns":3}],"seed_played":"6635567180355938931","potions_obtained":[{"floor":6,"key":"Guardian:BlockOnCardUsePotion"}],"is_trial":false,"path_per_floor":["R","M","?","?","?","M","T","R","M","E","M","E"],"character_chosen":"THE_SILENT","items_purchased":[],"campfire_rested":0,"item_purchase_floors":[],"current_hp_per_floor":[63,62,62,62,62,61,61,61,61,35,26,0,0],"gold":79,"neow_bonus":"THREE_RARE_CARDS","is_daily":false,"chose_seed":false,"campfire_upgraded":2,"win_rate":0.0,"timestamp":1614295991,"path_taken":["R","M","?","?","?","M","T","R","M","E","M","E"],"items_purchased_type":[],"build_version":"2020-12-22","purchased_purges":0,"victory":false,"max_hp_per_floor":[70,70,70,70,70,70,70,70,70,70,70,70,70],"relic_stats":{"Singing Bowl":0,"counters":[6,26],"Boot":[36],"obtain_stats":[{"Ice Cream":10,"Singing Bowl":7,"Boot":4,"Ring of the Snake":0},{"Ice Cream":4,"Singing Bowl":2,"Boot":1,"Ring of the Snake":0},{"Ice Cream":19,"Singing Bowl":8,"Boot":5,"Ring of the Snake":0}],"Ring of the Snake":[12]},"card_choices":[{"not_picked":["Corpse Explosion","Phantasmal Killer"],"picked":"Burst","floor":0},{"not_picked":["Bane","Deflect"],"picked":"Calculated Gamble","floor":2},{"not_picked":["Prepared","Acrobatics"],"picked":"Dagger Throw","floor":6},{"not_picked":["Tactician","Skewer"],"picked":"ReplayTheSpireMod:Scrap Shanks","floor":9},{"not_picked":["Endless Agony","Dagger Throw"],"picked":"Unload","floor":10},{"not_picked":["Slice","Poisoned Stab"],"picked":"Choke","floor":11}],"player_experience":240351,"relics_obtained":[{"floor":7,"key":"Singing Bowl"},{"floor":10,"key":"Ice Cream"}],"event_choices":[{"damage_healed":0,"gold_gain":0,"player_choice":"Box","damage_taken":0,"relics_obtained":["Boot"],"max_hp_gain":0,"max_hp_loss":0,"event_name":"Big Fish","floor":4,"gold_loss":0,"cards_obtained":["Regret"]}],"is_beta":false,"boss_relics":[],"items_purged_floors":[],"is_endless":false,"potions_floor_spawned":[6],"killed_by":"Gremlin Nob","ascension_level":13}}