{"host":"pu1pmxeu7vyxsds8","time":1614273753,"event":{"mods":["Act Like it!","BaseMod","Block Reminder","Minty Spire (QoL Compilation)","Permanent Neow","Quick Restart","Relic Stats"],"gold_per_floor":[119,44,57,3,16,48,48,58,58,58,91,91,105,139,139,239,239,250,268,281,281,281,306,332,347,347,364,395,408,408,408,408],"floor_reached":31,"language":"SPA","playtime":4375,"items_purged":["Strike_B"],"score":312,"play_id":"1ad3e031-d55a-4963-a8e5-2eeeaf48883d","local_time":"20210225142233","is_ascension_mode":true,"campfire_choices":[{"data":"Zap","floor":7.0,"key":"SMITH"},{"data":"Blizzard","floor":10.0,"key":"SMITH"},{"data":"Rainbow","floor":15.0,"key":"SMITH"},{"floor":30.0,"key":"REST"}],"circlet_count":0,"master_deck":["Defend_B","Defend_B","Defend_B","Defend_B","Zap+1","Dualcast","Flash of Steel","Rebound","Doom and Gloom","Coolheaded","Blizzard+1","Ball Lightning","Rainbow+1","Defragment","Ball Lightning","Multi-Cast","Darkness+1","Chaos+1","Self Repair+1","Capacitor","Ball Lightning","Chill","Steam","Hologram+1","Cold Snap","Steam+1"],"relics":["Cracked Core","TungstenRod","Unceasing Top","Calipers","Blood Vial","Ancient Tea Set","Astrolabe","Nilry\u0027s Codex","Question Card","Red Mask","Lizard Tail","Bottled Flame"],"acts_visited":[],"potions_floor_usage":[],"damage_taken":[{"damage":0.0,"enemies":"Cultist","floor":1.0,"turns":3.0},{"damage":0.0,"enemies":"2 Louse","floor":3.0,"turns":2.0},{"damage":0.0,"enemies":"Jaw Worm","floor":5.0,"turns":3.0},{"damage":16.0,"enemies":"3 Sentries","floor":6.0,"turns":7.0},{"damage":0.0,"enemies":"Large Slime","floor":8.0,"turns":4.0},{"damage":20.0,"enemies":"Lagavulin","floor":11.0,"turns":5.0},{"damage":6.0,"enemies":"Blue Slaver","floor":13.0,"turns":2.0},{"damage":15.0,"enemies":"Gremlin Nob","floor":14.0,"turns":3.0},{"damage":18.0,"enemies":"The Guardian","floor":16.0,"turns":8.0},{"damage":0.0,"enemies":"Spheric Guardian","floor":18.0,"turns":3.0},{"damage":8.0,"enemies":"Chosen","floor":19.0,"turns":4.0},{"damage":9.0,"enemies":"Sentry and Sphere","floor":20.0,"turns":5.0},{"damage":4.0,"enemies":"Gremlin Leader","floor":23.0,"turns":5.0},{"damage":24.0,"enemies":"Masked Bandits","floor":24.0,"turns":5.0},{"damage":0.0,"enemies":"Chosen and Byrds","floor":25.0,"turns":4.0},{"damage":34.0,"enemies":"Cultist and Chosen","floor":27.0,"turns":11.0},{"damage":14.0,"enemies":"Book of Stabbing","floor":28.0,"turns":7.0},{"damage":0.0,"enemies":"Snake Plant","floor":29.0,"turns":3.0},{"damage":30,"enemies":"Gremlin Leader","floor":31,"turns":7}],"seed_played":"6513698708424261251","potions_obtained":[{"floor":5.0,"key":"DistilledChaos"},{"floor":6.0,"key":"Strength Potion"},{"floor":11.0,"key":"FocusPotion"},{"floor":18.0,"key":"DuplicationPotion"},{"floor":19.0,"key":"SpeedPotion"},{"floor":23.0,"key":"SkillPotion"}],"is_trial":false,"path_per_floor":["M","$","M","?","M","E","R","M","T","R","E","?","M","E","R","B",null,"M","M","M","?","?","E","?","M","T","M","E","M","R","E"],"character_chosen":"DEFECT","items_purchased":[],"campfire_rested":1,"item_purchase_floors":[],"current_hp_per_floor":[75,75,75,75,75,59,59,59,59,59,39,44,40,27,27,11,80,80,72,65,65,53,61,39,41,41,19,7,9,33,5,5],"gold":408,"neow_bonus":"RANDOM_COLORLESS","is_daily":false,"chose_seed":false,"campfire_upgraded":3,"win_rate":0.0,"timestamp":1614273753,"path_taken":["M","$","M","?","?","E","R","M","T","R","E","?","M","E","R","BOSS","M","M","M","?","?","E","?","M","T","M","E","M","R","E"],"items_purchased_type":[],"build_version":"2020-12-22","purchased_purges":1,"victory":false,"max_hp_per_floor":[75,75,75,75,75,75,75,75,75,75,75,80,80,80,80,80,80,80,80,80,80,80,80,80,80,80,80,80,80,80,80,80],"relic_stats":{"Blood Vial":16,"Lizard Tail":0,"counters":[8,47],"Astrolabe":[],"Question Card":5,"obtain_stats":[{"Blood Vial":0,"Lizard Tail":26,"Bottled Flame":28,"Calipers":0,"Nilry\u0027s Codex":22,"Astrolabe":0,"Red Mask":24,"Cracked Core":0,"Ancient Tea Set":0,"Question Card":23,"TungstenRod":0,"Unceasing Top":0},{"Blood Vial":0,"Lizard Tail":4,"Bottled Flame":6,"Calipers":0,"Nilry\u0027s Codex":1,"Astrolabe":0,"Red Mask":3,"Cracked Core":0,"Ancient Tea Set":0,"Question Card":2,"TungstenRod":0,"Unceasing Top":0},{"Blood Vial":0,"Lizard Tail":19,"Bottled Flame":37,"Calipers":0,"Nilry\u0027s Codex":5,"Astrolabe":0,"Red Mask":15,"Cracked Core":0,"Ancient Tea Set":0,"Question Card":10,"TungstenRod":0,"Unceasing Top":0}],"TungstenRod":28,"Unceasing Top":[10]},"card_choices":[{"not_picked":["Finesse","Dark Shackles"],"picked":"Flash of Steel","floor":0.0},{"not_picked":["Conserve Battery","Genetic Algorithm"],"picked":"Rebound","floor":1.0},{"not_picked":["Steam Power","Sunder"],"picked":"Doom and Gloom","floor":3.0},{"not_picked":["Doom and Gloom","Leap"],"picked":"Coolheaded","floor":5.0},{"not_picked":["Steam","Machine Learning"],"picked":"Blizzard","floor":6.0},{"not_picked":["Blizzard","Rebound"],"picked":"Ball Lightning","floor":8.0},{"not_picked":["Rebound","BootSequence"],"picked":"Rainbow","floor":11.0},{"not_picked":["Gash","Blizzard"],"picked":"Defragment","floor":13.0},{"not_picked":["Stack","Sweeping Beam"],"picked":"Ball Lightning","floor":14.0},{"not_picked":["Reboot","All For One"],"picked":"Multi-Cast","floor":16.0},{"not_picked":["Rebound","Sweeping Beam"],"picked":"Capacitor","floor":18.0},{"not_picked":["Turbo+1","Streamline+1"],"picked":"Ball Lightning","floor":19.0},{"not_picked":["Streamline","Steam","Steam Power"],"picked":"SKIP","floor":20.0},{"not_picked":["Sunder","Creative AI","Undo"],"picked":"SKIP","floor":23.0},{"not_picked":["Compile Driver+1","Force Field","Barrage"],"picked":"Steam","floor":24.0},{"not_picked":["Skim+1","Streamline+1","Force Field+1"],"picked":"Hologram+1","floor":25.0},{"not_picked":["Stack","Fission","Doom and Gloom+1"],"picked":"Cold Snap","floor":27.0},{"not_picked":["Leap","Barrage","Conserve Battery","Tempest+1"],"picked":"SKIP","floor":28.0},{"not_picked":["Ball Lightning","Conserve Battery","Coolheaded"],"picked":"Steam+1","floor":29.0}],"player_experience":90198,"relics_obtained":[{"floor":6.0,"key":"Unceasing Top"},{"floor":9.0,"key":"Calipers"},{"floor":11.0,"key":"Blood Vial"},{"floor":14.0,"key":"Ancient Tea Set"},{"floor":22.0,"key":"Nilry\u0027s Codex"},{"floor":23.0,"key":"Question Card"},{"floor":24.0,"key":"Red Mask"},{"floor":26.0,"key":"Lizard Tail"},{"floor":28.0,"key":"Bottled Flame"}],"event_choices":[{"damage_healed":0.0,"max_hp_gain":0.0,"max_hp_loss":0.0,"gold_gain":0.0,"event_name":"WeMeetAgain","player_choice":"Paid Gold","floor":4.0,"gold_loss":54.0,"damage_taken":0.0,"relics_obtained":["TungstenRod"]},{"damage_healed":0.0,"max_hp_gain":5.0,"max_hp_loss":0.0,"gold_gain":0.0,"event_name":"Big Fish","player_choice":"Donut","floor":12.0,"gold_loss":0.0,"damage_taken":0.0},{"damage_healed":0.0,"max_hp_gain":0.0,"max_hp_loss":0.0,"gold_gain":0.0,"event_name":"The Library","player_choice":"Read","floor":21.0,"gold_loss":0.0,"damage_taken":0.0,"cards_obtained":["Chill"]},{"damage_healed":0.0,"max_hp_gain":0.0,"max_hp_loss":0.0,"gold_gain":0.0,"event_name":"Cursed Tome","player_choice":"Obtained Book","floor":22.0,"gold_loss":0.0,"damage_taken":16.0},{"damage_healed":0.0,"max_hp_gain":0.0,"max_hp_loss":0.0,"gold_gain":0.0,"event_name":"Masked Bandits","player_choice":"Fought Bandits","floor":24.0,"gold_loss":0.0,"damage_taken":0.0}],"is_beta":false,"boss_relics":[{"not_picked":["Cursed Key","Busted Crown"],"picked":"Astrolabe"}],"items_purged_floors":[2],"is_endless":false,"potions_floor_spawned":[5,6,11,13,18,19,23,28],"killed_by":"Gremlin Leader","ascension_level":1}}