{"host":"dbkc9h3etq50r1dq","time":1614268217,"event":{"mods":["100% Spire Juice","AchievementEnabler","BaseMod","Block Reminder","Colored Powertips","Curses Come First","Dark Map","Good Game Mod","Minty Spire (QoL Compilation)","Permanent Neow","Potion Indicator Mod","Random Character Button","Rare Cards Sparkle","StSLib","SuperFastMode","Weighted Paths"],"gold_per_floor":[367,22,33,51,66,66,86,118,118,146,146,163,43,78,78,179,179,73,73,89,89,89,89,104,104,104,137,167,219,219,144,144,245,245,263,279,35,49,0,0,26,26,26,52,52,87,103,153,153,153],"floor_reached":51,"language":"ZHS","playtime":1911,"items_purged":["Moonworks:Strike","Moonworks:Strike"],"score":954,"play_id":"b02b41ca-bf85-41f2-ba3a-f284206534dd","local_time":"20210225235017","is_ascension_mode":true,"campfire_choices":[{"data":"Moonworks:SakisCookie","floor":6.0,"key":"SMITH"},{"data":"Moonworks:SakisCookie","floor":11.0,"key":"SMITH"},{"data":"Moonworks:EvilSpyWorkPreparation","floor":15.0,"key":"SMITH"},{"data":"Moonworks:IndiscriminateFireSupport","floor":23.0,"key":"SMITH"},{"data":"Moonworks:SakisCookie","floor":25.0,"key":"SMITH"},{"data":"Moonworks:Ambush","floor":30.0,"key":"SMITH"},{"data":"Moonworks:ReflectiveShell","floor":32.0,"key":"SMITH"},{"data":"Moonworks:CrystalBarrier","floor":40,"key":"SMITH"},{"data":"Moonworks:NicePresent","floor":42,"key":"SMITH"},{"data":"Moonworks:ShieldCounter","floor":45,"key":"SMITH"},{"data":"Moonworks:BigMagnum","floor":49,"key":"SMITH"}],"circlet_count":0,"master_deck":["Moonworks:Strike+1","Moonworks:Strike+1","Moonworks:Defend","Moonworks:Defend","Moonworks:Defend","Moonworks:Ambush+1","Moonworks:LongDistanceShot","Moonworks:NicePresent+1","Moonworks:IndiscriminateFireSupport+1","Moonworks:ReflectiveShell+1","Moonworks:SakisCookie+1","Moonworks:EvilSpyWorkPreparation+1","Moonworks:SakisCookie+1","Moonworks:MiracleRedBeanIceCream","Moonworks:ShieldCounter+1","CurseOfTheBell","Moonworks:SakisCookie+1","Moonworks:DeployBits+1","Moonworks:ShieldCounter","Moonworks:WindyEnchantment","Moonworks:DeployBits+1","Moonworks:GoAway","Secret Weapon","Moonworks:ForcedRevival+1","Moonworks:SakisCookie+1","Moonworks:CrystalBarrier+1","Moonworks:BigMagnum+1","Moonworks:EvilSpyWorkPreparation+1"],"relics":["Moonworks:BrokenBomb","Moonworks:Homemark","REME:ComplimentaryCards","HornCleat","Letter Opener","Regal Pillow","Centennial Puzzle","Calling Bell","Tiny Chest","White Beast Statue","Ice Cream","Boot","WingedGreaves","CaptainsWheel","Vajra","Philosopher\u0027s Stone","Strange Spoon","Red Mask","Whetstone","Sundial","Happy Flower","Juzu Bracelet","TungstenRod"],"acts_visited":["Exordium","TheCity","TheBeyond"],"potions_floor_usage":[44,46,46,48,50,50],"damage_taken":[{"damage":0.0,"enemies":"Cultist","floor":1.0,"turns":4.0},{"damage":0.0,"enemies":"2 Louse","floor":2.0,"turns":2.0},{"damage":0.0,"enemies":"Jaw Worm","floor":3.0,"turns":3.0},{"damage":5.0,"enemies":"Large Slime","floor":4.0,"turns":6.0},{"damage":0.0,"enemies":"Looter","floor":5.0,"turns":2.0},{"damage":0.0,"enemies":"Lots of Slimes","floor":7.0,"turns":2.0},{"damage":4.0,"enemies":"Lagavulin","floor":8.0,"turns":6.0},{"damage":9.0,"enemies":"3 Sentries","floor":10.0,"turns":3.0},{"damage":0.0,"enemies":"Blue Slaver","floor":12.0,"turns":2.0},{"damage":0.0,"enemies":"Gremlin Nob","floor":14.0,"turns":4.0},{"damage":55.0,"enemies":"The Guardian","floor":16.0,"turns":11.0},{"damage":0.0,"enemies":"Spheric Guardian","floor":18.0,"turns":3.0},{"damage":0.0,"enemies":"3 Byrds","floor":20.0,"turns":3.0},{"damage":0.0,"enemies":"Centurion and Healer","floor":24.0,"turns":2.0},{"damage":0.0,"enemies":"Book of Stabbing","floor":27.0,"turns":3.0},{"damage":10.0,"enemies":"Gremlin Leader","floor":28.0,"turns":5.0},{"damage":22.0,"enemies":"Champ","floor":33.0,"turns":11.0},{"damage":2,"enemies":"3 Shapes","floor":35,"turns":3},{"damage":0,"enemies":"3 Darklings","floor":36,"turns":2},{"damage":0,"enemies":"Transient","floor":38,"turns":5},{"damage":0,"enemies":"Nemesis","floor":44,"turns":5},{"damage":0,"enemies":"Giant Head","floor":46,"turns":7},{"damage":0,"enemies":"Sphere and 2 Shapes","floor":47,"turns":3},{"damage":5,"enemies":"Mind Bloom Boss Battle","floor":48,"turns":1},{"damage":32,"enemies":"Donu and Deca","floor":50,"turns":6}],"seed_played":"5968037442884021517","potions_obtained":[{"floor":4.0,"key":"Regen Potion"},{"floor":8.0,"key":"ColorlessPotion"},{"floor":10.0,"key":"ColorlessPotion"},{"floor":14.0,"key":"SmokeBomb"},{"floor":18.0,"key":"BlessingOfTheForge"},{"floor":20.0,"key":"Energy Potion"},{"floor":24.0,"key":"Swift Potion"},{"floor":27.0,"key":"Fruit Juice"},{"floor":28.0,"key":"Strength Potion"},{"floor":33.0,"key":"Energy Potion"},{"floor":35,"key":"EssenceOfSteel"},{"floor":38,"key":"Weak Potion"},{"floor":44,"key":"SteroidPotion"},{"floor":46,"key":"Dexterity Potion"},{"floor":47,"key":"Fire Potion"},{"floor":48,"key":"SneckoOil"}],"is_trial":false,"path_per_floor":["M","M","M","M","M","R","M","E","T","E","R","M","$","E","R","B",null,"M","?","M","?","?","R","M","R","T","E","E","T","R","$","R","B",null,"M","M","$","M","?","R","T","R","T","E","R","E","M","?","R","B",null],"character_chosen":"THE_STARBREAKER","items_purchased":["Strange Spoon"],"campfire_rested":0,"item_purchase_floors":[37],"current_hp_per_floor":[42,42,42,37,42,42,45,44,44,40,40,43,43,49,49,5,60,60,60,60,50,50,50,56,56,56,70,60,60,60,60,60,48,70,70,70,70,70,70,70,70,70,70,70,70,70,70,70,70,46],"gold":153,"neow_bonus":"TWO_FIFTY_GOLD","is_daily":false,"chose_seed":false,"campfire_upgraded":11,"win_rate":0.0,"timestamp":1614268217,"path_taken":["M","M","M","M","?","R","M","E","T","E","R","M","$","E","R","BOSS","M","?","M","?","?","R","M","R","T","E","E","?","R","?","R","BOSS","M","?","$","M","?","R","?","R","T","E","R","E","M","?","R","BOSS"],"items_purchased_type":["Relic"],"build_version":"2020-12-22","purchased_purges":2,"victory":true,"max_hp_per_floor":[60,60,60,60,60,60,60,60,60,60,60,60,60,60,60,60,60,60,60,60,65,65,65,65,65,65,70,70,70,70,70,70,70,70,70,70,70,70,70,70,70,70,70,70,70,70,70,70,70,70],"card_choices":[{"not_picked":["Moonworks:BigMagnum","Moonworks:JonathanRush","Moonworks:CloudOfSeagulls"],"picked":"SKIP","floor":1.0},{"not_picked":["Moonworks:LulusLuckyEgg","Moonworks:BigMagnum"],"picked":"Moonworks:NicePresent","floor":2.0},{"not_picked":["Moonworks:ScrambledEve","Moonworks:RedAndBlue"],"picked":"Moonworks:IndiscriminateFireSupport","floor":3.0},{"not_picked":["Moonworks:ImOnFire","Moonworks:IndiscriminateFireSupport"],"picked":"Moonworks:ReflectiveShell","floor":4.0},{"not_picked":["Moonworks:JonathanRush","Moonworks:ImOnFire"],"picked":"Moonworks:SakisCookie","floor":5.0},{"not_picked":["Moonworks:TreasureThief","Moonworks:Heat300Percent"],"picked":"Moonworks:EvilSpyWorkPreparation","floor":7.0},{"not_picked":["Moonworks:EvilSpyWorkPreparation","Moonworks:SweetBattle"],"picked":"Moonworks:SakisCookie","floor":8.0},{"not_picked":["Moonworks:Assault","Moonworks:HolyNight","Moonworks:IntelligenceOfficer"],"picked":"SKIP","floor":10.0},{"not_picked":["Moonworks:JonathanRush","Moonworks:LulusLuckyEgg","Moonworks:BigMagnum"],"picked":"SKIP","floor":12.0},{"not_picked":["Moonworks:CloudOfSeagulls","Moonworks:BigMagnum"],"picked":"Moonworks:MiracleRedBeanIceCream","floor":14.0},{"not_picked":["Moonworks:WeAreWaruda","Moonworks:Accelerator"],"picked":"Moonworks:ShieldCounter","floor":16.0},{"not_picked":["Moonworks:MiracleWalker","Moonworks:DevilHand+1","Moonworks:SelfDestruct"],"picked":"SKIP","floor":18.0},{"not_picked":["Moonworks:ImOnFire+1","Moonworks:LulusLuckyEgg"],"picked":"Moonworks:DeployBits+1","floor":20.0},{"not_picked":["Moonworks:DeployBits+1","Moonworks:CloudOfSeagulls"],"picked":"Moonworks:ShieldCounter","floor":24.0},{"not_picked":["Moonworks:StarBlastingFuse","Moonworks:OutOfAmmo"],"picked":"Moonworks:WindyEnchantment","floor":27.0},{"not_picked":["Moonworks:BigMagnum","Moonworks:DevilHand"],"picked":"Moonworks:DeployBits+1","floor":28.0},{"not_picked":["Moonworks:LeapThroughSpace","Moonworks:Encore"],"picked":"Moonworks:GoAway","floor":33.0},{"not_picked":["Moonworks:ImOnFire","Moonworks:JonathanRush"],"picked":"Moonworks:ForcedRevival+1","floor":35},{"not_picked":["Moonworks:DeployBits","Moonworks:ImOnFire+1"],"picked":"Moonworks:SakisCookie+1","floor":36},{"not_picked":["Moonworks:FinalSurgery","Moonworks:BigMagnum"],"picked":"Moonworks:CrystalBarrier","floor":38},{"not_picked":["Moonworks:BackdoorTrade","Moonworks:SealedMemories","Moonworks:BigBangBell"],"picked":"SKIP","floor":44},{"not_picked":["Moonworks:LulusLuckyEgg","Moonworks:BindingChains","Moonworks:CastOff"],"picked":"SKIP","floor":46},{"not_picked":["Moonworks:CloudOfSeagulls+1","Moonworks:Assault"],"picked":"Moonworks:BigMagnum","floor":47},{"not_picked":["Moonworks:CloudOfSeagulls+1","Moonworks:DeployBits"],"picked":"Moonworks:EvilSpyWorkPreparation+1","floor":48}],"player_experience":174577,"relics_obtained":[{"floor":8.0,"key":"HornCleat"},{"floor":9.0,"key":"Letter Opener"},{"floor":10.0,"key":"Regal Pillow"},{"floor":14.0,"key":"Centennial Puzzle"},{"floor":17.0,"key":"Tiny Chest"},{"floor":17.0,"key":"White Beast Statue"},{"floor":17.0,"key":"Ice Cream"},{"floor":26.0,"key":"Boot"},{"floor":27.0,"key":"WingedGreaves"},{"floor":28.0,"key":"CaptainsWheel"},{"floor":29.0,"key":"Vajra"},{"floor":41,"key":"Whetstone"},{"floor":43,"key":"Sundial"},{"floor":44,"key":"Happy Flower"},{"floor":46,"key":"Juzu Bracelet"},{"floor":48,"key":"TungstenRod"}],"event_choices":[{"damage_healed":0.0,"max_hp_gain":0.0,"max_hp_loss":0.0,"gold_gain":0.0,"event_name":"The Library","player_choice":"Read","floor":19.0,"gold_loss":0.0,"damage_taken":0.0,"cards_obtained":["Moonworks:SakisCookie"]},{"damage_healed":0.0,"max_hp_gain":5.0,"max_hp_loss":0.0,"gold_gain":0.0,"event_name":"Forgotten Altar","player_choice":"Shed Blood","floor":21.0,"gold_loss":0.0,"damage_taken":15.0},{"cards_removed":["Moonworks:Defend"],"damage_healed":0.0,"max_hp_gain":0.0,"max_hp_loss":0.0,"gold_gain":0.0,"event_name":"Back to Basics","player_choice":"Elegance","floor":22.0,"gold_loss":0.0,"damage_taken":0.0},{"damage_healed":0,"gold_gain":0,"player_choice":"Paid","damage_taken":0,"relics_obtained":["Red Mask"],"max_hp_gain":0,"max_hp_loss":0,"event_name":"Tomb of Lord Red Mask","floor":39,"gold_loss":49},{"damage_healed":0,"gold_gain":0,"player_choice":"Fight","damage_taken":0,"max_hp_gain":0,"max_hp_loss":0,"event_name":"MindBloom","floor":48,"gold_loss":0}],"is_beta":false,"boss_relics":[{"not_picked":["SlaversCollar","SacredBark"],"picked":"Calling Bell"},{"not_picked":["Pandora\u0027s Box","Snecko Eye"],"picked":"Philosopher\u0027s Stone"}],"items_purged_floors":[31,37],"is_endless":false,"potions_floor_spawned":[4,8,10,14,18,20,24,27,28,33,35,36,38,44,46,47,48],"ascension_level":1}}