{"host":"3documaj6bjxgvk7","time":1614289789,"event":{"mods":["BaseMod","Bestiary","Block Reminder","DeckTracker","Filter the Spire","Keyboard Shortcuts","Minty Spire (QoL Compilation)","MonsterHotkey","Quick Restart","Random Character Button","Relic Stats","Slay-I","StSLib","Unceasing Turn Reminder","Weighted Paths","ojb\u0027s Better Paths Mod","ojb\u0027s Info Mod"],"gold_per_floor":[119,135,135,11,28,28,54,115,138,168,168,193,368,386,386,491,491,510,523,130,130,145,176,191,191,191,191,208,208,218,252,252,356,356,373,373,386,396,1395,1395,1395],"floor_reached":40,"language":"ENG","playtime":2989,"items_purged":["Defend_B","Zap"],"score":548,"play_id":"45834821-1f20-4129-b07c-21c205b90fb6","local_time":"20210225224949","is_ascension_mode":true,"campfire_choices":[{"data":"Dualcast","floor":6.0,"key":"SMITH"},{"data":"Doom and Gloom","floor":11.0,"key":"SMITH"},{"floor":15.0,"key":"DIG"},{"data":"Defragment","floor":25.0,"key":"SMITH"},{"floor":27.0,"key":"DIG"},{"floor":29.0,"key":"DIG"},{"floor":32.0,"key":"DIG"}],"circlet_count":0,"master_deck":["Strike_B","Strike_B","Defend_B+1","Defend_B+1","Dualcast+1","Self Repair","Cold Snap","Doom and Gloom+1","Conserve Battery+1","BootSequence+1","Core Surge","Hologram+1","Defragment+1","Glacier+1","Necronomicurse","Steam+1","Chill+1","Conserve Battery+1","Defragment","Core Surge","Go for the Eyes+1","Ball Lightning+1","Cold Snap","Parasite","Fusion+1","Capacitor","Normality","Normality"],"relics":["Cracked Core","Dream Catcher","Toy Ornithopter","Toxic Egg 2","Shovel","Akabeko","Empty Cage","Medical Kit","Necronomicon","Regal Pillow","Blue Candle","Pocketwatch","Prayer Wheel","Anchor","MealTicket","Runic Dome"],"acts_visited":["Exordium","TheCity","TheBeyond"],"potions_floor_usage":[],"damage_taken":[{"damage":7.0,"enemies":"2 Louse","floor":1.0,"turns":2.0},{"damage":5.0,"enemies":"Small Slimes","floor":2.0,"turns":3.0},{"damage":0.0,"enemies":"Cultist","floor":5.0,"turns":4.0},{"damage":14.0,"enemies":"Gremlin Nob","floor":7.0,"turns":4.0},{"damage":10.0,"enemies":"Lagavulin","floor":12.0,"turns":6.0},{"damage":3.0,"enemies":"3 Louse","floor":14.0,"turns":2.0},{"damage":13.0,"enemies":"The Guardian","floor":16.0,"turns":11.0},{"damage":14.0,"enemies":"3 Byrds","floor":18.0,"turns":5.0},{"damage":10.0,"enemies":"2 Thieves","floor":19.0,"turns":5.0},{"damage":0.0,"enemies":"Cultist and Chosen","floor":22.0,"turns":4.0},{"damage":2.0,"enemies":"Slavers","floor":23.0,"turns":3.0},{"damage":9.0,"enemies":"Snake Plant","floor":24.0,"turns":4.0},{"damage":1.0,"enemies":"Snecko","floor":28.0,"turns":5.0},{"damage":1.0,"enemies":"Shelled Parasite and Fungi","floor":30.0,"turns":4.0},{"damage":11.0,"enemies":"Book of Stabbing","floor":31.0,"turns":7.0},{"damage":25.0,"enemies":"Automaton","floor":33.0,"turns":10.0},{"damage":7.0,"enemies":"Orb Walker","floor":35.0,"turns":5.0},{"damage":0.0,"enemies":"3 Shapes","floor":37.0,"turns":1.0},{"damage":49.0,"enemies":"Writhing Mass","floor":38.0,"turns":5.0},{"damage":37,"enemies":"Giant Head","floor":40,"turns":5}],"seed_played":"6998242570066790249","potions_obtained":[{"floor":2.0,"key":"Energy Potion"},{"floor":14.0,"key":"Ancient Potion"},{"floor":18.0,"key":"EssenceOfSteel"},{"floor":22.0,"key":"Swift Potion"},{"floor":28.0,"key":"ColorlessPotion"},{"floor":31.0,"key":"EssenceOfDarkness"},{"floor":38.0,"key":"LiquidMemories"}],"is_trial":false,"path_per_floor":["M","M","?","$","M","R","E","?","T","?","R","E","?","M","R","B",null,"M","M","$","?","M","E","M","R","T","R","M","R","M","E","R","B",null,"M","?","M","M","?","E"],"character_chosen":"DEFECT","items_purchased":["Energy Potion","Medical Kit","Defragment","Glacier+1"],"campfire_rested":0,"item_purchase_floors":[4,20,20,20],"current_hp_per_floor":[47,42,27,27,34,34,27,27,27,27,27,24,24,28,28,22,75,68,65,65,49,56,61,64,64,64,64,70,70,75,71,71,53,75,75,75,75,33,33,0,0],"gold":1395,"neow_bonus":"REMOVE_TWO","is_daily":false,"chose_seed":false,"campfire_upgraded":3,"win_rate":0.0,"timestamp":1614289789,"path_taken":["M","M","?","$","M","R","E","?","T","?","R","E","?","M","R","BOSS","M","M","$","?","M","E","M","R","T","R","M","R","M","E","R","BOSS","M","?","?","M","?","E"],"items_purchased_type":["Potion","Relic","Card","Card"],"build_version":"2020-12-22","purchased_purges":2,"victory":false,"max_hp_per_floor":[75,75,75,75,75,75,75,75,75,75,75,75,75,75,75,75,75,75,75,75,75,75,75,75,75,75,75,75,75,75,75,75,75,75,75,75,75,75,75,75,75],"relic_stats":{"Dream Catcher":0,"Regal Pillow":0,"Shovel":4,"counters":[20,95],"Blue Candle":[4],"Prayer Wheel":4,"MealTicket":0,"Necronomicon":[17],"Medical Kit":[4],"obtain_stats":[{"Regal Pillow":23,"Blue Candle":26,"Empty Cage":17,"Medical Kit":20,"Akabeko":15,"Runic Dome":34,"Dream Catcher":7,"Anchor":31,"Shovel":12,"Prayer Wheel":29,"MealTicket":32,"Necronomicon":21,"Toxic Egg 2":10,"Cracked Core":0,"Toy Ornithopter":9,"Pocketwatch":27},{"Regal Pillow":11,"Blue Candle":12,"Empty Cage":7,"Medical Kit":9,"Akabeko":6,"Runic Dome":16,"Dream Catcher":4,"Anchor":15,"Shovel":5,"Prayer Wheel":13,"MealTicket":15,"Necronomicon":9,"Toxic Egg 2":4,"Cracked Core":0,"Toy Ornithopter":4,"Pocketwatch":12},{"Regal Pillow":49,"Blue Candle":53,"Empty Cage":32,"Medical Kit":42,"Akabeko":21,"Runic Dome":79,"Dream Catcher":13,"Anchor":69,"Shovel":19,"Prayer Wheel":58,"MealTicket":69,"Necronomicon":42,"Toxic Egg 2":13,"Cracked Core":0,"Toy Ornithopter":13,"Pocketwatch":53}],"Toy Ornithopter":10,"Pocketwatch":[51]},"card_choices":[{"not_picked":["Coolheaded","Turbo","White Noise"],"picked":"SKIP","floor":1.0},{"not_picked":["Double Energy","Barrage"],"picked":"Self Repair","floor":2.0},{"not_picked":["Stack","Steam"],"picked":"Cold Snap","floor":5.0},{"not_picked":["Undo","Scrape"],"picked":"Doom and Gloom","floor":7.0},{"not_picked":["Redo+1","BootSequence+1"],"picked":"Conserve Battery+1","floor":12.0},{"not_picked":["Beam Cell","Storm"],"picked":"BootSequence+1","floor":14.0},{"not_picked":["Electrodynamics","Meteor Strike"],"picked":"Core Surge","floor":16.0},{"not_picked":["Beam Cell+1","Leap+1"],"picked":"Hologram+1","floor":18.0},{"not_picked":["Consume+1","Gash","Beam Cell+1"],"picked":"SKIP","floor":19.0},{"not_picked":["Melter","Sunder+1"],"picked":"Steam+1","floor":22.0},{"not_picked":["Redo+1","Turbo+1"],"picked":"Chill+1","floor":23.0},{"not_picked":["Coolheaded+1","Force Field+1","Leap+1"],"picked":"SKIP","floor":24.0},{"not_picked":["Buffer","Steam+1"],"picked":"Conserve Battery+1","floor":28.0},{"not_picked":["Compile Driver","Sweeping Beam"],"picked":"Defragment","floor":30.0},{"not_picked":["Static Discharge","Auto Shields+1","Coolheaded+1"],"picked":"SKIP","floor":30.0},{"not_picked":["Hologram+1","Beam Cell","Coolheaded+1"],"picked":"SKIP","floor":31.0},{"not_picked":["Electrodynamics","Thunder Strike"],"picked":"Core Surge","floor":33.0},{"not_picked":["Stack+1","Beam Cell+1"],"picked":"Go for the Eyes+1","floor":35.0},{"not_picked":["Leap+1","Rip and Tear"],"picked":"Ball Lightning+1","floor":35.0},{"not_picked":["Beam Cell","Gash+1"],"picked":"Cold Snap","floor":37.0},{"not_picked":["Static Discharge","Redo+1","Rip and Tear"],"picked":"SKIP","floor":37.0},{"not_picked":["Consume+1","Self Repair"],"picked":"Fusion+1","floor":38.0},{"not_picked":["Loop+1","Machine Learning"],"picked":"Capacitor","floor":38.0}],"player_experience":97381,"relics_obtained":[{"floor":7.0,"key":"Dream Catcher"},{"floor":9.0,"key":"Toy Ornithopter"},{"floor":12.0,"key":"Shovel"},{"floor":15.0,"key":"Akabeko"},{"floor":21.0,"key":"Necronomicon"},{"floor":23.0,"key":"Regal Pillow"},{"floor":26.0,"key":"Blue Candle"},{"floor":27.0,"key":"Pocketwatch"},{"floor":29.0,"key":"Prayer Wheel"},{"floor":31.0,"key":"Anchor"},{"floor":32.0,"key":"MealTicket"}],"event_choices":[{"damage_healed":0.0,"max_hp_gain":0.0,"max_hp_loss":0.0,"gold_gain":0.0,"event_name":"Shining Light","player_choice":"Entered Light","floor":3.0,"gold_loss":0.0,"damage_taken":15.0,"cards_upgraded":["Defend_B","Defend_B"]},{"damage_healed":0.0,"max_hp_gain":0.0,"max_hp_loss":0.0,"gold_gain":61.0,"event_name":"Golden Wing","player_choice":"Gained Gold","floor":8.0,"gold_loss":0.0,"damage_taken":0.0},{"damage_healed":0.0,"max_hp_gain":0.0,"max_hp_loss":0.0,"gold_gain":30.0,"event_name":"Dead Adventurer","player_choice":"Searched \u00273\u0027 times","floor":10.0,"gold_loss":0.0,"damage_taken":0.0,"relics_obtained":["Toxic Egg 2"]},{"damage_healed":0.0,"max_hp_gain":0.0,"max_hp_loss":0.0,"gold_gain":175.0,"event_name":"Liars Game","player_choice":"AGREE","floor":13.0,"gold_loss":0.0,"damage_taken":0.0,"cards_obtained":["Doubt"]},{"damage_healed":0.0,"max_hp_gain":0.0,"max_hp_loss":0.0,"gold_gain":0.0,"event_name":"Cursed Tome","player_choice":"Obtained Book","floor":21.0,"gold_loss":0.0,"damage_taken":16.0},{"damage_healed":0.0,"max_hp_gain":0.0,"max_hp_loss":0.0,"gold_gain":0.0,"event_name":"The Woman in Blue","player_choice":"Bought 0 Potions","floor":36.0,"gold_loss":0.0,"damage_taken":0.0},{"damage_healed":0.0,"max_hp_gain":0.0,"max_hp_loss":0.0,"gold_gain":999.0,"event_name":"MindBloom","player_choice":"Gold","floor":39.0,"gold_loss":0.0,"damage_taken":0.0,"cards_obtained":["Normality","Normality"]}],"is_beta":false,"boss_relics":[{"not_picked":["Busted Crown","Tiny House"],"picked":"Empty Cage"},{"not_picked":["Pandora\u0027s Box","SacredBark"],"picked":"Runic Dome"}],"items_purged_floors":[4,20],"is_endless":false,"potions_floor_spawned":[2,14,18,22,28,31,35,38],"killed_by":"Giant Head","ascension_level":4}}