{"host":"z4nt7tdd4gjrinn7","time":1614273304,"event":{"mods":["100% Spire Juice","BaseMod","Minty Spire (QoL Compilation)","StSLib"],"gold_per_floor":[118,118,132,132,53,53,53,53,130,130,141,154,81,81,81,177,177,191,35,47,47,63,63,92,0,24,24,24,34,52,151,151,246,246,266,266,277,277,82,109,109,109],"floor_reached":41,"language":"ENG","playtime":2579,"items_purged":[],"score":452,"play_id":"b5e13d97-ef9d-4088-84f1-41b17331415e","local_time":"20210225121504","is_ascension_mode":false,"campfire_choices":[{"floor":6,"key":"REST"},{"floor":10,"key":"REST"},{"floor":15,"key":"REST"},{"floor":23,"key":"REST"},{"floor":27,"key":"REST"},{"floor":32,"key":"REST"}],"circlet_count":0,"master_deck":["Strike_B","Strike_B","Strike_B+1","Strike_B","Defend_B","Defend_B","Defend_B+1","Defend_B","Zap","Dualcast","FTL","Ball Lightning","Stack","Storm","Auto Shields","Static Discharge","Shame","Cold Snap+1","Chaos+1","Steam","Sunder+1","Scrape+1","Ball Lightning+1","Sweeping Beam+1","Hologram+1","Core Surge+1","Redo+1","Writhe","BootSequence+1","Dramatic Entrance+1","Defragment","Doom and Gloom+1"],"relics":["Cracked Core","WingedGreaves","Molten Egg 2","WarpedTongs","Astrolabe","Strawberry","Toxic Egg 2","Nunchaku","Black Star","Lee\u0027s Waffle","Question Card","Bag of Preparation"],"acts_visited":["Exordium","TheCity","TheBeyond"],"potions_floor_usage":[16,30,33,40,41],"damage_taken":[{"damage":6,"enemies":"Jaw Worm","floor":1,"turns":4},{"damage":5,"enemies":"Small Slimes","floor":3,"turns":3},{"damage":5,"enemies":"2 Louse","floor":11,"turns":2},{"damage":6,"enemies":"Gremlin Gang","floor":12,"turns":4},{"damage":36,"enemies":"The Guardian","floor":16,"turns":10},{"damage":5,"enemies":"3 Byrds","floor":18,"turns":5},{"damage":9,"enemies":"Chosen","floor":20,"turns":5},{"damage":29,"enemies":"Centurion and Healer","floor":22,"turns":9},{"damage":31,"enemies":"Gremlin Leader","floor":24,"turns":8},{"damage":15,"enemies":"3 Cultists","floor":29,"turns":4},{"damage":7,"enemies":"Snecko","floor":30,"turns":3},{"damage":88,"enemies":"Collector","floor":33,"turns":9},{"damage":38,"enemies":"3 Darklings","floor":35,"turns":5},{"damage":3,"enemies":"3 Shapes","floor":37,"turns":4},{"damage":61,"enemies":"Reptomancer","floor":40,"turns":5},{"damage":60,"enemies":"Writhing Mass","floor":41,"turns":6}],"seed_played":"3146588740841704255","potions_obtained":[{"floor":0,"key":"SmokeBomb"},{"floor":0,"key":"ColorlessPotion"},{"floor":0,"key":"Ancient Potion"},{"floor":3,"key":"FairyPotion"},{"floor":16,"key":"SteroidPotion"},{"floor":24,"key":"Fire Potion"},{"floor":33,"key":"Explosive Potion"},{"floor":35,"key":"Dexterity Potion"}],"is_trial":false,"path_per_floor":["M","?","M","?","$","R","?","$","T","R","M","M","$","?","R","B",null,"M","$","M","$","M","R","E","?","T","R","?","M","M","?","R","B",null,"M","?","M","?","$","E","M"],"character_chosen":"DEFECT","items_purchased":["Ball Lightning","Stack","Static Discharge","Strawberry","Lee\u0027s Waffle","Defragment"],"campfire_rested":6,"item_purchase_floors":[5,5,13,19,39,39],"current_hp_per_floor":[69,54,49,54,54,78,71,71,71,80,75,69,69,69,80,44,80,75,82,73,73,44,70,39,39,39,65,65,50,43,43,69,26,87,49,71,68,68,94,33,0,0],"gold":109,"neow_bonus":"THREE_SMALL_POTIONS","is_daily":false,"chose_seed":false,"campfire_upgraded":0,"win_rate":0.0,"timestamp":1614273304,"path_taken":["M","?","M","?","$","R","?","$","T","R","M","?","$","?","R","BOSS","M","$","?","$","M","R","E","?","T","R","?","M","M","?","R","BOSS","M","?","M","?","?","E","?"],"items_purchased_type":["Card","Card","Card","Relic","Relic","Card"],"build_version":"2020-12-22","purchased_purges":0,"victory":false,"max_hp_per_floor":[75,75,75,80,80,80,80,80,80,80,80,80,80,80,80,80,80,80,87,87,87,87,87,87,87,87,87,87,87,87,87,87,87,87,87,87,87,87,94,94,94,94],"card_choices":[{"not_picked":["Consume","Scrape"],"picked":"FTL","floor":1},{"not_picked":["Beam Cell","Cold Snap"],"picked":"Compile Driver","floor":3},{"not_picked":["Sweeping Beam+1","Barrage+1"],"picked":"Storm","floor":11},{"not_picked":["Cold Snap+1","Beam Cell+1"],"picked":"Auto Shields","floor":12},{"not_picked":["Meteor Strike+1","Machine Learning"],"picked":"Core Surge+1","floor":16},{"not_picked":["Chaos","Coolheaded"],"picked":"Steam","floor":18},{"not_picked":["Force Field","Skim"],"picked":"Sunder+1","floor":20},{"not_picked":["Beam Cell+1","Cold Snap+1"],"picked":"Scrape+1","floor":22},{"not_picked":["Hologram+1","Beam Cell+1"],"picked":"Ball Lightning+1","floor":24},{"not_picked":["Force Field+1","Fusion+1"],"picked":"Sweeping Beam+1","floor":29},{"not_picked":["Reprogram+1","Sunder+1"],"picked":"Hologram+1","floor":30},{"not_picked":["Meteor Strike+1","Amplify+1"],"picked":"Core Surge+1","floor":33},{"not_picked":["Turbo+1","Streamline+1"],"picked":"Redo+1","floor":35},{"not_picked":["Leap+1","Skim+1"],"picked":"BootSequence+1","floor":37},{"not_picked":["Impatience+1","Flash of Steel+1"],"picked":"Dramatic Entrance+1","floor":38},{"not_picked":["Reboot+1","Barrage+1"],"picked":"Doom and Gloom+1","floor":40}],"player_experience":250619,"relics_obtained":[{"floor":9,"key":"Molten Egg 2"},{"floor":24,"key":"Toxic Egg 2"},{"floor":26,"key":"Nunchaku"},{"floor":40,"key":"Question Card"},{"floor":40,"key":"Bag of Preparation"}],"event_choices":[{"damage_healed":0,"gold_gain":0,"player_choice":"Entered Light","damage_taken":15,"max_hp_gain":0,"max_hp_loss":0,"event_name":"Shining Light","floor":2,"gold_loss":0,"cards_upgraded":["Strike_B","Defend_B"]},{"damage_healed":0,"gold_gain":0,"player_choice":"Donut","damage_taken":0,"max_hp_gain":5,"max_hp_loss":0,"event_name":"Big Fish","floor":4,"gold_loss":0},{"damage_healed":0,"gold_gain":0,"player_choice":"Success","damage_taken":7,"relics_obtained":["WingedGreaves"],"max_hp_gain":0,"max_hp_loss":0,"event_name":"Scrap Ooze","floor":7,"gold_loss":0},{"damage_healed":0,"gold_gain":0,"player_choice":"Rummage","damage_taken":0,"relics_obtained":["WarpedTongs"],"max_hp_gain":0,"max_hp_loss":0,"event_name":"Accursed Blacksmith","floor":14,"gold_loss":0,"cards_obtained":["Pain"]},{"damage_healed":0,"gold_gain":0,"player_choice":"Paid Fearfully","damage_taken":0,"max_hp_gain":0,"max_hp_loss":0,"event_name":"Masked Bandits","floor":25,"gold_loss":92},{"damage_healed":0,"gold_gain":0,"player_choice":"Ignored","damage_taken":0,"max_hp_gain":0,"max_hp_loss":0,"event_name":"Ghosts","floor":28,"gold_loss":0},{"damage_healed":0,"gold_gain":99,"player_choice":"Stole From Cult","damage_taken":0,"max_hp_gain":0,"max_hp_loss":0,"event_name":"Nest","floor":31,"gold_loss":0},{"damage_healed":22,"gold_gain":0,"player_choice":"Writhe","damage_taken":0,"max_hp_gain":0,"max_hp_loss":0,"event_name":"Winding Halls","floor":36,"gold_loss":0,"cards_obtained":["Writhe"]},{"damage_healed":0,"gold_gain":0,"player_choice":"Memory 1","damage_taken":0,"max_hp_gain":0,"max_hp_loss":0,"event_name":"SensoryStone","floor":38,"gold_loss":0}],"is_beta":false,"boss_relics":[{"not_picked":["Velvet Choker","Coffee Dripper"],"picked":"Astrolabe"},{"not_picked":["Pandora\u0027s Box","Runic Pyramid"],"picked":"Black Star"}],"items_purged_floors":[],"is_endless":false,"potions_floor_spawned":[3,12,16,24,33,35],"killed_by":"Writhing Mass","ascension_level":0}}