{"host":"gc8yb33y1dm65mio","time":1614217711,"event":{"mods":["BaseMod","Bestiary","Colored Map","Colored Powertips","Curses Come First","Highlight Path","Minty Spire (QoL Compilation)","Quick Restart","Relic Stats","StSLib"],"gold_per_floor":[109,109,34,49,49,49,49],"floor_reached":6,"language":"ENG","playtime":251,"items_purged":[],"score":66,"play_id":"a0f3d45f-a287-426e-a459-2adefea1c828","local_time":"20210224174831","is_ascension_mode":true,"campfire_choices":[],"circlet_count":0,"master_deck":["AscendersBane","Strike_G","Strike_G","Strike_G","Defend_G","Defend_G","Defend_G","Defend_G","Defend_G","Survivor","Neutralize","Glass Knife","Crippling Poison"],"relics":["Ring of the Snake","Nunchaku"],"acts_visited":["Exordium"],"potions_floor_usage":[],"damage_taken":[{"damage":4,"enemies":"Small Slimes","floor":1,"turns":4},{"damage":0,"enemies":"Jaw Worm","floor":4,"turns":4},{"damage":39,"enemies":"3 Sentries","floor":6,"turns":13}],"seed_played":"9122239189882589528","potions_obtained":[],"is_trial":false,"path_per_floor":["M","?","?","M","?","E"],"character_chosen":"THE_SILENT","items_purchased":[],"campfire_rested":0,"item_purchase_floors":[],"current_hp_per_floor":[55,48,48,48,48,9,9],"gold":49,"neow_bonus":"THREE_RARE_CARDS","is_daily":false,"chose_seed":false,"campfire_upgraded":0,"win_rate":0.0,"timestamp":1614217711,"path_taken":["M","?","?","M","?","E"],"items_purchased_type":[],"build_version":"2020-12-22","purchased_purges":0,"victory":false,"max_hp_per_floor":[60,60,60,60,60,60,60],"relic_stats":{"Nunchaku":[1],"counters":[3,21],"obtain_stats":[{"Nunchaku":5,"Ring of the Snake":0},{"Nunchaku":2,"Ring of the Snake":0},{"Nunchaku":8,"Ring of the Snake":0}],"Ring of the Snake":[6]},"card_choices":[{"not_picked":["A Thousand Cuts","Venomology"],"picked":"Glass Knife","floor":0},{"not_picked":["Backflip","Underhanded Strike"],"picked":"Crippling Poison","floor":1},{"not_picked":["Crippling Poison","Choke","Sucker Punch"],"picked":"SKIP","floor":4}],"player_experience":1097608,"relics_obtained":[{"floor":5,"key":"Nunchaku"}],"event_choices":[{"cards_removed":["Strike_G"],"damage_healed":0,"gold_gain":0,"player_choice":"Card Removal","damage_taken":7,"max_hp_gain":0,"max_hp_loss":0,"event_name":"Golden Wing","floor":2,"gold_loss":0},{"cards_removed":["Strike_G"],"damage_healed":0,"gold_gain":0,"player_choice":"Card Removal","damage_taken":0,"max_hp_gain":0,"max_hp_loss":0,"event_name":"The Cleric","floor":3,"gold_loss":75},{"damage_healed":0,"gold_gain":0,"player_choice":"Relic","damage_taken":0,"max_hp_gain":0,"max_hp_loss":0,"event_name":"Wheel of Change","floor":5,"gold_loss":0}],"is_beta":false,"boss_relics":[],"items_purged_floors":[],"is_endless":false,"potions_floor_spawned":[],"killed_by":"3 Sentries","ascension_level":19}}