{"host":"8rgpnls124hwjv5t","time":1614235245,"event":{"mods":["BaseMod","Better Third Choice","Colored Map","Colored Powertips","DeckTracker","Highlight Path","Minty Spire (QoL Compilation)","Permanent Neow","Quick Restart","Relic Stats","StSLib"],"gold_per_floor":[212,225,13,29,104,136,136,146,146,88,101,101,119,131,131,210,210,227,244,254,266,156,183,183,215,215,215,33,59,159,159,159,238,238,255,155,155,165,40,40,40,71,71,96,96,96,96,96,96,96],"floor_reached":51,"language":"ENG","playtime":3829,"items_purged":["Defend_G","Strike_G","Envenom"],"score":1558,"play_id":"a84e95dc-ebc1-4032-9145-fc4dc82de563","local_time":"20210225014045","is_ascension_mode":true,"campfire_choices":[{"floor":7,"key":"REST"},{"data":"Blade Dance","floor":12,"key":"SMITH"},{"data":"Blade Dance","floor":15,"key":"SMITH"},{"floor":24,"key":"REST"},{"floor":27,"key":"REST"},{"floor":32,"key":"REST"},{"data":"Accuracy","floor":40,"key":"SMITH"},{"data":"Blade Dance","floor":41,"key":"SMITH"},{"data":"Tools of the Trade","floor":46,"key":"SMITH"},{"data":"Acrobatics","floor":47,"key":"SMITH"},{"data":"Neutralize","floor":49,"key":"SMITH"}],"circlet_count":0,"master_deck":["AscendersBane","Defend_G","Defend_G","Defend_G","Defend_G","Survivor","Neutralize","Blade Dance+1","Blur","Blade Dance+1","Underhanded Strike","Predator+1","Backflip","Slice","Bullet Time+1","Concentrate+1","Crippling Poison+1","Blade Dance+1","Deflect","Escape Plan","Backflip+1","Acrobatics+1","Blade Dance+1","Deflect+1","Tools of the Trade+1","Backflip+1","Accuracy+1","Accuracy+1","Neutralize+1"],"relics":["Ring of the Snake","Nunchaku","Lantern","Kunai","Du-Vu Doll","Astrolabe","Happy Flower","Juzu Bracelet","Bottled Flame","Dream Catcher","WingedGreaves","Mercury Hourglass","SlaversCollar","Question Card","Mummified Hand","Ginger"],"acts_visited":["Exordium","TheCity","TheBeyond"],"potions_floor_usage":[6,8,20,23,29,29,30,33,44,50],"damage_taken":[{"damage":1,"enemies":"Small Slimes","floor":1,"turns":4},{"damage":0,"enemies":"2 Louse","floor":2,"turns":2},{"damage":2,"enemies":"Cultist","floor":4,"turns":5},{"damage":24,"enemies":"Gremlin Nob","floor":6,"turns":4},{"damage":0,"enemies":"Gremlin Gang","floor":8,"turns":3},{"damage":0,"enemies":"Blue Slaver","floor":11,"turns":2},{"damage":0,"enemies":"Lots of Slimes","floor":13,"turns":5},{"damage":1,"enemies":"3 Louse","floor":14,"turns":3},{"damage":4,"enemies":"The Guardian","floor":16,"turns":11},{"damage":1,"enemies":"2 Thieves","floor":18,"turns":4},{"damage":13,"enemies":"Spheric Guardian","floor":19,"turns":6},{"damage":1,"enemies":"Snake Plant","floor":20,"turns":4},{"damage":10,"enemies":"Centurion and Healer","floor":21,"turns":6},{"damage":21,"enemies":"Slavers","floor":23,"turns":5},{"damage":11,"enemies":"Gremlin Leader","floor":25,"turns":7},{"damage":10,"enemies":"Book of Stabbing","floor":29,"turns":3},{"damage":0,"enemies":"Colosseum Slavers","floor":30,"turns":2},{"damage":19,"enemies":"Colosseum Nobs","floor":30,"turns":4},{"damage":18,"enemies":"Automaton","floor":33,"turns":7},{"damage":0,"enemies":"Orb Walker","floor":35,"turns":3},{"damage":0,"enemies":"3 Shapes","floor":38,"turns":3},{"damage":0,"enemies":"Giant Head","floor":42,"turns":4},{"damage":0,"enemies":"Reptomancer","floor":44,"turns":4},{"damage":2,"enemies":"Awakened One","floor":50,"turns":9}],"seed_played":"7175453778800311881","potions_obtained":[{"floor":1,"key":"Explosive Potion"},{"floor":6,"key":"Fire Potion"},{"floor":13,"key":"Poison Potion"},{"floor":14,"key":"DistilledChaos"},{"floor":25,"key":"LiquidBronze"},{"floor":29,"key":"ColorlessPotion"},{"floor":30,"key":"AttackPotion"},{"floor":31,"key":"Dexterity Potion"},{"floor":33,"key":"Block Potion"},{"floor":35,"key":"Strength Potion"},{"floor":38,"key":"CunningPotion"}],"is_trial":false,"path_per_floor":["M","M","$","M","?","E","R","M","T","?","M","R","M","M","R","B",null,"M","M","M","M","?","E","R","E","T","R","$","E","?","?","R","B",null,"M","$","?","M","$","R","R","E","T","E","?","R","R","?","R","B",null],"character_chosen":"THE_SILENT","items_purchased":["Nunchaku","Noxious Fumes","Blade Dance","PowerPotion"],"campfire_rested":4,"item_purchase_floors":[3,3,28,28],"current_hp_per_floor":[58,58,58,56,45,21,40,40,40,40,40,40,40,39,39,35,58,57,44,43,33,33,12,31,20,20,39,39,29,10,10,29,11,52,52,52,52,52,52,52,52,52,52,52,63,63,63,63,63,61],"gold":96,"neow_bonus":"HUNDRED_GOLD","is_daily":false,"chose_seed":false,"campfire_upgraded":7,"win_rate":0.0,"timestamp":1614235245,"path_taken":["M","M","$","M","?","E","R","M","T","?","?","R","M","M","R","BOSS","M","M","?","M","?","E","R","E","T","R","$","E","?","?","R","BOSS","M","?","?","M","$","R","R","E","T","E","?","R","R","?","R","BOSS"],"items_purchased_type":["Relic","Card","Card","Potion"],"build_version":"2020-12-22","purchased_purges":3,"victory":true,"max_hp_per_floor":[66,66,66,66,66,66,66,66,66,66,66,66,66,66,66,66,66,66,66,66,66,66,66,66,66,66,66,66,66,66,66,66,66,66,66,66,63,63,63,63,63,63,63,63,63,63,63,63,63,63],"relic_stats":{"Happy Flower":[15],"counters":[24,110],"Astrolabe":["Bullet Time","Concentrate","Crippling Poison"],"Juzu Bracelet":2,"Ginger":[0],"Question Card":1,"Mercury Hourglass":[138],"Nunchaku":[49],"Dream Catcher":1,"Mummified Hand":[4],"Kunai":[120],"obtain_stats":[{"Lantern":6,"Happy Flower":23,"Astrolabe":17,"Juzu Bracelet":25,"Ginger":44,"Question Card":42,"Mercury Hourglass":30,"Du-Vu Doll":10,"SlaversCollar":34,"Nunchaku":3,"Bottled Flame":26,"Dream Catcher":29,"Mummified Hand":43,"WingedGreaves":30,"Kunai":9,"Ring of the Snake":0},{"Lantern":4,"Happy Flower":14,"Astrolabe":9,"Juzu Bracelet":15,"Ginger":23,"Question Card":22,"Mercury Hourglass":18,"Du-Vu Doll":5,"SlaversCollar":19,"Nunchaku":2,"Bottled Flame":15,"Dream Catcher":16,"Mummified Hand":22,"WingedGreaves":18,"Kunai":5,"Ring of the Snake":0},{"Lantern":15,"Happy Flower":64,"Astrolabe":39,"Juzu Bracelet":71,"Ginger":101,"Question Card":97,"Mercury Hourglass":80,"Du-Vu Doll":18,"SlaversCollar":87,"Nunchaku":6,"Bottled Flame":71,"Dream Catcher":74,"Mummified Hand":97,"WingedGreaves":80,"Kunai":18,"Ring of the Snake":0}],"Ring of the Snake":[48]},"card_choices":[{"not_picked":["Sucker Punch","PiercingWail"],"picked":"Blade Dance","floor":1},{"not_picked":["Flying Knee","Acrobatics"],"picked":"Blur","floor":2},{"not_picked":["PiercingWail","Finisher"],"picked":"Blade Dance","floor":4},{"not_picked":["Catalyst","Dodge and Roll"],"picked":"Underhanded Strike","floor":6},{"not_picked":["Crippling Poison","Outmaneuver"],"picked":"Predator","floor":8},{"not_picked":["Quick Slash","Deadly Poison","Dagger Throw"],"picked":"SKIP","floor":11},{"not_picked":["Crippling Poison","Distraction"],"picked":"Backflip","floor":13},{"not_picked":["Sucker Punch","Unload"],"picked":"Slice","floor":14},{"not_picked":["A Thousand Cuts","Doppelganger"],"picked":"Envenom","floor":16},{"not_picked":["Dagger Throw","Underhanded Strike"],"picked":"Blade Dance+1","floor":18},{"not_picked":["Prepared","PiercingWail"],"picked":"Deflect","floor":19},{"not_picked":["Sucker Punch","Footwork"],"picked":"Escape Plan","floor":20},{"not_picked":["Bane+1","PiercingWail"],"picked":"Backflip+1","floor":21},{"not_picked":["Expertise","Slice+1"],"picked":"Acrobatics","floor":23},{"not_picked":["Masterful Stab","Night Terror","Deadly Poison"],"picked":"SKIP","floor":25},{"not_picked":["Slice","Eviscerate","Quick Slash"],"picked":"SKIP","floor":29},{"not_picked":["Sucker Punch","Deadly Poison"],"picked":"Deflect+1","floor":30},{"not_picked":["Storm of Steel","Unload"],"picked":"Tools of the Trade","floor":33},{"not_picked":["Flying Knee+1","Dodge and Roll"],"picked":"Backflip+1","floor":35},{"not_picked":["Escape Plan","Endless Agony"],"picked":"Accuracy","floor":38},{"not_picked":["Dash","Dagger Spray","Finisher"],"picked":"SKIP","floor":42},{"not_picked":["Sucker Punch","Dash","Footwork"],"picked":"Accuracy+1","floor":44}],"player_experience":658883,"relics_obtained":[{"floor":6,"key":"Lantern"},{"floor":9,"key":"Kunai"},{"floor":23,"key":"Happy Flower"},{"floor":25,"key":"Juzu Bracelet"},{"floor":26,"key":"Bottled Flame"},{"floor":29,"key":"Dream Catcher"},{"floor":30,"key":"WingedGreaves"},{"floor":30,"key":"Mercury Hourglass"},{"floor":42,"key":"Question Card"},{"floor":43,"key":"Mummified Hand"},{"floor":44,"key":"Ginger"}],"event_choices":[{"damage_healed":0,"gold_gain":75,"player_choice":"Gold","damage_taken":11,"max_hp_gain":0,"max_hp_loss":0,"event_name":"betterThird:BetterGoop","floor":5,"gold_loss":0},{"damage_healed":0,"gold_gain":0,"player_choice":"Paid Gold","damage_taken":0,"relics_obtained":["Du-Vu Doll"],"max_hp_gain":0,"max_hp_loss":0,"event_name":"WeMeetAgain","floor":10,"gold_loss":58},{"cards_removed":["Strike_G"],"damage_healed":0,"gold_gain":0,"player_choice":"Upgrade and Remove","damage_taken":0,"max_hp_gain":0,"max_hp_loss":0,"event_name":"Designer","floor":22,"gold_loss":110,"cards_upgraded":["Predator"]},{"damage_healed":0,"gold_gain":0,"player_choice":"Fight","damage_taken":0,"max_hp_gain":0,"max_hp_loss":0,"event_name":"Colosseum","floor":30,"gold_loss":0},{"damage_healed":0,"gold_gain":0,"player_choice":"Fought Nobs","damage_taken":0,"max_hp_gain":0,"max_hp_loss":0,"event_name":"Colosseum","floor":30,"gold_loss":0},{"damage_healed":0,"gold_gain":0,"player_choice":"Got Potions","damage_taken":0,"max_hp_gain":0,"max_hp_loss":0,"event_name":"Lab","floor":31,"gold_loss":0},{"damage_healed":0,"gold_gain":0,"player_choice":"Max HP","damage_taken":0,"max_hp_gain":0,"max_hp_loss":3,"event_name":"Winding Halls","floor":37,"gold_loss":0},{"cards_removed":["Noxious Fumes"],"damage_healed":11,"gold_gain":0,"player_choice":"Offered Uncommon","damage_taken":0,"max_hp_gain":0,"max_hp_loss":0,"event_name":"Bonfire Elementals","floor":45,"gold_loss":0},{"damage_healed":0,"gold_gain":0,"player_choice":"Random: Orange","damage_taken":0,"max_hp_gain":0,"max_hp_loss":0,"event_name":"betterThird:BetterPortal","floor":48,"gold_loss":0},{"damage_healed":0,"gold_gain":0,"player_choice":"1 cards matched","damage_taken":0,"max_hp_gain":0,"max_hp_loss":0,"event_name":"Match and Keep!","floor":48,"gold_loss":0,"cards_obtained":["Neutralize"]}],"is_beta":false,"boss_relics":[{"not_picked":["Fusion Hammer","Black Star"],"picked":"Astrolabe"},{"not_picked":["Snecko Eye","Ring of the Serpent"],"picked":"SlaversCollar"}],"items_purged_floors":[28,36,39],"is_endless":false,"potions_floor_spawned":[1,6,13,14,25,29,30,30,33,35,38,42],"ascension_level":19}}