{"host":"z8uivwf40jrpk7h3","time":1614279595,"event":{"mods":["BaseMod","Minty Spire (QoL Compilation)","Replay The Spire","StSLib","[IsaacMod]ÒÔÈö¼âËþ"],"gold_per_floor":[119,211,211,136,149,174,191,221,278,290,302,347,369,400,412,520,532,559,63,63,63,163,189,206,206,206,206,213,73,13,52,52,169,169,184,37,37,51,71,105,155,185,185,205,234,256,268,268,268,275],"floor_reached":51,"language":"ZHS","playtime":1204,"items_purged":["Strike_P","Strike_P","Fasting2","Defend_P"],"score":1084,"play_id":"d807250c-6e48-4cb3-9ff1-fe9756b13e09","local_time":"20210226025955","is_ascension_mode":true,"campfire_choices":[{"data":"Eruption","floor":10.0,"key":"SMITH"},{"data":"Consecrate","floor":15.0,"key":"SMITH"},{"data":"Scrawl","floor":25.0,"key":"SMITH"},{"data":"Tantrum","floor":27.0,"key":"SMITH"},{"data":"EpicFetus","floor":32.0,"key":"SMITH"},{"data":"Wallop","floor":49,"key":"SMITH"}],"circlet_count":0,"master_deck":["Strike_P","Eruption+1","Vigilance","EpicFetus+1","Wallop+1","Consecrate+1","Brilliance","Scrawl+1","Tantrum+1","FlurryOfBlows","Halt+1","Study+1"],"relics":["PureWater","HushsDoor","BookofShadows","NeowsBlessing","Simple Rune","Lantern","Juzu Bracelet","MawBank","Art of War","DeadEye","Cursed Key","Membership Card","Gremlin Horn","Ginger","SalivaCoin","ClockworkSouvenir","Ancient Tea Set","MagicMushroom","TheAbacus","Unceasing Top","PreservedInsect","Replay:Baseball","BranchBurnRelic"],"acts_visited":["Exordium","TheCity","TheBeyond"],"potions_floor_usage":[50,50],"damage_taken":[{"damage":0.0,"enemies":"Jaw Worm","floor":1.0,"turns":1.0},{"damage":0.0,"enemies":"Small Slimes","floor":5.0,"turns":1.0},{"damage":0.0,"enemies":"Lagavulin","floor":6.0,"turns":1.0},{"damage":9.0,"enemies":"Cultist","floor":7.0,"turns":4.0},{"damage":0.0,"enemies":"3 Sentries","floor":8.0,"turns":2.0},{"damage":6.0,"enemies":"Gremlin Nob","floor":12.0,"turns":3.0},{"damage":0.0,"enemies":"Large Slime","floor":13.0,"turns":2.0},{"damage":0.0,"enemies":"Gremlin Gang","floor":14.0,"turns":2.0},{"damage":2.0,"enemies":"Hexaghost","floor":16.0,"turns":6.0},{"damage":0.0,"enemies":"Spheric Guardian","floor":18.0,"turns":1.0},{"damage":0.0,"enemies":"Gremlin Leader","floor":23.0,"turns":2.0},{"damage":4.0,"enemies":"Shell Parasite","floor":24.0,"turns":2.0},{"damage":13.0,"enemies":"Book of Stabbing","floor":31.0,"turns":3.0},{"damage":21.0,"enemies":"Automaton","floor":33.0,"turns":3.0},{"damage":0.0,"enemies":"3 Darklings","floor":35.0,"turns":1.0},{"damage":0.0,"enemies":"3 Shapes","floor":38.0,"turns":1.0},{"damage":0.0,"enemies":"Spire Growth","floor":39.0,"turns":1.0},{"damage":10.0,"enemies":"R_Hoarder","floor":40.0,"turns":4.0},{"damage":0.0,"enemies":"Mind Bloom Boss Battle","floor":41.0,"turns":1.0},{"damage":0.0,"enemies":"Nemesis","floor":42.0,"turns":3.0},{"damage":0,"enemies":"Transient","floor":44,"turns":5},{"damage":0,"enemies":"Giant Head","floor":45,"turns":1},{"damage":1,"enemies":"4 Shapes","floor":46,"turns":1},{"damage":0,"enemies":"Spire Growth","floor":47,"turns":1},{"damage":18,"enemies":"Awakened One","floor":50,"turns":5}],"seed_played":"-3211817194160322530","potions_obtained":[{"floor":8.0,"key":"Weak Potion"},{"floor":12.0,"key":"SpeedPotion"},{"floor":16.0,"key":"Elixir"},{"floor":18.0,"key":"Languid Potion"}],"is_trial":false,"path_per_floor":["M","?","?","$","M","E","M","E","T","R","?","E","M","M","R","B",null,"M","$","?","?","?","E","M","R","T","R","?","$","?","E","R","B",null,"M","$","?","M","M","E","?","E","T","M","E","M","M","?","R","B",null],"character_chosen":"WATCHER","items_purchased":["Membership Card","Tantrum","Gremlin Horn","Ginger","ClockworkSouvenir","TheAbacus"],"campfire_rested":0,"item_purchase_floors":[19,19,19,19,29,36],"current_hp_per_floor":[72,44,19,19,19,19,10,10,10,10,10,4,4,4,4,2,72,72,72,72,72,72,72,68,68,68,68,55,55,55,42,42,21,84,84,84,84,84,84,74,74,75,75,76,76,75,75,75,75,62],"gold":275,"neow_bonus":"THREE_ENEMY_KILL","is_daily":false,"chose_seed":false,"campfire_upgraded":6,"win_rate":0.0,"timestamp":1614279595,"path_taken":["M","?","?","$","M","E","M","E","T","R","?","E","M","M","R","BOSS","M","$","?","?","?","E","M","R","T","R","?","$","?","E","R","BOSS","M","$","?","M","M","E","?","E","T","M","E","M","M","?","R","BOSS"],"items_purchased_type":["Relic","Card","Relic","Relic","Relic","Relic"],"build_version":"2020-12-22","purchased_purges":4,"victory":true,"max_hp_per_floor":[72,72,72,72,72,72,72,72,72,72,72,72,72,72,72,72,72,72,72,72,72,72,72,72,72,72,72,77,77,77,77,77,77,84,84,84,84,84,84,84,84,84,84,84,84,84,84,80,80,80],"card_choices":[{"not_picked":[],"picked":"EpicFetus","floor":0.0},{"not_picked":["FlyingSleeves","BattleHymn"],"picked":"Wallop","floor":1.0},{"not_picked":["Replay:AtTheReady","WheelKick"],"picked":"Consecrate","floor":2.0},{"not_picked":["Crescendo","CutThroughFate"],"picked":"Brilliance","floor":2.0},{"not_picked":["BowlingBash","Replay:AtTheReady","CrushJoints"],"picked":"SKIP","floor":5.0},{"not_picked":["WreathOfFlame","CarveReality"],"picked":"Bomb","floor":6.0},{"not_picked":["CutThroughFate","FollowUp","Replay:Battleflow"],"picked":"SKIP","floor":7.0},{"not_picked":["ReachHeaven","MasterReality","Replay:BluntJabs"],"picked":"SKIP","floor":8.0},{"not_picked":["EmptyFist","SashWhip","ClearTheMind"],"picked":"SKIP","floor":12.0},{"not_picked":["Weave","Tantrum","SignatureMove"],"picked":"SKIP","floor":13.0},{"not_picked":["SashWhip","Consecrate","Replay:AtTheReady"],"picked":"SKIP","floor":14.0},{"not_picked":["Wish","Omniscience"],"picked":"Scrawl","floor":16.0},{"not_picked":["Replay:AtTheReady+1","FlyingSleeves","Replay:ManipulateFuture"],"picked":"SKIP","floor":18.0},{"not_picked":["WindmillStrike+1","SashWhip"],"picked":"Halt+1","floor":22.0},{"not_picked":["Adaptation","EmptyFist+1","PathToVictory"],"picked":"SKIP","floor":23.0},{"not_picked":["WaveOfTheHand","FlyingSleeves+1","CutThroughFate"],"picked":"SKIP","floor":24.0},{"not_picked":["PathToVictory+1","Meditate","Crescendo"],"picked":"SKIP","floor":31.0},{"not_picked":["Replay:BluntJabs","FollowUp","EmptyBody+1"],"picked":"SKIP","floor":35.0},{"not_picked":["BattleHymn","Conclude+1","Crescendo"],"picked":"SKIP","floor":38.0},{"not_picked":["Wireheading","BattleHymn+1","CarveReality+1"],"picked":"SKIP","floor":39.0},{"not_picked":["Replay:AtTheReady+1","DeceiveReality","JustLucky"],"picked":"SKIP","floor":40.0},{"not_picked":["EmptyFist+1","Conclude+1","Crescendo"],"picked":"SKIP","floor":42.0},{"not_picked":["Vengeance+1","Adaptation+1","Judgement"],"picked":"SKIP","floor":44},{"not_picked":["Adaptation+1","BowlingBash"],"picked":"Study+1","floor":45},{"not_picked":["EmptyFist","Replay:ManipulateFuture+1","Crescendo"],"picked":"SKIP","floor":46},{"not_picked":["FollowUp+1","Crescendo+1","Vengeance"],"picked":"SKIP","floor":47}],"player_experience":112826,"relics_obtained":[{"floor":2.0,"key":"Simple Rune"},{"floor":6.0,"key":"Juzu Bracelet"},{"floor":8.0,"key":"MawBank"},{"floor":9.0,"key":"Art of War"},{"floor":12.0,"key":"DeadEye"},{"floor":23.0,"key":"SalivaCoin"},{"floor":31.0,"key":"Ancient Tea Set"},{"floor":40.0,"key":"Dead Branch"},{"floor":41.0,"key":"Unceasing Top"},{"floor":42.0,"key":"PreservedInsect"},{"floor":45,"key":"Replay:Baseball"}],"event_choices":[{"damage_healed":0.0,"max_hp_gain":0.0,"max_hp_loss":0.0,"gold_gain":0.0,"event_name":"Scrap Ooze","player_choice":"Success","floor":3.0,"gold_loss":0.0,"damage_taken":25.0,"relics_obtained":["Lantern"]},{"cards_removed":["Defend_P"],"damage_healed":0.0,"max_hp_gain":0.0,"max_hp_loss":0.0,"gold_gain":0.0,"event_name":"Living Wall","player_choice":"Forget","floor":11.0,"gold_loss":0.0,"damage_taken":0.0},{"cards_removed":["Defend_P"],"damage_healed":0.0,"max_hp_gain":0.0,"max_hp_loss":0.0,"gold_gain":0.0,"event_name":"Back to Basics","player_choice":"Elegance","floor":20.0,"gold_loss":0.0,"damage_taken":0.0},{"damage_healed":0.0,"max_hp_gain":0.0,"max_hp_loss":0.0,"gold_gain":0.0,"cards_transformed":["Defend_P","Strike_P"],"event_name":"Drug Dealer","player_choice":"Became Test Subject","floor":21.0,"gold_loss":0.0,"damage_taken":0.0,"cards_obtained":["Fasting2","FlurryOfBlows"]},{"damage_healed":0.0,"max_hp_gain":5.0,"max_hp_loss":0.0,"gold_gain":0.0,"event_name":"Forgotten Altar","player_choice":"Shed Blood","floor":28.0,"gold_loss":0.0,"damage_taken":18.0},{"damage_healed":0.0,"max_hp_gain":0.0,"max_hp_loss":0.0,"gold_gain":0.0,"event_name":"MindBloom","player_choice":"Fight","floor":41.0,"gold_loss":0.0,"damage_taken":0.0},{"damage_healed":0,"gold_gain":0,"player_choice":"Max HP","damage_taken":0,"max_hp_gain":0,"max_hp_loss":4,"event_name":"Winding Halls","floor":48,"gold_loss":0}],"is_beta":false,"boss_relics":[{"not_picked":["HolyWater","Philosopher\u0027s Stone"],"picked":"Cursed Key"},{"not_picked":[]},{"not_picked":["Replay:Wanted Poster","Honey Jar"],"picked":"MagicMushroom"},{"not_picked":[]}],"items_purged_floors":[4,19,29,36],"is_endless":false,"potions_floor_spawned":[8,12,16,18,24,31,35,40,41,47],"ascension_level":1}}