{"host":"kh6fvhxn285ncg0o","time":1614296495,"event":{"mods":["Act Like it!","BaseMod","Colored Map","Friendly Minions","Keyboard Shortcuts","Minty Spire (QoL Compilation)","Quick Restart","Relic Stats","StSLib","SuperFastMode","UnlockEverythingMod"],"gold_per_floor":[112,187,206,206,216,216,250,250,300,16,16,16,47,47,47,125,125,135,150,161,161,76,114,114,154,178,178,178],"floor_reached":27,"language":"KOR","playtime":499,"items_purged":["Strike_R"],"score":564,"play_id":"e751a11f-ed5a-4c5f-90fe-1198b2d57314","local_time":"20210226084135","is_ascension_mode":true,"campfire_choices":[{"data":"Shockwave","floor":6,"key":"SMITH"},{"floor":8,"key":"REST"},{"floor":11,"key":"REST"},{"data":"Battle Trance","floor":15,"key":"SMITH"},{"data":"Fire Breathing","floor":24,"key":"SMITH"}],"circlet_count":0,"master_deck":["AscendersBane","Strike_R+1","Strike_R","Defend_R","Defend_R","Defend_R","Defend_R","Bash","Bludgeon+1","Thunderclap","Shockwave+1","Dark Embrace+1","Battle Trance+1","Second Wind","Exhume+1","Sentinel+1","Flex+1","Fire Breathing+1","Shrug It Off+1","True Grit+1"],"relics":["Burning Blood","MealTicket","Dream Catcher","Happy Flower","Toxic Egg 2","Sozu","Paper Frog","CeramicFish","Mercury Hourglass"],"acts_visited":["Exordium","TheCity"],"potions_floor_usage":[7,23,27],"damage_taken":[{"damage":0,"enemies":"Cultist","floor":1,"turns":2},{"damage":7,"enemies":"Jaw Worm","floor":3,"turns":4},{"damage":0,"enemies":"Small Slimes","floor":5,"turns":2},{"damage":44,"enemies":"Gremlin Nob","floor":7,"turns":5},{"damage":0,"enemies":"Lagavulin","floor":13,"turns":4},{"damage":12,"enemies":"The Guardian","floor":16,"turns":10},{"damage":0,"enemies":"Chosen","floor":18,"turns":3},{"damage":12,"enemies":"Shell Parasite","floor":19,"turns":4},{"damage":5,"enemies":"Centurion and Healer","floor":20,"turns":4},{"damage":8,"enemies":"Slavers","floor":23,"turns":5},{"damage":66,"enemies":"Gremlin Leader","floor":25,"turns":5},{"damage":9,"enemies":"Slavers","floor":27,"turns":1}],"seed_played":"-7213019028276596523","potions_obtained":[{"floor":5,"key":"ColorlessPotion"},{"floor":7,"key":"EssenceOfSteel"},{"floor":16,"key":"SkillPotion"}],"is_trial":false,"path_per_floor":["M","?","M","?","M","R","E","R","T","$","R","?","E","$","R","B",null,"M","M","M","?","?","E","R","E","T","E"],"character_chosen":"IRONCLAD","items_purchased":["Battle Trance","Happy Flower"],"campfire_rested":2,"item_purchase_floors":[10,10],"current_hp_per_floor":[56,45,44,44,50,50,12,34,34,49,71,48,54,69,69,63,72,75,69,70,70,70,68,68,8,8,0,0],"gold":178,"neow_bonus":"TRANSFORM_TWO_CARDS","is_daily":false,"chose_seed":false,"campfire_upgraded":3,"win_rate":0.0,"timestamp":1614296495,"path_taken":["M","?","M","?","M","R","E","R","T","$","R","?","E","?","R","BOSS","M","?","M","?","?","E","R","E","T","E"],"items_purchased_type":["Card","Relic"],"build_version":"2020-12-22","purchased_purges":1,"victory":false,"max_hp_per_floor":[75,75,75,75,75,75,75,75,75,75,75,75,75,75,75,75,75,75,75,75,75,75,75,75,75,75,75,75],"relic_stats":{"Sozu":0,"Dream Catcher":1,"Happy Flower":[12],"counters":[12,49],"CeramicFish":18,"MealTicket":30,"obtain_stats":[{"Sozu":17,"Dream Catcher":9,"Happy Flower":10,"CeramicFish":23,"MealTicket":7,"Toxic Egg 2":13,"Burning Blood":0,"Paper Frog":22,"Mercury Hourglass":25},{"Sozu":6,"Dream Catcher":4,"Happy Flower":4,"CeramicFish":10,"MealTicket":4,"Toxic Egg 2":5,"Burning Blood":0,"Paper Frog":9,"Mercury Hourglass":11},{"Sozu":27,"Dream Catcher":13,"Happy Flower":13,"CeramicFish":43,"MealTicket":13,"Toxic Egg 2":17,"Burning Blood":0,"Paper Frog":38,"Mercury Hourglass":48}],"Burning Blood":63,"Mercury Hourglass":[9]},"card_choices":[{"not_picked":["Anger","Intimidate"],"picked":"Shockwave","floor":3},{"not_picked":["Pommel Strike","True Grit"],"picked":"Dark Embrace","floor":5},{"not_picked":["Sentinel","Thunderclap","Body Slam"],"picked":"SKIP","floor":7},{"not_picked":["Heavy Blade","Dual Wield"],"picked":"Second Wind","floor":11},{"not_picked":["Rupture","Cleave","Twin Strike"],"picked":"SKIP","floor":13},{"not_picked":["Bludgeon","Demon Form"],"picked":"Exhume+1","floor":16},{"not_picked":["Clash","Pommel Strike"],"picked":"Sentinel+1","floor":18},{"not_picked":["Clash","Clothesline+1","Uppercut"],"picked":"SKIP","floor":19},{"not_picked":["Flex+1","Anger","Cleave"],"picked":"SKIP","floor":20},{"not_picked":["Anger","Cleave"],"picked":"Flex+1","floor":20},{"not_picked":["Shockwave+1","Perfected Strike"],"picked":"Shrug It Off+1","floor":23},{"not_picked":["Sentinel+1","Hemokinesis+1"],"picked":"True Grit+1","floor":25}],"player_experience":1541622,"relics_obtained":[{"floor":7,"key":"MealTicket"},{"floor":9,"key":"Dream Catcher"},{"floor":13,"key":"Toxic Egg 2"},{"floor":23,"key":"CeramicFish"},{"floor":25,"key":"Mercury Hourglass"}],"event_choices":[{"damage_healed":0,"gold_gain":75,"player_choice":"Gather Gold","damage_taken":11,"max_hp_gain":0,"max_hp_loss":0,"event_name":"World of Goop","floor":2,"gold_loss":0},{"damage_healed":0,"gold_gain":0,"player_choice":"Grow","damage_taken":0,"max_hp_gain":0,"max_hp_loss":0,"event_name":"Living Wall","floor":4,"gold_loss":0,"cards_upgraded":["Bludgeon"]},{"damage_healed":0,"gold_gain":0,"player_choice":"Entered Light","damage_taken":23,"max_hp_gain":0,"max_hp_loss":0,"event_name":"Shining Light","floor":12,"gold_loss":0,"cards_upgraded":["Strike_R","Dark Embrace"]},{"damage_healed":0,"gold_gain":0,"player_choice":"Read","damage_taken":0,"max_hp_gain":0,"max_hp_loss":0,"event_name":"The Library","floor":21,"gold_loss":0,"cards_obtained":["Fire Breathing"]},{"damage_healed":0,"gold_gain":0,"player_choice":"Obtained Relic","damage_taken":0,"relics_obtained":["Paper Frog"],"max_hp_gain":0,"max_hp_loss":0,"event_name":"Addict","floor":22,"gold_loss":85}],"is_beta":false,"boss_relics":[{"not_picked":["Coffee Dripper","Philosopher\u0027s Stone"],"picked":"Sozu"}],"items_purged_floors":[10],"is_endless":false,"potions_floor_spawned":[5,7,16,19,20],"killed_by":"Slavers","ascension_level":20}}