{"host":"wogey4gsknv4ot2d","time":1614289057,"event":{"mods":["2.2 Compatiblity","AchievementEnabler","BaseMod","Bestiary","Better Match","Better Third Choice","Colored Map","Colored Powertips","Key Reminder","Minty Spire (QoL Compilation)","Permanent Neow","Rare Cards Sparkle","Relic Stats","StSLib"],"gold_per_floor":[119,119,78,78,103,103,103],"floor_reached":6,"language":"ENG","playtime":573,"items_purged":[],"score":34,"play_id":"fb1fb05a-a80c-4244-bf90-ab8cdc775076","local_time":"20210225153737","is_ascension_mode":false,"campfire_choices":[],"circlet_count":0,"master_deck":["Strike_G","Strike_G","Strike_G","Strike_G","Strike_G","Defend_G","Defend_G","Defend_G","Defend_G","Defend_G","Survivor","Neutralize","Backstab","Footwork"],"relics":["Velvet Choker","Juzu Bracelet","betterThird:SlimedRelic","Golden Idol"],"acts_visited":["Exordium"],"potions_floor_usage":[],"damage_taken":[{"damage":7,"enemies":"Small Slimes","floor":1,"turns":4},{"damage":5,"enemies":"Cultist","floor":5,"turns":5},{"damage":50,"enemies":"Lagavulin","floor":6,"turns":20}],"seed_played":"3741359153080997202","potions_obtained":[{"floor":1,"key":"GamblersBrew"}],"is_trial":false,"path_per_floor":["M","?","?","?","M","E"],"character_chosen":"THE_SILENT","items_purchased":[],"campfire_rested":0,"item_purchase_floors":[],"current_hp_per_floor":[63,63,52,52,47,0,0],"gold":103,"neow_bonus":"BOSS_RELIC","is_daily":false,"chose_seed":false,"campfire_upgraded":0,"win_rate":0.0,"timestamp":1614289057,"path_taken":["M","?","?","?","M","E"],"items_purchased_type":[],"build_version":"2020-12-22","purchased_purges":0,"victory":false,"max_hp_per_floor":[70,70,70,65,65,65,65],"relic_stats":{"counters":[3,29],"Golden Idol":5,"Juzu Bracelet":1,"obtain_stats":[{"Golden Idol":4,"betterThird:SlimedRelic":3,"Velvet Choker":0,"Juzu Bracelet":2,"Ring of the Snake":0},{"Golden Idol":1,"betterThird:SlimedRelic":1,"Velvet Choker":0,"Juzu Bracelet":1,"Ring of the Snake":0},{"Golden Idol":4,"betterThird:SlimedRelic":4,"Velvet Choker":0,"Juzu Bracelet":4,"Ring of the Snake":0}]},"card_choices":[{"not_picked":["Escape Plan","Dagger Throw"],"picked":"Backstab","floor":1},{"not_picked":["Quick Slash","Outmaneuver"],"picked":"Footwork","floor":5}],"player_experience":94480,"relics_obtained":[],"event_choices":[{"damage_healed":0,"gold_gain":0,"player_choice":"Gave Potion","damage_taken":0,"relics_obtained":["Juzu Bracelet"],"max_hp_gain":0,"max_hp_loss":0,"event_name":"WeMeetAgain","floor":2,"gold_loss":0},{"damage_healed":0,"gold_gain":0,"player_choice":"Slimed","damage_taken":11,"max_hp_gain":0,"max_hp_loss":0,"event_name":"betterThird:BetterGoop","floor":3,"gold_loss":41},{"damage_healed":0,"gold_gain":0,"player_choice":"Lose Max HP","damage_taken":0,"relics_obtained":["Golden Idol"],"max_hp_gain":0,"max_hp_loss":5,"event_name":"Golden Idol","floor":4,"gold_loss":0}],"is_beta":false,"boss_relics":[],"items_purged_floors":[],"is_endless":false,"potions_floor_spawned":[1],"killed_by":"Lagavulin","ascension_level":0}}