{"host":"ap8nepptd6icxyz7","time":1614282744,"event":{"mods":["2.2 Compatiblity","AchievementEnabler","BaseMod","Bestiary","Better Altar","Better Match","Better Note","Better Sensory Stone","Better Skull","Better Third Choice","Better Vampires","Challenge The Spire","Colored Map","Colored Powertips","Colorless Booster Pack","Custom Start","Displayed Cursed Tome","Energized Spire","Faster Ascension Climbing","Hermit","Highlight Path","Jorbs\u0027s Wanderer Trilogy","Marked Mod","Mimic Mod","Minty Spire (QoL Compilation)","Permanent Neow","Quick Restart","Random Character Button","Rare Cards Sparkle","Relic Sorter","Relic Stats","Reliquary","SCP261 Mod","SacredBarkPlus","StSLib","Uncapped"],"gold_per_floor":[19,30,49,60,0,29,29,56,56,82,32,57,57,4,4,4,4],"floor_reached":16,"language":"ENG","playtime":783,"items_purged":[],"score":179,"play_id":"292d9d5c-45ca-447e-9c9c-e78bd55f657c","local_time":"20210225135224","is_ascension_mode":true,"campfire_choices":[{"data":"Enlightenment","floor":7.0,"key":"SMITH"},{"data":"True Grit","floor":15,"key":"SMITH"}],"circlet_count":0,"master_deck":["Strike_R","Strike_R","Strike_R","Defend_R","Defend_R","Defend_R","Defend_R","Bash","Feed","Uppercut","Rage","Blood for Blood","Enlightenment+1","Impervious","Flame Barrier","Warcry","Dual Wield","True Grit+1"],"relics":["Burning Blood","Anchor","reliquary:MedicineBall","Ornamental Fan","Ornamental Fan","Tiny Chest"],"acts_visited":["Exordium"],"potions_floor_usage":[10,16],"damage_taken":[{"damage":9.0,"enemies":"Jaw Worm","floor":1.0,"turns":3.0},{"damage":4.0,"enemies":"2 Louse","floor":2.0,"turns":3.0},{"damage":0.0,"enemies":"Small Slimes","floor":3.0,"turns":2.0},{"damage":5.0,"enemies":"Gremlin Gang","floor":4.0,"turns":5.0},{"damage":20.0,"enemies":"Lagavulin","floor":6.0,"turns":6.0},{"damage":20,"enemies":"3 Sentries","floor":8,"turns":10},{"damage":1,"enemies":"Gremlin Nob","floor":10,"turns":3},{"damage":25,"enemies":"3 Sentries","floor":12,"turns":11},{"damage":0,"enemies":"Slime Boss","floor":16,"turns":2}],"seed_played":"-1427522717903538512","potions_obtained":[{"floor":1.0,"key":"Fire Potion"},{"floor":2.0,"key":"Fire Potion"},{"floor":8,"key":"Fire Potion"},{"floor":12,"key":"SkillPotion"}],"is_trial":false,"path_per_floor":["M","M","M","M","?","E","R","E","T","E","?","E","?","$","R","B"],"character_chosen":"IRONCLAD","items_purchased":["True Grit"],"campfire_rested":0,"item_purchase_floors":[14],"current_hp_per_floor":[80,85,89,92,98,87,87,76,76,81,81,65,58,58,58,58,58],"gold":4,"neow_bonus":"THREE_RARE_CARDS","is_daily":false,"chose_seed":false,"campfire_upgraded":2,"win_rate":0.0,"timestamp":1614282744,"path_taken":["M","M","M","M","?","E","R","E","T","E","?","E","?","$","R","BOSS"],"items_purchased_type":["Card"],"build_version":"2020-12-22","purchased_purges":0,"victory":false,"max_hp_per_floor":[83,86,89,92,98,101,101,104,104,104,104,107,107,107,107,107,107],"relic_stats":{"counters":[9,45],"Ornamental Fan":[4],"Tiny Chest":0,"obtain_stats":[{"Anchor":6,"Ornamental Fan":9,"Tiny Chest":12,"reliquary:SculptingSteel":10,"reliquary:MedicineBall":8,"Burning Blood":0},{"Anchor":5,"Ornamental Fan":6,"Tiny Chest":8,"reliquary:SculptingSteel":7,"reliquary:MedicineBall":6,"Burning Blood":0},{"Anchor":19,"Ornamental Fan":29,"Tiny Chest":43,"reliquary:SculptingSteel":32,"reliquary:MedicineBall":29,"Burning Blood":0}],"Burning Blood":42},"card_choices":[{"not_picked":["Juggernaut","Brutality"],"picked":"Feed","floor":0.0},{"not_picked":["Sentinel","Dropkick"],"picked":"Uppercut","floor":1.0},{"not_picked":["Twin Strike","Armaments"],"picked":"Rage","floor":2.0},{"not_picked":["Shockwave","Twin Strike","Rage"],"picked":"SKIP","floor":3.0},{"not_picked":["Clothesline","Intimidate"],"picked":"Blood for Blood","floor":4.0},{"not_picked":["Reckless Charge","Rupture"],"picked":"Impervious","floor":6.0},{"not_picked":["Spot Weakness","Fire Breathing"],"picked":"Flame Barrier","floor":8},{"not_picked":["Rupture","Infernal Blade"],"picked":"Warcry","floor":10},{"not_picked":["Battle Trance","Cleave"],"picked":"Dual Wield","floor":12}],"player_experience":37293,"relics_obtained":[{"floor":6.0,"key":"Anchor"},{"floor":8,"key":"reliquary:MedicineBall"},{"floor":9,"key":"Ornamental Fan"},{"floor":10,"key":"reliquary:SculptingSteel"},{"floor":12,"key":"Tiny Chest"}],"event_choices":[{"damage_healed":0.0,"max_hp_gain":0.0,"max_hp_loss":0.0,"gold_gain":0.0,"event_name":"betterThird:BetterSerpent","player_choice":"RENOUNCE","floor":5.0,"gold_loss":60.0,"damage_taken":60.0,"cards_obtained":["Enlightenment"]},{"cards_removed":["Strike_R"],"damage_healed":0,"gold_gain":0,"player_choice":"Card Removal","damage_taken":0,"max_hp_gain":0,"max_hp_loss":0,"event_name":"The Cleric","floor":11,"gold_loss":50},{"cards_removed":["Strike_R"],"damage_healed":0,"gold_gain":0,"player_choice":"Card Removal","damage_taken":7,"max_hp_gain":0,"max_hp_loss":0,"event_name":"Golden Wing","floor":13,"gold_loss":0}],"is_beta":false,"boss_relics":[],"items_purged_floors":[],"is_endless":false,"potions_floor_spawned":[1,2,8,12],"killed_by":"Slime Boss","ascension_level":4}}