{"host":"i2s4iw62z1dejrqn","time":1614278088,"event":{"mods":["AchievementEnabler","BaseMod","Minty Spire (QoL Compilation)","Random Character Button","SuperFastMode"],"gold_per_floor":[112,128,53,66,78,109,121,141,167,200,218,218,218,243,243,368,368,391,46,46,61,61,61,61,61,61,61,77,97,34,54,54,149,149,159,159,50,68,20,20,54,54,54,54,54,54,54,104,104,104],"floor_reached":51,"language":"KOR","playtime":2718,"items_purged":["Strike_P","Defend_P","Strike_P","Strike_P"],"score":1131,"play_id":"bb279fb6-86e3-471a-b813-643725d1425d","local_time":"20210226033447","is_ascension_mode":true,"campfire_choices":[{"floor":12.0,"key":"REST"},{"data":"Eruption","floor":15.0,"key":"SMITH"},{"floor":24.0,"key":"REST"},{"data":"Defend_P","floor":27.0,"key":"PURGE"},{"floor":32.0,"key":"REST"},{"floor":40.0,"key":"REST"},{"data":"ThirdEye","floor":42.0,"key":"PURGE"},{"data":"SpiritShield","floor":44.0,"key":"PURGE"},{"data":"MentalFortress","floor":47,"key":"SMITH"},{"data":"MentalFortress","floor":49,"key":"SMITH"}],"circlet_count":0,"master_deck":["AscendersBane","Eruption+1","Vigilance","FollowUp","Adaptation","BowlingBash","InnerPeace","MentalFortress+1","MentalFortress+1","InnerPeace","MasterReality","BattleHymn","Tantrum+1","Indignation","CutThroughFate+1","Adaptation+1","SandsOfTime+1","Blind","CrushJoints+1","Madness","Madness"],"relics":["PureWater","InkBottle","Pen Nib","Bottled Flame","Bloody Idol","Runic Pyramid","Membership Card","Peace Pipe","Frozen Egg 2","Molten Egg 2","Empty Cage","Akabeko","Calipers","Du-Vu Doll"],"acts_visited":["Exordium","TheCity","TheBeyond"],"potions_floor_usage":[45,50,50,50],"damage_taken":[{"damage":2.0,"enemies":"2 Louse","floor":1.0,"turns":2.0},{"damage":0.0,"enemies":"Small Slimes","floor":2.0,"turns":1.0},{"damage":0.0,"enemies":"Jaw Worm","floor":4.0,"turns":2.0},{"damage":14.0,"enemies":"Large Slime","floor":5.0,"turns":4.0},{"damage":15.0,"enemies":"3 Sentries","floor":6.0,"turns":6.0},{"damage":0.0,"enemies":"Blue Slaver","floor":7.0,"turns":2.0},{"damage":9.0,"enemies":"Exordium Thugs","floor":8.0,"turns":5.0},{"damage":53.0,"enemies":"Lagavulin","floor":10.0,"turns":9.0},{"damage":13.0,"enemies":"Large Slime","floor":11.0,"turns":5.0},{"damage":9.0,"enemies":"3 Louse","floor":14.0,"turns":3.0},{"damage":0.0,"enemies":"Slime Boss","floor":16.0,"turns":11.0},{"damage":17.0,"enemies":"Chosen","floor":18.0,"turns":5.0},{"damage":25.0,"enemies":"2 Thieves","floor":21.0,"turns":4.0},{"damage":22.0,"enemies":"Snake Plant","floor":28.0,"turns":4.0},{"damage":14.0,"enemies":"Shelled Parasite and Fungi","floor":29.0,"turns":4.0},{"damage":0.0,"enemies":"3 Cultists","floor":31.0,"turns":2.0},{"damage":6.0,"enemies":"Automaton","floor":33.0,"turns":7.0},{"damage":21.0,"enemies":"3 Shapes","floor":35.0,"turns":4.0},{"damage":12.0,"enemies":"Orb Walker","floor":38.0,"turns":3.0},{"damage":0.0,"enemies":"Giant Head","floor":41.0,"turns":5.0},{"damage":0,"enemies":"Writhing Mass","floor":45,"turns":1},{"damage":0,"enemies":"Mind Bloom Boss Battle","floor":48,"turns":3},{"damage":40,"enemies":"Donu and Deca","floor":50,"turns":4}],"seed_played":"8316182788066500146","potions_obtained":[{"floor":2.0,"key":"FairyPotion"},{"floor":5.0,"key":"EntropicBrew"},{"floor":7.0,"key":"Dexterity Potion"},{"floor":14.0,"key":"Dexterity Potion"},{"floor":21.0,"key":"AttackPotion"},{"floor":29.0,"key":"EssenceOfSteel"},{"floor":33.0,"key":"Fire Potion"},{"floor":38.0,"key":"DuplicationPotion"},{"floor":41.0,"key":"SmokeBomb"},{"floor":48,"key":"FearPotion"}],"is_trial":false,"path_per_floor":["M","M","$","M","M","E","M","M","T","E","M","R","?","M","R","B",null,"M","$","?","M","?","T","R","?","T","R","M","M","$","M","R","B",null,"M","?","$","M","$","R","E","R","T","R","M","?","R","?","R","B",null],"character_chosen":"WATCHER","items_purchased":["Membership Card","Peace Pipe","Adaptation+1","Blind"],"campfire_rested":4,"item_purchase_floors":[19,19,37,39],"current_hp_per_floor":[63,63,63,63,49,34,34,25,25,21,8,29,29,20,20,20,55,38,38,38,13,13,13,33,33,33,33,16,7,7,12,32,31,58,42,42,42,35,35,55,60,60,60,60,60,52,52,57,57,17],"gold":104,"neow_bonus":"TRANSFORM_CARD","is_daily":false,"chose_seed":false,"campfire_upgraded":3,"win_rate":0.0,"timestamp":1614278087,"path_taken":["M","M","$","M","M","E","M","M","T","E","M","R","?","M","R","BOSS","M","$","?","M","?","?","R","?","T","R","M","M","$","M","R","BOSS","M","?","?","M","$","R","E","R","T","R","M","?","R","?","R","BOSS"],"items_purchased_type":["Relic","Relic","Card","Card"],"build_version":"2020-12-22","purchased_purges":4,"victory":true,"max_hp_per_floor":[72,72,72,72,72,72,72,72,72,72,72,72,67,67,67,67,67,67,67,67,67,67,67,67,67,67,67,67,67,67,67,67,67,67,67,67,67,67,67,67,67,67,67,67,67,67,67,67,67,67],"card_choices":[{"not_picked":["CrushJoints","CarveReality"],"picked":"FollowUp","floor":1.0},{"not_picked":["SandsOfTime","BowlingBash"],"picked":"Adaptation","floor":2.0},{"not_picked":["DeceiveReality","EmptyMind"],"picked":"BowlingBash","floor":4.0},{"not_picked":["ClearTheMind","FlyingSleeves"],"picked":"InnerPeace","floor":5.0},{"not_picked":["BattleHymn","WaveOfTheHand"],"picked":"MentalFortress","floor":6.0},{"not_picked":["Halt","FlurryOfBlows"],"picked":"ThirdEye","floor":7.0},{"not_picked":["FlurryOfBlows","ThirdEye","Ragnarok"],"picked":"SKIP","floor":8.0},{"not_picked":["Meditate","Consecrate","WaveOfTheHand"],"picked":"SKIP","floor":10.0},{"not_picked":["Perseverance","BowlingBash"],"picked":"MentalFortress","floor":11.0},{"not_picked":["CarveReality","FlyingSleeves"],"picked":"InnerPeace","floor":14.0},{"not_picked":["Blasphemy","Alpha"],"picked":"MasterReality","floor":16.0},{"not_picked":["BowlingBash","ThirdEye"],"picked":"BattleHymn","floor":18.0},{"not_picked":["LikeWater","Prostrate","ClearTheMind"],"picked":"SKIP","floor":21.0},{"not_picked":["ClearTheMind","Vengeance","PathToVictory"],"picked":"SKIP","floor":28.0},{"not_picked":["Evaluate","Wallop+1"],"picked":"Tantrum+1","floor":29.0},{"not_picked":["ThirdEye","Collect"],"picked":"Indignation","floor":31.0},{"not_picked":["Brilliance+1","Judgement"],"picked":"SpiritShield","floor":33.0},{"not_picked":["FlurryOfBlows+1","PathToVictory"],"picked":"CutThroughFate+1","floor":35.0},{"not_picked":["Study+1","ClearTheMind+1"],"picked":"SandsOfTime+1","floor":38.0},{"not_picked":["FlurryOfBlows+1","WheelKick+1"],"picked":"CrushJoints+1","floor":41.0}],"player_experience":499950,"relics_obtained":[{"floor":6.0,"key":"InkBottle"},{"floor":9.0,"key":"Pen Nib"},{"floor":10.0,"key":"Bottled Flame"},{"floor":23.0,"key":"Frozen Egg 2"},{"floor":26.0,"key":"Molten Egg 2"},{"floor":41.0,"key":"Akabeko"},{"floor":43.0,"key":"Calipers"},{"floor":48,"key":"Du-Vu Doll"}],"event_choices":[{"damage_healed":0.0,"max_hp_gain":0.0,"max_hp_loss":5.0,"gold_gain":0.0,"event_name":"Golden Idol","player_choice":"Lose Max HP","floor":13.0,"gold_loss":0.0,"damage_taken":0.0,"relics_obtained":["Golden Idol"]},{"damage_healed":0.0,"max_hp_gain":0.0,"max_hp_loss":0.0,"gold_gain":0.0,"event_name":"Cursed Tome","player_choice":"Ignored","floor":20.0,"gold_loss":0.0,"damage_taken":0.0},{"damage_healed":0.0,"max_hp_gain":0.0,"max_hp_loss":0.0,"gold_gain":0.0,"event_name":"Forgotten Altar","player_choice":"Gave Idol","floor":22.0,"relics_lost":["Golden Idol"],"gold_loss":0.0,"damage_taken":0.0,"relics_obtained":["Bloody Idol"]},{"damage_healed":0.0,"max_hp_gain":0.0,"max_hp_loss":0.0,"gold_gain":0.0,"event_name":"The Mausoleum","player_choice":"Ignored","floor":25.0,"gold_loss":0.0,"damage_taken":0.0},{"cards_removed":["Strike_P"],"damage_healed":0.0,"max_hp_gain":0.0,"max_hp_loss":0.0,"gold_gain":0.0,"event_name":"Bonfire Elementals","player_choice":"Offered Basic","floor":36.0,"gold_loss":0.0,"damage_taken":0.0},{"damage_healed":0,"gold_gain":0,"player_choice":"Embrace Madness","damage_taken":8,"max_hp_gain":0,"max_hp_loss":0,"event_name":"Winding Halls","floor":46,"gold_loss":0,"cards_obtained":["Madness","Madness"]},{"damage_healed":0,"gold_gain":0,"player_choice":"Fight","damage_taken":0,"max_hp_gain":0,"max_hp_loss":0,"event_name":"MindBloom","floor":48,"gold_loss":0}],"is_beta":false,"boss_relics":[{"not_picked":["Calling Bell","Philosopher\u0027s Stone"],"picked":"Runic Pyramid"},{"not_picked":["Sozu","SacredBark"],"picked":"Empty Cage"}],"items_purged_floors":[3,19,30,37],"is_endless":false,"potions_floor_spawned":[2,5,7,8,14,21,29,33,38,41,48],"ascension_level":10}}