{"host":"qdazo2n9x18zu9dk","time":1614271033,"event":{"mods":["BaseMod","Colored Map","Minty Spire (QoL Compilation)","Relic Stats","StSLib"],"gold_per_floor":[109,109,121,139,139,172,172,203,203,213,238,256,283,283,283,382,382,399,414,426,0,18,18,30,30,53,53,63,14,48,58,58,157,157,173,20,38,52,62,96,96,111,159,159,11,40,40,40,40,40,40,40,40,75,75],"floor_reached":56,"language":"ENG","playtime":5749,"items_purged":[],"score":1739,"play_id":"58cd1fe2-8f6a-4fbf-b252-a597d6be0b6b","local_time":"20210225173713","is_ascension_mode":true,"campfire_choices":[{"floor":7,"key":"REST"},{"floor":15,"key":"REST"},{"floor":23,"key":"REST"},{"floor":25,"key":"REST"},{"floor":32,"key":"REST"},{"floor":41,"key":"RECALL"},{"floor":44,"key":"REST"},{"floor":49,"key":"REST"},{"floor":52,"key":"REST"}],"circlet_count":0,"master_deck":["AscendersBane","Strike_P","Strike_P","Strike_P","Strike_P","Defend_P","Defend_P","Defend_P","Defend_P","Eruption","Vigilance","Tantrum","BattleHymn","WheelKick","MentalFortress","CutThroughFate","EmptyFist","Wireheading","Scrawl","Nirvana","DevaForm","FlurryOfBlows","ThirdEye","Vault","Indignation","Nirvana","LikeWater","Vault","TalkToTheHand+1","Omniscience","SpiritShield","Worship+1","Wireheading","SashWhip+1","BowlingBash+1","EmptyFist+1","FlurryOfBlows+1","WaveOfTheHand+1","Wish","DeusExMachina","Mind Blast","JustLucky+1"],"relics":["PureWater","Torii","Pear","Damaru","Blue Candle","Du-Vu Doll","Happy Flower","GremlinMask","Runic Pyramid","Ginger","Nunchaku","Vajra","Fusion Hammer","ClockworkSouvenir","Sundial","Orrery","Centennial Puzzle","Strawberry"],"acts_visited":["Exordium","TheCity","TheBeyond","TheEnding"],"potions_floor_usage":[6,11,13,16,19,22,30,50,54,54],"damage_taken":[{"damage":0,"enemies":"Cultist","floor":1,"turns":2},{"damage":8,"enemies":"2 Louse","floor":3,"turns":3},{"damage":0,"enemies":"Jaw Worm","floor":4,"turns":2},{"damage":25,"enemies":"Lagavulin","floor":6,"turns":6},{"damage":30,"enemies":"Gremlin Nob","floor":8,"turns":3},{"damage":0,"enemies":"Exordium Thugs","floor":10,"turns":2},{"damage":11,"enemies":"3 Sentries","floor":11,"turns":5},{"damage":0,"enemies":"Large Slime","floor":12,"turns":3},{"damage":0,"enemies":"Gremlin Nob","floor":13,"turns":2},{"damage":5,"enemies":"Hexaghost","floor":16,"turns":7},{"damage":6,"enemies":"3 Byrds","floor":18,"turns":3},{"damage":23,"enemies":"2 Thieves","floor":19,"turns":3},{"damage":26,"enemies":"Centurion and Healer","floor":20,"turns":4},{"damage":17,"enemies":"Snake Plant","floor":22,"turns":3},{"damage":1,"enemies":"Snecko","floor":24,"turns":4},{"damage":2,"enemies":"Cultist and Chosen","floor":28,"turns":6},{"damage":32,"enemies":"Gremlin Leader","floor":30,"turns":7},{"damage":7,"enemies":"Sentry and Sphere","floor":31,"turns":7},{"damage":9,"enemies":"Champ","floor":33,"turns":8},{"damage":16,"enemies":"3 Darklings","floor":35,"turns":4},{"damage":2,"enemies":"3 Shapes","floor":37,"turns":5},{"damage":11,"enemies":"Spire Growth","floor":38,"turns":5},{"damage":0,"enemies":"Maw","floor":39,"turns":5},{"damage":1,"enemies":"Nemesis","floor":40,"turns":5},{"damage":1,"enemies":"Transient","floor":42,"turns":6},{"damage":8,"enemies":"Giant Head","floor":46,"turns":7},{"damage":67,"enemies":"Awakened One","floor":50,"turns":10},{"damage":19,"enemies":"Shield and Spear","floor":54,"turns":6},{"damage":49,"enemies":"The Heart","floor":55,"turns":8}],"seed_played":"5921835429094282174","potions_obtained":[{"floor":4,"key":"SpeedPotion"},{"floor":8,"key":"FearPotion"},{"floor":10,"key":"Fire Potion"},{"floor":11,"key":"SkillPotion"},{"floor":13,"key":"Swift Potion"},{"floor":18,"key":"Ambrosia"},{"floor":24,"key":"Ancient Potion"},{"floor":28,"key":"Energy Potion"},{"floor":33,"key":"GamblersBrew"}],"is_trial":false,"path_per_floor":["M","?","M","M","?","E","R","E","T","M","E","M","E","?","R","B",null,"M","M","M","$","M","R","M","R","T","?","M","$","E","M","R","B",null,"M","$","M","M","M","E","R","M","T","R","$","E","?","?","R","B",null,"R","$","E","B",null],"character_chosen":"WATCHER","items_purchased":["Ginger","Indignation","SteroidPotion","Weak Potion","ClockworkSouvenir","Orrery"],"campfire_rested":8,"item_purchase_floors":[21,21,21,29,36,45],"current_hp_per_floor":[72,65,57,57,57,42,68,38,38,38,27,27,27,27,53,48,79,73,50,24,24,7,33,32,58,58,58,56,56,24,17,43,34,75,59,59,57,46,46,45,45,44,44,70,70,62,62,62,85,18,68,85,85,73,24],"gold":75,"neow_bonus":"TEN_PERCENT_HP_BONUS","is_daily":false,"chose_seed":false,"campfire_upgraded":0,"win_rate":0.0,"timestamp":1614271033,"path_taken":["M","?","M","M","?","E","R","E","T","M","E","M","E","?","R","BOSS","M","?","M","$","M","R","M","R","T","?","M","?","E","M","R","BOSS","M","$","M","M","M","E","R","M","T","R","$","E","?","?","R","BOSS","R","$","E","BOSS"],"items_purchased_type":["Relic","Card","Potion","Potion","Relic","Relic"],"build_version":"2020-12-22","purchased_purges":0,"victory":true,"max_hp_per_floor":[79,79,79,79,79,89,89,89,89,89,89,89,89,89,89,89,89,89,89,89,89,89,89,89,89,89,89,89,89,89,89,89,89,89,89,89,89,89,89,89,89,89,89,89,89,89,85,85,85,85,85,85,85,92,92],"relic_stats":{"Nunchaku":[19],"Centennial Puzzle":[8],"Torii":62,"Happy Flower":[37],"counters":[29,141],"Sundial":[0],"Blue Candle":[0],"Ginger":[30],"obtain_stats":[{"Pear":6,"Torii":2,"Happy Flower":13,"Blue Candle":9,"Damaru":8,"Vajra":30,"GremlinMask":14,"Ginger":21,"ClockworkSouvenir":36,"Du-Vu Doll":11,"Nunchaku":26,"Centennial Puzzle":46,"Sundial":40,"Strawberry":54,"Orrery":45,"Fusion Hammer":34,"PureWater":0,"Runic Pyramid":17},{"Pear":4,"Torii":1,"Happy Flower":9,"Blue Candle":5,"Damaru":5,"Vajra":17,"GremlinMask":9,"Ginger":13,"ClockworkSouvenir":20,"Du-Vu Doll":7,"Nunchaku":15,"Centennial Puzzle":26,"Sundial":24,"Strawberry":28,"Orrery":25,"Fusion Hammer":19,"PureWater":0,"Runic Pyramid":10},{"Pear":13,"Torii":2,"Happy Flower":28,"Blue Candle":16,"Damaru":16,"Vajra":65,"GremlinMask":28,"Ginger":45,"ClockworkSouvenir":84,"Du-Vu Doll":23,"Nunchaku":52,"Centennial Puzzle":117,"Sundial":104,"Strawberry":133,"Orrery":110,"Fusion Hammer":80,"PureWater":0,"Runic Pyramid":35}]},"card_choices":[{"not_picked":["ClearTheMind","Perseverance"],"picked":"Tantrum","floor":1},{"not_picked":["Halt","Adaptation"],"picked":"BattleHymn","floor":3},{"not_picked":["Swivel","Adaptation"],"picked":"WheelKick","floor":4},{"not_picked":["Alpha","Protect"],"picked":"MentalFortress","floor":6},{"not_picked":["SashWhip","ReachHeaven"],"picked":"CutThroughFate","floor":8},{"not_picked":["SashWhip","Consecrate"],"picked":"EmptyFist","floor":10},{"not_picked":["FlurryOfBlows","Weave"],"picked":"Wireheading","floor":11},{"not_picked":["FlurryOfBlows","Evaluate"],"picked":"Scrawl","floor":12},{"not_picked":["Protect","Ragnarok"],"picked":"Nirvana","floor":13},{"not_picked":["Ragnarok","Brilliance"],"picked":"DevaForm","floor":16},{"not_picked":["ThirdEye","Halt"],"picked":"FlurryOfBlows","floor":18},{"not_picked":["CutThroughFate","Evaluate"],"picked":"ThirdEye","floor":19},{"not_picked":["FollowUp","Pray"],"picked":"Vault","floor":20},{"not_picked":["Meditate","CrushJoints"],"picked":"Nirvana","floor":22},{"not_picked":["SashWhip","Weave"],"picked":"LikeWater","floor":24},{"not_picked":["EmptyBody","ReachHeaven","WheelKick"],"picked":"SKIP","floor":28},{"not_picked":["ClearTheMind","SashWhip"],"picked":"TalkToTheHand+1","floor":30},{"not_picked":["WreathOfFlame","EmptyFist"],"picked":"Omniscience","floor":31},{"not_picked":["Ragnarok","Brilliance"],"picked":"SpiritShield","floor":33},{"not_picked":["JustLucky","EmptyMind+1"],"picked":"Worship+1","floor":35},{"not_picked":["Consecrate","FlurryOfBlows"],"picked":"Wireheading","floor":37},{"not_picked":["Consecrate+1","EmptyFist"],"picked":"SashWhip+1","floor":38},{"not_picked":["Tantrum","Study"],"picked":"BowlingBash+1","floor":39},{"not_picked":["SashWhip","ReachHeaven+1","SpiritShield"],"picked":"SKIP","floor":40},{"not_picked":["Conclude","FollowUp"],"picked":"EmptyFist+1","floor":42},{"not_picked":["SashWhip+1","Crescendo"],"picked":"FlurryOfBlows+1","floor":45},{"not_picked":["LikeWater+1","Sanctity"],"picked":"WaveOfTheHand+1","floor":45},{"not_picked":["InnerPeace+1","ReachHeaven+1"],"picked":"Wish","floor":45},{"not_picked":["WheelKick+1","Protect"],"picked":"DeusExMachina","floor":45},{"not_picked":["DeceiveReality","Evaluate","Prostrate"],"picked":"SKIP","floor":46},{"not_picked":["Master of Strategy","Forethought"],"picked":"Mind Blast","floor":48},{"not_picked":["CutThroughFate+1","Protect+1"],"picked":"JustLucky+1","floor":54}],"player_experience":1203704,"relics_obtained":[{"floor":6,"key":"Pear"},{"floor":8,"key":"Damaru"},{"floor":9,"key":"Blue Candle"},{"floor":11,"key":"Du-Vu Doll"},{"floor":13,"key":"Happy Flower"},{"floor":26,"key":"Nunchaku"},{"floor":30,"key":"Vajra"},{"floor":40,"key":"Sundial"},{"floor":46,"key":"Centennial Puzzle"},{"floor":54,"key":"Strawberry"}],"event_choices":[{"damage_healed":0,"gold_gain":0,"player_choice":"Success","damage_taken":7,"relics_obtained":["Torii"],"max_hp_gain":0,"max_hp_loss":0,"event_name":"Scrap Ooze","floor":2,"gold_loss":0},{"damage_healed":0,"gold_gain":0,"player_choice":"Ignored","damage_taken":0,"max_hp_gain":0,"max_hp_loss":0,"event_name":"Liars Game","floor":5,"gold_loss":0},{"damage_healed":0,"gold_gain":0,"player_choice":"Trade","damage_taken":0,"relics_obtained":["GremlinMask"],"max_hp_gain":0,"max_hp_loss":0,"event_name":"FaceTrader","floor":14,"gold_loss":0},{"damage_healed":0,"gold_gain":0,"player_choice":"Copied","damage_taken":0,"max_hp_gain":0,"max_hp_loss":0,"event_name":"Duplicator","floor":27,"gold_loss":0,"cards_obtained":["Vault"]},{"damage_healed":0,"gold_gain":0,"player_choice":"Max HP","damage_taken":0,"max_hp_gain":0,"max_hp_loss":4,"event_name":"Winding Halls","floor":47,"gold_loss":0},{"damage_healed":0,"gold_gain":0,"player_choice":"Memory 1","damage_taken":0,"max_hp_gain":0,"max_hp_loss":0,"event_name":"SensoryStone","floor":48,"gold_loss":0}],"is_beta":false,"boss_relics":[{"not_picked":["Busted Crown","SacredBark"],"picked":"Runic Pyramid"},{"not_picked":["Tiny House","Astrolabe"],"picked":"Fusion Hammer"}],"items_purged_floors":[],"is_endless":false,"potions_floor_spawned":[4,8,10,11,13,18,24,28,33,35,37,40,46],"ascension_level":10}}