{"host":"za9ilm1uiwmpmin1","time":1614253216,"event":{"mods":["AchievementEnabler","Act Like it!","BaseMod","Friendly Minions","Gensokyo","KomeijiMod","Library of Ruina","Library of Ruina Extra","Minty Spire (QoL Compilation)","MostiFishMod","StSLib","TestMod","Waifu the Spire"],"gold_per_floor":[119,119,119,44,56,85,101,131,143,155,116,128,140,172,184,296,308,330,357,369,381,293,293,519,44,44,44,44,57,685,711,711,1012,1012,1031,1031,1031,1031,1046,1046,1074,1074,1100,1134,1134,0,0,13,13,13,13,13,13,13,41,41],"floor_reached":57,"language":"ZHS","playtime":1805,"items_purged":["LightAttack","LightAttack"],"score":2538,"play_id":"939aa90e-5405-4bca-8911-2248cfff6ced","local_time":"20210225194016","is_ascension_mode":true,"campfire_choices":[{"data":"ExtractFuel","floor":12.0,"key":"SMITH"},{"data":"SilentMist","floor":15.0,"key":"SMITH"},{"data":"CrackOfDawn","floor":23.0,"key":"SMITH"},{"data":"FocusedStrikes","floor":27.0,"key":"SMITH"},{"data":"Gensokyo:CrescentMoonSlash","floor":32.0,"key":"SMITH"},{"floor":40.0,"key":"RECALL"},{"data":"CoordinatedAssault","floor":42.0,"key":"SMITH"},{"data":"LightDefense","floor":47.0,"key":"SMITH"},{"data":"LightAttack","floor":49.0,"key":"SMITH"},{"floor":53.0,"key":"REST"}],"circlet_count":0,"master_deck":["LightAttack+1","LightDefense+1","LightDefense+1","ChargeAndCover+1","FocusedStrikes+1","Clumsy","CoordinatedAssault+1","SilentMist+1","Faith+1","ExtractFuel+1","Gensokyo:CrescentMoonSlash+1","Parry2+1","CrackOfDawn+1","Fence+1"],"relics":["PageOfLibrarian","DaveBox","testmod-TestBox","testmod-SaigiyounoYou","PatriotShield","SentryEyes","SynthV:TestCard","Darkstone Periapt","Gensokyo:NagashiBinaDoll","PageOfWizard","MawBank","JellyFishMachine","Gensokyo:MosesMiracle","Bag of Preparation","BirthdayGift-Tetrahedron","Medical Kit","Technique","Matryoshka","Bag of Marbles","PageOfSingingMachine","ChiXiaoBlade","Gensokyo:DualWield","Blood Vial","Regal Pillow","Juzu Bracelet","Sundial","Civilization","SynthV:MejaisSoulstealer","War Paint"],"acts_visited":["Exordium","Gensokyo:Gensokyo","Gensokyo:Gensokyoer","TheEnding"],"potions_floor_usage":[56,56,56],"damage_taken":[{"damage":0.0,"enemies":"Gensokyo:3_Fairies","floor":1.0,"turns":2.0},{"damage":0.0,"enemies":"Gensokyo:2_Kodama","floor":5.0,"turns":2.0},{"damage":0.0,"enemies":"Gensokyo:Cirno","floor":6.0,"turns":4.0},{"damage":0.0,"enemies":"Gensokyo:Gryphon","floor":7.0,"turns":2.0},{"damage":3.0,"enemies":"Gensokyo:Mamizou","floor":8.0,"turns":4.0},{"damage":0.0,"enemies":"Gensokyo:Kitsune","floor":14.0,"turns":1.0},{"damage":0.0,"enemies":"Gensokyo:Reimu","floor":16.0,"turns":6.0},{"damage":0.0,"enemies":"Gensokyo:2_Gloops","floor":18.0,"turns":4.0},{"damage":7.0,"enemies":"Gensokyo:3_Dogs","floor":19.0,"turns":2.0},{"damage":0.0,"enemies":"Gensokyo:Reisen","floor":24.0,"turns":3.0},{"damage":4.0,"enemies":"Gensokyo:Slime_Group","floor":29.0,"turns":3.0},{"damage":4.0,"enemies":"Gensokyo:Koishi","floor":30.0,"turns":3.0},{"damage":4.0,"enemies":"Gensokyo:Eiki","floor":33.0,"turns":3.0},{"damage":0.0,"enemies":"Gensokyo:AncientGuardian","floor":35.0,"turns":1.0},{"damage":0.0,"enemies":"Gensokyo:3_Bats","floor":39.0,"turns":1.0},{"damage":2.0,"enemies":"Gensokyo:Doremy","floor":41.0,"turns":2.0},{"damage":0.0,"enemies":"Gensokyo:Kasen","floor":44.0,"turns":1.0},{"damage":0.0,"enemies":"Gensokyo:3_Boulders","floor":48.0,"turns":1.0},{"damage":6.0,"enemies":"Gensokyo:Scarlet_Devils","floor":50.0,"turns":4.0},{"damage":6.0,"enemies":"Gensokyo:Scarlet_Devils","floor":51.0,"turns":4.0},{"damage":0,"enemies":"Shield and Spear","floor":55,"turns":1},{"damage":9,"enemies":"The Heart","floor":56,"turns":4}],"seed_played":"-3991790362802691962","potions_obtained":[{"floor":6.0,"key":"AttackPotion"},{"floor":7.0,"key":"DuplicationPotion"},{"floor":14.0,"key":"testmod-SpacePotion"},{"floor":41.0,"key":"FearPotion"},{"floor":55,"key":"AttackPotion"}],"is_trial":false,"path_per_floor":["M","?","?","$","M","E","M","E","T","?","COS","R","$","M","R","B",null,"M","M","?","?","$","R","E","COS","T","R","$","M","E","T","R","B",null,"M","?","?","?","M","R","E","R","T","E","?","COS","R","M","R","B",null,null,"R","$","E","B",null],"character_chosen":"Librarian","items_purchased":[],"campfire_rested":1,"item_purchase_floors":[],"current_hp_per_floor":[54,43,49,49,50,51,53,52,52,42,42,42,42,45,45,60,78,83,77,77,77,77,77,84,84,84,84,84,84,84,84,84,84,84,84,84,84,84,84,84,84,84,84,84,84,84,84,87,87,91,96,96,96,96,101,106],"gold":41,"neow_bonus":"ONE_RARE_RELIC","is_daily":false,"chose_seed":false,"campfire_upgraded":8,"win_rate":0.0,"timestamp":1614253216,"path_taken":["M","?","?","?","?","E","?","E","T","?","COS","R","$","M","R","BOSS","M","M","?","?","$","R","E","COS","T","R","?","?","E","?","R","BOSS","M","?","?","?","M","R","E","R","T","E","?","COS","R","M","R","BOSS","R","$","E","BOSS"],"items_purchased_type":[],"build_version":"2020-12-22","purchased_purges":2,"victory":true,"max_hp_per_floor":[56,56,62,62,62,70,70,70,70,70,70,70,70,70,70,84,84,84,84,84,84,84,84,84,84,84,84,84,84,84,84,84,84,84,84,84,84,84,84,84,84,84,84,84,84,84,84,87,87,91,96,96,96,96,101,106],"card_choices":[{"not_picked":["BiAn","EnergyCycle","AsThePrescriptOrders","InhaleSmoke","SearingSword","FeelinGood","SmokingPipe","DirtyBlow","ClassAndRespect"],"picked":"SKIP","floor":1.0},{"not_picked":["GuidanceOfTheGears","ShrineToMusic","SunsetBlade","ExtremeEdge","Eradication","ClassAndRespect","Multislash","DarkCloud","Parry","Concentration"],"picked":"CoordinatedAssault","floor":5.0},{"not_picked":["GrazeTheGrass","YoureTooSlow","GroundSmash","Marionette","TheArtOfRapidSteps","SpearedSweep","FeatherShield","Thrust","QuickAttack","DefenseOrder"],"picked":"SilentMist","floor":6.0},{"not_picked":["HighKick","FleetEdge","SunsetBlade","ToOvercomeCrisis","SteelKnuckles","Thrust","FieryDragonSlash","Leap_lor","HiddenBlade","FleetFootsteps"],"picked":"Faith","floor":7.0},{"not_picked":["EnergyStrike","FleetFootsteps","Multislash","GuardingStance","Disposal","YourShield","PreparedMind","SnakeSlit","Unlock1","SinglePointStab"],"picked":"ExtractFuel","floor":8.0},{"not_picked":["Diversion","SharpenedBlade","CoordinatedAssault","Overpower","DarkCloud","AsThePrescriptOrders","ToWhereThePrescriptPoints","SteelKnuckles","SunsetBlade","GrazeTheGrass"],"picked":"Parry2","floor":14.0},{"not_picked":["EnergyBeam","SuanNi","Observe","WillProduceFineSilk"],"picked":"CrackOfDawn","floor":16.0},{"not_picked":["GuidanceOfTheGears+1","BattleCommand","Creak+1","EnergyStrike","HighKick","PinpointShot+1","TrimTheIngredients","Brawl","SmokingPipe","FleetEdge","BindingArms+1"],"picked":"SKIP","floor":18.0},{"not_picked":["UpbeatPerformance","Pound+1","EnergyStrike","SharpSwipe","Parry2+1","QuickAttack","HighKick+1","AutonomousRush","Brawl","StartinOutLightly","EndlessBattle"],"picked":"SKIP","floor":19.0},{"not_picked":["FleetFootsteps","Unlock1","WillOfThePrescript+1","SharpNails+1","HiddenBlade","HandlingWork+1","Decapitation","StructuralAnalysis","QuickSuppression+1","HeavyPeaks","IdentifyWeakpoint+1"],"picked":"SKIP","floor":24.0},{"not_picked":["GreatSerpentsImpact","FleetEdge","Unlock1","QuickAttack","Thrust","HiddenBlade","SunsetBlade","Wallop_lor","Pound+1","AsThePrescriptOrders"],"picked":"Fence+1","floor":29.0},{"not_picked":["Slice_lor","AutonomousRush","FervidEmotions","BackAttack","SkyClearingCut","Overpower","Parry2","AsThePrescriptOrders","EndlessBattle+1","EnergyShield","YourShield"],"picked":"SKIP","floor":30.0},{"not_picked":["Slice_lor","AutonomousRush","FervidEmotions","BackAttack","SkyClearingCut","Overpower","Parry2","AsThePrescriptOrders","EndlessBattle+1","EnergyShield","YourShield"],"picked":"SKIP","floor":30.0},{"not_picked":["Outburst","Unlock1","FocusFire","MultiHit","BackstreetsDash","BiXi","HighSpeedStabbing","BiAn","BiteOff+1","Leap_lor+1","QuickSuppression+1"],"picked":"SKIP","floor":35.0},{"not_picked":["YoureAHindrance+1","EnergyBeam","FierceOnslaught+1","UpbeatPerformance+1","Parry+1","FocusFire+1","GuardingStance+1","ToWhereThePrescriptPoints+1","EnergyConversion","LoosenUp+1","ElectricShock"],"picked":"SKIP","floor":39.0},{"not_picked":["SuppressingShot+1","FierceOnslaught+1","BizarreAttack","FleetFootsteps","GaleKick+1","PreemptiveStrike","YoureAHindrance+1","SnakesPrey","PinpointShot+1","Wallop_lor","WaitUp+1"],"picked":"SKIP","floor":41.0},{"not_picked":["GuidanceOfTheGears","Commandeering","WrathOfTorment","Standoff+1","CoordinatedAssault","Clone+1","Transpierce","Wallop_lor","GaleKick","Collision","BizarreAttack+1"],"picked":"SKIP","floor":44.0},{"not_picked":["GuidanceOfTheGears","Commandeering","WrathOfTorment","Standoff+1","CoordinatedAssault","Clone+1","Transpierce","Wallop_lor","GaleKick","Collision","BizarreAttack+1"],"picked":"SKIP","floor":44.0},{"not_picked":["Laceration","SetFire","HighKick+1","BackAttack+1","DestructiveImpact","HandleRequest","EnergyCycle","Diversion","BulkyImpact","Transpierce","SinglePointStab"],"picked":"SKIP","floor":48.0},{"not_picked":["SmokingPipe","NonstopAssault+1","GuardingStance","BoundaryOfDeath","JiaoTu","TimeForALittleTest","UpbeatPerformance","StayCalm+1","SunsetBlade","PuppetBlockade","GuidanceOfTheGears"],"picked":"SKIP","floor":55},{"not_picked":["SmokingPipe","NonstopAssault+1","GuardingStance","BoundaryOfDeath","JiaoTu","TimeForALittleTest","UpbeatPerformance","StayCalm+1","SunsetBlade","PuppetBlockade","GuidanceOfTheGears"],"picked":"SKIP","floor":55}],"player_experience":775962,"relics_obtained":[{"floor":1.0,"key":"SynthV:TestCard"},{"floor":6.0,"key":"PageOfWizard"},{"floor":8.0,"key":"MawBank"},{"floor":24.0,"key":"Bag of Preparation"},{"floor":26.0,"key":"Matryoshka"},{"floor":30.0,"key":"Gensokyo:MosesMiracle"},{"floor":31.0,"key":"Bag of Marbles"},{"floor":31.0,"key":"PageOfSingingMachine"},{"floor":41.0,"key":"Blood Vial"},{"floor":43.0,"key":"Regal Pillow"},{"floor":43.0,"key":"Juzu Bracelet"},{"floor":44.0,"key":"Sundial"},{"floor":55,"key":"War Paint"}],"event_choices":[{"damage_healed":0.0,"max_hp_gain":0.0,"max_hp_loss":0.0,"gold_gain":0.0,"event_name":"给自己的盒子","player_choice":"Swap Relic","floor":45.0,"relics_lost":["Technique"],"gold_loss":0.0,"damage_taken":0.0,"relics_obtained":["Technique"]}],"is_beta":false,"boss_relics":[{"not_picked":["HereWithMe","Ectoplasm"],"picked":"JellyFishMachine"},{"not_picked":["Sozu","Snecko Eye"],"picked":"ChiXiaoBlade"}],"items_purged_floors":[4,22],"is_endless":false,"potions_floor_spawned":[6,7,14,29,33,41,55],"ascension_level":11}}