{"host":"lg1piimdyocafd6j","time":1614259003,"event":{"mods":["AchievementEnabler","BaseMod","Better Third Choice","BetterRewards","Colored Map","Colored Powertips","Downfall","Minty Spire (QoL Compilation)","Quick Restart","Rare Cards Sparkle","Remove Card Discount Mod","Shop Mod","StSLib","SuperFastMode"],"gold_per_floor":[114,114,125,125,141,141,169,45,45,58,108,133,150,110,110,213,263,275,289,289,302,254,254,254,254,326,199,216,235,106,116,116,221,221,234,234,160,180,180,211,223,241,321,331,137,137,156,156,156,156,156,156,9,35,35],"floor_reached":56,"language":"ENG","playtime":2420,"items_purged":["Strike_G","Neutralize","Defend_G","Defend_G","Strike_G","Defend_G","Defend_G","Defend_G","Strike_G","Strike_G","Survivor","Strike_G+1","Cloak And Dagger+1","Blade Dance+1","Blade Dance+1","Corpse Explosion+1"],"score":1339,"play_id":"cf58987e-02a0-4c6e-a8ba-772e348da818","local_time":"20210225141643","is_ascension_mode":false,"campfire_choices":[{"floor":6,"key":"RECALL"},{"data":"Sadistic Nature","floor":15,"key":"SMITH"},{"data":"Poisoned Stab","floor":23,"key":"SMITH"},{"floor":25,"key":"REST"},{"data":"Panache","floor":32,"key":"SMITH"},{"floor":46,"key":"REST"},{"floor":49,"key":"REST"},{"floor":52,"key":"REST"}],"circlet_count":0,"master_deck":["Sadistic Nature+1","Good Instincts+1","Deflect+1","Blur+1","Blur+1","Bouncing Flask+1","Deflect+1","Catalyst+1","Deadly Poison+1","Poisoned Stab+1","Bandage Up+1","Blur+1","Panache+1","Deadly Poison+1","Deadly Poison+1","Catalyst+1","Blur+1","Footwork","Bouncing Flask+1","Flash of Steel","Good Instincts+1"],"relics":["Ring of the Snake","Membership Card","Shuriken","Toxic Egg 2","White Beast Statue","Happy Flower","Vajra","Omamori","Tiny House","Blue Candle","Ninja Scroll","Bottled Tornado","Fusion Hammer","Lantern","Meat on the Bone","Darkstone Periapt","Lee\u0027s Waffle","Blood Vial","Bronze Scales","Strawberry"],"acts_visited":["Exordium","TheCity","TheBeyond","TheEnding"],"potions_floor_usage":[28,50,50,54,54,55],"damage_taken":[{"damage":0,"enemies":"Jaw Worm","floor":1,"turns":6},{"damage":0,"enemies":"2 Louse","floor":3,"turns":2},{"damage":0,"enemies":"Cultist","floor":5,"turns":3},{"damage":0,"enemies":"Gremlin Nob","floor":7,"turns":3},{"damage":0,"enemies":"Large Slime","floor":10,"turns":4},{"damage":0,"enemies":"Lagavulin","floor":12,"turns":4},{"damage":0,"enemies":"Red Slaver","floor":13,"turns":2},{"damage":0,"enemies":"The Guardian","floor":16,"turns":7},{"damage":0,"enemies":"Chosen","floor":18,"turns":3},{"damage":0,"enemies":"3 Byrds","floor":19,"turns":2},{"damage":0,"enemies":"Snake Plant","floor":21,"turns":3},{"damage":4,"enemies":"Shelled Parasite and Fungi","floor":28,"turns":4},{"damage":0,"enemies":"3 Cultists","floor":29,"turns":2},{"damage":0,"enemies":"Sentry and Sphere","floor":31,"turns":5},{"damage":21,"enemies":"Champ","floor":33,"turns":6},{"damage":0,"enemies":"3 Darklings","floor":35,"turns":1},{"damage":0,"enemies":"Orb Walker","floor":38,"turns":1},{"damage":5,"enemies":"Giant Head","floor":40,"turns":3},{"damage":15,"enemies":"Writhing Mass","floor":41,"turns":4},{"damage":7,"enemies":"Maw","floor":42,"turns":3},{"damage":0,"enemies":"3 Darklings","floor":44,"turns":3},{"damage":0,"enemies":"Jaw Worm Horde","floor":47,"turns":1},{"damage":44,"enemies":"Awakened One","floor":50,"turns":10},{"damage":17,"enemies":"Shield and Spear","floor":54,"turns":6},{"damage":86,"enemies":"The Heart","floor":55,"turns":6}],"seed_played":"1498335033260319431","potions_obtained":[{"floor":3,"key":"Swift Potion"},{"floor":7,"key":"DistilledChaos"},{"floor":10,"key":"champ:CounterPotion"},{"floor":12,"key":"Regen Potion"},{"floor":19,"key":"LiquidBronze"},{"floor":28,"key":"Fruit Juice"},{"floor":31,"key":"BlessingOfTheForge"},{"floor":33,"key":"Energy Potion"},{"floor":40,"key":"Poison Potion"},{"floor":54,"key":"bronze:BurnAndBuffPotion"}],"is_trial":false,"path_per_floor":["M","?","M","?","M","R","E","$","T","M","T","E","M","$","R","B",null,"M","M","?","M","$","R","?","R","T","$","M","M","$","M","R","B",null,"M","?","$","M","?","E","M","M","T","M","$","R","M","?","R","B",null,"R","$","E","B",null],"character_chosen":"THE_SILENT","items_purchased":["Sadistic Nature","Membership Card","Shuriken","Blade Dance","Toxic Egg 2","Good Instincts+1","Happy Flower","Bouncing Flask+1","Catalyst+1","Bandage Up+1","Blur+1","Panache","Bottled Tornado","Lantern","Footwork","Lee\u0027s Waffle","Blood Vial","Bronze Scales","Good Instincts+1","Fire Potion"],"campfire_rested":4,"item_purchase_floors":[0,0,0,0,0,0,8,8,14,22,27,27,30,37,45,45,45,53,53,53],"current_hp_per_floor":[70,56,56,56,56,56,56,56,56,56,56,56,56,56,56,56,75,75,75,70,70,70,70,70,75,75,75,80,80,80,80,80,65,80,80,80,80,80,80,80,65,58,58,64,87,87,87,87,87,61,87,87,87,83,17],"gold":35,"neow_bonus":"","is_daily":false,"chose_seed":false,"campfire_upgraded":3,"win_rate":0.0,"timestamp":1614259003,"path_taken":["M","?","M","?","M","R","E","$","T","M","?","E","?","$","R","BOSS","M","M","?","M","$","R","?","R","T","$","?","M","$","?","R","BOSS","M","?","$","M","?","E","M","M","T","?","$","R","M","?","R","BOSS","R","$","E","BOSS"],"items_purchased_type":["Card","Relic","Relic","Card","Relic","Card","Relic","Card","Card","Card","Card","Card","Relic","Relic","Card","Relic","Relic","Relic","Card","Potion"],"build_version":"2020-12-22","purchased_purges":16,"victory":true,"max_hp_per_floor":[70,70,70,70,70,70,70,70,70,70,70,70,70,70,70,70,75,75,75,75,75,75,75,75,75,75,75,80,80,80,80,80,80,80,80,80,80,80,80,80,80,80,80,80,87,87,87,87,87,87,87,87,87,94,94],"card_choices":[{"not_picked":["PiercingWail+1","Finisher"],"picked":"Deflect+1","floor":1},{"not_picked":["Acrobatics+1","Dagger Spray"],"picked":"Blur+1","floor":3},{"not_picked":["Flechettes","Prepared+1"],"picked":"Cloak And Dagger+1","floor":5},{"not_picked":["Malaise+1","Leg Sweep+1"],"picked":"Blur+1","floor":7},{"not_picked":["Choke","Dodge and Roll+1"],"picked":"Deflect+1","floor":10},{"not_picked":["Acrobatics+1","Bane","Slice"],"picked":"SKIP","floor":12},{"not_picked":["Slice","Underhanded Strike","Prepared+1"],"picked":"SKIP","floor":13},{"not_picked":["Venomology+1","Storm of Steel+1"],"picked":"Corpse Explosion+1","floor":16},{"not_picked":["PiercingWail+1","Blade Dance+1"],"picked":"Deadly Poison+1","floor":17},{"not_picked":["Finisher+1","Dodge and Roll+1"],"picked":"Poisoned Stab","floor":18},{"not_picked":["Cloak And Dagger+1","Underhanded Strike+1","Dash"],"picked":"SKIP","floor":19},{"not_picked":["Venomology+1","Dagger Spray+1"],"picked":"Blade Dance+1","floor":21},{"not_picked":["Slice","PiercingWail+1"],"picked":"Deadly Poison+1","floor":28},{"not_picked":["Outmaneuver+1","All Out Attack"],"picked":"Deadly Poison+1","floor":29},{"not_picked":["Caltrops+1","Dagger Throw+1","Prepared+1"],"picked":"SKIP","floor":31},{"not_picked":["Prepared+1","Outmaneuver+1"],"picked":"Catalyst+1","floor":35},{"not_picked":["Backstab","Slice+1","Quick Slash"],"picked":"SKIP","floor":38},{"not_picked":["Poisoned Stab","Calculated Gamble+1","Flying Knee+1"],"picked":"SKIP","floor":40},{"not_picked":["Poisoned Stab","Calculated Gamble+1","Flying Knee+1"],"picked":"SKIP","floor":40},{"not_picked":["Dodge and Roll+1","Backstab"],"picked":"Blur+1","floor":41},{"not_picked":["Predator","PiercingWail+1","Dodge and Roll+1"],"picked":"SKIP","floor":42},{"not_picked":["Slice+1","Sucker Punch","PiercingWail+1"],"picked":"SKIP","floor":44},{"not_picked":["Underhanded Strike+1","Distraction+1"],"picked":"Bouncing Flask+1","floor":47},{"not_picked":["Madness+1","PanicButton+1"],"picked":"Flash of Steel","floor":48},{"not_picked":["Cloak And Dagger+1","Sucker Punch+1","Distraction+1"],"picked":"SKIP","floor":54}],"player_experience":225716,"relics_obtained":[{"floor":7,"key":"White Beast Statue"},{"floor":11,"key":"Vajra"},{"floor":12,"key":"Omamori"},{"floor":26,"key":"Ninja Scroll"},{"floor":40,"key":"Meat on the Bone"},{"floor":43,"key":"Darkstone Periapt"},{"floor":54,"key":"Strawberry"}],"event_choices":[{"damage_healed":70,"gold_gain":0,"player_choice":"Upgrade","damage_taken":14,"max_hp_gain":0,"max_hp_loss":70,"event_name":"betterThird:BetterShining","floor":2,"gold_loss":0,"cards_upgraded":["Blade Dance","Strike_G"]},{"damage_healed":0,"gold_gain":0,"player_choice":"Ignored","damage_taken":0,"max_hp_gain":0,"max_hp_loss":0,"event_name":"Golden Idol","floor":4,"gold_loss":0},{"damage_healed":0,"gold_gain":0,"player_choice":"Ignored","damage_taken":0,"max_hp_gain":0,"max_hp_loss":0,"event_name":"Accursed Blacksmith","floor":24,"gold_loss":0},{"damage_healed":0,"gold_gain":0,"player_choice":"Ignored","damage_taken":0,"max_hp_gain":0,"max_hp_loss":0,"event_name":"Tomb of Lord Red Mask","floor":36,"gold_loss":0},{"damage_healed":0,"gold_gain":0,"player_choice":"Ignored","damage_taken":0,"max_hp_gain":0,"max_hp_loss":0,"event_name":"betterThird:BetterPortal","floor":39,"gold_loss":0},{"damage_healed":0,"gold_gain":0,"player_choice":"Memory 1","damage_taken":0,"max_hp_gain":0,"max_hp_loss":0,"event_name":"SensoryStone","floor":48,"gold_loss":0}],"is_beta":false,"boss_relics":[{"not_picked":["Ring of the Serpent","HoveringKite"],"picked":"Tiny House"},{"not_picked":["Coffee Dripper","Empty Cage"],"picked":"Fusion Hammer"}],"items_purged_floors":[0,0,0,0,0,8,8,8,8,8,14,22,22,45,45,53],"is_endless":false,"potions_floor_spawned":[3,7,10,12,13,16,18,19,21,28,29,31,33,35,38,40,41,42,44,47,54],"ascension_level":0}}