{"host":"pzefa11dvor2x0v7","time":1614259072,"event":{"mods":["AchievementEnabler","BaseMod","Colored Powertips","Minty Spire (QoL Compilation)","Rare Cards Sparkle","StSLib"],"gold_per_floor":[113,113,133,145,165,165,195,195,242,258,272,86,103,166,166,166,166],"floor_reached":16,"language":"ENG","playtime":414,"items_purged":["Strike_B"],"score":258,"play_id":"ece99e85-6c1d-49a6-8eea-14d81eb979a0","local_time":"20210225151752","is_ascension_mode":true,"campfire_choices":[{"data":"Sunder","floor":6,"key":"SMITH"},{"data":"Zap","floor":8,"key":"SMITH"},{"data":"Fusion","floor":15,"key":"SMITH"}],"circlet_count":0,"master_deck":["AscendersBane","Strike_B","Defend_B","Defend_B","Defend_B","Zap+1","Dualcast","Rebound+1","Recycle+1","Tempest","Glacier","Rebound","Sunder+1","Cold Snap","Conserve Battery","Meteor Strike","Turbo","Fusion+1"],"relics":["Astrolabe","Frozen Egg 2","MealTicket","Pen Nib"],"acts_visited":["Exordium"],"potions_floor_usage":[7,7,14,16],"damage_taken":[{"damage":12,"enemies":"Jaw Worm","floor":1,"turns":3},{"damage":0,"enemies":"Cultist","floor":3,"turns":3},{"damage":4,"enemies":"2 Louse","floor":4,"turns":4},{"damage":9,"enemies":"2 Fungi Beasts","floor":5,"turns":4},{"damage":0,"enemies":"Gremlin Nob","floor":7,"turns":2},{"damage":1,"enemies":"Blue Slaver","floor":10,"turns":4},{"damage":0,"enemies":"Gremlin Gang","floor":11,"turns":4},{"damage":8,"enemies":"Exordium Thugs","floor":13,"turns":2},{"damage":20,"enemies":"Lagavulin Event","floor":14,"turns":4},{"damage":36,"enemies":"The Guardian","floor":16,"turns":2}],"seed_played":"-7006338340682889191","potions_obtained":[{"floor":1,"key":"Energy Potion"},{"floor":4,"key":"Explosive Potion"},{"floor":11,"key":"Energy Potion"},{"floor":14,"key":"Regen Potion"}],"is_trial":false,"path_per_floor":["M","?","M","M","M","R","E","R","T","M","M","$","M","?","R","B"],"character_chosen":"DEFECT","items_purchased":["Turbo","PowerPotion"],"campfire_rested":0,"item_purchase_floors":[12,12],"current_hp_per_floor":[52,52,52,48,39,39,39,39,39,38,38,53,45,25,25,0,0],"gold":166,"neow_bonus":"BOSS_RELIC","is_daily":false,"chose_seed":false,"campfire_upgraded":3,"win_rate":0.0,"timestamp":1614259072,"path_taken":["M","?","M","M","?","R","E","R","T","M","?","$","M","?","R","BOSS"],"items_purchased_type":["Card","Potion"],"build_version":"2020-12-22","purchased_purges":1,"victory":false,"max_hp_per_floor":[71,71,71,71,71,71,71,71,71,71,71,71,71,71,71,71,71],"card_choices":[{"not_picked":["Tempest","Barrage","Darkness"],"picked":"SKIP","floor":1},{"not_picked":["Barrage","Darkness"],"picked":"Tempest","floor":1},{"not_picked":["Turbo","Beam Cell"],"picked":"Rebound","floor":3},{"not_picked":["Glacier","Compile Driver"],"picked":"Sunder","floor":4},{"not_picked":["Static Discharge","Compile Driver"],"picked":"Cold Snap","floor":5},{"not_picked":["Compile Driver","Go for the Eyes"],"picked":"Conserve Battery","floor":7},{"not_picked":["Hologram","Darkness","Redo"],"picked":"SKIP","floor":10},{"not_picked":["Heatsinks+1","Double Energy"],"picked":"Meteor Strike","floor":11},{"not_picked":["Go for the Eyes","Compile Driver","Cold Snap"],"picked":"SKIP","floor":13},{"not_picked":["Aggregate","Steam"],"picked":"Fusion","floor":14}],"player_experience":675632,"relics_obtained":[{"floor":7,"key":"Frozen Egg 2"},{"floor":9,"key":"MealTicket"}],"event_choices":[{"damage_healed":0,"gold_gain":0,"cards_transformed":["Recycle"],"player_choice":"Transformed","damage_taken":0,"max_hp_gain":0,"max_hp_loss":0,"event_name":"Transmorgrifier","floor":2,"gold_loss":0,"cards_obtained":["Glacier"]},{"damage_healed":0,"gold_gain":30,"player_choice":"Searched \u00273\u0027 times","damage_taken":0,"relics_obtained":["Pen Nib"],"max_hp_gain":0,"max_hp_loss":0,"event_name":"Dead Adventurer","floor":14,"gold_loss":0}],"is_beta":false,"boss_relics":[],"items_purged_floors":[12],"is_endless":false,"potions_floor_spawned":[1,4,11,13,14],"killed_by":"The Guardian","ascension_level":20}}