{"host":"ugys05tpep779cl6","time":1614276656,"event":{"mods":["AchievementEnabler","Aspiration","BaseMod","Beaked The Cultist","CatGirl Mod","Colored Powertips","HololiveMod","Lobotomy","Minty Spire (QoL Compilation)","Quick Restart","Replay The Spire","Spicy Shops","StSLib","The Druid"],"gold_per_floor":[412,496,514,514,528,562,587,587,587,616,630,630,630,630,630],"floor_reached":14,"language":"ENG","playtime":408,"items_purged":[],"score":118,"play_id":"988d4a9e-5862-48ba-bda9-5c1f82bb5c53","local_time":"20210225191056","is_ascension_mode":true,"campfire_choices":[{"data":"Defend_R","floor":13.0,"key":"SMITH"}],"circlet_count":0,"master_deck":["Strike_R+1","Strike_R","Strike_R","Strike_R+1","Defend_R","Defend_R","Defend_R","Defend_R+1","Bash+1","Warcry","Warcry","Shrug It Off"],"relics":["Burning Blood","Old Coin","Whetstone","Chameleon Ring","Replay:Rubber Ducky","Meat on the Bone"],"acts_visited":["Exordium"],"potions_floor_usage":[],"damage_taken":[{"damage":9.0,"enemies":"Jaw Worm","floor":1.0,"turns":5.0},{"damage":0.0,"enemies":"2 Louse","floor":3.0,"turns":4.0},{"damage":2.0,"enemies":"Small Slimes","floor":5.0,"turns":4.0},{"damage":25.0,"enemies":"3 Sentries","floor":6.0,"turns":9.0},{"damage":24.0,"enemies":"Gremlin Nob","floor":10.0,"turns":4.0},{"damage":12.0,"enemies":"Blue Slaver","floor":11.0,"turns":6.0},{"damage":19,"enemies":"3 Sentries","floor":14,"turns":5}],"seed_played":"-495992925258949271","potions_obtained":[{"floor":1.0,"key":"CultistPotion"},{"floor":5.0,"key":"Fire Potion"}],"is_trial":false,"path_per_floor":["M","?","M","?","M","E","T","?","T","E","M","?","R","E"],"character_chosen":"IRONCLAD","items_purchased":[],"campfire_rested":0,"item_purchase_floors":[],"current_hp_per_floor":[69,41,47,52,56,37,37,37,37,19,25,25,25,6,6],"gold":630,"neow_bonus":"ONE_RARE_RELIC","is_daily":false,"chose_seed":false,"campfire_upgraded":1,"win_rate":0.0,"timestamp":1614276656,"path_taken":["M","?","M","?","M","E","?","?","T","E","?","?","R","E"],"items_purchased_type":[],"build_version":"2020-12-22","purchased_purges":0,"victory":false,"max_hp_per_floor":[72,72,72,77,77,77,77,77,77,77,77,77,77,77,77],"card_choices":[{"not_picked":["Reckless Charge","ReplayTheSpireMod:Stacked"],"picked":"Warcry","floor":1.0},{"not_picked":["Wild Strike","Burning Pact"],"picked":"Warcry","floor":2.0},{"not_picked":["Armaments","Warcry","Flex"],"picked":"SKIP","floor":3.0},{"not_picked":["Whirlwind","Evolve","Ghostly Armor"],"picked":"SKIP","floor":5.0},{"not_picked":["Run Through","ReplayTheSpireMod:LeadingStrike","Feel No Pain"],"picked":"SKIP","floor":6.0},{"not_picked":["Run Through","Wild Strike","Searing Blow"],"picked":"SKIP","floor":10.0},{"not_picked":["Twin Strike","Armaments"],"picked":"Shrug It Off","floor":11.0}],"player_experience":780802,"relics_obtained":[{"floor":2.0,"key":"Whetstone"},{"floor":6.0,"key":"Chameleon Ring"},{"floor":7.0,"key":"Replay:Rubber Ducky"},{"floor":10.0,"key":"Meat on the Bone"}],"event_choices":[{"damage_healed":0.0,"max_hp_gain":5.0,"max_hp_loss":0.0,"gold_gain":0.0,"event_name":"Big Fish","player_choice":"Donut","floor":4.0,"gold_loss":0.0,"damage_taken":0.0},{"cards_removed":["Strike_R"],"damage_healed":0.0,"max_hp_gain":0.0,"max_hp_loss":0.0,"gold_gain":0.0,"event_name":"Living Wall","player_choice":"Forget","floor":8.0,"gold_loss":0.0,"damage_taken":0.0},{"damage_healed":0.0,"max_hp_gain":0.0,"max_hp_loss":0.0,"gold_gain":0.0,"event_name":"Upgrade Shrine","player_choice":"Upgraded","floor":12.0,"gold_loss":0.0,"damage_taken":0.0,"cards_upgraded":["Bash"]}],"is_beta":false,"boss_relics":[],"items_purged_floors":[],"is_endless":false,"potions_floor_spawned":[1,5],"killed_by":"3 Sentries","ascension_level":4}}