{"host":"ju58ncaxwefs1zmn","time":1614261249,"event":{"mods":["100% Spire Juice","2.2 Compatiblity","Act Like it!","Aspiration","BaseMod","CapriCore","ChefMod","Colored Map","Gensokyo","Hermit","Highlight Path","HololiveMod","Hubris","Infinite Spire","Koishi","Marisa????????","Minty Spire (QoL Compilation)","Monster B Gone","Permanent Neow","Quick Restart","Random Character Button","Relic Filter","Relic Sorter","Relic Stats","Reliquary","Robot Space Explorer","Smile Girya","StSLib","The Administrix","The Animator","The Cursed","The Hierophant","The Immortal","The Marked","The Servant 0.9.4","The Showman","TheBandit","Wandering Minibosses","Yakumo Yukari mod","thorton"],"gold_per_floor":[113,126,126,142,126,126,165,165,245,245,256,288,288,21,21,21,21],"floor_reached":16,"language":"ENG","playtime":1374,"items_purged":["animator:Strike"],"score":193,"play_id":"c381b08f-ef50-4a64-a8ce-3ab9cd2d9bc1","local_time":"20210225055409","is_ascension_mode":true,"campfire_choices":[{"data":"animator:UneriGinkaku","floor":6,"key":"SMITH"},{"floor":8,"key":"REST"},{"data":"animator:Kaijin","floor":10,"key":"SMITH"},{"floor":13,"key":"REST"},{"data":"animator:MamizouFutatsuiwa","floor":15,"key":"SMITH"}],"circlet_count":0,"master_deck":["AscendersBane","animator:Strike_OwariNoSeraph","animator:Defend_OwariNoSeraph+1","animator:Defend","animator:Defend","animator:Defend","animator:Shinoa","animator:Mikaela","animator:Sebas","animator:UneriGinkaku+1","animator:NagisaMomoe","animator:Shinoa","animator:Kaijin+1","animator:Hakurou","animator:Gluttony","animator:SilverFang","animator:MamizouFutatsuiwa+1"],"relics":["animator:LivingPicture","animator:TheMissingPiece","animator:PurgingStone","Juzu Bracelet","Frozen Egg 2","hubris:TenFootPole"],"acts_visited":["Exordium"],"potions_floor_usage":[12],"damage_taken":[{"damage":2,"enemies":"2 Louse","floor":1,"turns":3},{"damage":1,"enemies":"Cultist","floor":2,"turns":5},{"damage":1,"enemies":"Jaw Worm","floor":4,"turns":5},{"damage":20,"enemies":"Exordium Thugs","floor":5,"turns":5},{"damage":25,"enemies":"Gremlin Nob","floor":7,"turns":4},{"damage":7,"enemies":"Blue Slaver","floor":11,"turns":3},{"damage":10,"enemies":"Lagavulin","floor":12,"turns":6},{"damage":13,"enemies":"Hexaghost","floor":16,"turns":9}],"seed_played":"-8730573396483157952","potions_obtained":[{"floor":5,"key":"Ancient Potion"},{"floor":7,"key":"LiquidBronze"}],"is_trial":false,"path_per_floor":["M","M","?","M","M","R","E","R","T","R","M","E","R","$","R","B"],"character_chosen":"THE_ANIMATOR","items_purchased":["animator:SilverFang","animator:MamizouFutatsuiwa","Swift Potion"],"campfire_rested":2,"item_purchase_floors":[14,14,14],"current_hp_per_floor":[52,51,51,50,30,30,5,23,23,23,17,7,25,25,25,12,12],"gold":21,"neow_bonus":"REMOVE_CARD","is_daily":false,"chose_seed":false,"campfire_upgraded":3,"win_rate":0.0,"timestamp":1614261249,"path_taken":["M","M","?","M","M","R","E","R","T","R","M","E","R","?","R","BOSS"],"items_purchased_type":["Card","Card","Potion"],"build_version":"2020-12-22","purchased_purges":1,"victory":false,"max_hp_per_floor":[60,60,60,60,60,60,60,60,60,60,61,61,61,61,61,61,61],"relic_stats":{"counters":[8,40],"Juzu Bracelet":0,"obtain_stats":[{"animator:PurgingStone":0,"animator:TheMissingPiece":0,"animator:LivingPicture":0,"Juzu Bracelet":7,"hubris:TenFootPole":12,"Frozen Egg 2":9},{"animator:PurgingStone":0,"animator:TheMissingPiece":0,"animator:LivingPicture":0,"Juzu Bracelet":5,"hubris:TenFootPole":7,"Frozen Egg 2":5},{"animator:PurgingStone":0,"animator:TheMissingPiece":0,"animator:LivingPicture":0,"Juzu Bracelet":22,"hubris:TenFootPole":31,"Frozen Egg 2":22}]},"card_choices":[{"not_picked":["animator:DwarfShaman","animator:ShinjiMatou"],"picked":"animator:Sebas","floor":1},{"not_picked":["animator:Genos","animator:Berserker"],"picked":"animator:UneriGinkaku","floor":2},{"not_picked":["animator:Shinoa","animator:YachiyoNanami"],"picked":"animator:NagisaMomoe","floor":4},{"not_picked":["animator:HiiragiShinya","animator:Mikaela"],"picked":"animator:Shinoa","floor":5},{"not_picked":["animator:Yoichi","animator:Shichika"],"picked":"animator:Kaijin","floor":7},{"not_picked":["animator:Sebas","animator:Lancer"],"picked":"animator:Hakurou","floor":11},{"not_picked":["animator:CowGirl","animator:RinTohsaka"],"picked":"animator:Gluttony","floor":12}],"player_experience":1196868,"relics_obtained":[{"floor":7,"key":"Juzu Bracelet"},{"floor":9,"key":"Frozen Egg 2"},{"floor":12,"key":"hubris:TenFootPole"}],"event_choices":[{"cards_removed":["animator:Strike"],"damage_healed":0,"gold_gain":0,"player_choice":"Purged","damage_taken":0,"max_hp_gain":0,"max_hp_loss":0,"event_name":"Purifier","floor":3,"gold_loss":0}],"is_beta":false,"boss_relics":[],"items_purged_floors":[14],"is_endless":false,"potions_floor_spawned":[5,7],"killed_by":"Hexaghost","ascension_level":15}}