{"host":"4udtejx3ummmwg8f","time":1614219498,"event":{"mods":["BaseMod","Minty Spire (QoL Compilation)"],"gold_per_floor":[114,131,150,75,75,109,109,124,147,158,185,185,206,246,246,374,374,415,281,281,281,295,295,295],"floor_reached":23,"language":"ENG","playtime":1785,"items_purged":["Defend_P","Injury"],"score":300,"play_id":"f5f84b48-040c-42a4-84ab-bfc90487c26b","local_time":"20210225124818","is_ascension_mode":true,"campfire_choices":[{"floor":7,"key":"REST"},{"floor":15,"key":"REST"}],"circlet_count":0,"master_deck":["Strike_P","Strike_P","Strike_P","Strike_P","Defend_P","Defend_P","Defend_P","Eruption+1","Vigilance","CrushJoints","BattleHymn","Halt","CarveReality","Scrawl","Protect","ForeignInfluence","ConjureBlade","Evaluate","Wish","Indignation","WindmillStrike","Writhe","Prostrate"],"relics":["PureWater","Boot","Oddly Smooth Stone","Lantern","Bag of Marbles","Damaru","Runic Pyramid","Happy Flower","Nloth\u0027s Gift"],"acts_visited":["Exordium","TheCity"],"potions_floor_usage":[10,16,23,23],"damage_taken":[{"damage":0,"enemies":"Cultist","floor":1,"turns":2},{"damage":4,"enemies":"2 Louse","floor":2,"turns":2},{"damage":0,"enemies":"Small Slimes","floor":3,"turns":2},{"damage":14,"enemies":"3 Sentries","floor":6,"turns":4},{"damage":6,"enemies":"3 Louse","floor":8,"turns":3},{"damage":15,"enemies":"Lots of Slimes","floor":10,"turns":2},{"damage":0,"enemies":"Lagavulin","floor":11,"turns":4},{"damage":0,"enemies":"2 Fungi Beasts","floor":13,"turns":2},{"damage":5,"enemies":"3 Sentries","floor":14,"turns":5},{"damage":0,"enemies":"Slime Boss","floor":16,"turns":7},{"damage":4,"enemies":"Chosen","floor":18,"turns":4},{"damage":21,"enemies":"Spheric Guardian","floor":22,"turns":5},{"damage":48,"enemies":"Gremlin Leader","floor":23,"turns":4}],"seed_played":"-8022457022367213210","potions_obtained":[{"floor":8,"key":"LiquidBronze"},{"floor":10,"key":"PowerPotion"},{"floor":11,"key":"DuplicationPotion"},{"floor":14,"key":"Swift Potion"},{"floor":16,"key":"StancePotion"},{"floor":22,"key":"DistilledChaos"}],"is_trial":false,"path_per_floor":["M","M","M","$","?","E","R","M","T","M","E","?","M","E","R","B",null,"M","$","?","?","M","E"],"character_chosen":"WATCHER","items_purchased":["WindmillStrike"],"campfire_rested":2,"item_purchase_floors":[19],"current_hp_per_floor":[72,68,68,68,56,42,63,57,57,42,42,42,42,37,58,58,72,68,68,68,68,47,0,0],"gold":295,"neow_bonus":"UPGRADE_CARD","is_daily":false,"chose_seed":false,"campfire_upgraded":0,"win_rate":0.0,"timestamp":1614219498,"path_taken":["M","M","?","$","?","E","R","M","T","M","E","?","M","E","R","BOSS","M","$","?","?","?","E"],"items_purchased_type":["Card"],"build_version":"2020-12-22","purchased_purges":2,"victory":false,"max_hp_per_floor":[72,72,72,72,72,72,72,72,72,72,72,72,72,72,72,72,72,72,72,72,72,72,72,72],"card_choices":[{"not_picked":["ClearTheMind","Prostrate"],"picked":"CrushJoints","floor":1},{"not_picked":["Vault","Prostrate"],"picked":"BattleHymn","floor":2},{"not_picked":["CrushJoints","CutThroughFate"],"picked":"Halt","floor":3},{"not_picked":["CutThroughFate","Collect"],"picked":"CarveReality","floor":6},{"not_picked":["ThirdEye","CutThroughFate"],"picked":"Scrawl","floor":8},{"not_picked":["FollowUp","FlyingSleeves"],"picked":"Protect","floor":10},{"not_picked":["Consecrate","Protect"],"picked":"ForeignInfluence","floor":11},{"not_picked":["TalkToTheHand","Swivel"],"picked":"ConjureBlade","floor":13},{"not_picked":["FlyingSleeves","BowlingBash"],"picked":"Evaluate","floor":14},{"not_picked":["Scrawl","Blasphemy"],"picked":"Wish","floor":16},{"not_picked":["EmptyBody","Crescendo"],"picked":"Indignation","floor":18},{"not_picked":["FlyingSleeves","Halt"],"picked":"Prostrate","floor":22}],"player_experience":157666,"relics_obtained":[{"floor":6,"key":"Oddly Smooth Stone"},{"floor":9,"key":"Lantern"},{"floor":11,"key":"Bag of Marbles"},{"floor":14,"key":"Damaru"}],"event_choices":[{"damage_healed":0,"gold_gain":0,"player_choice":"Success","damage_taken":12,"relics_obtained":["Boot"],"max_hp_gain":0,"max_hp_loss":0,"event_name":"Scrap Ooze","floor":5,"gold_loss":0},{"damage_healed":0,"gold_gain":0,"player_choice":"Take Wound","damage_taken":0,"relics_obtained":["Golden Idol"],"max_hp_gain":0,"max_hp_loss":0,"event_name":"Golden Idol","floor":12,"gold_loss":0,"cards_obtained":["Injury"]},{"damage_healed":0,"gold_gain":0,"player_choice":"Opened","damage_taken":0,"relics_obtained":["Happy Flower"],"max_hp_gain":0,"max_hp_loss":0,"event_name":"The Mausoleum","floor":20,"gold_loss":0,"cards_obtained":["Writhe"]},{"damage_healed":0,"gold_gain":0,"player_choice":"Traded Relic","damage_taken":0,"relics_obtained":["Nloth\u0027s Gift"],"max_hp_gain":0,"max_hp_loss":0,"event_name":"N\u0027loth","floor":21,"relics_lost":["Golden Idol"],"gold_loss":0}],"is_beta":false,"boss_relics":[{"not_picked":["Ectoplasm","Coffee Dripper"],"picked":"Runic Pyramid"}],"items_purged_floors":[4,19],"is_endless":false,"potions_floor_spawned":[8,10,11,14,16,22],"killed_by":"Gremlin Leader","ascension_level":1}}