{"host":"q57ekfojy3i00x9o","time":1614238406,"event":{"mods":["Act Like it!","Arknights","Aspiration","BaseMod","Colored Map","Energized Spire","Hermit","Minty Spire (QoL Compilation)","Quick Restart","Ruina","Spicy Shops","Spikes Relics","StSLib","slay the spire mod where everything is the same but ironclad has a cowboy hat"],"gold_per_floor":[117,135,135,155,167,167,42,75,75,75,101,64,64,84,84,163,163,178,196,207,41,52,52,52,84,135,35,35,35],"floor_reached":28,"language":"RUS","playtime":568,"items_purged":["ats:Strike C","Parasite"],"score":566,"play_id":"a8348ce3-ded6-48f7-8b69-4b81f5567e23","local_time":"20210225123326","is_ascension_mode":true,"campfire_choices":[{"data":"ats:Ambush","floor":6,"key":"SMITH"},{"data":"ats:Overload","floor":13,"key":"SMITH"},{"floor":15,"key":"REST"},{"floor":23,"key":"REST"}],"circlet_count":0,"master_deck":["AscendersBane","ats:Strike G","ats:Strike S","ats:Strike V","ats:Armor Crushing Shot+1","ats:Defend","ats:Defend+1","ats:Defend","ats:Defend","ats:Emotion Absorption","ats:Guard Mode","ats:Hammer On","ats:Leaping Hammer","ats:Ambush+1","ats:Poison Spread","ats:Guard Mode","ats:Overload+1","ats:Mental Burst","ats:True Silver Slash","ats:Explosion Area Strengthen","ats:Red Shift+1","ats:Sword Rain","ats:Explosion Area Strengthen","ats:Nebulous Foxfire"],"relics":["ats:Sanity","NeowsBlessing","ats:Originium","Lantern","HornCleat","GiantMaggot","Fusion Hammer","Vajra","aspiration:RitualStick","Bag of Preparation","Bag of Marbles"],"acts_visited":["Exordium","TheCity"],"potions_floor_usage":[5,8,11,18,20],"damage_taken":[{"damage":0,"enemies":"Cultist","floor":1,"turns":1},{"damage":0,"enemies":"Jaw Worm","floor":2,"turns":2},{"damage":0,"enemies":"Small Slimes","floor":4,"turns":1},{"damage":6,"enemies":"Red Slaver","floor":5,"turns":3},{"damage":22,"enemies":"3 Sentries","floor":8,"turns":12},{"damage":0,"enemies":"Gremlin Nob","floor":11,"turns":5},{"damage":6,"enemies":"2 Fungi Beasts","floor":14,"turns":3},{"damage":20,"enemies":"Slime Boss","floor":16,"turns":9},{"damage":14,"enemies":"Shell Parasite","floor":18,"turns":3},{"damage":9,"enemies":"2 Thieves","floor":19,"turns":3},{"damage":15,"enemies":"Snecko","floor":20,"turns":5},{"damage":0,"enemies":"Cultist and Chosen","floor":22,"turns":4},{"damage":0,"enemies":"Slavers","floor":25,"turns":3},{"damage":31,"enemies":"Shelled Parasite and Fungi","floor":28,"turns":1}],"seed_played":"8601923620977673608","potions_obtained":[{"floor":1,"key":"BlessingOfTheForge"},{"floor":4,"key":"AttackPotion"},{"floor":5,"key":"Ancient Potion"},{"floor":8,"key":"ats:Burn Small Potion"},{"floor":16,"key":"AttackPotion"},{"floor":18,"key":"Swift Potion"}],"is_trial":false,"path_per_floor":["M","M","?","M","M","R","$","E","T","?","E","$","R","M","R","B",null,"M","M","M","$","M","R","?","E","T","$","M"],"character_chosen":"DOCTOR_CLASS","items_purchased":["ats:Poison Spread","ats:Overload","Vajra"],"campfire_rested":2,"item_purchase_floors":[7,12,21],"current_hp_per_floor":[65,65,43,43,37,37,37,15,15,33,33,33,33,27,48,28,61,52,43,28,28,28,49,31,31,31,31,0,0],"gold":35,"neow_bonus":"THREE_ENEMY_KILL","is_daily":false,"chose_seed":false,"campfire_upgraded":2,"win_rate":0.0,"timestamp":1614238406,"path_taken":["M","?","?","M","M","R","$","E","T","?","E","$","R","M","R","BOSS","M","M","M","$","M","R","?","E","T","$","M"],"items_purchased_type":["Card","Card","Relic"],"build_version":"2020-12-22","purchased_purges":2,"victory":false,"max_hp_per_floor":[72,72,72,72,72,72,72,72,72,72,72,72,72,72,72,72,72,72,72,72,72,72,72,72,72,72,69,69,69],"card_choices":[{"not_picked":["ats:Soul Absorption","ats:Shadow Raid"],"picked":"ats:Guard Mode","floor":1},{"not_picked":["ats:Revitalization","ats:Ignite"],"picked":"ats:Hammer On","floor":2},{"not_picked":["ats:Absolute Focus","ats:Steam Pump"],"picked":"ats:Leaping Hammer","floor":4},{"not_picked":["ats:Leaping Hammer","ats:Hook Shot"],"picked":"ats:Ambush","floor":5},{"not_picked":["ats:Automatic Cover","ats:Shadow Raid","ats:Phantom"],"picked":"SKIP","floor":8},{"not_picked":["ats:Directed Diagnosis","ats:Spore Proliferation"],"picked":"ats:Guard Mode","floor":11},{"not_picked":["ats:Leaping Hammer","ats:Guard Mode"],"picked":"ats:Mental Burst","floor":14},{"not_picked":["ats:Echo Reverb","ats:Roar Of Ursus"],"picked":"ats:True Silver Slash","floor":16},{"not_picked":["ats:Guard Mode","ats:Curse Doll"],"picked":"ats:Explosion Area Strengthen","floor":18},{"not_picked":["ats:Volcano","ats:Poison Spread"],"picked":"ats:Red Shift+1","floor":19},{"not_picked":["ats:Revitalization","ats:Very Hot Blade"],"picked":"ats:Sword Rain","floor":20},{"not_picked":["ats:Ignite","ats:Soul Rend"],"picked":"ats:Explosion Area Strengthen","floor":22},{"not_picked":["ats:Powerful Strike","ats:Beaten Up"],"picked":"ats:Nebulous Foxfire","floor":25}],"player_experience":793303,"relics_obtained":[{"floor":8,"key":"ats:Originium"},{"floor":8,"key":"Lantern"},{"floor":9,"key":"HornCleat"},{"floor":11,"key":"ats:Originium"},{"floor":11,"key":"GiantMaggot"},{"floor":25,"key":"ats:Originium"},{"floor":25,"key":"Bag of Preparation"},{"floor":26,"key":"Bag of Marbles"}],"event_choices":[{"damage_healed":0,"gold_gain":0,"player_choice":"Entered Light","damage_taken":22,"max_hp_gain":0,"max_hp_loss":0,"event_name":"Shining Light","floor":3,"gold_loss":0,"cards_upgraded":["ats:Armor Crushing Shot","ats:Defend"]},{"damage_healed":18,"gold_gain":0,"player_choice":"Healed and dodged fight","damage_taken":0,"max_hp_gain":0,"max_hp_loss":0,"event_name":"Mushrooms","floor":10,"gold_loss":0,"cards_obtained":["Parasite"]}],"is_beta":false,"boss_relics":[{"not_picked":["Black Star","Velvet Choker"],"picked":"Fusion Hammer"}],"items_purged_floors":[7,27],"is_endless":false,"potions_floor_spawned":[1,4,5,8,16,18],"killed_by":"Shelled Parasite and Fungi","ascension_level":18}}