{"host":"skr63qsdfgeey3it","time":1614219744,"event":{"mods":["BaseMod","Colored Map","Hubris","Minty Spire (QoL Compilation)","Monster B Gone","Reliquary","Replay The Spire","Spicy Shops","StSLib"],"gold_per_floor":[117,42,60,75,75,114,114,114,114],"floor_reached":8,"language":"ENG","playtime":276,"items_purged":["CommonCold"],"score":101,"play_id":"46c37066-7c13-45cc-97d0-bfcb1f04251c","local_time":"20210224202224","is_ascension_mode":true,"campfire_choices":[{"data":"Zap","floor":7,"key":"SMITH"}],"circlet_count":0,"master_deck":["AscendersBane","Strike_B","Strike_B","Strike_B","Strike_B","Defend_B","Defend_B","Defend_B","Defend_B","Zap+1","Dualcast","ReplayTheSpireMod:Omega Cannon","Conserve Battery","Steam+1","Conserve Battery"],"relics":["Cracked Core","CeramicFish"],"acts_visited":["Exordium"],"potions_floor_usage":[6],"damage_taken":[{"damage":0,"enemies":"2 Louse","floor":1,"turns":2},{"damage":0,"enemies":"Jaw Worm","floor":3,"turns":2},{"damage":0,"enemies":"Small Slimes","floor":4,"turns":1},{"damage":32,"enemies":"Lagavulin","floor":6,"turns":10},{"damage":47,"enemies":"Gremlin Nob","floor":8,"turns":4}],"seed_played":"-7378837436903074429","potions_obtained":[{"floor":4,"key":"Doom Potion"},{"floor":6,"key":"Energy Potion"}],"is_trial":false,"path_per_floor":["M","$","M","M","?","E","R","E"],"character_chosen":"DEFECT","items_purchased":[],"campfire_rested":0,"item_purchase_floors":[],"current_hp_per_floor":[64,64,64,64,64,32,32,0,0],"gold":114,"neow_bonus":"THREE_RARE_CARDS","is_daily":false,"chose_seed":false,"campfire_upgraded":1,"win_rate":0.0,"timestamp":1614219744,"path_taken":["M","$","M","M","?","E","R","E"],"items_purchased_type":[],"build_version":"2020-12-22","purchased_purges":1,"victory":false,"max_hp_per_floor":[71,71,71,71,71,71,71,71,71],"card_choices":[{"not_picked":["Machine Learning","Biased Cognition"],"picked":"ReplayTheSpireMod:Omega Cannon","floor":0},{"not_picked":["Sweeping Beam","Turbo"],"picked":"Conserve Battery","floor":1},{"not_picked":["Barrage","Panic Button"],"picked":"Steam","floor":3},{"not_picked":["Hologram","ReplayGash","Panic Button"],"picked":"SKIP","floor":4},{"not_picked":["ReplayTheSpireMod:Repulse","Hyperbeam"],"picked":"Conserve Battery","floor":6}],"player_experience":1007955,"relics_obtained":[{"floor":6,"key":"CeramicFish"}],"event_choices":[],"is_beta":false,"boss_relics":[],"items_purged_floors":[2],"is_endless":false,"potions_floor_spawned":[4,6],"killed_by":"Gremlin Nob","ascension_level":16}}