{"host":"oq9vgnvl0fi8z8ha","time":1614293361,"event":{"mods":["Act Like it!","BaseMod","Block Reminder","ChefMod","Curses Come First","Evolution","Fox Events","Hallownest","Highlight Path","Minty Spire (QoL Compilation)","Relic Stats","Robot Space Explorer","Smile Girya","StSLib","The Blue Laboratory","The Bug Knight","The Runesmith","Treasure Hunter","Unceasing Turn Reminder"],"gold_per_floor":[747,762,762,762,937,967,35,35,35,35,65,80,95,110,110,210,210,225,324,339,354,354,384,384,384,384,414,429,5,5,5,5,106,106,121,121,136,136,136],"floor_reached":40,"language":"ENG","playtime":3596,"items_purged":["Regret"],"score":882,"play_id":"acfee93f-3ca3-4ec8-af1c-44cba1b4ddb0","local_time":"20210225154921","daily_mods":["Insanity","Time Dilation","Night Terrors"],"is_ascension_mode":false,"campfire_choices":[{"data":"RobotSpaceExplorer:PowerCollector","floor":8,"key":"SMITH"},{"data":"RobotSpaceExplorer:Reload","floor":10,"key":"SMITH"},{"data":"RobotSpaceExplorer:ShovelStrike","floor":15,"key":"SMITH"},{"data":"RobotSpaceExplorer:MetalStrike","floor":25,"key":"SMITH"},{"data":"RobotSpaceExplorer:Pulsar","floor":30,"key":"SMITH"},{"floor":32,"key":"REST"}],"circlet_count":0,"master_deck":["RobotSpaceExplorer:Probe","RobotSpaceExplorer:SurgingShield","RobotSpaceExplorer:FrostMissile","RobotSpaceExplorer:SlimeMissile","RobotSpaceExplorer:ScrapMissile","RobotSpaceExplorer:Pulsar+1","RobotSpaceExplorer:MetalStrike+1","RobotSpaceExplorer:GearShield","RobotSpaceExplorer:Blitz","RobotSpaceExplorer:PowerCollector","RobotSpaceExplorer:SurgingStrike+1","RobotSpaceExplorer:Reload","RobotSpaceExplorer:LaserBurst","RobotSpaceExplorer:Probe","RobotSpaceExplorer:PlasmaMissile","RobotSpaceExplorer:Reload+1","RobotSpaceExplorer:ShovelStrike+1","RobotSpaceExplorer:Pulsar","RobotSpaceExplorer:SlimeMissile","RobotSpaceExplorer:SurgingStrike","RobotSpaceExplorer:Pulsar","RobotSpaceExplorer:SurgingStrike+1","RobotSpaceExplorer:ShockKick","RobotSpaceExplorer:DoubleFind+1","RobotSpaceExplorer:FrostMissile","RobotSpaceExplorer:Electroshield","RobotSpaceExplorer:SlimeMissile","RobotSpaceExplorer:MiniDrones","RobotSpaceExplorer:SurgingShield","RobotSpaceExplorer:ScrapMissile","RobotSpaceExplorer:MakeshiftVolley","RobotSpaceExplorer:SurgingShield","RobotSpaceExplorer:MiniDrones","RobotSpaceExplorer:SlimeMissile","RobotSpaceExplorer:SwiftStep","RobotSpaceExplorer:ExhaustFan","RobotSpaceExplorer:Probe","RobotSpaceExplorer:GearShield","RobotSpaceExplorer:Electropulse","RobotSpaceExplorer:ScrapShield","RobotSpaceExplorer:PowerCollector+1","RobotSpaceExplorer:MetalStrike+1","RobotSpaceExplorer:ShockKick","RobotSpaceExplorer:SwiftStep","RobotSpaceExplorer:Probe","RobotSpaceExplorer:JunkDive","RobotSpaceExplorer:LaserBurst","RobotSpaceExplorer:GlueSpray","RobotSpaceExplorer:ToxicBomb","RobotSpaceExplorer:Probe","RobotSpaceExplorer:Counterblock","RobotSpaceExplorer:PlasmaMissile","TH:DeckOfManyThings","RobotSpaceExplorer:ShovelStrike","RobotSpaceExplorer:TrailblazerForm","RobotSpaceExplorer:BlastShield","RobotSpaceExplorer:Pulsar","RobotSpaceExplorer:PlasmaMissile","TH:CopperCoins","TH:TreasureMap","RobotSpaceExplorer:PowerGlove","RobotSpaceExplorer:LuckyStrike","RobotSpaceExplorer:FreezeRay","RobotSpaceExplorer:MiniDrones","TH:BikiniMail","RobotSpaceExplorer:Multitool","RobotSpaceExplorer:MiniDrones","RobotSpaceExplorer:Pulsar","RobotSpaceExplorer:Jetpack+1","RobotSpaceExplorer:MiniBoosters","TH:ArmorSpikes","RobotSpaceExplorer:ScrapShield","TH:TreasureMap","TH:CopperCoins","RobotSpaceExplorer:DualCore","RobotSpaceExplorer:ShockKick+1","Panache","TH:PixieDust","RobotSpaceExplorer:Accelerator","RobotSpaceExplorer:Smokescreen+1","TH:CursedSword","RobotSpaceExplorer:SwiftStep"],"relics":["RobotSpaceExplorer:TurboCore","EVO:Axolotl","Dead Branch","Nunchaku","Potion Belt","Oddly Smooth Stone","Lee\u0027s Waffle","HollowMod:LifeEnderRelic","Whetstone","Runesmith:UraniumAnvil","Art of War","Tiny Chest","Enchiridion","RobotSpaceExplorer:BottledGravity","Shuriken","TH:Strongbox","Bird Faced Urn"],"acts_visited":["Exordium","TheCity","TheBeyond"],"potions_floor_usage":[16,20,20,23,23,39,39],"damage_taken":[{"damage":0,"enemies":"2 Louse","floor":1,"turns":2},{"damage":4,"enemies":"Small Slimes","floor":2,"turns":2},{"damage":13,"enemies":"HollowMod:MossKnight","floor":6,"turns":8},{"damage":4,"enemies":"3 Sentries","floor":11,"turns":6},{"damage":9,"enemies":"Jaw Worm","floor":12,"turns":2},{"damage":0,"enemies":"Large Slime","floor":13,"turns":2},{"damage":12,"enemies":"2 Fungi Beasts","floor":14,"turns":3},{"damage":3,"enemies":"The Guardian","floor":16,"turns":7},{"damage":0,"enemies":"Chosen","floor":18,"turns":2},{"damage":17,"enemies":"Chosen and Byrds","floor":20,"turns":6},{"damage":0,"enemies":"Snecko","floor":21,"turns":5},{"damage":0,"enemies":"Gremlin Leader","floor":23,"turns":5},{"damage":1,"enemies":"Book of Stabbing","floor":27,"turns":4},{"damage":12,"enemies":"Centurion and Healer","floor":28,"turns":3},{"damage":0,"enemies":"Champ","floor":33,"turns":5},{"damage":8,"enemies":"3 Darklings","floor":35,"turns":2},{"damage":0,"enemies":"3 Shapes","floor":37,"turns":2},{"damage":62,"enemies":"Donu and Deca","floor":39,"turns":7}],"seed_played":"3523290589944034342","potions_obtained":[{"floor":2,"key":"DistilledChaos"},{"floor":6,"key":"blueLaboratory:AbyssPotion"},{"floor":12,"key":"DistilledChaos"},{"floor":16,"key":"DuplicationPotion"},{"floor":18,"key":"RobotSpaceExplorer:RecyclePotion"},{"floor":20,"key":"Fruit Juice"},{"floor":21,"key":"ColorlessPotion"},{"floor":27,"key":"Strength Potion"},{"floor":35,"key":"blueLaboratory:Moonshine"}],"is_trial":false,"path_per_floor":["M","M","?","?","?","E","$","R","T","R","E","M","M","M","R","B",null,"M","?","M","M","?","E","?","R","T","E","M","$","R","?","R","B",null,"M","T","M","?","B",null],"character_chosen":"RobotSpaceExplorer","items_purchased":["Potion Belt","Oddly Smooth Stone","Lee\u0027s Waffle","RobotSpaceExplorer:TrailblazerForm","RobotSpaceExplorer:BlastShield","RobotSpaceExplorer:Pulsar","RobotSpaceExplorer:PlasmaMissile","TH:Strongbox","Panache"],"campfire_rested":1,"item_purchase_floors":[7,7,7,7,7,7,7,29,29],"current_hp_per_floor":[86,82,82,65,65,52,93,93,93,93,89,80,80,68,68,65,93,93,93,81,81,81,81,65,65,65,64,52,52,52,52,93,93,93,85,85,89,89,39],"gold":136,"neow_bonus":"","is_daily":true,"chose_seed":false,"campfire_upgraded":5,"win_rate":0.0,"timestamp":1614293361,"path_taken":["M","M","?","?","?","E","?","R","T","R","E","M","M","M","R","BOSS","M","?","M","M","?","E","?","R","T","E","M","?","R","?","R","BOSS","M","?","?","?","BOSS"],"items_purchased_type":["Relic","Relic","Relic","Card","Card","Card","Card","Relic","Card"],"build_version":"2020-12-22","purchased_purges":1,"victory":true,"max_hp_per_floor":[86,86,86,86,86,86,93,93,93,93,93,93,93,93,93,93,93,93,93,98,98,98,98,98,98,98,98,98,98,98,98,93,93,93,93,93,93,93,93],"relic_stats":{"Nunchaku":[15],"Lee\u0027s Waffle":41,"counters":[18,73],"Shuriken":[14],"Dead Branch":[86],"Bird Faced Urn":[16],"Tiny Chest":1,"Art of War":[3],"Whetstone":["RobotSpaceExplorer:MetalStrike","RobotSpaceExplorer:SurgingStrike"],"obtain_stats":[{"Potion Belt":7,"Lee\u0027s Waffle":7,"HollowMod:LifeEnderRelic":9,"Dead Branch":3,"Oddly Smooth Stone":7,"Enchiridion":24,"RobotSpaceExplorer:RoboCore":0,"TH:Strongbox":29,"EVO:Axolotl":0,"Whetstone":11,"RobotSpaceExplorer:TurboCore":34,"Nunchaku":6,"RobotSpaceExplorer:BottledGravity":26,"Shuriken":27,"Bird Faced Urn":36,"Runesmith:UraniumAnvil":17,"Tiny Chest":23,"Art of War":20},{"Potion Belt":3,"Lee\u0027s Waffle":3,"HollowMod:LifeEnderRelic":3,"Dead Branch":2,"Oddly Smooth Stone":3,"Enchiridion":12,"RobotSpaceExplorer:RoboCore":0,"TH:Strongbox":14,"EVO:Axolotl":0,"Whetstone":4,"RobotSpaceExplorer:TurboCore":15,"Nunchaku":3,"RobotSpaceExplorer:BottledGravity":12,"Shuriken":13,"Bird Faced Urn":16,"Runesmith:UraniumAnvil":8,"Tiny Chest":12,"Art of War":10},{"Potion Belt":12,"Lee\u0027s Waffle":12,"HollowMod:LifeEnderRelic":12,"Dead Branch":4,"Oddly Smooth Stone":12,"Enchiridion":50,"RobotSpaceExplorer:RoboCore":0,"TH:Strongbox":57,"EVO:Axolotl":0,"Whetstone":18,"RobotSpaceExplorer:TurboCore":62,"Nunchaku":12,"RobotSpaceExplorer:BottledGravity":50,"Shuriken":54,"Bird Faced Urn":64,"Runesmith:UraniumAnvil":32,"Tiny Chest":50,"Art of War":40}]},"card_choices":[{"not_picked":["RobotSpaceExplorer:FrostMissile","RobotSpaceExplorer:GlueShot"],"picked":"RobotSpaceExplorer:Counterblock","floor":1},{"not_picked":["RobotSpaceExplorer:GlueShot","RobotSpaceExplorer:SelfCleaning"],"picked":"RobotSpaceExplorer:PlasmaMissile","floor":2},{"not_picked":["TH:EnergyPotion"],"picked":"TH:DeckOfManyThings","floor":6},{"not_picked":["RobotSpaceExplorer:ImprovisedAttack","RobotSpaceExplorer:FranticSearch"],"picked":"RobotSpaceExplorer:ShovelStrike","floor":6},{"not_picked":["TH:EnergyPotion"],"picked":"TH:CopperCoins","floor":9},{"not_picked":["TH:CopperCoins"],"picked":"TH:TreasureMap","floor":11},{"not_picked":["RobotSpaceExplorer:TrailblazerForm","RobotSpaceExplorer:SwiftStep"],"picked":"RobotSpaceExplorer:PowerGlove","floor":11},{"not_picked":["RobotSpaceExplorer:FranticSearch","RobotSpaceExplorer:Counterblock"],"picked":"RobotSpaceExplorer:LuckyStrike","floor":12},{"not_picked":["RobotSpaceExplorer:ShockKick","RobotSpaceExplorer:SwiftStep"],"picked":"RobotSpaceExplorer:FreezeRay","floor":13},{"not_picked":["RobotSpaceExplorer:GlueShot","RobotSpaceExplorer:ImprovisedAttack"],"picked":"RobotSpaceExplorer:MiniDrones","floor":14},{"not_picked":["TH:ArmorSpikes"],"picked":"TH:BikiniMail","floor":16},{"not_picked":["RobotSpaceExplorer:HighVoltage","RobotSpaceExplorer:TrailblazerForm"],"picked":"RobotSpaceExplorer:Multitool","floor":16},{"not_picked":["RobotSpaceExplorer:GlueShot","RobotSpaceExplorer:MetalStrike+1"],"picked":"RobotSpaceExplorer:MiniDrones","floor":18},{"not_picked":["RobotSpaceExplorer:SurgingShield","RobotSpaceExplorer:ScrapMissile"],"picked":"RobotSpaceExplorer:Pulsar","floor":20},{"not_picked":["RobotSpaceExplorer:Probe","RobotSpaceExplorer:MetalStrike"],"picked":"RobotSpaceExplorer:Jetpack+1","floor":21},{"not_picked":["TH:ElvenBoots"],"picked":"TH:ArmorSpikes","floor":23},{"not_picked":["RobotSpaceExplorer:PowerCollector","RobotSpaceExplorer:Counterblock"],"picked":"RobotSpaceExplorer:ScrapShield","floor":23},{"not_picked":["TH:PixieDust"],"picked":"TH:TreasureMap","floor":26},{"not_picked":["TH:ArmorSpikes"],"picked":"TH:CopperCoins","floor":27},{"not_picked":["RobotSpaceExplorer:Ammunition","RobotSpaceExplorer:Discharger"],"picked":"RobotSpaceExplorer:DualCore","floor":27},{"not_picked":["RobotSpaceExplorer:ShovelStrike","RobotSpaceExplorer:GlueShot"],"picked":"RobotSpaceExplorer:ShockKick+1","floor":28},{"not_picked":["TH:ElvenBoots"],"picked":"TH:PixieDust","floor":33},{"not_picked":["RobotSpaceExplorer:Arsenal","RobotSpaceExplorer:ChargingLaser"],"picked":"RobotSpaceExplorer:Accelerator","floor":33},{"not_picked":["RobotSpaceExplorer:SurgingShield+1","RobotSpaceExplorer:FranticSearch"],"picked":"RobotSpaceExplorer:Smokescreen+1","floor":35},{"not_picked":["TH:CopperCoins"],"picked":"TH:CursedSword","floor":36},{"not_picked":["RobotSpaceExplorer:MiniDrones","RobotSpaceExplorer:GlueShot"],"picked":"RobotSpaceExplorer:SwiftStep","floor":37}],"player_experience":323784,"relics_obtained":[{"floor":6,"key":"Nunchaku"},{"floor":9,"key":"HollowMod:LifeEnderRelic"},{"floor":11,"key":"Whetstone"},{"floor":20,"key":"Art of War"},{"floor":23,"key":"Tiny Chest"},{"floor":24,"key":"Enchiridion"},{"floor":26,"key":"RobotSpaceExplorer:BottledGravity"},{"floor":27,"key":"Shuriken"},{"floor":36,"key":"Bird Faced Urn"}],"event_choices":[{"damage_healed":0,"gold_gain":0,"player_choice":"Box","damage_taken":0,"relics_obtained":["Dead Branch"],"max_hp_gain":0,"max_hp_loss":0,"event_name":"Big Fish","floor":3,"gold_loss":0,"cards_obtained":["Regret"]},{"damage_healed":0,"gold_gain":0,"player_choice":"Entered Light","damage_taken":17,"max_hp_gain":0,"max_hp_loss":0,"event_name":"Shining Light","floor":4,"gold_loss":0,"cards_upgraded":["RobotSpaceExplorer:DoubleFind","RobotSpaceExplorer:SurgingStrike"]},{"damage_healed":0,"gold_gain":175,"player_choice":"AGREE","damage_taken":0,"max_hp_gain":0,"max_hp_loss":0,"event_name":"Liars Game","floor":5,"gold_loss":0,"cards_obtained":["Doubt"]},{"damage_healed":0,"gold_gain":99,"player_choice":"Stole From Cult","damage_taken":0,"max_hp_gain":0,"max_hp_loss":0,"event_name":"Nest","floor":19,"gold_loss":0},{"damage_healed":0,"gold_gain":0,"player_choice":"Read","damage_taken":0,"max_hp_gain":0,"max_hp_loss":0,"event_name":"The Library","floor":22,"gold_loss":0,"cards_obtained":["RobotSpaceExplorer:MiniBoosters"]},{"damage_healed":0,"gold_gain":0,"player_choice":"Obtained Book","damage_taken":16,"max_hp_gain":0,"max_hp_loss":0,"event_name":"Cursed Tome","floor":24,"gold_loss":0},{"cards_removed":["Doubt"],"damage_healed":0,"gold_gain":0,"player_choice":"Elegance","damage_taken":0,"max_hp_gain":0,"max_hp_loss":0,"event_name":"Back to Basics","floor":31,"gold_loss":0},{"damage_healed":0,"gold_gain":0,"player_choice":"Took Portal","damage_taken":0,"max_hp_gain":0,"max_hp_loss":0,"event_name":"SecretPortal","floor":38,"gold_loss":0}],"is_beta":false,"boss_relics":[{"not_picked":["Calling Bell","Runic Dome"],"picked":"Runesmith:UraniumAnvil"},{"not_picked":["SacredBark","Astrolabe"],"picked":"RobotSpaceExplorer:TurboCore"}],"items_purged_floors":[7],"is_endless":false,"potions_floor_spawned":[2,6,12,16,18,20,21,27,35],"ascension_level":0}}