{"host":"i5k6a03zg3men3m2","time":1614262614,"event":{"mods":["Act Like it!","BaseMod","Downfall","Gensokyo","GifTheSpireLib","Minty Spire (QoL Compilation)","Quick Restart","Replay The Spire","StSLib","TestMod"],"gold_per_floor":[110,33,33,0,0,30,30,46,46,46,46,46,58,58,273,284,284,386,386,405,421,471,483,483,483,483,483,483,483,483,501,11,11,23,43,43,138,138,138,138],"floor_reached":39,"language":"ZHS","playtime":1808,"items_purged":["Strike_P"],"score":524,"play_id":"d236f9e2-67ec-4045-94e9-22a3367cd1dc","local_time":"20210225221654","is_ascension_mode":true,"campfire_choices":[{"floor":7,"key":"REST"},{"floor":10,"key":"REST"},{"floor":14,"key":"REST"},{"floor":25,"key":"REST"},{"floor":29,"key":"REST"},{"floor":33,"key":"REST"},{"floor":36,"key":"REST"}],"circlet_count":0,"master_deck":["Strike_P","Defend_P","Defend_P","Defend_P","Eruption","Vigilance","Tantrum","Evaluate","Pray","Replay:ManipulateFuture","JustLucky","JustLucky","MasterReality","CutThroughFate","CutThroughFate+1","Writhe","Ragnarok+1","Replay:Cycle+1","MentalFortress","Ragnarok"],"relics":["PureWater","testmod-TestBox","testmod-Fortitude","Gensokyo:CelestialsFlawlessClothing","Gensokyo:NagashiBinaDoll","GoldenEye","Yang","Strawberry","SacredBark","Ring of Misfortune","Blue Doll","Tiny Chest","ReplayTheSpireMod:Ring of Addiction","Potion Belt","Toy Ornithopter","Divine Protection","CaptainsWheel","Replay:Grab Bag","ChewingGum","SlaversCollar","testmod-Prudence"],"acts_visited":["Gensokyo:Gensokyo","Gensokyo:Gensokyoer","Gensokyo:Gensokyoest"],"potions_floor_usage":[16,23,31,34,37,37],"damage_taken":[{"damage":5,"enemies":"Gensokyo:2_Kodama","floor":1,"turns":2},{"damage":46,"enemies":"Gensokyo:Aya","floor":6,"turns":4},{"damage":11,"enemies":"Gensokyo:Gryphon","floor":8,"turns":3},{"damage":0,"enemies":"Gensokyo:Python","floor":13,"turns":2},{"damage":0,"enemies":"Gensokyo:LivingMonolith","floor":15,"turns":3},{"damage":2,"enemies":"Gensokyo:3_Kodama","floor":16,"turns":2},{"damage":64,"enemies":"Gensokyo:Kokoro","floor":18,"turns":11},{"damage":22,"enemies":"Gensokyo:AngelMirror","floor":20,"turns":4},{"damage":22,"enemies":"Gensokyo:2_Gloops","floor":21,"turns":5},{"damage":12,"enemies":"Gensokyo:Slime_Group","floor":23,"turns":3},{"damage":36,"enemies":"Gensokyo:Chomper_and_Gloop","floor":31,"turns":6},{"damage":35,"enemies":"Gensokyo:Mirror_and_Dog","floor":34,"turns":4},{"damage":30,"enemies":"Gensokyo:Wraith","floor":35,"turns":4},{"damage":47,"enemies":"Gensokyo:Kaguya","floor":37,"turns":7},{"damage":158,"enemies":"Gensokyo:AncientGuardian","floor":39,"turns":11}],"seed_played":"-3154913377419601994","potions_obtained":[{"floor":8,"key":"Explosive Potion"},{"floor":15,"key":"Fire Potion"},{"floor":20,"key":"FairyPotion"},{"floor":24,"key":"Flashbang"},{"floor":24,"key":"LiquidMemories"},{"floor":24,"key":"Explosive Potion"},{"floor":31,"key":"Ambrosia"}],"is_trial":false,"path_per_floor":["M","COS","?","?","?","E","R","M","T","R","PTL","PTL","M","R","M","M","R","B",null,"M","M","?","M","?","R","?","PTL","PTL","R","T","M","$","R","M","M","R","B",null,"M"],"character_chosen":"WATCHER","items_purchased":["CaptainsWheel","Ragnarok+1"],"campfire_rested":7,"item_purchase_floors":[32,32],"current_hp_per_floor":[60,60,42,58,58,12,33,22,22,43,43,43,50,73,73,71,71,7,61,39,17,17,5,5,28,28,28,28,51,51,20,20,42,12,30,52,15,60,0,0],"gold":138,"neow_bonus":"TRANSFORM_CARD","is_daily":false,"chose_seed":false,"campfire_upgraded":0,"win_rate":0.0,"timestamp":1614262614,"path_taken":["M","COS","?","?","?","E","R","?","T","R","PTL","PTL","M","R","M","M","R","BOSS","M","M","?","M","?","R","?","PTL","PTL","R","T","M","$","R","?","M","R","BOSS","M"],"items_purchased_type":["Relic","Card"],"build_version":"2020-12-22","purchased_purges":1,"victory":false,"max_hp_per_floor":[72,72,72,72,72,72,72,72,72,72,72,72,79,79,79,79,79,79,79,79,79,79,79,79,79,79,79,77,77,77,75,75,75,75,75,75,75,75,75,75],"card_choices":[{"not_picked":["Prostrate","Replay:AtTheReady"],"picked":"Evaluate","floor":1},{"not_picked":["Replay:AtTheReady","Meditate","SashWhip"],"picked":"SKIP","floor":6},{"not_picked":["Protect","BowlingBash","Replay:Battleflow"],"picked":"SKIP","floor":8},{"not_picked":["Halt","Meditate"],"picked":"Pray","floor":13},{"not_picked":["ClearTheMind","Pray"],"picked":"Replay:ManipulateFuture","floor":15},{"not_picked":["Replay:Hum","Vengeance"],"picked":"JustLucky","floor":16},{"not_picked":["Vault","Judgement"],"picked":"MasterReality","floor":18},{"not_picked":["EmptyMind","Meditate+1"],"picked":"CutThroughFate","floor":20},{"not_picked":["JustLucky","EmptyBody+1"],"picked":"CutThroughFate+1","floor":21},{"not_picked":["EmptyFist","Replay:BluntJabs","JustLucky"],"picked":"SKIP","floor":23},{"not_picked":["EmptyFist","Protect","WaveOfTheHand"],"picked":"SKIP","floor":31},{"not_picked":["Replay:ManipulateFuture+1","LikeWater"],"picked":"Replay:Cycle+1","floor":34},{"not_picked":["InnerPeace","Replay:Battleflow"],"picked":"MentalFortress","floor":35},{"not_picked":["MasterReality","Vault"],"picked":"Ragnarok","floor":37}],"player_experience":562626,"relics_obtained":[{"floor":6,"key":"GoldenEye"},{"floor":9,"key":"Yang"},{"floor":22,"key":"Ring of Misfortune"},{"floor":22,"key":"Ring of Greed"},{"floor":22,"key":"Blue Doll"},{"floor":22,"key":"Tiny Chest"},{"floor":24,"key":"Potion Belt"},{"floor":24,"key":"Toy Ornithopter"},{"floor":30,"key":"Divine Protection"}],"event_choices":[{"damage_healed":0,"gold_gain":0,"player_choice":"Swap Relic","damage_taken":0,"relics_obtained":["ReplayTheSpireMod:Ring of Addiction"],"max_hp_gain":0,"max_hp_loss":0,"event_name":"给自己的盒子","floor":24,"relics_lost":["Ring of Greed"],"gold_loss":0}],"is_beta":false,"boss_relics":[{"not_picked":["Replay:Drink Me","Ectoplasm"],"picked":"SacredBark"},{"not_picked":["testmod-SaigiyounoYou","testmod-Recursion"],"picked":"Replay:Grab Bag"},{"not_picked":["Runic Dome","Fusion Hammer"],"picked":"ChewingGum"},{"not_picked":["Coffee Dripper","Busted Crown"],"picked":"SlaversCollar"},{"not_picked":["testmod-NegativeEmotionEnhancer","testmod-GoldenSoul"],"picked":"testmod-Prudence"}],"items_purged_floors":[32],"is_endless":false,"potions_floor_spawned":[8,15,20,31],"killed_by":"Gensokyo:AncientGuardian","ascension_level":8}}