{"host":"rjfefv2ruvigm2gb","time":1614223156,"event":{"mods":["Act Like it!","AlwaysNeverKeys","BaseMod","Better Note","Better Third Choice","BetterRewards","Block Reminder","Bossed Relics","Colored Map","Colored Powertips","Curses Come First","Displayed Cursed Tome","Fox Events","GifTheSpireLib","Gold Saver","Googly Eyes","Highlight Path","Library of Ruina","Library of Ruina Extra","Minty Spire (QoL Compilation)","Permanent Neow","Poor People Problems","Quick Restart","Relic Stats","Reliquary","Shop Mod","Small Relic Pack","Spire Arcade","StS++","StSLib","Stuff the Spire","SuperFastMode","Transform Curses","Uncapped","Virulent Crown"],"gold_per_floor":[1466,1466,1489,1502,1515,1515,1548,587,613,691,691,691,691,710,710,834,834,853,853,868,793,809,809,827,827,827,827,827,846,887,910,910,910,910],"floor_reached":33,"language":"ENG","playtime":984,"items_purged":["Injury"],"score":392,"play_id":"1db6fd6f-9ce1-435c-9389-dd27dcf26a99","local_time":"20210224211916","is_ascension_mode":false,"campfire_choices":[{"data":"DegradedShockwave","floor":6,"key":"SMITH"},{"data":"Eliminate","floor":11,"key":"SMITH"},{"floor":13,"key":"REST"},{"data":"DegradedLock","floor":15,"key":"SMITH"},{"data":"BoundaryOfDeath","floor":23,"key":"SMITH"},{"data":"SmokingPipe","floor":25,"key":"SMITH"},{"data":"DegradedChain","floor":27,"key":"SMITH"},{"data":"Unlock1","floor":32,"key":"SMITH"}],"circlet_count":0,"master_deck":["DegradedFairy","DegradedFairy","DegradedFairy","DegradedChain+1","DegradedChain","DegradedLock+1","DegradedPillar","DegradedPillar","DegradedShockwave+1","Eliminate+1","EnergyCycle","SmokingPipe","GrazeTheGrass","GoinFirst","SmokingPipe+1","EnergyCycle","Diversion","CurseOfTheBell","Diversion","JiaoTu","BoundaryOfDeath+1","GrazeTheGrass","Unlock1+1"],"relics":["PageOfLibrarian","reliquary:Boomerang","Golden Idol","StuffTheSpire:Gunfinga","PageOfTheSilentOrchestra","MerchantsRug","Pear","ClockworkSouvenir","Ancient Tea Set","reliquary:WeakTea","relicPack:DSword","Calling Bell","Vajra","reliquary:JackalopeAntler","Prayer Wheel","Bag of Marbles","PageOfSnowWhitesApple"],"acts_visited":["Exordium","TheCity"],"potions_floor_usage":[1,16,16],"damage_taken":[{"damage":0,"enemies":"2 Louse","floor":1,"turns":1},{"damage":0,"enemies":"Small Slimes","floor":3,"turns":2},{"damage":0,"enemies":"Jaw Worm","floor":4,"turns":1},{"damage":0,"enemies":"Exordium Wildlife","floor":5,"turns":2},{"damage":0,"enemies":"3 Sentries","floor":7,"turns":2},{"damage":0,"enemies":"Gremlin Nob","floor":10,"turns":1},{"damage":0,"enemies":"Red Slaver","floor":14,"turns":1},{"damage":0,"enemies":"Slime Boss","floor":16,"turns":1},{"damage":0,"enemies":"2 Thieves","floor":18,"turns":1},{"damage":2,"enemies":"3 Byrds","floor":20,"turns":3},{"damage":0,"enemies":"Snecko","floor":22,"turns":2},{"damage":0,"enemies":"Snake Plant","floor":24,"turns":1},{"damage":0,"enemies":"3 Cultists","floor":29,"turns":1},{"damage":1,"enemies":"Gremlin Leader","floor":30,"turns":3},{"damage":0,"enemies":"Shelled Parasite and Fungi","floor":31,"turns":2},{"damage":0,"enemies":"RedHoodMercenary","floor":33,"turns":4}],"seed_played":"-6115658306889856636","potions_obtained":[{"floor":1,"key":"Fruit Juice"},{"floor":3,"key":"Fire Potion"},{"floor":7,"key":"Regen Potion"},{"floor":10,"key":"Fire Potion"},{"floor":31,"key":"LiquidMemories"}],"is_trial":false,"path_per_floor":["M","?","M","M","M","R","E","$","T","?","R","?","R","M","R","B",null,"M","?","M","?","M","R","M","R","T","R","?","M","E","M","R","B"],"character_chosen":"Librarian","items_purchased":["PageOfTheSilentOrchestra","MerchantsRug","Pear","ClockworkSouvenir","SmokingPipe"],"campfire_rested":1,"item_purchase_floors":[8,8,8,8,8],"current_hp_per_floor":[65,65,65,65,65,65,65,75,75,75,75,40,71,71,71,71,105,105,105,103,103,103,103,103,103,103,103,103,103,102,102,102,102,102],"gold":910,"neow_bonus":"RANDOM_COMMON_RELIC","is_daily":false,"chose_seed":false,"campfire_upgraded":7,"win_rate":0.0,"timestamp":1614223156,"path_taken":["M","?","M","M","M","R","E","$","T","?","R","?","R","M","R","BOSS","M","?","?","?","M","R","M","R","T","R","?","M","E","M","R","BOSS"],"items_purchased_type":["Relic","Relic","Relic","Relic","Card"],"build_version":"2020-12-22","purchased_purges":1,"victory":false,"max_hp_per_floor":[95,95,95,95,95,95,95,105,105,105,105,105,105,105,105,105,105,105,105,105,105,105,105,105,105,105,105,105,105,105,105,105,105,105],"relic_stats":{"counters":[16,27],"Golden Idol":102,"Prayer Wheel":6,"obtain_stats":[{"MerchantsRug":8,"reliquary:Boomerang":0,"Pear":8,"relicPack:DSword":12,"Golden Idol":2,"Vajra":17,"reliquary:WeakTea":10,"Ancient Tea Set":9,"ClockworkSouvenir":8,"PageOfLibrarian":0,"Calling Bell":17,"reliquary:JackalopeAntler":17,"StuffTheSpire:Gunfinga":7,"PageOfTheSilentOrchestra":8,"Prayer Wheel":17,"Bag of Marbles":26,"PageOfSnowWhitesApple":30},{"MerchantsRug":5,"reliquary:Boomerang":0,"Pear":5,"relicPack:DSword":6,"Golden Idol":1,"Vajra":8,"reliquary:WeakTea":6,"Ancient Tea Set":5,"ClockworkSouvenir":5,"PageOfLibrarian":0,"Calling Bell":8,"reliquary:JackalopeAntler":8,"StuffTheSpire:Gunfinga":5,"PageOfTheSilentOrchestra":5,"Prayer Wheel":8,"Bag of Marbles":12,"PageOfSnowWhitesApple":14},{"MerchantsRug":8,"reliquary:Boomerang":0,"Pear":8,"relicPack:DSword":9,"Golden Idol":1,"Vajra":11,"reliquary:WeakTea":9,"Ancient Tea Set":8,"ClockworkSouvenir":8,"PageOfLibrarian":0,"Calling Bell":11,"reliquary:JackalopeAntler":11,"StuffTheSpire:Gunfinga":8,"PageOfTheSilentOrchestra":8,"Prayer Wheel":11,"Bag of Marbles":18,"PageOfSnowWhitesApple":22}]},"card_choices":[{"not_picked":["MultiHit","Parry","Mutilate","UnavoidableGaze","Slice_lor","Clone","DefenseOrder","GatherIntel"],"picked":"Eliminate","floor":1},{"not_picked":["SunsetBlade","Parry2","Marionette","UnavoidableGaze","MultiHit","FierceCharge","BackAttack","Feast"],"picked":"EnergyCycle","floor":3},{"not_picked":["ChopItOff","FleetFootsteps","Track","GroundSmash","SturdyDefense","FlashOfSunup","OpportunitySpotted","Zzzzzap"],"picked":"SmokingPipe","floor":4},{"not_picked":["TrimTheIngredients","FrontalAssault","HandleRequest","ViolentFlame","Wallop_lor","MultiHit","DestructiveImpact","QuickAttack"],"picked":"GrazeTheGrass","floor":5},{"not_picked":["GuardingStance","UndertakePrescript","ReadyUp","OpportunitySpotted","FervidEmotions","Brawl","SunsetBlade","SpearedSweep"],"picked":"GoinFirst","floor":7},{"not_picked":["SpearedSweep","Reload","EnergyShield","FormingStorm","DarkCloud","Preparation","FeatherShield","ProselytesBlade"],"picked":"EnergyCycle","floor":10},{"not_picked":["Quickness","FaintMemories","MultiBlock","RatsGuideToSurvival","DarkCloud","LawAndOrder","SuppressingShot","BizarreAttack"],"picked":"Diversion","floor":14},{"not_picked":["GuidanceOfTheGears","SilentNight","FieryDragonSlash","GuardingStance","HiddenBlade","SnakesPrey","FierceCharge+1","Parry2+1","Reload"],"picked":"SKIP","floor":18},{"not_picked":["ViolentFlame+1","NightInTheBackstreets","WillBeTasty","Outburst+1","FocusFire","DarkCloud+1","UnavoidableGaze","Overpower","ChargeUp"],"picked":"SKIP","floor":18},{"not_picked":["StrongStrike+1","AutonomousRush","SunsetBlade","HiddenBlade+1","Pound","Parry2","QuickAttack","GuidanceOfTheGears"],"picked":"Diversion","floor":20},{"not_picked":["PreemptiveStrike","ViolentFlame","Retaliate","GuardingStance","Laceration","Faith","Multislash+1","Outburst"],"picked":"JiaoTu","floor":20},{"not_picked":["HeavyPeaks","GaleKick","FlashOfSunup","SummaryJudgment","SerpentSwordTechnique","PinpointShot+1","SilentMist","SunsetBlade"],"picked":"BoundaryOfDeath","floor":22},{"not_picked":["EnergyStrike+1","Quickness","BoundaryOfDeath","SuppressingShot+1","Tailoring","FlyingSword","ToWhereThePrescriptPoints","EnergyShield","EnergyCycle+1"],"picked":"SKIP","floor":22},{"not_picked":["EnergyCycle","FlyingSword+1","Track","BiAn","WillOfThePrescript","BackstreetsDash","SnakesPrey","SuppressingShot","UpbeatPerformance"],"picked":"SKIP","floor":24},{"not_picked":["ViolentFlame+1","Pound+1","SpearedSweep","SinglePointStab","Leap_lor","PreemptiveStrike+1","Marionette","ToWhereThePrescriptPoints+1","Zzzzzap"],"picked":"SKIP","floor":24},{"not_picked":["TieShanKao","Standoff+1","SmokingPipe","DarkCloud","MindCrush","BizarreAttack+1","Juggling","GuidanceOfTheGears","QuickSuppression+1"],"picked":"SKIP","floor":29},{"not_picked":["SpearedSweep","WrathOfTorment","BackstreetsDash+1","SharpSwipe+1","EnergyConversion","StructuralAnalysis","Thrust","CircusKnives","QuickAttack"],"picked":"SKIP","floor":29},{"not_picked":["Deflect_lor","IronWall","VenomousFangs","FocusFire+1","SteelKnuckles","EndlessBattle","StrikeDown","Ripple","ShockingBlow+1"],"picked":"SKIP","floor":30},{"not_picked":["Overpower","Multislash","InhaleSmoke","HandlingWork+1","GroundSmash","BackAttack+1","BiAn","HighSpeedStabbing"],"picked":"Unlock1","floor":31},{"not_picked":["SmokingPipe","GaleKick","ShrineToMusic","YourShield","SearingSword","Rampage_lor","CircusKnives","Diversion","HiddenBlade"],"picked":"SKIP","floor":31}],"player_experience":1036996,"relics_obtained":[{"floor":7,"key":"StuffTheSpire:Gunfinga"},{"floor":9,"key":"Ancient Tea Set"},{"floor":10,"key":"reliquary:WeakTea"},{"floor":17,"key":"Vajra"},{"floor":17,"key":"reliquary:JackalopeAntler"},{"floor":17,"key":"Prayer Wheel"},{"floor":26,"key":"Bag of Marbles"},{"floor":30,"key":"PageOfSnowWhitesApple"}],"event_choices":[{"damage_healed":0,"gold_gain":0,"player_choice":"Take Wound","damage_taken":0,"relics_obtained":["Golden Idol"],"max_hp_gain":0,"max_hp_loss":0,"event_name":"Golden Idol","floor":2,"gold_loss":0,"cards_obtained":["Injury"]},{"damage_healed":0,"gold_gain":0,"player_choice":"Searched \u00271\u0027 times","damage_taken":0,"max_hp_gain":0,"max_hp_loss":0,"event_name":"Dead Adventurer","floor":10,"gold_loss":0},{"cards_removed":["DegradedPillar"],"damage_healed":0,"gold_gain":0,"player_choice":"Take \u0026 Give","damage_taken":0,"max_hp_gain":0,"max_hp_loss":0,"event_name":"betterNote:BetterNote","floor":19,"gold_loss":0,"cards_obtained":["Alpha"]},{"cards_removed":["Alpha"],"damage_healed":0,"gold_gain":0,"player_choice":"Gave Gold","damage_taken":0,"max_hp_gain":0,"max_hp_loss":0,"event_name":"Beggar","floor":21,"gold_loss":75},{"damage_healed":0,"gold_gain":0,"player_choice":"Copied","damage_taken":0,"max_hp_gain":0,"max_hp_loss":0,"event_name":"Duplicator","floor":28,"gold_loss":0,"cards_obtained":["GrazeTheGrass"]}],"is_beta":false,"boss_relics":[{"not_picked":["reliquary:ThirdArm","relicPack:ShieldShield"],"picked":"Calling Bell"}],"items_purged_floors":[8],"is_endless":false,"potions_floor_spawned":[1,3,7,10,20,31],"killed_by":"RedHoodMercenary","ascension_level":0}}