{"host":"ws1rigs6jhqnf67d","time":1614254989,"event":{"mods":["BaseMod","Friendly Minions","KinomotoSakuraMod(ƒæ÷Æ±æ”£)","Kiyohime£®«Âºß£©","Lobotomy","LobotomyExtend","Marisa£®ÏF”Í°°ƒß¿Ì…≥£©","Minty Spire (QoL Compilation)","Remilia£®¿Ÿ√◊¿Ú—«£©","StSLib","The Bug Knight","The Marked","The Senshi","WarShipGirlsR/’ΩΩ¢…Ÿ≈ÆR mod","Youmu£®ªÍ∆«—˝√Œ£©","[IsaacMod]“‘»ˆº‚À˛"],"gold_per_floor":[118,43,59,74,92,121,141,166,214,243,260,3,21,56,56,157,157,168,168,153,171,171,197,197,197,197],"floor_reached":25,"language":"ZHS","playtime":1082,"items_purged":["theMarked:Strike","theMarked:Strike"],"score":333,"play_id":"938cef5e-18d4-4bc2-a43f-46463f38c3de","local_time":"20210225200949","is_ascension_mode":true,"campfire_choices":[{"floor":15.0,"key":"REST"}],"circlet_count":0,"master_deck":["theMarked:Defend","theMarked:Defend","theMarked:Defend","theMarked:Defend","theMarked:SoldierOfQuellstein+1","theMarked:EmpowerWeapon","theMarked:UnarmedFury","theMarked:SwordAndMagic","theMarked:ParalyzingBlade","theMarked:ComboAttacks","theMarked:EternalStudent","Bite","Bite","Bite","Bite","Bite"],"relics":["theMarked:ArtifactOfAir","HushsDoor","BFFS","LetterFromLob","theMarked:DemonDagger","Darkstone Periapt","Potion Belt","Regal Pillow","Toolbox","Mango","theSenshi:MoonKaleidoScopeRelic","AntiCross","MutagenicStrength"],"acts_visited":["Exordium","TheCity"],"potions_floor_usage":[23,23,25],"damage_taken":[{"damage":2.0,"enemies":"Jaw Worm","floor":1.0,"turns":3.0},{"damage":0.0,"enemies":"Small Slimes","floor":3.0,"turns":2.0},{"damage":0.0,"enemies":"2 Louse","floor":4.0,"turns":2.0},{"damage":0.0,"enemies":"Blue Slaver","floor":5.0,"turns":2.0},{"damage":6.0,"enemies":"Lagavulin","floor":6.0,"turns":6.0},{"damage":11.0,"enemies":"Looter","floor":7.0,"turns":2.0},{"damage":0.0,"enemies":"Gremlin Nob","floor":8.0,"turns":2.0},{"damage":18.0,"enemies":"3 Sentries","floor":10.0,"turns":6.0},{"damage":2.0,"enemies":"2 Fungi Beasts","floor":11.0,"turns":3.0},{"damage":6.0,"enemies":"Exordium Thugs","floor":13.0,"turns":3.0},{"damage":11.0,"enemies":"Lagavulin","floor":14.0,"turns":6.0},{"damage":18.0,"enemies":"The Guardian","floor":16.0,"turns":9.0},{"damage":22.0,"enemies":"3 Byrds","floor":18.0,"turns":5.0},{"damage":22.0,"enemies":"2 Thieves","floor":20.0,"turns":4.0},{"damage":18.0,"enemies":"Snake Plant","floor":21.0,"turns":3.0},{"damage":30,"enemies":"Slavers","floor":23,"turns":7},{"damage":18,"enemies":"Book of Stabbing","floor":25,"turns":3}],"seed_played":"6498311643044515046","potions_obtained":[{"floor":3.0,"key":"FearPotion"},{"floor":6.0,"key":"CultistPotion"},{"floor":13.0,"key":"BlessingOfTheForge"},{"floor":16.0,"key":"ColorlessPotion"},{"floor":18.0,"key":"DuplicationPotion"},{"floor":20.0,"key":"theMarked:ChargePotion"}],"is_trial":false,"path_per_floor":["M","$","M","M","M","E","M","E","T","E","M","$","M","E","R","B",null,"M","?","M","M","?","E","?","E"],"character_chosen":"THE_DEFAULT","items_purchased":["Toolbox"],"campfire_rested":1,"item_purchase_floors":[12],"current_hp_per_floor":[70,70,70,70,70,64,53,53,53,35,33,33,27,30,70,52,86,64,60,44,28,28,8,8,0,0],"gold":197,"neow_bonus":"UPGRADE_CARD","is_daily":false,"chose_seed":false,"campfire_upgraded":0,"win_rate":0.0,"timestamp":1614254989,"path_taken":["M","$","M","M","M","E","M","E","T","E","M","$","M","E","R","BOSS","M","?","M","M","?","E","?","E"],"items_purchased_type":["Relic"],"build_version":"2020-12-22","purchased_purges":2,"victory":false,"max_hp_per_floor":[72,72,72,72,72,72,72,72,72,72,72,72,72,86,86,86,86,86,60,60,60,60,60,60,60,60],"card_choices":[{"not_picked":["theMarked:Generate","theMarked:ResourceFulStrike"],"picked":"theMarked:EmpowerWeapon","floor":1.0},{"not_picked":["theMarked:Standoff","theMarked:ChannelForce"],"picked":"theMarked:UnarmedFury","floor":3.0},{"not_picked":["theMarked:HeightenedSenses","theMarked:RepellingDischarge"],"picked":"theMarked:SwordAndMagic","floor":4.0},{"not_picked":["theMarked:Aftermath","theMarked:WardOff"],"picked":"Bomb","floor":5.0},{"not_picked":["theMarked:PowerFlow","theMarked:Generate","theMarked:BanishingStrike"],"picked":"SKIP","floor":6.0},{"not_picked":["theMarked:ResourceFulStrike","theMarked:TakeCover"],"picked":"theMarked:ParalyzingBlade","floor":7.0},{"not_picked":["theMarked:Improvise","theMarked:WardOff","theMarked:HeightenedSenses"],"picked":"SKIP","floor":8.0},{"not_picked":["theMarked:Seal","theMarked:Memento","theMarked:SwordAndMagic"],"picked":"SKIP","floor":10.0},{"not_picked":["theMarked:StartUp","theMarked:KeepCalmAndFight"],"picked":"theMarked:ComboAttacks","floor":11.0},{"not_picked":["theMarked:Frustration","theMarked:Panic","theMarked:TheMission"],"picked":"SKIP","floor":13.0},{"not_picked":["theMarked:Reabsorb","theMarked:Generate"],"picked":"theMarked:EternalStudent","floor":14.0},{"not_picked":["theMarked:EmpowerWeapon","theMarked:PowerFlow","theMarked:WardOff"],"picked":"SKIP","floor":18.0},{"not_picked":["theMarked:Improvise+1","theMarked:Static+1","theMarked:FavorableWinds"],"picked":"SKIP","floor":20.0},{"not_picked":["theMarked:Aftermath","theMarked:Improvise","theMarked:OneWithTheBlade+1"],"picked":"SKIP","floor":21.0},{"not_picked":["theMarked:WastefulAttack+1","theMarked:RepellingDischarge+1","theMarked:Frustration"],"picked":"SKIP","floor":23}],"player_experience":942769,"relics_obtained":[{"floor":1.0,"key":"LetterFromLob"},{"floor":6.0,"key":"theMarked:DemonDagger"},{"floor":8.0,"key":"Darkstone Periapt"},{"floor":9.0,"key":"Potion Belt"},{"floor":10.0,"key":"Regal Pillow"},{"floor":14.0,"key":"Mango"},{"floor":23,"key":"AntiCross"}],"event_choices":[{"damage_healed":0.0,"max_hp_gain":0.0,"max_hp_loss":26.0,"gold_gain":0.0,"event_name":"Vampires","player_choice":"Became a vampire","floor":19.0,"gold_loss":0.0,"damage_taken":0.0,"cards_obtained":["Bite","Bite","Bite","Bite","Bite"]},{"damage_healed":0,"gold_gain":0,"player_choice":"Inject Mutagens","damage_taken":0,"relics_obtained":["MutagenicStrength"],"max_hp_gain":0,"max_hp_loss":0,"event_name":"Drug Dealer","floor":24,"gold_loss":0}],"is_beta":false,"boss_relics":[{"not_picked":["Runic Pyramid","Astrolabe"],"picked":"theSenshi:MoonKaleidoScopeRelic"},{"not_picked":[]}],"items_purged_floors":[2,12],"is_endless":false,"potions_floor_spawned":[3,6,13,16,18,20],"killed_by":"Book of Stabbing","ascension_level":2}}