{"host":"6k83u4w3pgxa5yg2","time":1614276618,"event":{"mods":["2.2 Compatiblity","AchievementEnabler","Act Like it!","Aspiration","Astrologer","BaseMod","Better Note","Better Sensory Stone","Block Reminder","CapriCore","Card Forge","Conspire","Custom Start","Defuse TimeMaze Blight","Dio Mod","Downfall","Friendly Minions","Gensokyo","Hallownest","Hermit","HololiveMod","Hubris","Hyrulean Relics","Infinite Spire","Koishi","KomeijiMod","Library of Ruina","Library of Ruina Extra","Lobotomy","LobotomyExtend","Mari Mod (Legacy)","Mari\u0027s V1 Patch","MarisaÅiñ∂âJÅ@ñÇóùçπÅj","Minty Spire (QoL Compilation)","MostiFishMod","Railgun Mod","ReimuÅiîé??öÎÅj","Relic Stats","RemiliaÅiÂQïƒ‰ª?Åj","Replay The Spire","RumiaBox-òIïƒ?ìIê_îÈ·¥éq","Small Relic Pack","StSLib","The Animator","The Bladedancer","The Gatherer","The Immortal","The Poker Player","The Wild Card","TheBandit","TheVelvet","Transform Curses","Uncapped","Waifu the Spire","Wandering Minibosses","WarShipGirlsR/??è≠èóR mod","Yohane!","Yuyuko","Åyå˜î\ModÅz?ñæìIç≈?Boss","Åy?ï®?îvÅzREMEMod"],"gold_per_floor":[118,118,67,67,81,81,99,116,141,168,223,170,170,170,170,273,273,273],"floor_reached":18,"language":"ENG","playtime":1352,"items_purged":[],"score":199,"play_id":"f02ae57e-6bd0-49cf-88ea-779bf9e87d55","local_time":"20210225101018","is_ascension_mode":true,"campfire_choices":[{"floor":6,"key":"REST"},{"data":"Dodge","floor":13,"key":"SMITH"}],"circlet_count":0,"master_deck":["Dodge+1","LightDefense","LightAttack","LightAttack","LightAttack","LightDefense","LightDefense","LightDefense","ChargeAndCover","FocusedStrikes","SuperPerseids","SpearedSweep","MultiBlock","ToOvercomeCrisis+1","HandleRequest","IronWall","ICanCookAnything+1","AGoldenOpportunity","FrontalAssault","theWildCard:Arsene","EndlessBattle","CrackOfDawn"],"relics":["PageOfLibrarian","REME_ComplimentaryCards","DaveBox","Chemical X","SynthV:TestCard","LetterFromLob","Dream Catcher","PreservedInsect","PageOfBlackSwan"],"acts_visited":["Exordium","TheCity"],"potions_floor_usage":[10,10,16],"damage_taken":[{"damage":3,"enemies":"Cultist","floor":1,"turns":4},{"damage":5,"enemies":"Small Slimes","floor":5,"turns":2},{"damage":0,"enemies":"Jaw Worm","floor":7,"turns":3},{"damage":0,"enemies":"Looter","floor":8,"turns":5},{"damage":7,"enemies":"3 Sentries","floor":10,"turns":5},{"damage":9,"enemies":"Fading Forest","floor":16,"turns":11}],"seed_played":"4397518784805862116","potions_obtained":[{"floor":5,"key":"ColorlessPotion"},{"floor":7,"key":"SkillPotion"},{"floor":10,"key":"Flashbang"}],"is_trial":false,"path_per_floor":["M","M","$","?","M","R","M","M","T","E","?","$","R","?","R","B",null],"character_chosen":"Librarian","items_purchased":["ToOvercomeCrisis+1","FrontalAssault"],"campfire_rested":1,"item_purchase_floors":[3,12],"current_hp_per_floor":[57,57,57,57,52,70,70,70,70,63,63,63,63,63,87,78,87,87],"gold":273,"neow_bonus":"THREE_CARDS","is_daily":false,"chose_seed":false,"campfire_upgraded":1,"win_rate":0.0,"timestamp":1614276618,"path_taken":["M","M","?","?","M","R","M","M","T","E","?","$","R","?","R","BOSS"],"items_purchased_type":["Card","Card"],"build_version":"2020-12-22","purchased_purges":0,"victory":false,"max_hp_per_floor":[70,70,70,70,70,70,70,70,70,87,87,87,87,87,87,87,87,87],"relic_stats":{"Dream Catcher":1,"counters":[6,30],"PreservedInsect":0,"Chemical X":[5],"obtain_stats":[{"PageOfLibrarian":0,"Dream Catcher":9,"SynthV:TestCard":1,"PageOfBlackSwan":17,"DaveBox":0,"PreservedInsect":10,"LetterFromLob":1,"Chemical X":0,"REME_ComplimentaryCards":0},{"PageOfLibrarian":0,"Dream Catcher":4,"SynthV:TestCard":1,"PageOfBlackSwan":6,"DaveBox":0,"PreservedInsect":5,"LetterFromLob":1,"Chemical X":0,"REME_ComplimentaryCards":0},{"PageOfLibrarian":0,"Dream Catcher":14,"SynthV:TestCard":4,"PageOfBlackSwan":30,"DaveBox":0,"PreservedInsect":19,"LetterFromLob":4,"Chemical X":0,"REME_ComplimentaryCards":0}]},"card_choices":[{"not_picked":["Reload","ToOvercomeCrisis"],"picked":"SpearedSweep","floor":0},{"not_picked":["HighKick","Rampage_lor","AsThePrescriptOrders","TendonChords","ClassAndRespect","Guardian_lor","RhinoRam","Pound"],"picked":"MultiBlock","floor":1},{"not_picked":["EnergyConversion","RatsGuideToSurvival","Outburst","SkyClearingCut","SpearedSweep","Tailoring","TendonChords","EnergyShield","Pound","Struggle"],"picked":"HandleRequest","floor":5},{"not_picked":["GreatSerpentsImpact","TimeForALittleTest","ChiWen","IllEndYou","Multislash","Tailoring","SunsetBlade","AsThePrescriptOrders","RatsGuideToSurvival","Reload"],"picked":"IronWall","floor":7},{"not_picked":["DirtyBlow","Juggling","MultiBlock","GroundSmash","WillOfThePrescript","ForcefulGesture","Multislash","CombatPreparation","QuickAttack","BayonetCombat"],"picked":"ICanCookAnything","floor":8},{"not_picked":["BattleCommand","Tttonst","HiddenBlade","ForcefulGesture","Overcharge","FleetEdge","VenomousFangs","UpbeatPerformance","Concentration","GroundSmash"],"picked":"AGoldenOpportunity","floor":10},{"not_picked":["StrongStrike","BiAn","StrikeDown","CoordinatedAssault","GuidanceOfTheGears","ClassAndRespect","Fence","FormingStorm","NightInTheBackstreets","GuardingStance"],"picked":"EndlessBattle","floor":15},{"not_picked":["TrashDisposal","GoinFirst","Punishment","FlamingDragonFist"],"picked":"CrackOfDawn","floor":16}],"player_experience":315987,"relics_obtained":[{"floor":1,"key":"SynthV:TestCard"},{"floor":1,"key":"LetterFromLob"},{"floor":9,"key":"Dream Catcher"},{"floor":10,"key":"PreservedInsect"}],"event_choices":[{"damage_healed":0,"gold_gain":55,"player_choice":"Gained Gold","damage_taken":0,"max_hp_gain":0,"max_hp_loss":0,"event_name":"Golden Wing","floor":11,"gold_loss":0}],"is_beta":false,"boss_relics":[{"not_picked":["MariMod:MariFestivalBadge","Tiny House"],"picked":"PageOfBlackSwan"}],"items_purged_floors":[],"is_endless":false,"potions_floor_spawned":[5,7,10],"ascension_level":2}}