{"host":"tgqjap25jvjx3f06","time":1614238475,"event":{"mods":["BaseMod","DeckTracker","Dota2Spire","Minty Spire (QoL Compilation)","Quick Restart","Relic Filter Mod","Replay The Spire","Shop Mod","StSLib","óô»ðÖ¸ÄÏ"],"gold_per_floor":[111,0,0,0,14,39,39,39,62,82,94,105,105,137,137,238,238,252,29,49,66,66,80,105,105,105,116,116,126,144,160,160,265,265,285,27,40,57,1056,359,389,400,427,427,427,453,465,360,360,360,360,360,38,68,68],"floor_reached":56,"language":"ZHS","playtime":3309,"items_purged":["Strike_G","Normality","Normality"],"score":1626,"play_id":"03766ecf-8ca0-48a0-a6c6-93c073a4c6e8","local_time":"20210225153435","is_ascension_mode":true,"campfire_choices":[{"data":"Envenom","floor":7.0,"key":"SMITH"},{"data":"ReplayTheSpireMod:The Works","floor":13.0,"key":"SMITH"},{"floor":15.0,"key":"DIG"},{"data":"Neutralize","floor":25.0,"key":"SMITH"},{"floor":28.0,"key":"RECALL"},{"data":"Strike_G","floor":32.0,"key":"PURGE"},{"data":"Survivor","floor":45.0,"key":"SMITH"},{"data":"Defend_G","floor":47.0,"key":"SMITH"},{"data":"Defend_G","floor":47.0,"key":"SMITH"},{"data":"Defend_G","floor":49.0,"key":"SMITH"},{"data":"Defend_G","floor":49.0,"key":"SMITH"},{"data":"Defend_G","floor":52.0,"key":"SMITH"},{"data":"Strike_G","floor":52.0,"key":"SMITH"}],"circlet_count":0,"master_deck":["Strike_G+1","Defend_G+1","Defend_G+1","Defend_G+1","Defend_G+1","Defend_G+1","Survivor+1","Neutralize+1","ReplayTheSpireMod:The Works+1","After Image+1","Hidden Blade+1","Envenom+1","Prepared+1","Adrenaline+1","Corpse Explosion+1","Blade Dance+1","Blade Dance+1","Storm of Steel+1","Hidden Blade+1","Accuracy+1","Sneak Up+1","Replay:Bag of Tricks+1","Acrobatics+1","Footwork+1","Night Terror+1","Prepared+1","Cloak And Dagger+1","Deep Breath+1"],"relics":["Ring of the Snake","NeowsBlessing","Bag of Preparation","Black Star","ReplayTheSpireMod:TigerMarble","Replay:Baseball","Ice Cream","WristBlade","Dota2Spire:AghanimScepter","The Courier","ClockworkSouvenir","Art of War","MerchantsRug","Dota2Spire:MantaStyle","Dota2Spire:EchoSabre","ReplayTheSpireMod:Ninjato","Replay:Rubber Ducky","Iron Hammer","Dota2Spire:EyeOfSkadi"],"acts_visited":["Exordium","TheCity","TheBeyond","TheEnding"],"potions_floor_usage":[55,55,55],"damage_taken":[{"damage":0.0,"enemies":"2 Louse","floor":1.0,"turns":1.0},{"damage":0.0,"enemies":"Small Slimes","floor":5.0,"turns":1.0},{"damage":0.0,"enemies":"Gremlin Nob","floor":6.0,"turns":1.0},{"damage":3.0,"enemies":"Jaw Worm","floor":10.0,"turns":5.0},{"damage":0.0,"enemies":"Blue Slaver","floor":11.0,"turns":6.0},{"damage":14.0,"enemies":"Exordium Thugs","floor":12.0,"turns":7.0},{"damage":23.0,"enemies":"3 Sentries","floor":14.0,"turns":13.0},{"damage":0.0,"enemies":"Hexaghost","floor":16.0,"turns":7.0},{"damage":14.0,"enemies":"2 Thieves","floor":18.0,"turns":3.0},{"damage":0.0,"enemies":"Shell Parasite","floor":20.0,"turns":2.0},{"damage":8.0,"enemies":"Shelled Parasite and Fungi","floor":21.0,"turns":5.0},{"damage":0.0,"enemies":"Cultist and Chosen","floor":23.0,"turns":3.0},{"damage":0.0,"enemies":"Replay:Snechameleon","floor":24.0,"turns":4.0},{"damage":0.0,"enemies":"3 Cultists","floor":27.0,"turns":2.0},{"damage":0.0,"enemies":"Snake Plant","floor":29.0,"turns":1.0},{"damage":0.0,"enemies":"Shelled Parasite and Fungi","floor":30.0,"turns":2.0},{"damage":0.0,"enemies":"Snecko","floor":31.0,"turns":5.0},{"damage":0.0,"enemies":"Automaton","floor":33.0,"turns":5.0},{"damage":0.0,"enemies":"Orb Walker","floor":35.0,"turns":2.0},{"damage":0.0,"enemies":"3 Shapes","floor":37.0,"turns":2.0},{"damage":0.0,"enemies":"Sphere and 2 Shapes","floor":38.0,"turns":2.0},{"damage":0.0,"enemies":"Nemesis","floor":41.0,"turns":5.0},{"damage":0.0,"enemies":"Maw","floor":42.0,"turns":3.0},{"damage":1.0,"enemies":"Giant Head","floor":46.0,"turns":4.0},{"damage":20.0,"enemies":"Awakened One","floor":50.0,"turns":7.0},{"damage":0.0,"enemies":"Shield and Spear","floor":54.0,"turns":3.0},{"damage":0,"enemies":"The Heart","floor":55,"turns":4}],"seed_played":"-6327830671894139234","potions_obtained":[{"floor":10.0,"key":"Venom Potion"},{"floor":12.0,"key":"Languid Potion"},{"floor":14.0,"key":"SkillPotion"},{"floor":16.0,"key":"AttackPotion"},{"floor":18.0,"key":"GamblersBrew"},{"floor":21.0,"key":"LiquidMemories"},{"floor":23.0,"key":"Adrenaline Potion"},{"floor":29.0,"key":"SteroidPotion"},{"floor":31.0,"key":"BlessingOfTheForge"},{"floor":41.0,"key":"Doom Potion"},{"floor":42.0,"key":"CultistPotion"},{"floor":46.0,"key":"SteroidPotion"}],"is_trial":false,"path_per_floor":["M","$","?","?","M","E","R","?","T","M","M","M","R","E","R","B",null,"M","$","M","M","?","M","E","R","T","M","R","M","M","M","R","B",null,"M","$","M","M","?","R","E","M","T","?","R","E","R","$","R","B",null,"R","$","E","B",null],"character_chosen":"THE_SILENT","items_purchased":["After Image+1","ReplayTheSpireMod:TigerMarble","Dota2Spire:AghanimScepter","The Courier","Golden Egg","ClockworkSouvenir","MerchantsRug","Deep Breath+1","Dota2Spire:MantaStyle","Dota2Spire:EchoSabre","ReplayTheSpireMod:Ninjato","Replay:Rubber Ducky"],"campfire_rested":0,"item_purchase_floors":[2,19,36,40,40,40,48,48,53,53,53,53],"current_hp_per_floor":[70,70,63,63,63,63,63,63,63,60,60,46,46,23,23,23,70,56,56,56,48,48,48,48,48,48,48,48,48,48,48,48,48,70,70,70,70,70,82,82,82,82,82,78,78,77,77,77,77,57,78,78,78,83,83],"gold":68,"neow_bonus":"THREE_ENEMY_KILL","is_daily":false,"chose_seed":false,"campfire_upgraded":10,"win_rate":0.0,"timestamp":1614238475,"path_taken":["M","$","?","?","M","E","R","?","T","M","?","M","R","E","R","BOSS","M","$","M","M","?","M","E","R","T","M","R","M","?","M","R","BOSS","M","$","M","M","?","R","E","M","T","?","R","E","R","$","R","BOSS","R","$","E","BOSS"],"items_purchased_type":["Card","Relic","Relic","Relic","Relic","Relic","Relic","Card","Relic","Relic","Relic","Relic"],"build_version":"2020-12-22","purchased_purges":3,"victory":true,"max_hp_per_floor":[70,70,70,70,70,70,70,70,70,70,70,70,70,70,70,70,70,70,70,70,70,70,70,70,70,70,70,70,70,70,70,70,70,70,70,70,70,70,82,82,82,82,82,78,78,78,78,78,78,78,78,78,78,83,83],"card_choices":[{"not_picked":["Flying Knee","Poisoned Stab"],"picked":"ReplayTheSpireMod:The Works","floor":1.0},{"not_picked":["Slice","PiercingWail+1"],"picked":"Hidden Blade+1","floor":5.0},{"not_picked":["Outmaneuver+1","Fluid Movement"],"picked":"Envenom","floor":6.0},{"not_picked":["Heel Hook","Setup+1","Quick Slash"],"picked":"SKIP","floor":10.0},{"not_picked":["Quick Slash","Poisoned Stab","Deflect+1"],"picked":"SKIP","floor":11.0},{"not_picked":["Cloak And Dagger+1","PiercingWail+1"],"picked":"Prepared+1","floor":12.0},{"not_picked":["Dagger Spray","ReplayTheSpireMod:Shiv Toss+1"],"picked":"Adrenaline+1","floor":14.0},{"not_picked":["Storm of Steel+1","ReplayTheSpireMod:Necrosis+1"],"picked":"Corpse Explosion+1","floor":16.0},{"not_picked":["Deflect+1","Dagger Throw"],"picked":"Blade Dance+1","floor":18.0},{"not_picked":["Bane+1","Outmaneuver+1"],"picked":"Blade Dance+1","floor":20.0},{"not_picked":["Infinite Blades","Outmaneuver+1","Dodge and Roll+1"],"picked":"SKIP","floor":21.0},{"not_picked":["Footwork","PiercingWail+1"],"picked":"Storm of Steel+1","floor":23.0},{"not_picked":["Distraction+1","Dash"],"picked":"Hidden Blade+1","floor":24.0},{"not_picked":["Hidden Blade+1","Deadly Poison+1"],"picked":"Accuracy+1","floor":27.0},{"not_picked":["Deadly Poison+1","Dodge and Roll+1","Outmaneuver+1"],"picked":"SKIP","floor":29.0},{"not_picked":["Poisoned Stab+1","PiercingWail+1"],"picked":"Sneak Up+1","floor":30.0},{"not_picked":["Blade Dance+1","Caltrops+1","Bullet Time+1"],"picked":"SKIP","floor":31.0},{"not_picked":["Unload","Burst+1"],"picked":"Replay:Bag of Tricks+1","floor":33.0},{"not_picked":["Quick Slash","Dodge and Roll+1","Poisoned Stab"],"picked":"SKIP","floor":35.0},{"not_picked":["Hidden Blade+1","Sucker Punch+1"],"picked":"Acrobatics+1","floor":37.0},{"not_picked":["Bane","ReplayTheSpireMod:Scrap Shanks"],"picked":"Footwork+1","floor":38.0},{"not_picked":["Poisoned Stab+1","PiercingWail+1"],"picked":"Night Terror+1","floor":41.0},{"not_picked":["PiercingWail+1","ReplayTheSpireMod:Necrosis+1"],"picked":"Prepared+1","floor":42.0},{"not_picked":["Dagger Spray","PiercingWail+1"],"picked":"Cloak And Dagger+1","floor":46.0},{"not_picked":["Deadly Poison+1","ReplayTheSpireMod:From All Sides","Backflip"],"picked":"SKIP","floor":54.0}],"player_experience":368127,"relics_obtained":[{"floor":6.0,"key":"Dota2Spire:ShadowBlade"},{"floor":14.0,"key":"Bag of Preparation"},{"floor":15.0,"key":"Blue Doll"},{"floor":24.0,"key":"Darkstone Periapt"},{"floor":24.0,"key":"Replay:Baseball"},{"floor":26.0,"key":"Ice Cream"},{"floor":41.0,"key":"Meat on the Bone"},{"floor":41.0,"key":"Replay:Mystery Machine"},{"floor":43.0,"key":"Art of War"},{"floor":46.0,"key":"MawBank"},{"floor":46.0,"key":"Replay:Arrowhead"},{"floor":54.0,"key":"Iron Hammer"},{"floor":54.0,"key":"Dota2Spire:EyeOfSkadi"}],"event_choices":[{"damage_healed":0.0,"max_hp_gain":0.0,"max_hp_loss":0.0,"gold_gain":0.0,"event_name":"Scrap Ooze","player_choice":"Success","floor":3.0,"gold_loss":0.0,"damage_taken":7.0,"relics_obtained":["Toxic Egg 2"]},{"damage_healed":0.0,"max_hp_gain":0.0,"max_hp_loss":0.0,"gold_gain":0.0,"event_name":"The Cleric","player_choice":"Leave","floor":8.0,"gold_loss":0.0,"damage_taken":0.0},{"cards_removed":["Strike_G"],"damage_healed":0.0,"max_hp_gain":0.0,"max_hp_loss":0.0,"gold_gain":0.0,"event_name":"Bonfire Elementals","player_choice":"Offered Basic","floor":22.0,"gold_loss":0.0,"damage_taken":0.0},{"damage_healed":0.0,"max_hp_gain":0.0,"max_hp_loss":0.0,"gold_gain":999.0,"event_name":"MindBloom","player_choice":"Gold","floor":39.0,"gold_loss":0.0,"damage_taken":0.0,"cards_obtained":["Normality","Normality"]},{"damage_healed":0.0,"max_hp_gain":0.0,"max_hp_loss":4.0,"gold_gain":0.0,"event_name":"Winding Halls","player_choice":"Max HP","floor":44.0,"gold_loss":0.0,"damage_taken":0.0}],"is_beta":false,"boss_relics":[{"not_picked":["Replay:Ancient Bell","ReplayTheSpireMod:DimensionalGlitch"],"picked":"Black Star"},{"not_picked":["Replay:Wanted Poster","Runic Pyramid"],"picked":"WristBlade"}],"items_purged_floors":[19,40,48],"is_endless":false,"potions_floor_spawned":[10,12,14,16,18,21,23,29,31,41,42,46],"ascension_level":1}}