{"host":"8zzc9mdnfkdiyxma","time":1614268237,"event":{"mods":["2.2 Compatiblity","BaseMod","Better Altar","Better Match","Better Note","Better Sensory Stone","Better Skull","Better Third Choice","Better Vampires","Colored Map","Colored Powertips","Dark Map","Emptier Cage","Energized Spire","Extra Virgin Snecko Oil","Halation","Hubris","Minty Spire (QoL Compilation)","Monster B Gone","Permanent Neow","RNG Fix","Rare Cards Sparkle","Relic Filter","Reliquary","SacredBarkPlus","Smile Girya","StSLib","Waifu the Spire"],"gold_per_floor":[111,29,49,5,5,5,35,35,35,35,35,55,66,10,10,83,83,56,56,56,91,107,107,136,172,172,172,183,183,200,49,49,49,49],"floor_reached":33,"language":"ENG","playtime":2182,"items_purged":["Pain"],"score":580,"play_id":"cb87ebb7-9f62-46f6-af5f-93f5fe472795","local_time":"20210225105037","is_ascension_mode":true,"campfire_choices":[{"data":"True Grit","floor":6,"key":"SMITH"},{"data":"Rage","floor":11,"key":"SMITH"},{"data":"Evolve","floor":15,"key":"SMITH"},{"floor":23,"key":"REST"},{"floor":27,"key":"REST"},{"floor":29,"key":"REST"},{"floor":32,"key":"REST"}],"circlet_count":0,"master_deck":["AscendersBane","Strike_R","Strike_R","Strike_R","Strike_R","Strike_R","Defend_R","Defend_R","Defend_R","Defend_R","Bash","Shrug It Off","True Grit+1","Evolve+1","Shrug It Off","Rage+1","Cleave","Berserk","Infernal Blade+1","HandOfGreed+1","Clothesline","Inflame","Twin Strike","Pommel Strike","Twin Strike","Immolate"],"relics":["Burning Blood","NeowsBlessing","reliquary:WeakTea","halation:EternalFortune","Turnip","Thread and Needle","WarpedTongs","betterThird:SlimedRelic","SlaversCollar","Tiny Chest","hubris:FunFungus","Bag of Preparation"],"acts_visited":["Exordium","TheCity"],"potions_floor_usage":[13,16,24,33],"damage_taken":[{"damage":0,"enemies":"Cultist","floor":1,"turns":1},{"damage":0,"enemies":"Small Slimes","floor":3,"turns":1},{"damage":0,"enemies":"3 Sentries","floor":7,"turns":2},{"damage":1,"enemies":"2 Louse","floor":12,"turns":4},{"damage":5,"enemies":"Large Slime","floor":13,"turns":6},{"damage":32,"enemies":"The Guardian","floor":16,"turns":17},{"damage":11,"enemies":"2 Thieves","floor":18,"turns":5},{"damage":12,"enemies":"Shell Parasite","floor":21,"turns":6},{"damage":32,"enemies":"Snecko","floor":22,"turns":7},{"damage":20,"enemies":"Book of Stabbing","floor":24,"turns":5},{"damage":5,"enemies":"Centurion and Healer","floor":25,"turns":7},{"damage":45,"enemies":"3 Cultists","floor":28,"turns":7},{"damage":9,"enemies":"Snecko","floor":30,"turns":6},{"damage":64,"enemies":"Collector","floor":33,"turns":9}],"seed_played":"5183202626866656026","potions_obtained":[{"floor":7,"key":"Explosive Potion"},{"floor":13,"key":"Weak Potion"},{"floor":22,"key":"FearPotion"},{"floor":30,"key":"Weak Potion"}],"is_trial":false,"path_per_floor":["M","?","M","$","?","R","E","?","T","?","R","M","M","?","R","B",null,"M","?","?","M","M","R","E","M","T","R","M","R","M","$","R","B"],"character_chosen":"IRONCLAD","items_purchased":["Evolve","Immolate"],"campfire_rested":4,"item_purchase_floors":[4,31],"current_hp_per_floor":[74,74,75,75,78,78,78,78,78,78,78,78,78,67,67,41,69,64,45,45,39,13,36,22,23,23,46,8,31,28,28,51,0,0],"gold":49,"neow_bonus":"THREE_ENEMY_KILL","is_daily":false,"chose_seed":false,"campfire_upgraded":3,"win_rate":0.0,"timestamp":1614268237,"path_taken":["M","?","M","$","?","R","E","?","T","?","R","M","M","?","R","BOSS","M","?","?","M","M","R","E","?","T","R","M","R","M","$","R","BOSS"],"items_purchased_type":["Card","Card"],"build_version":"2020-12-22","purchased_purges":1,"victory":false,"max_hp_per_floor":[75,75,75,75,78,78,78,78,78,78,78,78,78,78,78,78,78,78,78,78,78,78,78,78,78,78,78,78,78,78,78,78,78,78],"card_choices":[{"not_picked":["Iron Wave","Pommel Strike"],"picked":"Shrug It Off","floor":1},{"not_picked":["Pommel Strike","Heavy Blade"],"picked":"True Grit","floor":3},{"not_picked":["hubris:ReadiedAction","Ghostly Armor"],"picked":"Shrug It Off","floor":7},{"not_picked":["Clash","Combust","Searing Blow"],"picked":"SKIP","floor":12},{"not_picked":["Exhume","Evolve"],"picked":"Cleave","floor":13},{"not_picked":["Brutality","Corruption"],"picked":"Berserk","floor":16},{"not_picked":["Body Slam+1","Sword Boomerang"],"picked":"Infernal Blade+1","floor":18},{"not_picked":["Iron Wave","Thunderclap"],"picked":"Clothesline","floor":21},{"not_picked":["Iron Wave","Clothesline+1"],"picked":"Inflame","floor":22},{"not_picked":["Wild Strike","Spot Weakness"],"picked":"Twin Strike","floor":24},{"not_picked":["Second Wind","Headbutt","Sentinel"],"picked":"SKIP","floor":25},{"not_picked":["Burning Pact","Armaments"],"picked":"Pommel Strike","floor":28},{"not_picked":["Iron Wave","Warcry"],"picked":"Twin Strike","floor":30}],"player_experience":1023501,"relics_obtained":[{"floor":7,"key":"Turnip"},{"floor":9,"key":"Thread and Needle"},{"floor":24,"key":"hubris:FunFungus"},{"floor":26,"key":"Bag of Preparation"}],"event_choices":[{"damage_healed":0,"gold_gain":0,"player_choice":"Paid Gold","damage_taken":0,"relics_obtained":["reliquary:WeakTea"],"max_hp_gain":0,"max_hp_loss":0,"event_name":"WeMeetAgain","floor":2,"gold_loss":82},{"damage_healed":0,"gold_gain":0,"player_choice":"Rummage","damage_taken":0,"relics_obtained":["WarpedTongs"],"max_hp_gain":0,"max_hp_loss":0,"event_name":"Accursed Blacksmith","floor":10,"gold_loss":0,"cards_obtained":["Pain"]},{"damage_healed":0,"gold_gain":0,"player_choice":"Slimed","damage_taken":11,"max_hp_gain":0,"max_hp_loss":0,"event_name":"betterThird:BetterGoop","floor":14,"gold_loss":56},{"damage_healed":0,"gold_gain":0,"player_choice":"RE ","damage_taken":21,"relics_obtained":["Tiny Chest"],"max_hp_gain":0,"max_hp_loss":0,"event_name":"betterSkull:BetterSkull","floor":19,"gold_loss":0,"cards_upgraded":[]},{"cards_removed":["Rage"],"damage_healed":0,"gold_gain":0,"player_choice":"Take \u0026 Give","damage_taken":0,"max_hp_gain":0,"max_hp_loss":0,"event_name":"betterNote:BetterNote","floor":20,"gold_loss":0,"cards_obtained":["HandOfGreed"]}],"is_beta":false,"boss_relics":[{"not_picked":["halation:HeavySnake","Runic Cube"],"picked":"SlaversCollar"}],"items_purged_floors":[31],"is_endless":false,"potions_floor_spawned":[7,13,22,30],"killed_by":"Collector","ascension_level":20}}