{"host":"siagz6a7l016lv9o","time":1614297474,"event":{"mods":["AchievementEnabler","BaseMod","Colored Map","Downfall","Minty Spire (QoL Compilation)","Permanent Neow","Quick Restart","StSLib"],"gold_per_floor":[111,123,140,65,83,83,114,14,40,58,74,74,87,104,104,203,203,214,229,154,154,172,172,206,221,221,221,221],"floor_reached":27,"language":"ENG","playtime":1348,"items_purged":["Clumsy","Strike_P"],"score":239,"play_id":"4564969d-31f1-4026-ac57-f27a63936c71","local_time":"20210226005754","is_ascension_mode":false,"campfire_choices":[{"data":"Eruption","floor":6,"key":"SMITH"},{"data":"Crescendo","floor":12,"key":"SMITH"},{"floor":15,"key":"REST"},{"data":"MasterReality","floor":23,"key":"SMITH"}],"circlet_count":0,"master_deck":["Strike_P+1","Strike_P+1","Defend_P+1","Defend_P+1","Defend_P+1","Defend_P+1","Eruption+1","Vigilance","SignatureMove","ReachHeaven","ReachHeaven","Crescendo+1","Crescendo","MasterReality+1","SashWhip"],"relics":["PureWater","Bird Faced Urn","Oddly Smooth Stone","Smiling Mask","SlaversCollar","Dream Catcher","Pantograph"],"acts_visited":["Exordium","TheCity"],"potions_floor_usage":[14,16,16],"damage_taken":[{"damage":2,"enemies":"Small Slimes","floor":1,"turns":4},{"damage":1,"enemies":"Cultist","floor":2,"turns":4},{"damage":7,"enemies":"2 Louse","floor":3,"turns":2},{"damage":7,"enemies":"Blue Slaver","floor":5,"turns":3},{"damage":28,"enemies":"Lagavulin","floor":7,"turns":5},{"damage":4,"enemies":"Gremlin Gang","floor":10,"turns":4},{"damage":7,"enemies":"Large Slime","floor":11,"turns":3},{"damage":0,"enemies":"Exordium Wildlife","floor":13,"turns":2},{"damage":0,"enemies":"3 Louse","floor":14,"turns":2},{"damage":23,"enemies":"The Guardian","floor":16,"turns":8},{"damage":10,"enemies":"Chosen","floor":18,"turns":4},{"damage":10,"enemies":"Shell Parasite","floor":19,"turns":4},{"damage":0,"enemies":"Shelled Parasite and Fungi","floor":22,"turns":4},{"damage":22,"enemies":"Gremlin Leader","floor":24,"turns":4},{"damage":2,"enemies":"Centurion and Healer","floor":25,"turns":7},{"damage":23,"enemies":"Slavers","floor":27,"turns":4}],"seed_played":"4293741843996616791","potions_obtained":[{"floor":3,"key":"Fire Potion"},{"floor":5,"key":"EntropicBrew"},{"floor":11,"key":"SteroidPotion"},{"floor":22,"key":"BottledMiracle"}],"is_trial":false,"path_per_floor":["M","M","M","$","M","R","E","$","T","M","M","R","M","M","R","B",null,"M","M","?","?","M","R","E","M","T","E"],"character_chosen":"WATCHER","items_purchased":[],"campfire_rested":1,"item_purchase_floors":[],"current_hp_per_floor":[70,69,62,62,55,55,27,27,27,23,16,16,16,16,37,16,72,62,54,54,54,56,56,36,36,36,15,15],"gold":221,"neow_bonus":"ONE_RARE_RELIC","is_daily":false,"chose_seed":false,"campfire_upgraded":3,"win_rate":0.0,"timestamp":1614297474,"path_taken":["M","M","M","$","M","R","E","$","T","M","M","R","M","M","R","BOSS","M","M","?","?","M","R","E","M","T","E"],"items_purchased_type":[],"build_version":"2020-12-22","purchased_purges":2,"victory":false,"max_hp_per_floor":[72,72,72,72,72,72,72,72,72,72,72,72,72,72,72,72,72,72,72,72,72,72,72,72,72,72,72,72],"card_choices":[{"not_picked":["SashWhip","Protect"],"picked":"SignatureMove","floor":1},{"not_picked":["Study","EmptyFist"],"picked":"ReachHeaven","floor":2},{"not_picked":["Adaptation","FollowUp","FlyingSleeves"],"picked":"SKIP","floor":3},{"not_picked":["Consecrate","JustLucky"],"picked":"ReachHeaven","floor":5},{"not_picked":["BowlingBash","JustLucky","FlurryOfBlows"],"picked":"SKIP","floor":7},{"not_picked":["Study","ConjureBlade","FlyingSleeves"],"picked":"SKIP","floor":10},{"not_picked":["FollowUp","Wallop"],"picked":"Crescendo","floor":11},{"not_picked":["FlurryOfBlows","Conclude","CarveReality"],"picked":"SKIP","floor":13},{"not_picked":["Pray","EmptyFist"],"picked":"Crescendo","floor":14},{"not_picked":["Vault","Brilliance"],"picked":"MasterReality","floor":16},{"not_picked":["CrushJoints","Wallop+1","CarveReality+1"],"picked":"SKIP","floor":18},{"not_picked":["BattleHymn+1","ReachHeaven"],"picked":"SashWhip","floor":19},{"not_picked":["BattleHymn","FlurryOfBlows+1","Crescendo"],"picked":"SKIP","floor":22},{"not_picked":["EmptyBody","ClearTheMind","PathToVictory"],"picked":"SKIP","floor":24},{"not_picked":["CutThroughFate","Evaluate","SashWhip"],"picked":"SKIP","floor":25}],"player_experience":21792,"relics_obtained":[{"floor":7,"key":"Oddly Smooth Stone"},{"floor":9,"key":"Smiling Mask"},{"floor":24,"key":"Dream Catcher"},{"floor":26,"key":"Pantograph"}],"event_choices":[{"cards_removed":["Strike_P"],"damage_healed":0,"gold_gain":0,"player_choice":"Gave Gold","damage_taken":0,"max_hp_gain":0,"max_hp_loss":0,"event_name":"Beggar","floor":20,"gold_loss":75},{"damage_healed":0,"gold_gain":0,"player_choice":"Simplicity","damage_taken":0,"max_hp_gain":0,"max_hp_loss":0,"event_name":"Back to Basics","floor":21,"gold_loss":0,"cards_upgraded":["Strike_P","Strike_P","Defend_P","Defend_P","Defend_P","Defend_P"]}],"is_beta":false,"boss_relics":[{"not_picked":["SacredBark","Coffee Dripper"],"picked":"SlaversCollar"}],"items_purged_floors":[4,8],"is_endless":false,"potions_floor_spawned":[3,5,11,13,22],"killed_by":"Slavers","ascension_level":0}}