{"host":"d744ndivyohnro60","time":1614216929,"event":{"mods":["BaseMod","Bestiary","Colored Powertips","Minty Spire (QoL Compilation)","Relic Stats"],"gold_per_floor":[115,95,44,44,64,92,45,73,73,91,111,111,129,31,31,127,127,147,128,128,128,128],"floor_reached":21,"language":"ENG","playtime":7427,"items_purged":[],"score":310,"play_id":"72cfd88e-9123-4838-adf0-602a4fb694e8","local_time":"20210224203529","is_ascension_mode":true,"campfire_choices":[{"floor":12,"key":"REST"},{"floor":15,"key":"REST"}],"circlet_count":0,"master_deck":["Strike_B","Strike_B","Strike_B","Strike_B","Defend_B","Defend_B","Defend_B","Defend_B","Zap","Dualcast","Stack","Turbo","Auto Shields","Buffer","Cold Snap","Beam Cell","Beam Cell","Barrage","Static Discharge","Capacitor","Coolheaded","Reboot","FTL","Tempest"],"relics":["Cracked Core","NeowsBlessing","Eternal Feather","Juzu Bracelet","Nunchaku","Question Card","Philosopher\u0027s Stone"],"acts_visited":["Exordium","TheCity"],"potions_floor_usage":[8,10,13,16],"damage_taken":[{"damage":0,"enemies":"Small Slimes","floor":1,"turns":1},{"damage":0,"enemies":"Cultist","floor":5,"turns":1},{"damage":0,"enemies":"3 Sentries","floor":6,"turns":1},{"damage":42,"enemies":"Gremlin Nob","floor":8,"turns":6},{"damage":8,"enemies":"2 Louse","floor":10,"turns":3},{"damage":17,"enemies":"Large Slime","floor":11,"turns":6},{"damage":1,"enemies":"3 Louse","floor":13,"turns":2},{"damage":54,"enemies":"Slime Boss","floor":16,"turns":12},{"damage":28,"enemies":"Shell Parasite","floor":18,"turns":6},{"damage":21,"enemies":"2 Thieves","floor":19,"turns":4},{"damage":35,"enemies":"Snecko","floor":21,"turns":5}],"seed_played":"7146943809895037098","potions_obtained":[{"floor":2,"key":"Swift Potion"},{"floor":8,"key":"LiquidMemories"},{"floor":11,"key":"PowerPotion"},{"floor":13,"key":"Fire Potion"},{"floor":19,"key":"SkillPotion"}],"is_trial":false,"path_per_floor":["M","?","$","T","M","E","$","E","T","M","M","R","M","$","R","B",null,"M","M","?","M"],"character_chosen":"DEFECT","items_purchased":["Turbo","Cold Snap","Capacitor","Coolheaded"],"campfire_rested":2,"item_purchase_floors":[3,7,14,14],"current_hp_per_floor":[68,68,68,68,68,68,68,26,26,18,1,32,31,31,65,11,59,31,10,35,0,0],"gold":128,"neow_bonus":"THREE_ENEMY_KILL","is_daily":false,"chose_seed":false,"campfire_upgraded":0,"win_rate":0.0,"timestamp":1614216929,"path_taken":["M","?","$","?","M","E","$","E","T","M","M","R","M","$","R","BOSS","M","M","?","M"],"items_purchased_type":["Card","Card","Card","Card"],"build_version":"2020-12-22","purchased_purges":0,"victory":false,"max_hp_per_floor":[75,75,75,75,75,75,75,75,75,75,75,75,75,75,75,75,75,75,75,75,75,75],"relic_stats":{"Nunchaku":[7],"counters":[11,47],"Eternal Feather":21,"Juzu Bracelet":0,"Question Card":6,"obtain_stats":[{"Nunchaku":8,"NeowsBlessing":0,"Eternal Feather":4,"Philosopher\u0027s Stone":17,"Juzu Bracelet":6,"Cracked Core":0,"Question Card":9},{"Nunchaku":4,"NeowsBlessing":0,"Eternal Feather":1,"Philosopher\u0027s Stone":8,"Juzu Bracelet":3,"Cracked Core":0,"Question Card":4},{"Nunchaku":9,"NeowsBlessing":0,"Eternal Feather":1,"Philosopher\u0027s Stone":32,"Juzu Bracelet":3,"Cracked Core":0,"Question Card":9}]},"card_choices":[{"not_picked":["Redo","Blizzard"],"picked":"Stack","floor":1},{"not_picked":["Go for the Eyes","Hologram"],"picked":"Auto Shields","floor":5},{"not_picked":["Sunder","Barrage"],"picked":"Buffer","floor":6},{"not_picked":["Turbo","BootSequence"],"picked":"Beam Cell","floor":8},{"not_picked":["Rebound","Turbo","Gash"],"picked":"Beam Cell","floor":10},{"not_picked":["Darkness","White Noise","Force Field"],"picked":"Barrage","floor":11},{"not_picked":["Rebound","Stack","Go for the Eyes"],"picked":"Static Discharge","floor":13},{"not_picked":["Buffer","Core Surge","Hyperbeam"],"picked":"Reboot","floor":16},{"not_picked":["Go for the Eyes","Steam+1","Hello World"],"picked":"FTL","floor":18},{"not_picked":["Lockon","Sweeping Beam","Hologram+1"],"picked":"Tempest","floor":19}],"player_experience":274049,"relics_obtained":[{"floor":4,"key":"Eternal Feather"},{"floor":6,"key":"Juzu Bracelet"},{"floor":8,"key":"Nunchaku"},{"floor":9,"key":"Question Card"}],"event_choices":[{"damage_healed":0,"gold_gain":0,"player_choice":"Bought 1 Potion","damage_taken":0,"max_hp_gain":0,"max_hp_loss":0,"event_name":"The Woman in Blue","floor":2,"gold_loss":0},{"damage_healed":25,"gold_gain":0,"player_choice":"Heal","damage_taken":0,"max_hp_gain":0,"max_hp_loss":0,"event_name":"The Library","floor":20,"gold_loss":0}],"is_beta":false,"boss_relics":[{"not_picked":["SacredBark","Ectoplasm"],"picked":"Philosopher\u0027s Stone"}],"items_purged_floors":[],"is_endless":false,"potions_floor_spawned":[8,11,13,19],"killed_by":"Snecko","ascension_level":9}}