{"host":"nsc6ozq3atyrdr3m","time":1614283487,"event":{"mods":["BaseMod","Colored Map","Minty Spire (QoL Compilation)"],"gold_per_floor":[112,125,50,50,225,225,255,255,255,265,284,15,15,35,35,134,134,74,85,97,97,97],"floor_reached":21,"language":"FRA","playtime":410,"items_purged":["Doubt"],"score":237,"play_id":"7a48b577-7a45-4f24-9f0b-dbda3bdcc90d","local_time":"20210225210447","is_ascension_mode":true,"campfire_choices":[{"data":"Static Discharge","floor":6,"key":"SMITH"},{"data":"Consume","floor":13,"key":"SMITH"},{"data":"Capacitor","floor":15,"key":"SMITH"}],"circlet_count":0,"master_deck":["Strike_B","Strike_B","Strike_B","Strike_B","Defend_B+1","Defend_B+1","Defend_B","Defend_B","Zap","Dualcast","Hologram","Consume+1","Static Discharge+1","BootSequence","Buffer","Capacitor+1","Biased Cognition","Thunder Strike","Self Repair","Chaos+1","Heatsinks+1"],"relics":["Cracked Core","NeowsBlessing","War Paint","Mango","Orrery","Sozu"],"acts_visited":["Exordium","TheCity"],"potions_floor_usage":[16],"damage_taken":[{"damage":0,"enemies":"Jaw Worm","floor":1,"turns":1},{"damage":0,"enemies":"Small Slimes","floor":2,"turns":1},{"damage":0,"enemies":"2 Louse","floor":10,"turns":1},{"damage":1,"enemies":"2 Fungi Beasts","floor":11,"turns":4},{"damage":1,"enemies":"Looter","floor":14,"turns":5},{"damage":18,"enemies":"Slime Boss","floor":16,"turns":8},{"damage":25,"enemies":"2 Thieves","floor":18,"turns":4},{"damage":36,"enemies":"3 Byrds","floor":19,"turns":4},{"damage":18,"enemies":"Sentry and Sphere","floor":20,"turns":5},{"damage":20,"enemies":"Shelled Parasite and Fungi","floor":21,"turns":2}],"seed_played":"6099670533166877894","potions_obtained":[{"floor":1,"key":"Dexterity Potion"},{"floor":10,"key":"Ancient Potion"},{"floor":14,"key":"ColorlessPotion"}],"is_trial":false,"path_per_floor":["M","M","$","?","?","R","?","?","T","M","M","$","R","M","R","B",null,"M","M","M","M"],"character_chosen":"DEFECT","items_purchased":["Static Discharge","Capacitor","Orrery"],"campfire_rested":0,"item_purchase_floors":[3,12,12],"current_hp_per_floor":[68,68,68,50,50,50,50,75,89,89,88,88,88,87,87,69,84,59,30,19,0,0],"gold":97,"neow_bonus":"THREE_ENEMY_KILL","is_daily":false,"chose_seed":false,"campfire_upgraded":3,"win_rate":0.0,"timestamp":1614283487,"path_taken":["M","M","$","?","?","R","?","?","T","M","M","$","R","M","R","BOSS","M","M","M","M"],"items_purchased_type":["Card","Card","Relic"],"build_version":"2020-12-22","purchased_purges":1,"victory":false,"max_hp_per_floor":[75,75,75,75,75,75,75,75,89,89,89,89,89,89,89,89,89,89,89,89,89,89],"card_choices":[{"not_picked":["Fusion","Stack"],"picked":"Hologram","floor":1},{"not_picked":["Stack","Compile Driver"],"picked":"Consume","floor":2},{"not_picked":["Force Field","Gash"],"picked":"BootSequence","floor":10},{"not_picked":["Undo","Ball Lightning"],"picked":"Buffer","floor":11},{"not_picked":["Fusion","Conserve Battery"],"picked":"Biased Cognition","floor":14},{"not_picked":["Reboot","Multi-Cast"],"picked":"Thunder Strike","floor":16},{"not_picked":["White Noise+1","Stack"],"picked":"Self Repair","floor":18},{"not_picked":["Cold Snap+1","Recycle"],"picked":"Chaos+1","floor":19},{"not_picked":["Beam Cell","Steam"],"picked":"Heatsinks+1","floor":20}],"player_experience":447326,"relics_obtained":[{"floor":9,"key":"Mango"}],"event_choices":[{"damage_healed":0,"gold_gain":0,"player_choice":"Success","damage_taken":18,"relics_obtained":["War Paint"],"max_hp_gain":0,"max_hp_loss":0,"event_name":"Scrap Ooze","floor":4,"gold_loss":0},{"damage_healed":0,"gold_gain":175,"player_choice":"AGREE","damage_taken":0,"max_hp_gain":0,"max_hp_loss":0,"event_name":"Liars Game","floor":5,"gold_loss":0,"cards_obtained":["Doubt"]},{"damage_healed":0,"gold_gain":30,"player_choice":"Searched \u00271\u0027 times","damage_taken":0,"max_hp_gain":0,"max_hp_loss":0,"event_name":"Dead Adventurer","floor":7,"gold_loss":0},{"damage_healed":25,"gold_gain":0,"player_choice":"Banana","damage_taken":0,"max_hp_gain":0,"max_hp_loss":0,"event_name":"Big Fish","floor":8,"gold_loss":0}],"is_beta":false,"boss_relics":[{"not_picked":["Philosopher\u0027s Stone","Velvet Choker"],"picked":"Sozu"}],"items_purged_floors":[12],"is_endless":false,"potions_floor_spawned":[1,10,14,19,20],"killed_by":"Shelled Parasite and Fungi","ascension_level":8}}