{"host":"rguvlafm46vqn9ib","time":1614230147,"event":{"mods":["2.2 Compatiblity","AchievementEnabler","Act Like it!","Arknights","Aspiration","BaseMod","Beaked The Cultist","Better Match","Better Note","Better Third Choice","BetterRewards","Colored Map","Downfall","Elementarium","GifTheSpireLib","Hermit","Highlight Path","Hubris","JesterMod","Mad Scientist","Minty Spire (QoL Compilation)","RRrroohrrRGHHhhh!!","Reliquary","Reorder Act Four","Replay The Spire","Retaliation","Ruina","SCP261 Mod","Small Relic Pack","Spikes Relics","StSLib","Stuff the Spire","The Blackbeard","The Blue Laboratory","The Bug Knight","The Construct","The Death Knight","The Disciple","The Forsaken","The Judge","The Marked","The Mystic","The Necromancer","The Problem Sleuth","The Runesmith","TheSwordswoman"],"gold_per_floor":[115,132,53,53,68,68,95,114,114,131,164,174,174,174,174,276,276,287,307,9,9,9,9,9],"floor_reached":23,"language":"ENG","playtime":1428,"items_purged":[],"score":260,"play_id":"50d7fdea-b9a8-4b55-abdb-64a78e8d6c7e","local_time":"20210225051547","is_ascension_mode":true,"campfire_choices":[{"data":"Bones_to_Steel","floor":6,"key":"SMITH"},{"data":"Summon_Undead_Army","floor":13,"key":"SMITH"},{"data":"Pandemic","floor":15,"key":"SMITH"}],"circlet_count":0,"master_deck":["Strike_W","Strike_W","Strike_W","Strike_W","Defend_W","Defend_W","Defend_W","Defend_W","Negative_Energy_Arrows","Bone_Wall","Bone_Armory+1","Bone_Bullets","Thousand_Bone_Knives","Bones_to_Steel+1","Summon_Undead_Army+1","Spectral_Walk","Plague_Bolt","Pandemic+1","Bone_Prison","Negative_Energy_Bomb","Negative_Energy_Sphere","Uncharnel","Death_March_Dance+1"],"relics":["Vampire_Amulet","relicPack:OneForAll","ReplayTheSpireMod:TigerMarble","StuffTheSpire:Barrel","Replay:Baseball","Snack Pack"],"acts_visited":["Exordium","Exordium"],"potions_floor_usage":[7,7,11,16,16,23],"damage_taken":[{"damage":2,"enemies":"Cultist","floor":1,"turns":4},{"damage":3,"enemies":"Jaw Worm","floor":2,"turns":3},{"damage":2,"enemies":"Small Slimes","floor":5,"turns":3},{"damage":18,"enemies":"3 Sentries","floor":7,"turns":5},{"damage":12,"enemies":"Blue Slaver","floor":8,"turns":4},{"damage":2,"enemies":"2 Fungi Beasts","floor":10,"turns":4},{"damage":0,"enemies":"Gremlin Nob","floor":11,"turns":2},{"damage":8,"enemies":"3 Louse","floor":12,"turns":3},{"damage":5,"enemies":"Fading Forest","floor":16,"turns":11},{"damage":26,"enemies":"ruina:BadWolf","floor":18,"turns":5},{"damage":47,"enemies":"ruina:3_Bats","floor":19,"turns":6},{"damage":29,"enemies":"ruina:RoadHome","floor":23,"turns":2}],"seed_played":"2468857154960982625","potions_obtained":[{"floor":1,"key":"blueLaboratory:BottleOfRum"},{"floor":2,"key":"Strength Potion"},{"floor":5,"key":"LiquidMemories"},{"floor":7,"key":"blueLaboratory:NullPotion"},{"floor":11,"key":"Strength Potion"},{"floor":19,"key":"blueLaboratory:HorrorPotion"}],"is_trial":false,"path_per_floor":["M","M","$","?","M","R","E","M","T","M","E","M","R","?","R","B",null,"M","M","$","?","?","E"],"character_chosen":"NECROMANCER","items_purchased":["Bone_Armory","Blood_Is_Power","Snack Pack","Death_March_Dance+1"],"campfire_rested":0,"item_purchase_floors":[0,3,20,20],"current_hp_per_floor":[75,74,74,74,75,75,63,53,53,55,57,55,55,50,50,75,75,51,10,10,10,10,0,0],"gold":9,"neow_bonus":"","is_daily":false,"chose_seed":false,"campfire_upgraded":3,"win_rate":0.0,"timestamp":1614230147,"path_taken":["M","M","$","?","M","R","E","M","T","M","E","M","R","?","R","BOSS","M","M","$","?","?","E"],"items_purchased_type":["Card","Card","Relic","Card"],"build_version":"2020-12-22","purchased_purges":0,"victory":false,"max_hp_per_floor":[75,75,75,75,75,75,75,75,75,75,75,75,75,75,75,75,75,75,75,75,75,75,75,75],"card_choices":[{"not_picked":["Negative_Energy_Mist","Necromantic_Selection"],"picked":"Bone_Bullets","floor":1},{"not_picked":["Shackles_Of_Pain","Blood_Curse"],"picked":"Thousand_Bone_Knives","floor":2},{"not_picked":["Scare","Finger_Of_Death"],"picked":"Bones_to_Steel","floor":5},{"not_picked":["Vampiric_Strike","Flesh_Made_Foul"],"picked":"Summon_Undead_Army","floor":7},{"not_picked":["Life_Tap","Negative_Energy_Shield"],"picked":"Spectral_Walk","floor":8},{"not_picked":["Shackles_Of_Pain","Bones_to_Steel"],"picked":"Plague_Bolt","floor":10},{"not_picked":["Requiem","Vampiric_Strike"],"picked":"Pandemic","floor":11},{"not_picked":["Negative_Energy_Javelin","Negative_Energy_Mist"],"picked":"Bone_Prison","floor":12},{"not_picked":["Blood_Wake","Blood_Magic"],"picked":"Negative_Energy_Bomb","floor":16},{"not_picked":["Death_March_Dance","Violent_Necrosis+1"],"picked":"Negative_Energy_Sphere","floor":18},{"not_picked":["Negative_Energy_Sphere","Epidemic"],"picked":"Uncharnel","floor":19}],"player_experience":1023131,"relics_obtained":[{"floor":7,"key":"ReplayTheSpireMod:TigerMarble"},{"floor":9,"key":"StuffTheSpire:Barrel"},{"floor":11,"key":"Replay:Baseball"}],"event_choices":[],"is_beta":false,"boss_relics":[{"not_picked":["reliquary:Ember","beaked:MawFillet","hubris:CrackedHourglass"]}],"items_purged_floors":[],"is_endless":false,"potions_floor_spawned":[1,2,5,7,11,19],"killed_by":"ruina:RoadHome","ascension_level":3}}