{"host":"5tnftuc8o0gay6lt","time":1614235971,"event":{"mods":["BaseMod","BetterRewards","Conspire","Marisa£®ÏF”Í°°ƒß¿Ì…≥£©","Minty Spire (QoL Compilation)","Permanent Neow","Relic Filter Mod","Spicy Shops","StSLib","Td1madao Mod","The Servant 0.9.4","°æ“≈ŒÔø®≈∆°øREMEMod"],"gold_per_floor":[117,117,67,67,78,78,98,124,173,200,200,200,4,22,22,123,123,137,150,75,75,75,105,105,137,137,37,49,49,49,49,49,49,49],"floor_reached":33,"language":"ZHS","playtime":1771,"items_purged":["Strike_S","Strike_S"],"score":460,"play_id":"a3328db9-f123-461d-b533-cdba01265aed","local_time":"20210225145251","is_ascension_mode":true,"campfire_choices":[{"data":"FanOfKnives","floor":6.0,"key":"SMITH"},{"data":"Luminosity","floor":11.0,"key":"SMITH"},{"data":"Hightail","floor":15.0,"key":"SMITH"},{"data":"Hightail","floor":24.0,"key":"SMITH"},{"data":"DualDimension","floor":30,"key":"SMITH"},{"data":"Starlight","floor":32,"key":"SMITH"}],"circlet_count":0,"master_deck":["Defend_S","Defend_S","Defend_S","KidneyShot","Exchange","Luminosity+1","Starlight+1","Rearm","Adrenaline","FanOfKnives+1","Desolation","Contraction","SurpressingFire+1","Hightail+1","BottledTime","Defy+1","Hightail+1","Spin","DualDimension+1"],"relics":["SplendidAttire","REME_ComplimentaryCards","Chemical X","Torii","Bag of Preparation","Pen Nib","Shovel","conspire:BottledYoYo","Incense Burner","InkBottle","StrikeDummy","Pear"],"acts_visited":["Exordium","TheCity"],"potions_floor_usage":[],"damage_taken":[{"damage":0.0,"enemies":"2 Louse","floor":1.0,"turns":2.0},{"damage":1.0,"enemies":"Small Slimes","floor":5.0,"turns":2.0},{"damage":0.0,"enemies":"Jaw Worm","floor":7.0,"turns":2.0},{"damage":0.0,"enemies":"3 Sentries","floor":8.0,"turns":2.0},{"damage":1.0,"enemies":"Gremlin Nob","floor":10.0,"turns":3.0},{"damage":0.0,"enemies":"Looter","floor":14.0,"turns":3.0},{"damage":0.0,"enemies":"The Guardian","floor":16.0,"turns":7.0},{"damage":20.0,"enemies":"conspire:FuzzyDice","floor":18.0,"turns":2.0},{"damage":0.0,"enemies":"2 Thieves","floor":19.0,"turns":1.0},{"damage":0.0,"enemies":"Slavers","floor":23.0,"turns":3.0},{"damage":0.0,"enemies":"conspire:SneckoGhost","floor":25.0,"turns":5.0},{"damage":0,"enemies":"conspire:HollyBat","floor":28,"turns":8},{"damage":0,"enemies":"Champ","floor":33,"turns":13}],"seed_played":"-6489476791595049789","potions_obtained":[{"floor":1.0,"key":"SteroidPotion"},{"floor":8.0,"key":"SpeedPotion"},{"floor":10.0,"key":"SpeedPotion"},{"floor":18.0,"key":"REME_GoldPotion"},{"floor":19.0,"key":"Strength Potion"}],"is_trial":false,"path_per_floor":["M","?","?","?","M","R","M","E","T","E","R","?","$","M","R","B",null,"M","M","$","?","?","E","R","E","T","$","M","?","R","$","R","B"],"character_chosen":"THE_SERVANT","items_purchased":["Luminosity","Starlight","Chemical X","Torii","Rearm","Hightail","conspire:BottledYoYo","Incense Burner"],"campfire_rested":0,"item_purchase_floors":[0,0,0,0,0,13,13,20],"current_hp_per_floor":[58,58,58,63,62,62,62,62,62,61,61,61,61,61,61,61,70,50,50,50,50,50,50,50,50,60,60,60,60,60,60,60,60,60],"gold":49,"neow_bonus":"","is_daily":false,"chose_seed":false,"campfire_upgraded":6,"win_rate":0.0,"timestamp":1614235971,"path_taken":["M","?","?","?","M","R","?","E","T","E","R","?","$","M","R","BOSS","M","M","$","?","?","E","R","E","T","$","M","?","R","?","R","BOSS"],"items_purchased_type":["Card","Card","Relic","Relic","Card","Card","Relic","Relic"],"build_version":"2020-12-22","purchased_purges":2,"victory":false,"max_hp_per_floor":[65,65,65,70,70,70,70,70,70,70,70,70,70,70,70,70,70,70,70,70,70,70,70,70,70,80,80,80,80,80,80,80,80,80],"card_choices":[{"not_picked":["Unruled","ShatteredReality"],"picked":"FanOfKnives","floor":1.0},{"not_picked":["SpecialFormula","Barrier","BottledTime"],"picked":"SKIP","floor":5.0},{"not_picked":["Potential","BottledTime"],"picked":"Desolation","floor":7.0},{"not_picked":["Rearm","ForgedInTime"],"picked":"Contraction","floor":8.0},{"not_picked":["Defy","Embodiment"],"picked":"SurpressingFire","floor":10.0},{"not_picked":["ShiftingGears","Potential"],"picked":"BottledTime","floor":14.0},{"not_picked":["Contraction","Rewind"],"picked":"Defy+1","floor":18.0},{"not_picked":["Shuttle+1","Ricochet","Revamp"],"picked":"SKIP","floor":19.0},{"not_picked":["FanOfKnives+1","TimeWarp","Starlight+1"],"picked":"SKIP","floor":23.0},{"not_picked":["Barrier","BottledTime+1","TheWorld"],"picked":"SKIP","floor":25.0},{"not_picked":["Alleviate","Advance+1","Potential"],"picked":"SKIP","floor":28},{"not_picked":["Alleviate","Advance+1","Potential"],"picked":"SKIP","floor":28}],"player_experience":607598,"relics_obtained":[{"floor":8.0,"key":"Bag of Preparation"},{"floor":9.0,"key":"Pen Nib"},{"floor":10.0,"key":"Shovel"},{"floor":23.0,"key":"InkBottle"},{"floor":25.0,"key":"StrikeDummy"},{"floor":26.0,"key":"Pear"}],"event_choices":[{"damage_healed":0.0,"max_hp_gain":0.0,"max_hp_loss":0.0,"gold_gain":0.0,"event_name":"conspire:Investor","player_choice":"Leave","floor":2.0,"gold_loss":0.0,"damage_taken":0.0},{"cards_removed":["Strike_S"],"damage_healed":0.0,"max_hp_gain":0.0,"max_hp_loss":0.0,"gold_gain":0.0,"event_name":"The Cleric","player_choice":"Card Removal","floor":3.0,"gold_loss":50.0,"damage_taken":0.0},{"damage_healed":0.0,"max_hp_gain":5.0,"max_hp_loss":0.0,"gold_gain":0.0,"event_name":"Big Fish","player_choice":"Donut","floor":4.0,"gold_loss":0.0,"damage_taken":0.0},{"damage_healed":0.0,"max_hp_gain":0.0,"max_hp_loss":0.0,"gold_gain":0.0,"event_name":"Living Wall","player_choice":"Grow","floor":12.0,"gold_loss":0.0,"damage_taken":0.0,"cards_upgraded":["SurpressingFire"]},{"damage_healed":0.0,"max_hp_gain":0.0,"max_hp_loss":0.0,"gold_gain":0.0,"event_name":"The Mausoleum","player_choice":"Ignored","floor":21.0,"gold_loss":0.0,"damage_taken":0.0},{"damage_healed":0.0,"max_hp_gain":0.0,"max_hp_loss":0.0,"gold_gain":0.0,"event_name":"The Library","player_choice":"Read","floor":22.0,"gold_loss":0.0,"damage_taken":0.0,"cards_obtained":["Hightail"]},{"damage_healed":0,"gold_gain":0,"cards_transformed":["Strike_S","Defend_S"],"player_choice":"Became Test Subject","damage_taken":0,"max_hp_gain":0,"max_hp_loss":0,"event_name":"Drug Dealer","floor":29,"gold_loss":0,"cards_obtained":["Spin","DualDimension"]}],"is_beta":false,"boss_relics":[{"not_picked":["SacredBark","Astrolabe"],"picked":"SplendidAttire"}],"items_purged_floors":[0,27],"is_endless":false,"potions_floor_spawned":[1,8,10,18,19],"killed_by":"Champ","ascension_level":1}}