{"host":"t0bo9kmlst92gdfh","time":1614231843,"event":{"mods":["Bard","BaseMod","Block Reminder","Colored Powertips","DeckTracker","Jorbs\u0027s Wanderer Trilogy","Minty Spire (QoL Compilation)","Relic Stats","Reliquary","StSLib","The Animator","The Cursed","The Elementalist","The Gatherer"],"gold_per_floor":[116,116,136,151,163,192,208,208,208,235,263,281,309,319,319,417,417,434,447,447,464,464,489,500,500,500,500,533,63,63,63,63,158,158,178,178,178],"floor_reached":36,"language":"ENG","playtime":3306,"items_purged":["elementalist:Airstrike"],"score":539,"play_id":"dd3b7cd5-ac5a-42ab-98f1-554b16e24e97","local_time":"20210224214403","is_ascension_mode":false,"campfire_choices":[{"floor":8,"key":"REST"},{"floor":15,"key":"REST"},{"floor":27,"key":"REST"},{"floor":30,"key":"REST"},{"data":"elementalist:Cauterize","floor":32,"key":"SMITH"}],"circlet_count":0,"master_deck":["elementalist:Fire_Emblem","elementalist:Fire_Emblem","elementalist:Fire_Emblem","elementalist:Fire_Emblem+1","elementalist:Strike+Elemblue","elementalist:Defend_Elemblue+1","elementalist:Defend_Elemblue","elementalist:Defend_Elemblue","elementalist:Defend_Elemblue","elementalist:Defend_Elemblue","elementalist:Firestrike","elementalist:Earthstrike","elementalist:Waterstrike","elementalist:Crystal_Chalk","elementalist:Flame","elementalist:Solar_Form","elementalist:Flame+1","elementalist:Blaze","elementalist:Cauterize+1","elementalist:Absolute_Zero","elementalist:Emberveil","elementalist:Flame","elementalist:Flame","elementalist:Flame","elementalist:Kiln","elementalist:Flame"],"relics":["elementalistmod:MagusStaff","elementalistmod:RedRibbon","elementalistmod:RedRibbon","reliquary:PrincelyHelmet","Oddly Smooth Stone","Odd Mushroom","Potion Belt","Black Star","Mango","War Paint","elementalistmod:BlueRibbon","reliquary:SilkGlove","reliquary:Spinner","MealTicket","Blood Vial","HornCleat","Philosopher\u0027s Stone"],"acts_visited":["Exordium","TheCity","TheBeyond"],"potions_floor_usage":[16,16,23,23,23,23,24,28],"damage_taken":[{"damage":2,"enemies":"Small Slimes","floor":1,"turns":6},{"damage":0,"enemies":"Cultist","floor":3,"turns":4},{"damage":3,"enemies":"Jaw Worm","floor":4,"turns":5},{"damage":3,"enemies":"Looter","floor":5,"turns":4},{"damage":59,"enemies":"Gremlin Nob","floor":6,"turns":6},{"damage":0,"enemies":"2 Fungi Beasts","floor":7,"turns":4},{"damage":3,"enemies":"The Mushroom Lair","floor":11,"turns":4},{"damage":0,"enemies":"Exordium Thugs","floor":12,"turns":3},{"damage":17,"enemies":"Lagavulin","floor":13,"turns":5},{"damage":5,"enemies":"Looter","floor":14,"turns":3},{"damage":0,"enemies":"Slime Boss","floor":16,"turns":4},{"damage":10,"enemies":"Chosen","floor":18,"turns":5},{"damage":5,"enemies":"2 Thieves","floor":19,"turns":4},{"damage":13,"enemies":"Chosen and Byrds","floor":21,"turns":7},{"damage":47,"enemies":"Slavers","floor":23,"turns":5},{"damage":11,"enemies":"Snake Plant","floor":24,"turns":6},{"damage":16,"enemies":"Book of Stabbing","floor":28,"turns":4},{"damage":23,"enemies":"Champ","floor":33,"turns":10},{"damage":57,"enemies":"3 Shapes","floor":35,"turns":4},{"damage":58,"enemies":"2 Orb Walkers","floor":36,"turns":5}],"seed_played":"-4515316036302249814","potions_obtained":[{"floor":5,"key":"Swift Potion"},{"floor":7,"key":"SteroidPotion"},{"floor":12,"key":"LiquidMemories"},{"floor":13,"key":"SteroidPotion"},{"floor":16,"key":"AttackPotion"},{"floor":19,"key":"PowerPotion"},{"floor":21,"key":"SkillPotion"},{"floor":24,"key":"LiquidMemories"}],"is_trial":false,"path_per_floor":["M","?","M","M","M","E","M","R","T","T","?","M","E","M","R","B",null,"M","M","?","M","?","E","M","?","T","R","E","$","R","?","R","B",null,"M","?"],"character_chosen":"THE_ELEMENTALIST","items_purchased":["Blood Vial","HornCleat"],"campfire_rested":4,"item_purchase_floors":[29,29],"current_hp_per_floor":[75,75,75,72,69,10,10,33,33,33,30,30,13,8,31,31,77,67,62,62,49,49,16,5,5,5,32,16,31,58,58,58,37,91,34,0,0],"gold":178,"neow_bonus":"TEN_PERCENT_HP_BONUS","is_daily":false,"chose_seed":false,"campfire_upgraded":1,"win_rate":0.0,"timestamp":1614231843,"path_taken":["M","?","?","M","M","E","M","R","T","?","?","M","E","M","R","BOSS","M","M","?","?","?","E","M","?","T","R","E","$","R","?","R","BOSS","M","?"],"items_purchased_type":["Relic","Relic"],"build_version":"2020-12-22","purchased_purges":1,"victory":false,"max_hp_per_floor":[77,77,77,77,77,77,77,77,77,77,77,77,77,77,77,77,77,77,77,77,77,77,91,91,91,91,91,91,91,91,91,91,91,91,91,91,91],"relic_stats":{"Blood Vial":4,"counters":[20,98],"MealTicket":15,"Black Star":2,"War Paint":["elementalist:Fire_Emblem","elementalist:Defend_Elemblue"],"obtain_stats":[{"Potion Belt":13,"elementalistmod:BlueRibbon":25,"reliquary:SilkGlove":26,"reliquary:PrincelyHelmet":6,"Oddly Smooth Stone":10,"Mango":23,"reliquary:Spinner":28,"Odd Mushroom":11,"War Paint":23,"elementalistmod:RedRibbon":2,"Blood Vial":29,"HornCleat":29,"MealTicket":28,"Philosopher\u0027s Stone":34,"Black Star":17,"elementalistmod:MagusStaff":0,"elementalistmod:GraduationLetter":0},{"Potion Belt":9,"elementalistmod:BlueRibbon":16,"reliquary:SilkGlove":16,"reliquary:PrincelyHelmet":5,"Oddly Smooth Stone":6,"Mango":15,"reliquary:Spinner":17,"Odd Mushroom":7,"War Paint":15,"elementalistmod:RedRibbon":1,"Blood Vial":17,"HornCleat":17,"MealTicket":17,"Philosopher\u0027s Stone":18,"Black Star":11,"elementalistmod:MagusStaff":0,"elementalistmod:GraduationLetter":0},{"Potion Belt":41,"elementalistmod:BlueRibbon":75,"reliquary:SilkGlove":75,"reliquary:PrincelyHelmet":25,"Oddly Smooth Stone":29,"Mango":69,"reliquary:Spinner":79,"Odd Mushroom":33,"War Paint":69,"elementalistmod:RedRibbon":6,"Blood Vial":79,"HornCleat":79,"MealTicket":79,"Philosopher\u0027s Stone":89,"Black Star":48,"elementalistmod:MagusStaff":0,"elementalistmod:GraduationLetter":0}]},"card_choices":[{"not_picked":["elementalist:Etherstrike","elementalist:Momentum"],"picked":"elementalist:Flame","floor":1},{"not_picked":["elementalist:Flame","elementalist:Wards"],"picked":"elementalist:Solar_Form","floor":3},{"not_picked":["elementalist:Cyclone","elementalist:Caution","elementalist:Accelerant"],"picked":"SKIP","floor":4},{"not_picked":["elementalist:Mist","elementalist:Wards","elementalist:Emberveil"],"picked":"SKIP","floor":5},{"not_picked":["elementalist:Overheat","elementalist:Solar_Form"],"picked":"elementalist:Flame","floor":6},{"not_picked":["elementalist:Ignition","elementalist:Spout","elementalist:Overheat"],"picked":"SKIP","floor":7},{"not_picked":["elementalist:Fission_Lance","elementalist:Emberveil"],"picked":"elementalist:Blaze","floor":11},{"not_picked":["elementalist:Solar_Form","elementalist:Overheat"],"picked":"elementalist:Cauterize","floor":12},{"not_picked":["elementalist:Momentum","elementalist:Burning_Soul","elementalist:Astral_Form"],"picked":"SKIP","floor":13},{"not_picked":["elementalist:Ignition","elementalist:Solar_Form","elementalist:Momentum"],"picked":"SKIP","floor":14},{"not_picked":["elementalist:Accelerant","elementalist:Inferno"],"picked":"elementalist:Absolute_Zero","floor":16},{"not_picked":["elementalist:Stone_to_Mud","elementalist:Widdershins_Conversion"],"picked":"elementalist:Emberveil","floor":18},{"not_picked":["elementalist:Monument","elementalist:Widdershins_Conversion+1","elementalist:Solar_Form"],"picked":"SKIP","floor":19},{"not_picked":["elementalist:Undertow+1","elementalist:Emberveil"],"picked":"elementalist:Flame","floor":21},{"not_picked":["elementalist:Overheat","elementalist:Etherstrike"],"picked":"elementalist:Flame","floor":23},{"not_picked":["elementalist:Blaze","elementalist:Concentricity"],"picked":"elementalist:Kiln","floor":24},{"not_picked":["elementalist:Spout+1","elementalist:Fission_Lance"],"picked":"elementalist:Flame","floor":28},{"not_picked":["elementalist:Spout","elementalist:Caution+1","elementalist:Undertow"],"picked":"SKIP","floor":35}],"player_experience":73595,"relics_obtained":[{"floor":6,"key":"reliquary:PrincelyHelmet"},{"floor":10,"key":"Oddly Smooth Stone"},{"floor":11,"key":"Odd Mushroom"},{"floor":13,"key":"Potion Belt"},{"floor":23,"key":"Mango"},{"floor":23,"key":"War Paint"},{"floor":26,"key":"reliquary:SilkGlove"},{"floor":28,"key":"reliquary:Spinner"},{"floor":28,"key":"MealTicket"}],"event_choices":[{"damage_healed":0,"gold_gain":0,"player_choice":"Fought Mushrooms","damage_taken":0,"max_hp_gain":0,"max_hp_loss":0,"event_name":"Mushrooms","floor":11,"gold_loss":0},{"damage_healed":0,"gold_gain":0,"player_choice":"Forge","damage_taken":0,"max_hp_gain":0,"max_hp_loss":0,"event_name":"Accursed Blacksmith","floor":20,"gold_loss":0,"cards_upgraded":["elementalist:Flame"]},{"damage_healed":0,"gold_gain":0,"player_choice":"Read","damage_taken":0,"max_hp_gain":0,"max_hp_loss":0,"event_name":"The Library","floor":22,"gold_loss":0,"cards_obtained":["elementalist:Flame"]},{"damage_healed":0,"gold_gain":0,"player_choice":"Ignored","damage_taken":0,"max_hp_gain":0,"max_hp_loss":0,"event_name":"Ghosts","floor":31,"gold_loss":0},{"damage_healed":0,"gold_gain":0,"player_choice":"Fight","damage_taken":0,"max_hp_gain":0,"max_hp_loss":0,"event_name":"Mysterious Sphere","floor":36,"gold_loss":0}],"is_beta":false,"boss_relics":[{"not_picked":["Velvet Choker","Runic Dome"],"picked":"Black Star"},{"not_picked":["reliquary:Ember","reliquary:WritOfMandamus"],"picked":"Philosopher\u0027s Stone"}],"items_purged_floors":[29],"is_endless":false,"potions_floor_spawned":[5,7,12,13,16,19,21,24],"killed_by":"2 Orb Walkers","ascension_level":0}}