{"host":"3documaj6bjxgvk7","time":1614293153,"event":{"mods":["BaseMod","Bestiary","Block Reminder","DeckTracker","Filter the Spire","Keyboard Shortcuts","Minty Spire (QoL Compilation)","MonsterHotkey","Quick Restart","Random Character Button","Relic Stats","Slay-I","StSLib","Unceasing Turn Reminder","Weighted Paths","ojb\u0027s Better Paths Mod","ojb\u0027s Info Mod"],"gold_per_floor":[114,132,145,156,223,255,255,289,289,0,30,30,43,55,55,157,157,172,202,30,30,300,300,300],"floor_reached":23,"language":"ENG","playtime":2081,"items_purged":["Strike_B","Defend_B"],"score":251,"play_id":"75b8e8d7-ee19-43ee-b135-4203df50bb8d","local_time":"20210225234553","is_ascension_mode":true,"campfire_choices":[{"data":"Streamline","floor":7.0,"key":"SMITH"},{"data":"Zap","floor":12.0,"key":"SMITH"},{"data":"Go for the Eyes","floor":15.0,"key":"SMITH"}],"circlet_count":0,"master_deck":["Strike_B","Defend_B","Defend_B","Zap+1","Dualcast","Streamline+1","Compile Driver","Go for the Eyes+1","Core Surge","Auto Shields","Self Repair","Biased Cognition","Loop+1","Loop+1","Sunder+1","Genetic Algorithm","Double Energy+1","Core Surge"],"relics":["Cracked Core","CaptainsWheel","MealTicket","Nunchaku","Lee\u0027s Waffle","Letter Opener","Astrolabe","Red Mask"],"acts_visited":["Exordium","TheCity"],"potions_floor_usage":[],"damage_taken":[{"damage":0.0,"enemies":"Cultist","floor":1.0,"turns":4.0},{"damage":12.0,"enemies":"Small Slimes","floor":2.0,"turns":3.0},{"damage":2.0,"enemies":"Jaw Worm","floor":3.0,"turns":3.0},{"damage":6.0,"enemies":"Looter","floor":4.0,"turns":3.0},{"damage":20.0,"enemies":"Lagavulin","floor":6.0,"turns":6.0},{"damage":18.0,"enemies":"Gremlin Nob","floor":8.0,"turns":3.0},{"damage":11.0,"enemies":"Lagavulin","floor":11.0,"turns":6.0},{"damage":4.0,"enemies":"Red Slaver","floor":13.0,"turns":3.0},{"damage":4.0,"enemies":"Exordium Thugs","floor":14.0,"turns":4.0},{"damage":28.0,"enemies":"Slime Boss","floor":16.0,"turns":10.0},{"damage":15.0,"enemies":"3 Byrds","floor":18.0,"turns":4.0},{"damage":25.0,"enemies":"Masked Bandits","floor":19.0,"turns":3.0},{"damage":20,"enemies":"Gremlin Leader","floor":23,"turns":5}],"seed_played":"-8115513366368585814","potions_obtained":[{"floor":0.0,"key":"CultistPotion"},{"floor":0.0,"key":"FairyPotion"},{"floor":0.0,"key":"Block Potion"},{"floor":1.0,"key":"Energy Potion"},{"floor":2.0,"key":"CultistPotion"},{"floor":8.0,"key":"PotionOfCapacity"},{"floor":13.0,"key":"BlessingOfTheForge"},{"floor":19.0,"key":"Fire Potion"}],"is_trial":false,"path_per_floor":["M","M","M","M","?","E","R","E","T","$","E","R","M","M","R","B",null,"M","?","$","?","?","E"],"character_chosen":"DEFECT","items_purchased":["Lee\u0027s Waffle","Self Repair","Core Surge"],"campfire_rested":0,"item_purchase_floors":[10,10,20],"current_hp_per_floor":[75,63,61,55,55,35,35,17,17,82,78,78,81,82,82,61,82,67,42,57,41,14,0,0],"gold":300,"neow_bonus":"THREE_SMALL_POTIONS","is_daily":false,"chose_seed":false,"campfire_upgraded":3,"win_rate":0.0,"timestamp":1614293153,"path_taken":["M","M","M","M","?","E","R","E","T","$","E","R","M","M","R","BOSS","M","?","$","?","?","E"],"items_purchased_type":["Relic","Card","Card"],"build_version":"2020-12-22","purchased_purges":2,"victory":false,"max_hp_per_floor":[75,75,75,75,75,75,75,75,75,82,82,82,82,82,82,82,82,82,82,82,87,87,87,87],"relic_stats":{"Nunchaku":[5],"Lee\u0027s Waffle":50,"counters":[13,57],"Astrolabe":["Loop","Loop","Sunder"],"MealTicket":30,"Letter Opener":[40],"obtain_stats":[{"CaptainsWheel":6,"Nunchaku":9,"Lee\u0027s Waffle":10,"Astrolabe":17,"MealTicket":8,"Red Mask":19,"Letter Opener":11,"Cracked Core":0},{"CaptainsWheel":5,"Nunchaku":6,"Lee\u0027s Waffle":6,"Astrolabe":10,"MealTicket":6,"Red Mask":12,"Letter Opener":7,"Cracked Core":0},{"CaptainsWheel":19,"Nunchaku":22,"Lee\u0027s Waffle":22,"Astrolabe":45,"MealTicket":22,"Red Mask":52,"Letter Opener":28,"Cracked Core":0}]},"card_choices":[{"not_picked":["Force Field","Stack"],"picked":"Streamline","floor":1.0},{"not_picked":["Recycle","Barrage"],"picked":"Compile Driver","floor":2.0},{"not_picked":["Doom and Gloom","Barrage"],"picked":"Go for the Eyes","floor":3.0},{"not_picked":["Hello World","Self Repair"],"picked":"Core Surge","floor":4.0},{"not_picked":["Barrage","Sweeping Beam","Meteor Strike"],"picked":"SKIP","floor":6.0},{"not_picked":["Scrape","Turbo"],"picked":"Auto Shields","floor":8.0},{"not_picked":["Fission","Fusion","Storm"],"picked":"SKIP","floor":11.0},{"not_picked":["Turbo","Compile Driver","Loop"],"picked":"SKIP","floor":13.0},{"not_picked":["Blizzard","Recycle","Gash"],"picked":"SKIP","floor":14.0},{"not_picked":["Core Surge","Rainbow"],"picked":"Biased Cognition","floor":16.0},{"not_picked":["Capacitor","Conserve Battery"],"picked":"Genetic Algorithm","floor":18.0},{"not_picked":["Fusion","Hologram"],"picked":"Double Energy+1","floor":19.0}],"player_experience":100370,"relics_obtained":[{"floor":6.0,"key":"CaptainsWheel"},{"floor":8.0,"key":"MealTicket"},{"floor":9.0,"key":"Nunchaku"},{"floor":11.0,"key":"Letter Opener"},{"floor":19.0,"key":"Red Mask"}],"event_choices":[{"damage_healed":0.0,"max_hp_gain":0.0,"max_hp_loss":0.0,"gold_gain":67.0,"event_name":"Golden Wing","player_choice":"Gained Gold","floor":5.0,"gold_loss":0.0,"damage_taken":0.0},{"damage_healed":0.0,"max_hp_gain":0.0,"max_hp_loss":0.0,"gold_gain":0.0,"event_name":"Masked Bandits","player_choice":"Fought Bandits","floor":19.0,"gold_loss":0.0,"damage_taken":0.0},{"damage_healed":0.0,"max_hp_gain":5.0,"max_hp_loss":0.0,"gold_gain":0.0,"event_name":"Forgotten Altar","player_choice":"Shed Blood","floor":21.0,"gold_loss":0.0,"damage_taken":21.0},{"damage_healed":0.0,"max_hp_gain":0.0,"max_hp_loss":0.0,"gold_gain":270.0,"event_name":"Knowing Skull","player_choice":"GOLD GOLD GOLD ","floor":22.0,"potions_obtained":[],"gold_loss":0.0,"damage_taken":27.0,"cards_obtained":[]}],"is_beta":false,"boss_relics":[{"not_picked":["Calling Bell","Pandora\u0027s Box"],"picked":"Astrolabe"}],"items_purged_floors":[10,20],"is_endless":false,"potions_floor_spawned":[1,2,8,13,19],"killed_by":"Gremlin Leader","ascension_level":4}}