{"host":"h4s2ow0cl6kdwaz8","time":1614273173,"event":{"mods":["AchievementEnabler","BaseMod","Bestiary","Colored Map","Minty Spire (QoL Compilation)","Permanent Neow","Relic Stats"],"gold_per_floor":[111,71,90,104,120,120,151,151,151,164,174,174,204,221,221,320,320,339,3,33,33,46,77,77,107,107,133,151,251,276,276,276,381,381,398,409,429,45,45,45,86,97,97,97,97,118,162,179,179,179,179,179,30,59,59],"floor_reached":56,"language":"ENG","playtime":6355,"items_purged":["Strike_G","Defend_G","All Out Attack"],"score":1374,"play_id":"c953f889-2630-4158-b221-4a42b2521b35","local_time":"20210225171253","is_ascension_mode":true,"campfire_choices":[{"floor":6,"key":"REST"},{"data":"Neutralize","floor":8,"key":"SMITH"},{"floor":12,"key":"REST"},{"data":"Crippling Poison","floor":15,"key":"SMITH"},{"data":"After Image","floor":24,"key":"SMITH"},{"floor":32,"key":"REST"},{"floor":40,"key":"RECALL"},{"data":"Tools of the Trade","floor":45,"key":"SMITH"},{"data":"Catalyst","floor":49,"key":"SMITH"},{"data":"Burst","floor":52,"key":"SMITH"}],"circlet_count":0,"master_deck":["Defend_G","Defend_G","Defend_G+1","Survivor","Neutralize+1","Deadly Poison","Crippling Poison+1","Backflip","Burst+1","Backflip","Dagger Throw","Outmaneuver","After Image+1","Poisoned Stab+1","Poisoned Stab","Prepared","Underhanded Strike","Setup+1","Crippling Poison+1","Tactician+1","Heel Hook","Deflect","Underhanded Strike","Tools of the Trade+1","Slice+1","Acrobatics+1","Crippling Poison+1","Noxious Fumes","Tactician+1","Underhanded Strike","Catalyst+1","Crippling Poison+1","Acrobatics","Distraction+1","Caltrops+1","Crippling Poison+1"],"relics":["Ring of the Snake","Mercury Hourglass","Bottled Lightning","Question Card","Empty Cage","Bronze Scales","Red Mask","Bag of Preparation","Paper Crane","War Paint","Bag of Marbles","Tingsha","Pantograph","Smiling Mask","Spirit Poop","Sozu","Anchor","CeramicFish","Happy Flower","Dead Branch","PreservedInsect","Orrery","StoneCalendar"],"acts_visited":["Exordium","TheCity","TheBeyond","TheEnding"],"potions_floor_usage":[7,7,20,25,29,29,30,55,55],"damage_taken":[{"damage":2,"enemies":"Small Slimes","floor":1,"turns":6},{"damage":10,"enemies":"Cultist","floor":3,"turns":4},{"damage":2,"enemies":"2 Louse","floor":4,"turns":3},{"damage":5,"enemies":"Blue Slaver","floor":5,"turns":4},{"damage":7,"enemies":"Lagavulin","floor":7,"turns":6},{"damage":0,"enemies":"3 Louse","floor":10,"turns":1},{"damage":9,"enemies":"Large Slime","floor":11,"turns":5},{"damage":10,"enemies":"Gremlin Nob","floor":13,"turns":4},{"damage":8,"enemies":"Gremlin Gang","floor":14,"turns":2},{"damage":3,"enemies":"Hexaghost","floor":16,"turns":9},{"damage":0,"enemies":"3 Byrds","floor":18,"turns":2},{"damage":0,"enemies":"Masked Bandits","floor":20,"turns":2},{"damage":0,"enemies":"Spheric Guardian","floor":22,"turns":3},{"damage":19,"enemies":"Gremlin Leader","floor":23,"turns":5},{"damage":10,"enemies":"Book of Stabbing","floor":25,"turns":5},{"damage":0,"enemies":"3 Cultists","floor":28,"turns":4},{"damage":11,"enemies":"Colosseum Slavers","floor":29,"turns":3},{"damage":13,"enemies":"Colosseum Nobs","floor":29,"turns":3},{"damage":1,"enemies":"Slavers","floor":30,"turns":3},{"damage":19,"enemies":"Champ","floor":33,"turns":12},{"damage":7,"enemies":"3 Darklings","floor":35,"turns":3},{"damage":0,"enemies":"3 Shapes","floor":36,"turns":3},{"damage":10,"enemies":"Jaw Worm Horde","floor":37,"turns":4},{"damage":2,"enemies":"Giant Head","floor":41,"turns":8},{"damage":10,"enemies":"Maw","floor":42,"turns":6},{"damage":5,"enemies":"Writhing Mass","floor":46,"turns":4},{"damage":2,"enemies":"Reptomancer","floor":47,"turns":4},{"damage":0,"enemies":"3 Darklings","floor":48,"turns":3},{"damage":44,"enemies":"Awakened One","floor":50,"turns":10},{"damage":23,"enemies":"Shield and Spear","floor":54,"turns":3},{"damage":68,"enemies":"The Heart","floor":55,"turns":9}],"seed_played":"3652481877728836674","potions_obtained":[{"floor":2,"key":"Ancient Potion"},{"floor":2,"key":"LiquidMemories"},{"floor":2,"key":"Explosive Potion"},{"floor":3,"key":"DistilledChaos"},{"floor":11,"key":"EssenceOfSteel"},{"floor":13,"key":"BlessingOfTheForge"},{"floor":18,"key":"EntropicBrew"},{"floor":25,"key":"Fruit Juice"},{"floor":30,"key":"Block Potion"}],"is_trial":false,"path_per_floor":["M","?","M","M","M","R","E","R","T","M","M","R","E","M","R","B",null,"M","$","?","?","M","E","R","E","T","T","M","?","E","?","R","B",null,"M","M","M","$","?","R","E","M","T","?","R","M","E","M","R","B",null,"R","$","E","B",null],"character_chosen":"THE_SILENT","items_purchased":["Bronze Scales","Poisoned Stab","Prepared","Anchor","Noxious Fumes","CeramicFish","Orrery"],"campfire_rested":3,"item_purchase_floors":[19,19,19,38,38,38,53],"current_hp_per_floor":[47,47,37,35,30,51,44,44,44,44,35,56,46,38,38,35,70,70,70,70,70,70,51,51,46,46,46,46,22,21,21,43,49,75,68,68,58,58,58,58,56,46,46,46,46,41,39,39,39,20,75,75,75,52,7],"gold":59,"neow_bonus":"REMOVE_TWO","is_daily":false,"chose_seed":false,"campfire_upgraded":6,"win_rate":0.0,"timestamp":1614273173,"path_taken":["M","?","M","M","M","R","E","R","T","M","M","R","E","M","R","BOSS","M","$","?","?","M","E","R","E","T","?","?","?","E","?","R","BOSS","M","?","M","$","?","R","E","M","T","?","R","?","E","M","R","BOSS","R","$","E","BOSS"],"items_purchased_type":["Relic","Card","Card","Relic","Card","Relic","Relic"],"build_version":"2020-12-22","purchased_purges":3,"victory":true,"max_hp_per_floor":[70,70,70,70,70,70,70,70,70,70,70,70,70,70,70,70,70,70,70,70,70,70,70,70,75,75,75,75,75,75,75,75,75,75,75,75,75,75,75,75,75,75,75,75,75,75,75,75,75,75,75,75,75,75,75],"relic_stats":{"Happy Flower":[13],"counters":[31,140],"CeramicFish":72,"Dead Branch":[26],"Tingsha":[211],"StoneCalendar":[52],"PreservedInsect":68,"Bag of Preparation":[38],"War Paint":["Setup","Defend_G"],"Question Card":25,"Smiling Mask":125,"Mercury Hourglass":[474],"Sozu":3,"Bronze Scales":[361],"Pantograph":73,"obtain_stats":[{"Happy Flower":41,"CeramicFish":38,"Dead Branch":43,"Spirit Poop":31,"Tingsha":29,"StoneCalendar":54,"PreservedInsect":47,"Bag of Preparation":21,"Paper Crane":23,"War Paint":25,"Question Card":13,"Empty Cage":17,"Smiling Mask":30,"Mercury Hourglass":7,"Sozu":34,"Anchor":38,"Bronze Scales":19,"Pantograph":29,"Orrery":53,"Red Mask":20,"Bag of Marbles":27,"Bottled Lightning":9,"Ring of the Snake":0},{"Happy Flower":24,"CeramicFish":23,"Dead Branch":25,"Spirit Poop":19,"Tingsha":18,"StoneCalendar":30,"PreservedInsect":27,"Bag of Preparation":12,"Paper Crane":14,"War Paint":15,"Question Card":8,"Empty Cage":10,"Smiling Mask":19,"Mercury Hourglass":5,"Sozu":20,"Anchor":23,"Bronze Scales":11,"Pantograph":18,"Orrery":29,"Red Mask":12,"Bag of Marbles":15,"Bottled Lightning":5,"Ring of the Snake":0},{"Happy Flower":102,"CeramicFish":94,"Dead Branch":108,"Spirit Poop":72,"Tingsha":69,"StoneCalendar":131,"PreservedInsect":116,"Bag of Preparation":47,"Paper Crane":55,"War Paint":60,"Question Card":32,"Empty Cage":43,"Smiling Mask":72,"Mercury Hourglass":23,"Sozu":84,"Anchor":94,"Bronze Scales":45,"Pantograph":69,"Orrery":128,"Red Mask":47,"Bag of Marbles":60,"Bottled Lightning":23,"Ring of the Snake":0}],"Ring of the Snake":[62]},"card_choices":[{"not_picked":["Sucker Punch","Bane"],"picked":"All Out Attack","floor":1},{"not_picked":["Noxious Fumes","Flying Knee"],"picked":"Deadly Poison","floor":3},{"not_picked":["Skewer","Poisoned Stab"],"picked":"Crippling Poison","floor":4},{"not_picked":["Sucker Punch","Quick Slash"],"picked":"Backflip","floor":5},{"not_picked":["Reflex","Bouncing Flask"],"picked":"Burst","floor":7},{"not_picked":["Outmaneuver","Dodge and Roll"],"picked":"Backflip","floor":10},{"not_picked":["Outmaneuver","Deadly Poison"],"picked":"Dagger Throw","floor":11},{"not_picked":["Terror","Quick Slash"],"picked":"Outmaneuver","floor":13},{"not_picked":["Cloak And Dagger","Sucker Punch","Eviscerate","Blade Dance"],"picked":"SKIP","floor":14},{"not_picked":["Unload","Envenom","Malaise"],"picked":"After Image","floor":16},{"not_picked":["Bane","Dodge and Roll","Outmaneuver"],"picked":"Poisoned Stab+1","floor":18},{"not_picked":["Slice","Deflect+1","Dodge and Roll+1"],"picked":"Underhanded Strike","floor":20},{"not_picked":["Backstab","Dodge and Roll","Finisher"],"picked":"Setup","floor":22},{"not_picked":["Acrobatics+1","Poisoned Stab","Riddle With Holes"],"picked":"Crippling Poison+1","floor":23},{"not_picked":["Bane","Flechettes","Storm of Steel"],"picked":"Tactician+1","floor":25},{"not_picked":["Underhanded Strike","Dagger Throw","Blur+1"],"picked":"Heel Hook","floor":28},{"not_picked":["Backstab+1","Dagger Spray","Underhanded Strike"],"picked":"Deflect","floor":29},{"not_picked":["Leg Sweep","Backstab","Poisoned Stab"],"picked":"Underhanded Strike","floor":30},{"not_picked":["Doppelganger","Die Die Die","Burst"],"picked":"Tools of the Trade","floor":33},{"not_picked":["Blade Dance","Dodge and Roll+1","Bane"],"picked":"Slice+1","floor":35},{"not_picked":["Accuracy","Cloak And Dagger+1","Underhanded Strike"],"picked":"Acrobatics+1","floor":36},{"not_picked":["Blade Dance+1","Choke+1","Prepared"],"picked":"Crippling Poison+1","floor":37},{"not_picked":["Dagger Spray","Die Die Die","Dash"],"picked":"Tactician+1","floor":41},{"not_picked":["Blade Dance+1","Flying Knee+1","Dagger Spray","Accuracy+1"],"picked":"SKIP","floor":42},{"not_picked":["Slice","Deadly Poison","Blur+1"],"picked":"Underhanded Strike","floor":46},{"not_picked":["Backstab+1","Bouncing Flask","Corpse Explosion"],"picked":"Catalyst","floor":47},{"not_picked":["Skewer","Deadly Poison","Poisoned Stab+1","Sucker Punch+1"],"picked":"SKIP","floor":48},{"not_picked":["Cloak And Dagger","Outmaneuver","Dagger Throw+1"],"picked":"Crippling Poison+1","floor":53},{"not_picked":["Bane","Distraction","Dodge and Roll"],"picked":"Acrobatics","floor":53},{"not_picked":["Terror","A Thousand Cuts","Backflip"],"picked":"Distraction+1","floor":53},{"not_picked":["Blur","Outmaneuver","Endless Agony+1"],"picked":"Caltrops+1","floor":53},{"not_picked":["Blade Dance+1","Bouncing Flask","Sucker Punch"],"picked":"Crippling Poison+1","floor":53},{"not_picked":["A Thousand Cuts","Poisoned Stab","Flying Knee+1","Deadly Poison"],"picked":"SKIP","floor":54}],"player_experience":228905,"relics_obtained":[{"floor":7,"key":"Mercury Hourglass"},{"floor":9,"key":"Bottled Lightning"},{"floor":13,"key":"Question Card"},{"floor":20,"key":"Red Mask"},{"floor":23,"key":"Paper Crane"},{"floor":25,"key":"War Paint"},{"floor":27,"key":"Bag of Marbles"},{"floor":29,"key":"Tingsha"},{"floor":29,"key":"Pantograph"},{"floor":30,"key":"Smiling Mask"},{"floor":41,"key":"Happy Flower"},{"floor":43,"key":"Dead Branch"},{"floor":47,"key":"PreservedInsect"},{"floor":54,"key":"StoneCalendar"}],"event_choices":[{"damage_healed":0,"gold_gain":0,"player_choice":"Bought 3 Potions","damage_taken":0,"max_hp_gain":0,"max_hp_loss":0,"event_name":"The Woman in Blue","floor":2,"gold_loss":0},{"damage_healed":0,"gold_gain":0,"player_choice":"Fought Bandits","damage_taken":0,"max_hp_gain":0,"max_hp_loss":0,"event_name":"Masked Bandits","floor":20,"gold_loss":0},{"damage_healed":0,"gold_gain":0,"player_choice":"Opened","damage_taken":0,"relics_obtained":["Bag of Preparation"],"max_hp_gain":0,"max_hp_loss":0,"event_name":"The Mausoleum","floor":21,"gold_loss":0,"cards_obtained":["Writhe"]},{"damage_healed":0,"gold_gain":0,"player_choice":"Fight","damage_taken":0,"max_hp_gain":0,"max_hp_loss":0,"event_name":"Colosseum","floor":29,"gold_loss":0},{"damage_healed":0,"gold_gain":0,"player_choice":"Fought Nobs","damage_taken":0,"max_hp_gain":0,"max_hp_loss":0,"event_name":"Colosseum","floor":29,"gold_loss":0},{"cards_removed":["Writhe"],"damage_healed":0,"gold_gain":0,"player_choice":"Offered Curse","damage_taken":0,"relics_obtained":["Spirit Poop"],"max_hp_gain":0,"max_hp_loss":0,"event_name":"Bonfire Elementals","floor":31,"gold_loss":0},{"cards_removed":["Defend_G"],"damage_healed":0,"gold_gain":0,"player_choice":"Removed Skill","damage_taken":0,"max_hp_gain":0,"max_hp_loss":0,"event_name":"Falling","floor":39,"gold_loss":0},{"damage_healed":0,"gold_gain":0,"player_choice":"Ignored","damage_taken":0,"max_hp_gain":0,"max_hp_loss":0,"event_name":"SecretPortal","floor":44,"gold_loss":0}],"is_beta":false,"boss_relics":[{"not_picked":["SacredBark","Runic Dome"],"picked":"Empty Cage"},{"not_picked":["Ring of the Serpent","Coffee Dripper"],"picked":"Sozu"}],"items_purged_floors":[19,38,53],"is_endless":false,"potions_floor_spawned":[3,5,11,13,18,25,30,36,42,47,48],"ascension_level":2}}