{"host":"t6r1isv2bex5ovch","time":1614282301,"event":{"mods":["AchievementEnabler","Act Like it!","Aspiration","BaseMod","Better Altar","Better Match","Better Note","Better Sensory Stone","Better Skull","Better Third Choice","Better Vampires","Bossed Relics","Colored Powertips","Displayed Cursed Tome","Evolution","Fox Events","Gremlin Skip","Halation","Hallownest","Highlight Path","Hubris","Infinite Spire","Minty Spire (QoL Compilation)","Reliquary","Ruina","Spire Arcade","StSLib","The Bug Knight"],"gold_per_floor":[116,126,143,155,80,114,127,141,187,187,198,1,1,1],"floor_reached":13,"language":"ENG","playtime":710,"items_purged":["Strike_B","Strike_B"],"score":116,"play_id":"519eb3bc-0e26-4f8e-8b9b-35552b5a31ab","local_time":"20210226064501","is_ascension_mode":true,"campfire_choices":[],"circlet_count":0,"master_deck":["Strike_B","Defend_B","Defend_B","Defend_B","Defend_B","Zap","Dualcast"],"relics":["Cracked Core","EVO:Axolotl","aspiration:Nostalgia","Burning Blood","hubris:BallOfYels","Dream Catcher"],"acts_visited":["Exordium"],"potions_floor_usage":[6,8,12],"damage_taken":[{"damage":2,"enemies":"Jaw Worm","floor":1,"turns":3},{"damage":1,"enemies":"Cultist","floor":2,"turns":3},{"damage":2,"enemies":"2 Louse","floor":3,"turns":2},{"damage":2,"enemies":"Looter","floor":4,"turns":4},{"damage":37,"enemies":"Gremlin Nob","floor":6,"turns":4},{"damage":3,"enemies":"2 Fungi Beasts","floor":7,"turns":4},{"damage":3,"enemies":"Blue Slaver","floor":8,"turns":4},{"damage":26,"enemies":"Lots of Slimes","floor":11,"turns":4},{"damage":38,"enemies":"Lagavulin","floor":13,"turns":6}],"seed_played":"-3793609899516970743","potions_obtained":[{"floor":1,"key":"PotionOfCapacity"},{"floor":4,"key":"AttackPotion"},{"floor":7,"key":"SpeedPotion"}],"is_trial":false,"path_per_floor":["M","M","M","M","$","E","M","M","T","?","M","$","E"],"character_chosen":"DEFECT","items_purchased":["Fruit Juice"],"campfire_rested":0,"item_purchase_floors":[12],"current_hp_per_floor":[72,75,75,75,75,44,47,50,50,50,30,35,0,0],"gold":1,"neow_bonus":"NOSTALGIA","is_daily":false,"chose_seed":false,"campfire_upgraded":0,"win_rate":0.0,"timestamp":1614282301,"path_taken":["M","M","M","M","$","E","M","M","T","?","M","$","E"],"items_purchased_type":["Potion"],"build_version":"2020-12-22","purchased_purges":2,"victory":false,"max_hp_per_floor":[75,75,75,75,75,75,75,75,75,75,75,80,80,80],"card_choices":[{"not_picked":["Hello World","Chill","Recycle"],"picked":"SKIP","floor":1},{"not_picked":["Barrage","Hologram","Chill"],"picked":"SKIP","floor":2},{"not_picked":["Cold Snap","Defragment","Loop"],"picked":"SKIP","floor":3},{"not_picked":["Leap","Ball Lightning","Steam"],"picked":"SKIP","floor":4},{"not_picked":["Hologram","Fusion","hubris:PowerSurge"],"picked":"SKIP","floor":6},{"not_picked":["White Noise","Steam Power","Recycle"],"picked":"SKIP","floor":7},{"not_picked":["Undo","Genetic Algorithm","Cold Snap"],"picked":"SKIP","floor":8},{"not_picked":["Leap","Reprogram","Meteor Strike"],"picked":"SKIP","floor":11}],"player_experience":578546,"relics_obtained":[{"floor":6,"key":"hubris:BallOfYels"},{"floor":9,"key":"Dream Catcher"}],"event_choices":[{"cards_removed":["Strike_B"],"damage_healed":0,"gold_gain":0,"player_choice":"Offered Basic","damage_taken":0,"max_hp_gain":0,"max_hp_loss":0,"event_name":"Bonfire Elementals","floor":10,"gold_loss":0}],"is_beta":false,"boss_relics":[],"items_purged_floors":[5,12],"is_endless":false,"potions_floor_spawned":[1,4,7],"killed_by":"Lagavulin","ascension_level":6}}