{"host":"0rxdudjy6rylha1k","time":1614266530,"event":{"mods":["Aspiration","BaseMod","Colored Map","Colored Powertips","Downfall","Highlight Path","Hubris","Minty Spire (QoL Compilation)","StSLib"],"gold_per_floor":[99,111,111,123,123,142,222,207,107,138,157,157,176,210,230,325,325,325,337,36,53,53,2,26,60,45,45,65,91,3,15,44,152,164,76,99,121,153,165,211,247,273,285,314,336,377,389,111,129,129,129,129],"floor_reached":50,"language":"ENG","playtime":7161,"items_purged":[],"score":1291,"play_id":"c993ce71-2cf9-4df9-b9df-90a00c7a9771","local_time":"20210225082210","is_ascension_mode":true,"campfire_choices":[{"floor":1.0,"key":"RECALL"},{"data":"champ:Taunt","floor":9.0,"key":"SMITH"},{"floor":12.0,"key":"REST"},{"data":"champ:UltimateStance","floor":18.0,"key":"SMITH"},{"floor":30.0,"key":"REST"},{"data":"champ:Improvising","floor":35.0,"key":"SMITH"},{"floor":43,"key":"REST"},{"floor":47,"key":"REST"}],"circlet_count":0,"master_deck":["champ:Strike","champ:Strike","champ:Strike","champ:Defend","champ:Defend+1","champ:Defend+1","champ:Defend","champ:Execute","champ:Taunt+1","champ:DefensiveShout","champ:Lariat","champ:FlashCut","champ:Endure","champ:FlashCut","champ:SteelEdge","champ:Lariat","champ:UltimateStance+1","champ:StanceDance+1","champ:DefensiveShout+1","champ:Duel","champ:RisingSlash","champ:Improvising+1","champ:TornadoPunch+1","champ:TornadoPunch+1","champ:StrikeOfGenius","champ:PreemptiveStrike+1","champ:StanceDance+1","champ:ArenaPreparation+1","champ:PreciseThrust","champ:EnGarde","champ:DefensiveStyle+1","expansioncontent:DashGenerateEvil"],"relics":["champ:ChampionCrown","CaptainsWheel","Kunai","downfall:HeartBlessingRed","Bronze Scales","Bag of Preparation","SacredBark","Medical Kit","War Paint","Strawberry","MawBank","downfall:HeartBlessingGreen","downfall:HeartBlessingBlue","Blue Candle","champ:DefensiveTrainingManual","Gremlin Horn"],"acts_visited":["Exordium","TheCity","TheBeyond"],"potions_floor_usage":[37,42,46,50,50],"damage_taken":[{"damage":15.0,"enemies":"Small Slimes","floor":2.0,"turns":5.0},{"damage":15.0,"enemies":"Jaw Worm","floor":4.0,"turns":3.0},{"damage":15.0,"enemies":"2 Louse","floor":6.0,"turns":3.0},{"damage":10.0,"enemies":"downfall:FleeingMerchant","floor":8.0,"turns":4.0},{"damage":32.0,"enemies":"Lagavulin","floor":10.0,"turns":8.0},{"damage":4.0,"enemies":"Red Slaver","floor":11.0,"turns":3.0},{"damage":11.0,"enemies":"Exordium Wildlife","floor":13.0,"turns":3.0},{"damage":8.0,"enemies":"3 Sentries","floor":14.0,"turns":7.0},{"damage":1.0,"enemies":"downfall:LooterAlt","floor":15.0,"turns":2.0},{"damage":12.0,"enemies":"DF_ARCHETYPE_STREAMLINE","floor":16.0,"turns":11.0},{"damage":4.0,"enemies":"downfall:LooterAlt2","floor":19.0,"turns":5.0},{"damage":10.0,"enemies":"downfall:FleeingMerchant","floor":20.0,"turns":4.0},{"damage":20.0,"enemies":"Spheric Guardian","floor":21.0,"turns":1.0},{"damage":14.0,"enemies":"downfall:FleeingMerchant","floor":23.0,"turns":4.0},{"damage":16.0,"enemies":"Slavers","floor":25.0,"turns":6.0},{"damage":6.0,"enemies":"downfall:FleeingMerchant","floor":26.0,"turns":4.0},{"damage":4.0,"enemies":"Shelled Parasite and Fungi","floor":28.0,"turns":4.0},{"damage":13.0,"enemies":"Book of Stabbing","floor":29.0,"turns":6.0},{"damage":0.0,"enemies":"Cultist and Chosen","floor":32.0,"turns":4.0},{"damage":23.0,"enemies":"WA_ARCHETYPE_CALM","floor":33.0,"turns":10.0},{"damage":18.0,"enemies":"3 Darklings","floor":36.0,"turns":8.0},{"damage":35,"enemies":"Orb Walker","floor":37,"turns":2},{"damage":0,"enemies":"Sphere and 2 Shapes","floor":38,"turns":7},{"damage":15,"enemies":"Giant Head","floor":40,"turns":8},{"damage":0,"enemies":"4 Shapes","floor":42,"turns":6},{"damage":13,"enemies":"Spire Growth","floor":44,"turns":4},{"damage":45,"enemies":"Maw","floor":45,"turns":6},{"damage":23,"enemies":"Reptomancer","floor":46,"turns":9},{"damage":10,"enemies":"downfall:FleeingMerchant","floor":48,"turns":4},{"damage":20,"enemies":"3 Darklings","floor":49,"turns":4},{"damage":71,"enemies":"IC_BLOCK_ARCHETYPE","floor":50,"turns":6}],"seed_played":"-5734962082365622558","potions_obtained":[{"floor":2.0,"key":"Block Potion"},{"floor":6.0,"key":"Fire Potion"},{"floor":10.0,"key":"DuplicationPotion"},{"floor":11.0,"key":"SkillPotion"},{"floor":14.0,"key":"Ancient Potion"},{"floor":21.0,"key":"PowerPotion"},{"floor":28.0,"key":"Explosive Potion"},{"floor":29.0,"key":"Dexterity Potion"},{"floor":32.0,"key":"champ:CounterPotion"},{"floor":36.0,"key":"champ:OpenerPotion"},{"floor":40,"key":"Block Potion"},{"floor":44,"key":"LiquidMemories"},{"floor":46,"key":"Swift Potion"}],"is_trial":false,"path_per_floor":["R","M","?","M","?","M","T","$","R","E","M","R","M","E","M","B",null,"R","M","$","M","?","$","T","E","$","?","M","E","R","?","M","B",null,"R","M","M","M","?","E","T","M","R","M","M","E","R","$","M","B"],"character_chosen":"THE_CHAMP","items_purchased":["Medical Kit","War Paint","champ:RisingSlash","PowerPotion","expansioncontent:DashGenerateEvil","Weak Potion"],"campfire_rested":4,"item_purchase_floors":[20,20,23,48,48,48],"current_hp_per_floor":[81,81,81,81,81,81,81,81,81,59,55,79,78,70,69,57,75,75,71,71,71,56,52,52,43,37,37,33,20,47,47,47,24,76,86,83,73,73,73,58,58,58,88,75,75,52,82,72,52,0,0,0],"gold":129,"neow_bonus":"ONE_RARE_RELIC","is_daily":false,"chose_seed":false,"campfire_upgraded":3,"win_rate":0.0,"timestamp":1614266530,"path_taken":["R","M","?","M","?","M","T","$","R","E","M","R","?","E","M","BOSS","R","M","$","M","?","$","T","E","$","?","M","E","R","?","M","BOSS","R","M","M","M","?","E","T","M","R","M","M","E","R","$","M","BOSS"],"items_purchased_type":["Relic","Relic","Card","Potion","Card","Potion"],"build_version":"2020-12-22","purchased_purges":0,"victory":false,"max_hp_per_floor":[81,81,81,81,81,81,81,81,81,81,81,81,81,81,81,81,81,81,81,81,81,86,86,86,93,93,93,93,93,93,93,93,93,93,103,103,103,103,103,103,103,103,103,103,103,103,103,103,103,103,103,103],"card_choices":[{"not_picked":["champ:Duel","champ:Backstep"],"picked":"champ:DefensiveShout","floor":2.0},{"not_picked":["champ:EnragedBash","champ:RapidStrikes","champ:RecklessLeap"],"picked":"SKIP","floor":4.0},{"not_picked":["champ:SetATrap","champ:ViciousMockery"],"picked":"champ:Lariat","floor":6.0},{"not_picked":["champ:AdrenalArmor","champ:TornadoPunch"],"picked":"champ:FlashCut","floor":8.0},{"not_picked":["champ:SetATrap","champ:CalledShot"],"picked":"champ:Endure","floor":10.0},{"not_picked":["champ:GutPunch","champ:DefensiveShout"],"picked":"champ:FlashCut","floor":11.0},{"not_picked":["champ:HeartStrike","champ:PerfectedStrike","champ:CrownThrow"],"picked":"SKIP","floor":13.0},{"not_picked":["champ:Circumvent","champ:BladeFlurry"],"picked":"champ:SteelEdge","floor":14.0},{"not_picked":["champ:TornadoPunch","champ:ViciousMockery"],"picked":"champ:Lariat","floor":15.0},{"not_picked":["champ:DancingMaster","champ:SwordThrow"],"picked":"champ:UltimateStance","floor":16.0},{"not_picked":["champ:GladiatorStyle","champ:Backstep","champ:BladeFlurry"],"picked":"SKIP","floor":19.0},{"not_picked":["champ:CalledShot+1","champ:EndlessRage"],"picked":"champ:StanceDance+1","floor":20.0},{"not_picked":["champ:StanceDance","champ:BringItOn"],"picked":"champ:DefensiveShout+1","floor":21.0},{"not_picked":["champ:Haymaker","champ:BerserkersShout+1"],"picked":"champ:Duel","floor":23.0},{"not_picked":["champ:BerserkersShout","champ:StanceDance"],"picked":"champ:Improvising","floor":25.0},{"not_picked":["champ:BladeFlurry","champ:BringItOn","champ:SetATrap"],"picked":"SKIP","floor":26.0},{"not_picked":["champ:PreemptiveStrike","champ:EnGarde"],"picked":"champ:TornadoPunch+1","floor":28.0},{"not_picked":["champ:DeathBlow","champ:BladeFlurry"],"picked":"champ:TornadoPunch+1","floor":29.0},{"not_picked":["champ:FaceSlap","champ:EnragedBash","champ:DancingMaster"],"picked":"SKIP","floor":32.0},{"not_picked":["champ:HeavySlash","champ:SwordThrow"],"picked":"champ:StrikeOfGenius","floor":33.0},{"not_picked":["champ:FancyFootwork","champ:DefensiveShout"],"picked":"champ:PreemptiveStrike+1","floor":36.0},{"not_picked":["champ:EnragedBash+1","champ:FaceSlap"],"picked":"champ:StanceDance+1","floor":37},{"not_picked":["champ:Backstep","champ:EnGarde","champ:SetATrap+1"],"picked":"SKIP","floor":38},{"not_picked":["champ:Duel+1","champ:PreciseThrust+1","champ:BringItOn+1"],"picked":"SKIP","floor":40},{"not_picked":["champ:BladeFlurry+1","champ:TornadoPunch+1","champ:PerfectedStrike+1"],"picked":"SKIP","floor":42},{"not_picked":["champ:ShieldSigil+1","champ:CrownThrow+1"],"picked":"champ:ArenaPreparation+1","floor":44},{"not_picked":["champ:DancingMaster","champ:AdrenalArmor+1"],"picked":"champ:PreciseThrust","floor":45},{"not_picked":["champ:BringItOn","champ:DefensiveShout"],"picked":"champ:EnGarde","floor":46},{"not_picked":["champ:FaceSlap+1","champ:BladeFlurry"],"picked":"champ:DefensiveStyle+1","floor":48},{"not_picked":["champ:PerfectedStrike","champ:Backstep+1","champ:GutPunch+1"],"picked":"SKIP","floor":49}],"player_experience":3068386,"relics_obtained":[{"floor":7.0,"key":"Kunai"},{"floor":10.0,"key":"Bronze Scales"},{"floor":14.0,"key":"Bag of Preparation"},{"floor":25.0,"key":"Strawberry"},{"floor":29.0,"key":"MawBank"},{"floor":40,"key":"Blue Candle"},{"floor":41,"key":"champ:DefensiveTrainingManual"},{"floor":46,"key":"Gremlin Horn"}],"event_choices":[],"is_beta":false,"boss_relics":[{"not_picked":["Empty Cage","Philosopher\u0027s Stone"],"picked":"SacredBark"},{"not_picked":["Pandora\u0027s Box","Sozu","hubris:RunicObelisk"]}],"items_purged_floors":[],"is_endless":false,"potions_floor_spawned":[2,6,10,11,14,21,28,29,32,36,40,44,46],"killed_by":"IC_BLOCK_ARCHETYPE","ascension_level":8}}