{"host":"gobyjzz6xbwq9f9i","time":1614225936,"event":{"mods":["AchievementEnabler","BaseMod","Bestiary","Colored Map","Minty Spire (QoL Compilation)","Relic Stats","ojb\u0027s Info Mod"],"gold_per_floor":[218,238,249,261,42,72,72,88,88,88,116,71,84,118,118,197,197,214,214,234,249,259,259,284,284,311,361,394,411,440,440,440],"floor_reached":31,"language":"ENG","playtime":1490,"items_purged":[],"score":784,"play_id":"46bb7c6d-6306-4ecb-91f7-47bc8ca76ca5","local_time":"20210224200536","is_ascension_mode":true,"campfire_choices":[{"data":"FlyingSleeves","floor":7.0,"key":"SMITH"},{"data":"EmptyFist","floor":10.0,"key":"SMITH"},{"data":"CutThroughFate","floor":15,"key":"SMITH"},{"floor":23,"key":"REST"},{"floor":25,"key":"REST"}],"circlet_count":0,"master_deck":["AscendersBane","Strike_P","Strike_P","Strike_P","Strike_P","Defend_P","Defend_P","Defend_P","Defend_P","Eruption","Vigilance","EmptyFist+1","CutThroughFate+1","Vault","Protect","FlyingSleeves+1","BattleHymn","FearNoEvil","Indignation","Crescendo","Establishment","MasterReality","FlurryOfBlows","EmptyMind","Swivel+1","SashWhip+1","Meditate","Study+1","Wireheading"],"relics":["PureWater","Sling","TeardropLocket","Orichalcum","Bag of Marbles","Sundial","Philosopher\u0027s Stone","Pear","Ancient Tea Set","Boot","Gremlin Horn"],"acts_visited":["Exordium","TheCity"],"potions_floor_usage":[14,16,18,22,28],"damage_taken":[{"damage":1.0,"enemies":"Cultist","floor":1.0,"turns":3.0},{"damage":0.0,"enemies":"2 Louse","floor":2.0,"turns":3.0},{"damage":0.0,"enemies":"Small Slimes","floor":3.0,"turns":2.0},{"damage":3.0,"enemies":"Looter","floor":4.0,"turns":3.0},{"damage":0.0,"enemies":"3 Sentries","floor":6.0,"turns":4.0},{"damage":0.0,"enemies":"Exordium Wildlife","floor":8.0,"turns":5.0},{"damage":7.0,"enemies":"Lagavulin","floor":11.0,"turns":5.0},{"damage":4.0,"enemies":"Large Slime","floor":13.0,"turns":3.0},{"damage":0,"enemies":"Gremlin Nob","floor":14,"turns":3},{"damage":11,"enemies":"Hexaghost","floor":16,"turns":5},{"damage":13,"enemies":"Shell Parasite","floor":18,"turns":4},{"damage":7,"enemies":"Spheric Guardian","floor":20,"turns":3},{"damage":17,"enemies":"Centurion and Healer","floor":21,"turns":5},{"damage":21,"enemies":"Snake Plant","floor":22,"turns":3},{"damage":8,"enemies":"Book of Stabbing","floor":24,"turns":4},{"damage":0,"enemies":"Slavers","floor":28,"turns":3},{"damage":35,"enemies":"Shelled Parasite and Fungi","floor":29,"turns":5},{"damage":6,"enemies":"Gremlin Leader","floor":30,"turns":4},{"damage":8,"enemies":"Snecko","floor":31,"turns":2}],"seed_played":"6572149364075154433","potions_obtained":[{"floor":2.0,"key":"DuplicationPotion"},{"floor":8.0,"key":"FearPotion"},{"floor":11.0,"key":"Strength Potion"},{"floor":14,"key":"SkillPotion"},{"floor":16,"key":"Dexterity Potion"},{"floor":21,"key":"ColorlessPotion"},{"floor":24,"key":"DuplicationPotion"},{"floor":29,"key":"ColorlessPotion"}],"is_trial":false,"path_per_floor":["M","M","M","M","$","E","R","M","T","R","E","$","M","E","R","B",null,"M","?","M","M","M","R","E","R","T","?","E","M","E","M"],"character_chosen":"WATCHER","items_purchased":["Sling","BlessingOfTheForge","Indignation"],"campfire_rested":2,"item_purchase_floors":[5,5,12],"current_hp_per_floor":[60,60,60,57,57,57,57,57,57,57,50,50,46,46,46,35,60,47,47,40,23,2,22,24,47,47,47,47,12,6,0,0],"gold":440,"neow_bonus":"HUNDRED_GOLD","is_daily":false,"chose_seed":false,"campfire_upgraded":3,"win_rate":0.0,"timestamp":1614225936,"path_taken":["M","M","M","M","$","E","R","M","T","R","E","$","M","E","R","BOSS","M","?","M","M","M","R","E","R","T","?","E","M","E","M"],"items_purchased_type":["Relic","Potion","Card"],"build_version":"2020-12-22","purchased_purges":0,"victory":false,"max_hp_per_floor":[68,68,68,68,68,68,68,68,68,68,68,68,68,68,68,68,68,68,68,68,68,68,68,78,78,78,78,78,78,78,78,78],"relic_stats":{"Gremlin Horn":[0,0],"counters":[19,69],"Sundial":[2],"Orichalcum":[96],"Boot":[6],"obtain_stats":[{"Pear":24,"Gremlin Horn":30,"Sundial":14,"Philosopher\u0027s Stone":17,"Bag of Marbles":11,"TeardropLocket":6,"PureWater":0,"Orichalcum":9,"Sling":5,"Ancient Tea Set":26,"Boot":28},{"Pear":15,"Gremlin Horn":18,"Sundial":9,"Philosopher\u0027s Stone":10,"Bag of Marbles":7,"TeardropLocket":5,"PureWater":0,"Orichalcum":6,"Sling":4,"Ancient Tea Set":15,"Boot":16},{"Pear":55,"Gremlin Horn":67,"Sundial":31,"Philosopher\u0027s Stone":36,"Bag of Marbles":25,"TeardropLocket":15,"PureWater":0,"Orichalcum":20,"Sling":11,"Ancient Tea Set":55,"Boot":58}]},"card_choices":[{"not_picked":["Prostrate","FlyingSleeves"],"picked":"EmptyFist","floor":1.0},{"not_picked":["SignatureMove","Evaluate"],"picked":"CutThroughFate","floor":2.0},{"not_picked":["BowlingBash","Wallop"],"picked":"Vault","floor":3.0},{"not_picked":["EmptyBody","Study"],"picked":"Protect","floor":4.0},{"not_picked":["Halt","Consecrate"],"picked":"FlyingSleeves","floor":6.0},{"not_picked":["Crescendo","WindmillStrike"],"picked":"BattleHymn","floor":8.0},{"not_picked":["SandsOfTime","EmptyFist"],"picked":"FearNoEvil","floor":11.0},{"not_picked":["Protect","FollowUp"],"picked":"Crescendo","floor":13.0},{"not_picked":["Pray","EmptyBody"],"picked":"Establishment","floor":14},{"not_picked":["Brilliance","Establishment"],"picked":"MasterReality","floor":16},{"not_picked":["FollowUp","Crescendo"],"picked":"FlurryOfBlows","floor":18},{"not_picked":["CutThroughFate","PathToVictory"],"picked":"Swivel+1","floor":20},{"not_picked":["Alpha","Vengeance"],"picked":"SashWhip+1","floor":21},{"not_picked":["CrushJoints","Prostrate"],"picked":"Meditate","floor":22},{"not_picked":["Halt","BattleHymn"],"picked":"Study+1","floor":24},{"not_picked":["EmptyBody","WheelKick","Crescendo+1"],"picked":"SKIP","floor":28},{"not_picked":["PathToVictory","CrushJoints","SandsOfTime"],"picked":"SKIP","floor":29},{"not_picked":["PathToVictory","SashWhip"],"picked":"Wireheading","floor":30}],"player_experience":1391437,"relics_obtained":[{"floor":6.0,"key":"TeardropLocket"},{"floor":9.0,"key":"Orichalcum"},{"floor":11.0,"key":"Bag of Marbles"},{"floor":14,"key":"Sundial"},{"floor":24,"key":"Pear"},{"floor":26,"key":"Ancient Tea Set"},{"floor":28,"key":"Boot"},{"floor":30,"key":"Gremlin Horn"}],"event_choices":[{"damage_healed":0,"gold_gain":0,"player_choice":"Read","damage_taken":0,"max_hp_gain":0,"max_hp_loss":0,"event_name":"The Library","floor":19,"gold_loss":0,"cards_obtained":["EmptyMind"]},{"damage_healed":0,"gold_gain":50,"player_choice":"Stole From Cult","damage_taken":0,"max_hp_gain":0,"max_hp_loss":0,"event_name":"Nest","floor":27,"gold_loss":0}],"is_beta":false,"boss_relics":[{"not_picked":["HolyWater","Busted Crown"],"picked":"Philosopher\u0027s Stone"}],"items_purged_floors":[],"is_endless":false,"potions_floor_spawned":[2,8,11,13,14,16,21,24,29,30],"killed_by":"Snecko","ascension_level":20}}