{"host":"zp8jvycvinn13jdb","time":1614295358,"event":{"mods":["BaseMod","Better Match","Colored Powertips","Downfall","Googly Eyes","Hermit","Minty Spire (QoL Compilation)","Rare Cards Sparkle","Relic Stats","StSLib","SuperFastMode","Synergy Search","The Bug Knight","The Cursed"],"gold_per_floor":[119,139,214,226,77,77,90,90,90,90,103,121,121,134,134,255,255,271,285,185,185,110,110,141,141,141],"floor_reached":25,"language":"ENG","playtime":723,"items_purged":["Strike_G","Strike_G"],"score":213,"play_id":"c5c3a0d0-c48f-43eb-b83d-c9921eb710d8","local_time":"20210225182238","is_ascension_mode":false,"campfire_choices":[{"data":"Noxious Fumes","floor":6,"key":"SMITH"},{"data":"Catalyst","floor":8,"key":"SMITH"},{"data":"Bane","floor":13,"key":"SMITH"},{"floor":15,"key":"REST"},{"floor":23,"key":"REST"}],"circlet_count":0,"master_deck":["Strike_G","Strike_G","Defend_G","Defend_G","Defend_G","Defend_G","Defend_G","Survivor","Neutralize","Bane+1","Noxious Fumes+1","Poisoned Stab","Catalyst+1","Outmaneuver","Poisoned Stab","Corpse Explosion","Deadly Poison"],"relics":["Ring of the Snake","NeowsBlessing","Singing Bowl","Golden Idol","Tingsha"],"acts_visited":["Exordium","TheCity"],"potions_floor_usage":[16,24,25],"damage_taken":[{"damage":0,"enemies":"2 Louse","floor":1,"turns":1},{"damage":0,"enemies":"Small Slimes","floor":2,"turns":1},{"damage":0,"enemies":"Jaw Worm","floor":4,"turns":1},{"damage":5,"enemies":"Exordium Thugs","floor":7,"turns":5},{"damage":9,"enemies":"Red Slaver","floor":11,"turns":3},{"damage":0,"enemies":"Large Slime","floor":12,"turns":6},{"damage":8,"enemies":"Exordium Wildlife","floor":14,"turns":3},{"damage":26,"enemies":"The Guardian","floor":16,"turns":10},{"damage":14,"enemies":"Spheric Guardian","floor":18,"turns":4},{"damage":22,"enemies":"Shell Parasite","floor":19,"turns":5},{"damage":41,"enemies":"Slavers","floor":24,"turns":4},{"damage":19,"enemies":"Centurion and Healer","floor":25,"turns":2}],"seed_played":"6783127026246371040","potions_obtained":[{"floor":2,"key":"EssenceOfSteel"},{"floor":7,"key":"Strength Potion"},{"floor":12,"key":"BlessingOfTheForge"},{"floor":18,"key":"AttackPotion"},{"floor":24,"key":"DistilledChaos"}],"is_trial":false,"path_per_floor":["M","M","?","M","$","R","M","R","T","?","M","M","R","M","R","B",null,"M","M","$","?","?","R","E","M"],"character_chosen":"THE_SILENT","items_purchased":["Catalyst"],"campfire_rested":2,"item_purchase_floors":[5],"current_hp_per_floor":[70,70,59,59,59,59,54,54,54,54,45,45,45,39,59,33,67,53,33,33,33,33,53,14,0,0],"gold":141,"neow_bonus":"THREE_ENEMY_KILL","is_daily":false,"chose_seed":false,"campfire_upgraded":3,"win_rate":0.0,"timestamp":1614295358,"path_taken":["M","M","?","M","$","R","M","R","T","?","M","M","R","M","R","BOSS","M","M","$","?","?","R","E","M"],"items_purchased_type":["Card"],"build_version":"2020-12-22","purchased_purges":2,"victory":false,"max_hp_per_floor":[70,70,70,70,70,70,70,70,70,65,65,65,65,67,67,67,67,67,69,69,69,69,69,71,71,71],"relic_stats":{"Singing Bowl":6,"counters":[12,45],"Golden Idol":46,"Tingsha":[3],"obtain_stats":[{"NeowsBlessing":0,"Singing Bowl":9,"Golden Idol":10,"Tingsha":24,"Ring of the Snake":0},{"NeowsBlessing":0,"Singing Bowl":4,"Golden Idol":4,"Tingsha":11,"Ring of the Snake":0},{"NeowsBlessing":0,"Singing Bowl":8,"Golden Idol":8,"Tingsha":43,"Ring of the Snake":0}],"Ring of the Snake":[24]},"card_choices":[{"not_picked":["Slice","Dagger Spray"],"picked":"Bane","floor":1},{"not_picked":["PiercingWail","Choke"],"picked":"Noxious Fumes","floor":2},{"not_picked":["Slice","Leg Sweep"],"picked":"Poisoned Stab","floor":4},{"not_picked":["Masterful Stab","Flechettes","Terror"],"picked":"SKIP","floor":7},{"not_picked":["Endless Agony","Calculated Gamble"],"picked":"Outmaneuver","floor":11},{"not_picked":["Prepared","Choke"],"picked":"Poisoned Stab","floor":12},{"not_picked":["Slice","Choke","Dagger Throw"],"picked":"Singing Bowl","floor":14},{"not_picked":["A Thousand Cuts","After Image"],"picked":"Corpse Explosion","floor":16},{"not_picked":["Quick Slash","Distraction"],"picked":"Deadly Poison","floor":18},{"not_picked":["PiercingWail","Flying Knee","Cloak And Dagger"],"picked":"Singing Bowl","floor":19},{"not_picked":["Deadly Poison+1","After Image","Underhanded Strike"],"picked":"Singing Bowl","floor":24}],"player_experience":198464,"relics_obtained":[{"floor":9,"key":"Singing Bowl"},{"floor":24,"key":"Tingsha"}],"event_choices":[{"damage_healed":0,"gold_gain":75,"player_choice":"Gather Gold","damage_taken":11,"max_hp_gain":0,"max_hp_loss":0,"event_name":"World of Goop","floor":3,"gold_loss":0},{"damage_healed":0,"gold_gain":0,"player_choice":"Lose Max HP","damage_taken":0,"relics_obtained":["Golden Idol"],"max_hp_gain":0,"max_hp_loss":5,"event_name":"Golden Idol","floor":10,"gold_loss":0},{"damage_healed":0,"gold_gain":0,"player_choice":"Ignored","damage_taken":0,"max_hp_gain":0,"max_hp_loss":0,"event_name":"Ghosts","floor":21,"gold_loss":0},{"cards_removed":["Strike_G"],"damage_healed":0,"gold_gain":0,"player_choice":"Gave Gold","damage_taken":0,"max_hp_gain":0,"max_hp_loss":0,"event_name":"Beggar","floor":22,"gold_loss":75}],"is_beta":false,"boss_relics":[{"not_picked":["Pandora\u0027s Box","Fusion Hammer","Runic Dome"]}],"items_purged_floors":[5,20],"is_endless":false,"potions_floor_spawned":[2,7,12,18,24],"killed_by":"Centurion and Healer","ascension_level":0}}