{"host":"ox77rn1xcurm2t5a","time":1614255961,"event":{"mods":["2.2 Compatiblity","AchievementEnabler","Act Like it!","Aspiration","BaseMod","Best Route Mod","Better Match","Better Note","Better Sensory Stone","Block Reminder","Colored Map","Colored Powertips","Conjunction","Conspire","Custom Start","Energized Spire","GifTheSpireLib","Gold Saver","Gremlin Skip","Halation","Highlight Path","Hubris","Infinite Spire","Minty Spire (QoL Compilation)","Pale of the Ancients","Quick Restart","Reliquary","Replay The Spire","Reworked Bosses","ShortenTheSpire","Spire Exporter","StSLib","Stuff the Spire","Wandering Minibosses"],"gold_per_floor":[355,10,10,25,36,70,86,86,86,99,118,118,149,161,161,260,260,280,280,280,280],"floor_reached":20,"language":"ENG","playtime":10603,"items_purged":[],"score":298,"play_id":"588e888d-935e-45c3-ad42-531fd4552806","local_time":"20210225142601","is_ascension_mode":true,"campfire_choices":[{"floor":8,"key":"RECALL"},{"data":"Uppercut","floor":12,"key":"SMITH"},{"data":"Perfected Strike","floor":15,"key":"SMITH"}],"circlet_count":0,"master_deck":["AscendersBane","Strike_R","Strike_R","Strike_R","Strike_R","Strike_R","Defend_R","Defend_R","Defend_R","Defend_R","Bash","Cleave","Perfected Strike+1","Uppercut+1","Pommel Strike","Sword Boomerang","Anger","Battle Trance"],"relics":["Burning Blood","NeowsBlessing","aspiration:SeaSaltIceCream","Burning Blood","Shovel","Shuriken","Mark of Pain","Golden Egg"],"acts_visited":["Exordium","TheCity"],"potions_floor_usage":[6,11,13,16,18],"damage_taken":[{"damage":0,"enemies":"Small Slimes","floor":1,"turns":1},{"damage":0,"enemies":"conspire:RoseBush","floor":4,"turns":1},{"damage":0,"enemies":"Cultist","floor":5,"turns":1},{"damage":52,"enemies":"3 Sentries","floor":6,"turns":8},{"damage":13,"enemies":"Red Slaver","floor":7,"turns":3},{"damage":18,"enemies":"Large Slime","floor":10,"turns":5},{"damage":10,"enemies":"Exordium Wildlife","floor":11,"turns":7},{"damage":27,"enemies":"Lagavulin","floor":13,"turns":6},{"damage":9,"enemies":"Red Slaver","floor":14,"turns":6},{"damage":27,"enemies":"Fading Forest","floor":16,"turns":11},{"damage":36,"enemies":"conspire:FuzzyDice","floor":18,"turns":7},{"damage":47,"enemies":"Spheric Guardian","floor":20,"turns":4}],"seed_played":"-7693876167235274389","potions_obtained":[{"floor":1,"key":"BloodPotion"},{"floor":10,"key":"Block Potion"},{"floor":11,"key":"SteroidPotion"},{"floor":14,"key":"PowerPotion"},{"floor":16,"key":"FearPotion"}],"is_trial":false,"path_per_floor":["M","$","?","M","M","E","M","R","T","M","M","R","E","M","R","B",null,"M","T","M"],"character_chosen":"IRONCLAD","items_purchased":["aspiration:SeaSaltIceCream","Perfected Strike","Uppercut"],"campfire_rested":0,"item_purchase_floors":[2,2,2],"current_hp_per_floor":[78,78,78,80,80,56,55,55,55,49,51,51,36,39,39,32,68,44,44,0,0],"gold":280,"neow_bonus":"THREE_ENEMY_KILL","is_daily":false,"chose_seed":false,"campfire_upgraded":2,"win_rate":0.0,"timestamp":1614255961,"path_taken":["M","$","?","?","M","E","M","R","T","M","M","R","E","?","R","BOSS","M","?","M"],"items_purchased_type":["Relic","Card","Card"],"build_version":"2020-12-22","purchased_purges":0,"victory":false,"max_hp_per_floor":[80,80,80,80,80,80,80,80,80,80,80,80,80,80,80,80,80,80,80,80,80],"card_choices":[{"not_picked":["Warcry","Clothesline"],"picked":"Cleave","floor":1},{"not_picked":["Flame Barrier","Burning Pact","hubris:ReadiedAction"],"picked":"SKIP","floor":4},{"not_picked":["Twin Strike","Shrug It Off"],"picked":"Pommel Strike","floor":5},{"not_picked":["Flex","Life Link","Searing Blow"],"picked":"SKIP","floor":6},{"not_picked":["Flex","Defy Death"],"picked":"Sword Boomerang","floor":7},{"not_picked":["StuffTheSpire:RockThrow","Feel No Pain","Life Link"],"picked":"SKIP","floor":10},{"not_picked":["Shockwave","Twin Strike"],"picked":"Anger","floor":11},{"not_picked":["Evolve","Twin Strike"],"picked":"Battle Trance","floor":13},{"not_picked":["Run Through","Rage","Twin Strike"],"picked":"SKIP","floor":14},{"not_picked":["Shrug It Off","Hemokinesis","Clothesline"],"picked":"SKIP","floor":18}],"player_experience":3258273,"relics_obtained":[{"floor":6,"key":"Shovel"},{"floor":13,"key":"Shuriken"},{"floor":19,"key":"Golden Egg"}],"event_choices":[{"damage_healed":0,"gold_gain":0,"player_choice":"Leave","damage_taken":0,"max_hp_gain":0,"max_hp_loss":0,"event_name":"FaceTrader","floor":3,"gold_loss":0}],"is_beta":false,"boss_relics":[{"not_picked":["halation:ForbiddenBikini","hubris:HollowSoul"],"picked":"Mark of Pain"}],"items_purged_floors":[],"is_endless":false,"potions_floor_spawned":[1,10,11,14,16],"killed_by":"Spheric Guardian","ascension_level":12}}