{"host":"edm4685et2490z3f","time":1614248957,"event":{"mods":["BaseMod","Colored Map","Colored Powertips","Downfall","Marisa£®ÏF”Í°°ƒß¿Ì…≥£©","Minty Spire (QoL Compilation)","Replay The Spire","Shop Mod","StSLib","The Administrix","The Servant 0.9.4","UnlockEverythingMod","[IsaacMod]“‘»ˆº‚À˛"],"gold_per_floor":[119,139,139,139,139,139,171,197,197,197,225,225,300,326,326,441,441,454,454,164,164,164,164,89,89,112,124,124,124,48,63,63,165,165,184,307,307,307,340,340,412,412,412,412,471,471,471,508,508,540],"floor_reached":51,"language":"ZHS","playtime":2422,"items_purged":["Strike_MRS","Defend_MRS","Defend_MRS","WitchOfGreed"],"score":889,"play_id":"47b715a3-7942-4925-b99a-aac1faf571ca","local_time":"20210225182917","is_ascension_mode":false,"campfire_choices":[{"data":"MasterSpark","floor":6,"key":"SMITH"},{"data":"PulseMagic","floor":12,"key":"SMITH"},{"data":"MillisecondPulsars","floor":15,"key":"SMITH"},{"data":"ManaRampage","floor":23,"key":"SMITH"},{"data":"DeepEcoloBomb","floor":28,"key":"SMITH"},{"data":"GalacticHalo","floor":32,"key":"SMITH"},{"data":"BinaryStars","floor":40,"key":"SMITH"},{"data":"Acceleration","floor":42,"key":"SMITH"},{"data":"SprinkleStarSeal","floor":44,"key":"SMITH"},{"floor":47,"key":"REST"},{"floor":49,"key":"REST"}],"circlet_count":0,"master_deck":["Defend_MRS","Defend_MRS+2","MasterSpark+1","UpSweep","PowerUp+1","MilkyWay","PulseMagic+1","OrrerysSun","MillisecondPulsars+1","ManaRampage+1","GrandCross","PulseMagic","DeepEcoloBomb+1","GalacticHalo+1","StarlightTyphoon","IllusionStar+1","PulseMagic","EarthLightRay+1","RefractionSpark+1","BinaryStars+1","AsteroidBelt+1","SprinkleStarSeal+1","SprinkleStarSeal","ReplayTheSpireMod:Necrogeddon","Secret Weapon","Acceleration+1","Occultation+1","MaximisePower","MagicChant+1","DarkMatter","PowerUp","SuperPerseids"],"relics":["MiniHakkero","HushsDoor","MagicMushroom","SteamSale","Bag of Preparation","AmplifyWand","RampagingMagicTools","MerchantsRug","Strange Spoon","Strawberry","Omamori","Membership Card","Happy Flower","ReplayTheSpireMod:Lightbulb","ExperimentalFamiliar","BookOfRevelations","Snack Pack","BargainBundle","Frozen Eye","Replay:Bandana","Gremlin Food","Shuriken","Replay:Baseball","HandDrill","Simple Rune","HowToJump"],"acts_visited":["Exordium","TheCity","TheBeyond"],"potions_floor_usage":[7,16,16,16,33,33,50],"damage_taken":[{"damage":0,"enemies":"2 Louse","floor":1,"turns":3},{"damage":0,"enemies":"Cultist","floor":2,"turns":3},{"damage":0,"enemies":"Small Slimes","floor":7,"turns":3},{"damage":0,"enemies":"Blue Slaver","floor":8,"turns":3},{"damage":0,"enemies":"3 Louse","floor":11,"turns":3},{"damage":0,"enemies":"Large Slime","floor":14,"turns":5},{"damage":5,"enemies":"Slime Boss","floor":16,"turns":10},{"damage":5,"enemies":"Chosen","floor":18,"turns":2},{"damage":10,"enemies":"3 Byrds","floor":27,"turns":4},{"damage":0,"enemies":"Cultist and Chosen","floor":31,"turns":3},{"damage":0,"enemies":"Pondfish","floor":33,"turns":7},{"damage":0,"enemies":"Orb Walker","floor":35,"turns":2},{"damage":0,"enemies":"3 Darklings","floor":39,"turns":1},{"damage":0,"enemies":"R_Hoarder","floor":41,"turns":8},{"damage":50,"enemies":"Reptomancer","floor":45,"turns":3},{"damage":15,"enemies":"Jaw Worm Horde","floor":48,"turns":3},{"damage":6,"enemies":"Replay:Hell Engine","floor":50,"turns":5}],"seed_played":"8830652693889731196","potions_obtained":[{"floor":1,"key":"Block Potion"},{"floor":7,"key":"Adrenaline Potion"},{"floor":14,"key":"Dexterity Potion"},{"floor":14,"key":"FearPotion"},{"floor":16,"key":"CultistPotion"},{"floor":27,"key":"champ:CounterPotion"},{"floor":35,"key":"Strength Potion"},{"floor":39,"key":"Swift Potion"},{"floor":48,"key":"Swift Potion"}],"is_trial":false,"path_per_floor":["M","M","?","?","T","R","M","M","T","?","M","R","?","M","R","B",null,"M","?","$","?","?","R","?","?","T","M","R","?","$","M","R","B",null,"M","$","$","?","M","R","E","R","T","R","E","$","R","M","R","B",null],"character_chosen":"MARISA","items_purchased":["MerchantsRug","Strange Spoon","GalacticHalo","Strawberry","Membership Card","Happy Flower","ReplayTheSpireMod:Lightbulb","PulseMagic","ChaosCard","EarthLightRay","BookOfRevelations","Snack Pack","BargainBundle","SprinkleStarSeal","ReplayTheSpireMod:Necrogeddon","Frozen Eye","Replay:Bandana","Gremlin Food","Secret Weapon","Acceleration","HandDrill","Simple Rune","HowToJump","DarkMatter","PowerUp"],"campfire_rested":2,"item_purchase_floors":[20,20,20,20,30,30,30,30,30,30,36,36,36,36,36,37,37,37,37,37,46,46,46,46,46],"current_hp_per_floor":[82,82,82,66,66,66,67,68,68,68,69,69,61,62,62,58,82,77,77,84,84,84,84,84,84,84,75,75,75,75,78,78,81,89,89,89,89,85,85,85,85,85,85,85,37,37,62,58,83,85],"gold":540,"neow_bonus":"DOUBLE_BOSS_RELIC","is_daily":false,"chose_seed":false,"campfire_upgraded":9,"win_rate":0.0,"timestamp":1614248957,"path_taken":["M","M","?","?","?","R","M","?","T","?","M","R","?","M","R","BOSS","M","?","$","?","?","R","?","?","T","M","R","?","$","M","R","BOSS","M","?","$","?","M","R","E","R","T","R","E","$","R","M","R","BOSS"],"items_purchased_type":["Relic","Relic","Card","Relic","Relic","Relic","Relic","Card","Card","Card","Relic","Relic","Relic","Card","Card","Relic","Relic","Relic","Card","Card","Relic","Relic","Relic","Card","Card"],"build_version":"2020-12-22","purchased_purges":4,"victory":true,"max_hp_per_floor":[82,82,82,82,82,82,82,82,82,82,82,82,82,82,82,82,82,82,82,89,89,89,89,89,89,89,89,89,89,89,89,89,89,89,89,89,89,85,85,85,85,85,85,85,85,85,85,85,85,85],"card_choices":[{"not_picked":[],"picked":"ChaosCard","floor":0},{"not_picked":["WitchOfGreed","DoubleSpark"],"picked":"PowerUp","floor":1},{"not_picked":["MilkyWay","GravityBeat"],"picked":"WitchOfGreed","floor":2},{"not_picked":["BlazingStar","Bomb"],"picked":"MilkyWay","floor":7},{"not_picked":["BlazeAway","OneTimeOff"],"picked":"PulseMagic","floor":8},{"not_picked":["ChargeUpSpray","Bomb"],"picked":"OrrerysSun","floor":11},{"not_picked":["DoubleSpark","ShootTheMoon"],"picked":"MillisecondPulsars","floor":14},{"not_picked":["UltimateShortwave","JA"],"picked":"ManaRampage","floor":16},{"not_picked":["AsteroidBelt","SporeBomb"],"picked":"GrandCross","floor":18},{"not_picked":["GrandCross+1","EscapeVelocity"],"picked":"IllusionStar+1","floor":27},{"not_picked":["IllusionStar","LuminesStrike"],"picked":"RefractionSpark+1","floor":31},{"not_picked":["CollectingQuirk","FinalSpark"],"picked":"BinaryStars","floor":33},{"not_picked":["MachineGunSpark+1","PowerUp+1"],"picked":"AsteroidBelt+1","floor":35},{"not_picked":["ShootingEcho","WitchLeyline+1"],"picked":"Occultation+1","floor":39},{"not_picked":["LuminesStrike","AsteroidBelt"],"picked":"MaximisePower","floor":41},{"not_picked":["UnstableBomb+1","IllusionStar"],"picked":"MagicChant+1","floor":45},{"not_picked":["WitchOfGreed+1","DoubleSpark+1"],"picked":"SuperPerseids","floor":48}],"player_experience":54118,"relics_obtained":[{"floor":5,"key":"Bag of Preparation"},{"floor":9,"key":"AmplifyWand"},{"floor":26,"key":"Omamori"},{"floor":43,"key":"Shuriken"},{"floor":45,"key":"Replay:Baseball"}],"event_choices":[{"damage_healed":0,"gold_gain":0,"player_choice":"Entered Light","damage_taken":16,"max_hp_gain":0,"max_hp_loss":0,"event_name":"Shining Light","floor":4,"gold_loss":0,"cards_upgraded":["PowerUp","Defend_MRS"]},{"damage_healed":0,"gold_gain":75,"player_choice":"Touch","damage_taken":8,"max_hp_gain":0,"max_hp_loss":0,"event_name":"FaceTrader","floor":13,"gold_loss":0},{"damage_healed":0,"gold_gain":0,"cards_transformed":["Strike_MRS","Strike_MRS"],"player_choice":"Became Test Subject","damage_taken":0,"max_hp_gain":0,"max_hp_loss":0,"event_name":"Drug Dealer","floor":19,"gold_loss":0,"cards_obtained":["PulseMagic","DeepEcoloBomb"]},{"damage_healed":0,"gold_gain":0,"player_choice":"Read","damage_taken":0,"max_hp_gain":0,"max_hp_loss":0,"event_name":"The Library","floor":22,"gold_loss":0,"cards_obtained":["StarlightTyphoon"]},{"cards_removed":["Strike_MRS"],"damage_healed":0,"gold_gain":0,"player_choice":"Gave Gold","damage_taken":0,"max_hp_gain":0,"max_hp_loss":0,"event_name":"Beggar","floor":24,"gold_loss":75},{"damage_healed":0,"gold_gain":0,"player_choice":"Ignored","damage_taken":0,"max_hp_gain":0,"max_hp_loss":0,"event_name":"Ghosts","floor":25,"gold_loss":0},{"damage_healed":0,"gold_gain":0,"player_choice":"Max HP","damage_taken":0,"max_hp_gain":0,"max_hp_loss":4,"event_name":"Winding Halls","floor":38,"gold_loss":0}],"is_beta":false,"boss_relics":[{"not_picked":["Tiny House","Replay:Grab Bag"],"picked":"RampagingMagicTools"},{"not_picked":[]},{"not_picked":["SacredBark","bronze:MakeshiftBattery"],"picked":"ExperimentalFamiliar"},{"not_picked":[]}],"items_purged_floors":[20,30,36,37],"is_endless":false,"potions_floor_spawned":[1,7,14,27,35,39,48],"ascension_level":0}}