{"host":"8ki4rp59nppvqwda","time":1614219124,"event":{"mods":["AlwaysNeverKeys","BaseMod","Hermit","Minty Spire (QoL Compilation)","Robot Space Explorer","SacredBarkPlus","StSLib","The Cursed","The Necromancer","The Trickster"],"gold_per_floor":[110,110,125,139,151,167,185,360,360,388,398,417,449,468,468,566,566,582,582,857,189,202,229,244,244,244,244,244],"floor_reached":27,"language":"ENG","playtime":10457,"items_purged":["Regret"],"score":502,"play_id":"8b12ea12-c6a8-42c0-8613-1e2f4dfb79e0","local_time":"20210224211204","is_ascension_mode":true,"campfire_choices":[{"data":"TheCursedMod:CursedSpellbook","floor":15.0,"key":"SMITH"},{"data":"TheCursedMod:OutForBlood","floor":25.0,"key":"SMITH"}],"circlet_count":0,"master_deck":["AscendersBane","TheCursedMod:Strike_TheCursed","TheCursedMod:Strike_TheCursed","TheCursedMod:Strike_TheCursed","TheCursedMod:Strike_TheCursed","TheCursedMod:Defend_TheCursed","TheCursedMod:Defend_TheCursed","TheCursedMod:Defend_TheCursed","TheCursedMod:Defend_TheCursed","TheCursedMod:CursedWand+1","TheCursedMod:CleanUpWorkshop","TheCursedMod:Dregs","TheCursedMod:LuckyCharm","TheCursedMod:Grudge","TheCursedMod:CursedSpellbook+1","TheCursedMod:Evocation","Doubt","TheCursedMod:Neurasthenia","TheCursedMod:SurpriseAttack","TheCursedMod:Mangle","TheCursedMod:ShockAndAwe","TheCursedMod:CircleOfBlood+1","Writhe","TheCursedMod:DarkBarrier","TheCursedMod:CursedShiv+1","TheCursedMod:Stigma","TheCursedMod:OutForBlood+1"],"relics":["TheCursedMod:BlackMagic101","Pen Nib","Mercury Hourglass","PreservedInsect","Philosopher\u0027s Stone","TheCursedMod:BloodyHarpoon","Chemical X","StoneCalendar","Bottled Tornado","Nunchaku"],"acts_visited":["Exordium","TheCity"],"potions_floor_usage":[],"damage_taken":[{"damage":1.0,"enemies":"2 Louse","floor":1.0,"turns":4.0},{"damage":0.0,"enemies":"Cultist","floor":3.0,"turns":4.0},{"damage":0.0,"enemies":"Small Slimes","floor":4.0,"turns":4.0},{"damage":0.0,"enemies":"Red Slaver","floor":5.0,"turns":5.0},{"damage":0.0,"enemies":"Large Slime","floor":6.0,"turns":5.0},{"damage":3.0,"enemies":"3 Louse","floor":7.0,"turns":5.0},{"damage":23.0,"enemies":"Lagavulin","floor":10.0,"turns":12.0},{"damage":4.0,"enemies":"Blue Slaver","floor":11.0,"turns":5.0},{"damage":2.0,"enemies":"Gremlin Gang","floor":12.0,"turns":4.0},{"damage":0.0,"enemies":"3 Sentries","floor":13.0,"turns":6.0},{"damage":9.0,"enemies":"Exordium Thugs","floor":14.0,"turns":5.0},{"damage":0.0,"enemies":"Hexaghost","floor":16.0,"turns":17.0},{"damage":4.0,"enemies":"3 Byrds","floor":18.0,"turns":4.0},{"damage":38.0,"enemies":"Shell Parasite","floor":22.0,"turns":7.0},{"damage":29.0,"enemies":"Gremlin Leader","floor":23.0,"turns":7.0},{"damage":16.0,"enemies":"Sentry and Sphere","floor":24.0,"turns":5.0},{"damage":30,"enemies":"Slavers","floor":27,"turns":4}],"seed_played":"2597624615406298211","potions_obtained":[{"floor":3.0,"key":"Dexterity Potion"},{"floor":4.0,"key":"Explosive Potion"},{"floor":10.0,"key":"SteroidPotion"},{"floor":11.0,"key":"EssenceOfSteel"},{"floor":13.0,"key":"DistilledChaos"},{"floor":16.0,"key":"SpeedPotion"},{"floor":18.0,"key":"Regen Potion"},{"floor":23.0,"key":"Dexterity Potion"}],"is_trial":false,"path_per_floor":["M","?","M","M","M","M","M","?","T","E","M","M","E","M","R","B",null,"M","?","?","$","M","E","M","R","T","E"],"character_chosen":"THE_CURSED","items_purchased":["Chemical X","StoneCalendar","TheCursedMod:DarkBarrier"],"campfire_rested":0,"item_purchase_floors":[21,21,21],"current_hp_per_floor":[74,74,74,74,74,74,71,71,71,48,44,42,42,33,33,33,70,66,66,66,66,43,26,18,18,18,0,0],"gold":244,"neow_bonus":"TEN_PERCENT_HP_BONUS","is_daily":false,"chose_seed":false,"campfire_upgraded":2,"win_rate":0.0,"timestamp":1614219124,"path_taken":["M","?","?","M","M","M","M","?","T","E","M","M","E","M","R","BOSS","M","?","?","$","M","E","M","R","T","E"],"items_purchased_type":["Relic","Relic","Card"],"build_version":"2020-12-22","purchased_purges":1,"victory":false,"max_hp_per_floor":[82,82,82,82,82,82,82,82,82,82,82,82,82,82,82,82,82,82,82,82,82,82,82,82,82,82,82,82],"card_choices":[{"not_picked":["TheCursedMod:FleshFromBone","TheCursedMod:Obscuration"],"picked":"TheCursedMod:LuckyCharm","floor":1.0},{"not_picked":["TheCursedMod:Hemoplague","TheCursedMod:CursedMace"],"picked":"TheCursedMod:Grudge","floor":3.0},{"not_picked":["TheCursedMod:RapidMovement","TheCursedMod:SpitefulStrike"],"picked":"TheCursedMod:CursedSpellbook","floor":4.0},{"not_picked":["TheCursedMod:CircleOfFlame","TheCursedMod:TroublousMinions","TheCursedMod:CircleOfCorruption"],"picked":"SKIP","floor":5.0},{"not_picked":["TheCursedMod:RapidMovement","TheCursedMod:Stretching","TheCursedMod:Wield"],"picked":"SKIP","floor":6.0},{"not_picked":["TheCursedMod:CircleOfFlame","TheCursedMod:Obscuration"],"picked":"TheCursedMod:Evocation","floor":7.0},{"not_picked":["TheCursedMod:CursedStaff","TheCursedMod:RavingStaff"],"picked":"TheCursedMod:Neurasthenia","floor":10.0},{"not_picked":["TheCursedMod:RavingStaff","TheCursedMod:AshesToAshes"],"picked":"TheCursedMod:SurpriseAttack","floor":11.0},{"not_picked":["TheCursedMod:Wield","TheCursedMod:ReleasedKnowledge","TheCursedMod:CircleOfFlame"],"picked":"SKIP","floor":12.0},{"not_picked":["TheCursedMod:CircleOfCorruption","TheCursedMod:Stigma","TheCursedMod:CircleOfAmplification"],"picked":"SKIP","floor":13.0},{"not_picked":["TheCursedMod:FleshFromBone","TheCursedMod:CursedAmulet"],"picked":"TheCursedMod:Mangle","floor":14.0},{"not_picked":["TheCursedMod:AntiAging","TheCursedMod:DarkBarrier"],"picked":"TheCursedMod:ShockAndAwe","floor":16.0},{"not_picked":["TheCursedMod:CircleOfCorruption+1","TheCursedMod:Wield"],"picked":"TheCursedMod:CircleOfBlood+1","floor":18.0},{"not_picked":["TheCursedMod:SurpriseAttack+1","TheCursedMod:Grudge"],"picked":"TheCursedMod:CursedShiv+1","floor":22.0},{"not_picked":["TheCursedMod:Torture","TheCursedMod:SmokeScreen"],"picked":"TheCursedMod:Stigma","floor":23.0},{"not_picked":["TheCursedMod:VitalStrike+1","TheCursedMod:BlessingInDisguise"],"picked":"TheCursedMod:OutForBlood","floor":24.0}],"player_experience":1343414,"relics_obtained":[{"floor":9.0,"key":"Pen Nib"},{"floor":10.0,"key":"Mercury Hourglass"},{"floor":13.0,"key":"PreservedInsect"},{"floor":23.0,"key":"Bottled Tornado"},{"floor":26.0,"key":"Nunchaku"}],"event_choices":[{"damage_healed":0.0,"max_hp_gain":0.0,"max_hp_loss":0.0,"gold_gain":0.0,"event_name":"Upgrade Shrine","player_choice":"Upgraded","floor":2.0,"gold_loss":0.0,"damage_taken":0.0,"cards_upgraded":["TheCursedMod:CursedWand"]},{"damage_healed":0.0,"max_hp_gain":0.0,"max_hp_loss":0.0,"gold_gain":175.0,"event_name":"Liars Game","player_choice":"AGREE","floor":8.0,"gold_loss":0.0,"damage_taken":0.0,"cards_obtained":["Doubt"]},{"damage_healed":0.0,"max_hp_gain":0.0,"max_hp_loss":0.0,"gold_gain":0.0,"event_name":"The Mausoleum","player_choice":"Opened","floor":19.0,"gold_loss":0.0,"damage_taken":0.0,"relics_obtained":["TheCursedMod:BloodyHarpoon"],"cards_obtained":["Writhe"]},{"damage_healed":0.0,"max_hp_gain":0.0,"max_hp_loss":0.0,"gold_gain":275.0,"event_name":"Golden Shrine","player_choice":"Desecrate","floor":20.0,"gold_loss":0.0,"damage_taken":0.0,"cards_obtained":["Regret"]}],"is_beta":false,"boss_relics":[{"not_picked":["Snecko Eye","Velvet Choker"],"picked":"Philosopher\u0027s Stone"}],"items_purged_floors":[21],"is_endless":false,"potions_floor_spawned":[3,4,10,11,13,16,18,23],"killed_by":"Slavers","ascension_level":11}}