{"host":"f14d6hm2349s9jse","time":1614290168,"event":{"mods":["2.2 Compatiblity","BaseMod","Lobotomy","Minty Spire (QoL Compilation)","StSLib"],"gold_per_floor":[116,116,116,136,152,185,199,199,226,253,60,60,76,86,86,86,86],"floor_reached":16,"language":"ENG","playtime":749,"items_purged":[],"score":224,"play_id":"5d4bd7ae-3132-4e6a-a162-bb887b9b5768","local_time":"20210225165608","is_ascension_mode":true,"campfire_choices":[{"floor":8,"key":"REST"},{"data":"Zap","floor":12,"key":"SMITH"},{"data":"Chaos","floor":15,"key":"SMITH"}],"circlet_count":0,"master_deck":["AscendersBane","Strike_B","Strike_B","Strike_B","Strike_B","Defend_B","Defend_B","Defend_B","Defend_B","Zap+1","Dualcast","Ball Lightning","QueenOfHatred","UniverseFragment","LittleHelper","Rip and Tear","Wellcheers","BeautyBeast","Coolheaded","Chaos+1","MeatLantern","WhitesApple","Parasite"],"relics":["Cracked Core","CogitoBucket","CultistMask","Toy Ornithopter","Lantern","Akabeko","Lee\u0027s Waffle","TreeSap"],"acts_visited":["Exordium"],"potions_floor_usage":[10],"damage_taken":[{"damage":7,"enemies":"Jaw Worm","floor":1,"turns":3},{"damage":0,"enemies":"2 Louse","floor":4,"turns":1},{"damage":0,"enemies":"Cultist","floor":5,"turns":2},{"damage":46,"enemies":"Lagavulin","floor":6,"turns":7},{"damage":13,"enemies":"Red Slaver","floor":7,"turns":4},{"damage":39,"enemies":"Gremlin Nob","floor":10,"turns":4},{"damage":6,"enemies":"2 Fungi Beasts","floor":13,"turns":3},{"damage":3,"enemies":"Blue Slaver","floor":14,"turns":3},{"damage":72,"enemies":"Slime Boss","floor":16,"turns":10}],"seed_played":"-1880622258264161991","potions_obtained":[{"floor":7,"key":"Strength Potion"},{"floor":13,"key":"Regen Potion"},{"floor":14,"key":"Weak Potion"}],"is_trial":false,"path_per_floor":["M","?","?","M","M","E","M","R","T","E","$","R","M","M","R","B"],"character_chosen":"DEFECT","items_purchased":["Coolheaded","Lee\u0027s Waffle"],"campfire_rested":1,"item_purchase_floors":[11,11],"current_hp_per_floor":[57,57,57,57,63,26,19,40,40,15,78,78,72,69,69,0,0],"gold":86,"neow_bonus":"","is_daily":false,"chose_seed":false,"campfire_upgraded":2,"win_rate":0.0,"timestamp":1614290168,"path_taken":["M","?","?","M","?","E","M","R","T","E","$","R","M","M","R","BOSS"],"items_purchased_type":["Card","Relic"],"build_version":"2020-12-22","purchased_purges":0,"victory":false,"max_hp_per_floor":[71,71,71,71,71,71,71,71,71,71,78,78,78,78,78,78,78],"card_choices":[{"not_picked":["Compile Driver","Sweeping Beam"],"picked":"Ball Lightning","floor":1},{"not_picked":["OSAHOGD","BigBird"],"picked":"QueenOfHatred","floor":1},{"not_picked":["ShyLook","Laetitia"],"picked":"UniverseFragment","floor":4},{"not_picked":["Double Energy","Coolheaded","Compile Driver"],"picked":"SKIP","floor":4},{"not_picked":["MeatLantern","MHz"],"picked":"LittleHelper","floor":5},{"not_picked":["Fission","Skim","Hologram"],"picked":"SKIP","floor":5},{"not_picked":["Doom and Gloom","Rebound"],"picked":"Rip and Tear","floor":6},{"not_picked":["CrumblingArmor","BigBird"],"picked":"Wellcheers","floor":6},{"not_picked":["Blizzard","Barrage","Reprogram"],"picked":"SKIP","floor":7},{"not_picked":["Yin","OSAHOGD"],"picked":"BeautyBeast","floor":10},{"not_picked":["Turbo","Blizzard","Beam Cell"],"picked":"SKIP","floor":10},{"not_picked":["Turbo","Barrage"],"picked":"Chaos","floor":13},{"not_picked":["BigBird","MHz"],"picked":"MeatLantern","floor":13},{"not_picked":["DespairKnight","MHz"],"picked":"WhitesApple","floor":14},{"not_picked":["Blizzard","Rebound","Leap"],"picked":"SKIP","floor":14}],"player_experience":2475273,"relics_obtained":[{"floor":6,"key":"Toy Ornithopter"},{"floor":9,"key":"Lantern"},{"floor":10,"key":"Akabeko"}],"event_choices":[{"damage_healed":0,"gold_gain":0,"player_choice":"Ignored","damage_taken":0,"max_hp_gain":0,"max_hp_loss":0,"event_name":"Golden Wing","floor":2,"gold_loss":0},{"damage_healed":0,"gold_gain":0,"player_choice":"Trade","damage_taken":0,"relics_obtained":["CultistMask"],"max_hp_gain":0,"max_hp_loss":0,"event_name":"FaceTrader","floor":3,"gold_loss":0}],"is_beta":false,"boss_relics":[],"items_purged_floors":[],"is_endless":false,"potions_floor_spawned":[7,13,14],"killed_by":"Slime Boss","ascension_level":20}}