{"host":"m3apl2u15pwuvoez","time":1614237118,"event":{"mods":["Act Like it!","BaseMod","Minty Spire (QoL Compilation)","Replay The Spire","Ruina","StSLib"],"gold_per_floor":[110,185,135,147,164,164,174,174,174,199,199,46,46,77,77,179,179,192,192,300,52,52,87,87,119,144,144,189,265,165,239,239,412,412,446,482,482,531,236,311,394,487,487,552,610,610,460,529,529,609],"floor_reached":51,"language":"ENG","playtime":16255,"items_purged":["Pain","Slice","Cloak And Dagger","Flying Knee+1"],"score":879,"play_id":"a63b4f94-7e53-400c-a95d-9e5f96b08a1e","local_time":"20210225011158","daily_mods":["Draft","Heirloom","Flight"],"is_ascension_mode":false,"campfire_choices":[{"data":"Concentrate","floor":6.0,"key":"SMITH"},{"data":"Hidden Blade","floor":8.0,"key":"SMITH"},{"data":"Acrobatics","floor":11.0,"key":"SMITH"},{"data":"Prepared","floor":24.0,"key":"SMITH"},{"data":"Wraith Form v2","floor":32,"key":"SMITH"},{"data":"ruina:CrimsonScar","floor":49,"key":"PURGE"}],"circlet_count":0,"master_deck":["Dagger Throw+1","Finisher+1","Prepared+1","Hidden Blade+1","Dagger Throw+1","Acrobatics+1","Deflect","Masterful Stab","Concentrate+1","Reflex","PiercingWail+1","Underhanded Strike","Eviscerate+1","Hidden Blade+1","Wraith Form v2+1","Reflex+1","Eviscerate+1","Adrenaline","ReplayTheSpireMod:Scrap Shanks","Prepared+1","Tactician+1"],"relics":["Ring of the Snake","Gambling Chip","Replay:Bottled Eggs","Bottled Lightning","Strawberry","FossilizedHelix","InkBottle","Sozu","Mango","Replay:Bandana","Oddly Smooth Stone","Ancient Tea Set","Blue Doll","Coffee Dripper","Whetstone","War Paint","PreservedInsect","Replay:Bottled Steam","Onion Ring","Vajra"],"acts_visited":["Exordium","Exordium","TheBeyond"],"potions_floor_usage":[],"damage_taken":[{"damage":0.0,"enemies":"2 Louse","floor":1.0,"turns":1.0},{"damage":0.0,"enemies":"Jaw Worm","floor":4.0,"turns":1.0},{"damage":0.0,"enemies":"Cultist","floor":5.0,"turns":1.0},{"damage":0.0,"enemies":"3 Louse","floor":7.0,"turns":1.0},{"damage":0.0,"enemies":"Gremlin Nob","floor":10.0,"turns":1.0},{"damage":0.0,"enemies":"Replay:BlueRogue","floor":14.0,"turns":1.0},{"damage":0.0,"enemies":"Slime Boss","floor":16.0,"turns":1.0},{"damage":0.0,"enemies":"ruina:BadWolf","floor":18.0,"turns":1.0},{"damage":0.0,"enemies":"ruina:ServantOfWrath","floor":23.0,"turns":2.0},{"damage":0.0,"enemies":"ruina:2_Scarecrows","floor":25.0,"turns":1.0},{"damage":0.0,"enemies":"ruina:QueenOfHate","floor":28.0,"turns":1.0},{"damage":0,"enemies":"ruina:Mountain","floor":29,"turns":4},{"damage":0,"enemies":"ruina:ServantOfWrath","floor":31,"turns":1},{"damage":0,"enemies":"ruina:Ozma","floor":33,"turns":4},{"damage":0,"enemies":"3 Shapes","floor":35,"turns":1},{"damage":0,"enemies":"Orb Walker","floor":36,"turns":1},{"damage":0,"enemies":"Jaw Worm Horde","floor":38,"turns":1},{"damage":0,"enemies":"Nemesis","floor":40,"turns":1},{"damage":0,"enemies":"Reptomancer","floor":41,"turns":1},{"damage":0,"enemies":"Maw","floor":42,"turns":1},{"damage":0,"enemies":"Nemesis","floor":44,"turns":1},{"damage":0,"enemies":"Writhing Mass","floor":45,"turns":1},{"damage":0,"enemies":"Giant Head","floor":48,"turns":1},{"damage":0,"enemies":"Replay:Hell Engine","floor":50,"turns":1}],"seed_played":"-5445446593241682358","potions_obtained":[{"floor":4.0,"key":"Toxic Potion"},{"floor":14.0,"key":"SkillPotion"}],"is_trial":true,"path_per_floor":["M","?","?","M","M","R","M","R","T","E","R","$","?","E","R","B",null,"M","?","?","$","?","E","R","M","T","?","M","E","$","E","R","B",null,"M","M","?","M","$","E","E","M","T","E","M","?","$","E","R","B",null],"character_chosen":"THE_SILENT","items_purchased":["Strawberry","ruina:CrimsonScar","Prepared+1","Whetstone"],"campfire_rested":0,"item_purchase_floors":[12,21,39,39],"current_hp_per_floor":[70,59,59,59,59,59,59,59,59,59,59,66,66,66,71,71,77,77,91,91,91,64,64,64,64,64,64,64,64,64,64,64,64,91,91,91,91,91,91,91,91,91,91,91,91,91,91,91,91,91],"gold":609,"neow_bonus":"","is_daily":false,"chose_seed":false,"campfire_upgraded":5,"win_rate":0.0,"timestamp":1614237118,"path_taken":["M","?","?","M","M","R","M","R","T","E","R","$","?","E","R","BOSS","M","?","?","$","?","E","R","?","T","?","M","E","$","E","R","BOSS","M","M","?","M","$","E","E","?","T","E","M","?","$","E","R","BOSS"],"items_purchased_type":["Relic","Card","Card","Relic"],"build_version":"2020-12-22","purchased_purges":4,"victory":true,"max_hp_per_floor":[70,70,70,70,70,70,70,70,70,70,70,77,77,77,77,77,77,77,91,91,91,91,91,91,91,91,91,91,91,91,91,91,91,91,91,91,91,91,91,91,91,91,91,91,91,91,91,91,91,91],"card_choices":[{"not_picked":["Acrobatics","Underhanded Strike"],"picked":"Dagger Spray","floor":0.0},{"not_picked":["Bane","Backflip"],"picked":"Dagger Throw","floor":0.0},{"not_picked":["Deflect","Riddle With Holes"],"picked":"Cloak And Dagger","floor":0.0},{"not_picked":["Catalyst","Choke"],"picked":"Finisher","floor":0.0},{"not_picked":["Hidden Blade","Distraction"],"picked":"Prepared","floor":0.0},{"not_picked":["Sucker Punch","Dagger Throw"],"picked":"Hidden Blade","floor":0.0},{"not_picked":["Heel Hook","Slice"],"picked":"Dagger Throw","floor":0.0},{"not_picked":["Hidden Blade","Bane"],"picked":"Dagger Throw","floor":0.0},{"not_picked":["Bane","Deadly Poison"],"picked":"Slice","floor":0.0},{"not_picked":["Deadly Poison","Outmaneuver"],"picked":"Acrobatics","floor":0.0},{"not_picked":["Prepared","Dodge and Roll"],"picked":"Deflect","floor":0.0},{"not_picked":["Blade Dance","Infinite Blades"],"picked":"Masterful Stab","floor":0.0},{"not_picked":["Deadly Poison","Hidden Blade"],"picked":"Concentrate","floor":0.0},{"not_picked":["Backflip","Prepared"],"picked":"Reflex","floor":0.0},{"not_picked":["Dagger Spray","Bane"],"picked":"PiercingWail","floor":0.0},{"not_picked":["Skewer","Sucker Punch"],"picked":"Flying Knee","floor":1.0},{"not_picked":["Quick Slash","Flechettes"],"picked":"Underhanded Strike","floor":4.0},{"not_picked":["Blade Dance","Finisher"],"picked":"Eviscerate","floor":5.0},{"not_picked":["Predator","Well Laid Plans","Blade Dance"],"picked":"SKIP","floor":7.0},{"not_picked":["Bane","Dagger Throw"],"picked":"Hidden Blade","floor":10.0},{"not_picked":["Choke","Poisoned Stab","Prepared"],"picked":"SKIP","floor":14.0},{"not_picked":["Poison Darts","Envenom"],"picked":"Wraith Form v2","floor":16.0},{"not_picked":["Backflip+1","Hidden Blade+1"],"picked":"Reflex+1","floor":18.0},{"not_picked":["Prepared","Deflect+1","Blade Dance"],"picked":"SKIP","floor":23.0},{"not_picked":["Prepared","Deflect+1","Blade Dance"],"picked":"SKIP","floor":23.0},{"not_picked":["Prepared","Deflect+1","Blade Dance"],"picked":"SKIP","floor":23.0},{"not_picked":["Eviscerate+1","Bane+1","Fluid Movement+1"],"picked":"SKIP","floor":25.0},{"not_picked":["Eviscerate","Underhanded Strike","Slice"],"picked":"SKIP","floor":28},{"not_picked":["Eviscerate","Underhanded Strike","Slice"],"picked":"SKIP","floor":28},{"not_picked":["Acrobatics","Sneak Up","Dagger Spray"],"picked":"SKIP","floor":29},{"not_picked":["Acrobatics","Sneak Up","Dagger Spray"],"picked":"SKIP","floor":29},{"not_picked":["Acrobatics","Atom Bomb","Blade Dance+1"],"picked":"SKIP","floor":31},{"not_picked":["Die Die Die","Corpse Explosion"],"picked":"Adrenaline","floor":33},{"not_picked":["Slice","Dagger Throw+1","Blur+1"],"picked":"SKIP","floor":35},{"not_picked":["Slice","ReplayTheSpireMod:Speed Training+1","Dagger Spray+1"],"picked":"SKIP","floor":36},{"not_picked":["Deflect","Poisoned Stab+1","ReplayTheSpireMod:The Works"],"picked":"SKIP","floor":38},{"not_picked":["Dagger Throw+1","Acrobatics+1","All Out Attack"],"picked":"SKIP","floor":40},{"not_picked":["PiercingWail+1","Predator","Dagger Spray+1"],"picked":"SKIP","floor":41},{"not_picked":["PiercingWail+1","Predator","Dagger Spray+1"],"picked":"SKIP","floor":41},{"not_picked":["Poisoned Stab+1","Eviscerate","Expertise"],"picked":"SKIP","floor":42},{"not_picked":["Blade Dance","Night Terror","Malaise"],"picked":"SKIP","floor":44},{"not_picked":["Blade Dance","Night Terror","Malaise"],"picked":"SKIP","floor":44},{"not_picked":["Backflip","Underhanded Strike","Deflect+1"],"picked":"SKIP","floor":45},{"not_picked":["Replay:Poison Smokescreen","Flying Knee+1"],"picked":"Tactician+1","floor":48}],"player_experience":691269,"relics_obtained":[{"floor":9.0,"key":"Replay:Bottled Eggs"},{"floor":10.0,"key":"Bottled Lightning"},{"floor":14.0,"key":"InkBottle"},{"floor":23.0,"key":"Replay:Bandana"},{"floor":26.0,"key":"Oddly Smooth Stone"},{"floor":29,"key":"Ancient Tea Set"},{"floor":31,"key":"Blue Doll"},{"floor":40,"key":"War Paint"},{"floor":41,"key":"PreservedInsect"},{"floor":43,"key":"Replay:Bottled Steam"},{"floor":44,"key":"Onion Ring"},{"floor":48,"key":"Vajra"}],"event_choices":[{"damage_healed":0.0,"max_hp_gain":0.0,"max_hp_loss":0.0,"gold_gain":75.0,"event_name":"World of Goop","player_choice":"Gather Gold","floor":2.0,"gold_loss":0.0,"damage_taken":11.0},{"cards_removed":["Dagger Throw"],"damage_healed":0.0,"max_hp_gain":0.0,"max_hp_loss":0.0,"gold_gain":0.0,"event_name":"The Cleric","player_choice":"Card Removal","floor":3.0,"gold_loss":50.0,"damage_taken":0.0},{"damage_healed":0.0,"max_hp_gain":0.0,"max_hp_loss":0.0,"gold_gain":0.0,"event_name":"WeMeetAgain","player_choice":"Gave Potion","floor":13.0,"gold_loss":0.0,"damage_taken":0.0,"relics_obtained":["FossilizedHelix"]},{"cards_removed":["Dagger Spray"],"damage_healed":5.0,"max_hp_gain":0.0,"max_hp_loss":0.0,"gold_gain":0.0,"event_name":"Bonfire Elementals","player_choice":"Offered Common","floor":15.0,"gold_loss":0.0,"damage_taken":0.0},{"cards_removed":["Dagger Spray"],"damage_healed":5.0,"max_hp_gain":0.0,"max_hp_loss":0.0,"gold_gain":0.0,"event_name":"Bonfire Elementals","player_choice":"Offered Special","floor":15.0,"gold_loss":0.0,"damage_taken":0.0},{"damage_healed":0,"gold_gain":0,"player_choice":"1 cards matched","damage_taken":0,"max_hp_gain":0,"max_hp_loss":0,"event_name":"Match and Keep!","floor":37,"gold_loss":0,"cards_obtained":["ReplayTheSpireMod:Scrap Shanks"]},{"damage_healed":0,"gold_gain":0,"player_choice":"Ignored","damage_taken":0,"max_hp_gain":0,"max_hp_loss":0,"event_name":"Tomb of Lord Red Mask","floor":46,"gold_loss":0}],"is_beta":false,"boss_relics":[{"not_picked":["Ring of Chaos","Runic Dome"],"picked":"Sozu"},{"not_picked":["Replay:Grab Bag","Calling Bell"],"picked":"Coffee Dripper"}],"items_purged_floors":[21,30,39,47],"is_endless":false,"potions_floor_spawned":[4,14,18,35,36,42,48],"ascension_level":0}}