{"host":"1e3ivg30op4goso1","time":1614220252,"event":{"mods":["AchievementEnabler","Ascension Unlocker","BaseMod","Colored Map","Minty Spire (QoL Compilation)","Permanent Neow","Quick Restart","Relic Filter","StSLib","SuperFastMode"],"gold_per_floor":[110,110,34,34,52,52,127,159,207,241,241,126,144,94,94,196,196,206,220,240,156,166,166,166,166,166],"floor_reached":25,"language":"ENG","playtime":794,"items_purged":[],"score":389,"play_id":"8801fd30-f888-4f90-a504-d0bd8b279ed9","local_time":"20210224213052","is_ascension_mode":true,"campfire_choices":[{"data":"Neutralize","floor":6.0,"key":"SMITH"},{"data":"Infinite Blades","floor":11.0,"key":"SMITH"},{"data":"Blade Dance","floor":15.0,"key":"SMITH"},{"data":"Storm of Steel","floor":23,"key":"SMITH"}],"circlet_count":0,"master_deck":["AscendersBane","Strike_G","Strike_G","Strike_G","Defend_G","Defend_G","Survivor","Neutralize+1","CurseOfTheBell","Infinite Blades+1","Endless Agony","Blade Dance+1","Accuracy","Storm of Steel+1","Terror+1","Corpse Explosion+1","Reflex+1","Flash of Steel","Bullet Time"],"relics":["Calling Bell","Bag of Marbles","Shuriken","Thread and Needle","CaptainsWheel","Oddly Smooth Stone","White Beast Statue","Astrolabe"],"acts_visited":["Exordium","TheCity"],"potions_floor_usage":[],"damage_taken":[{"damage":0.0,"enemies":"Jaw Worm","floor":1.0,"turns":4.0},{"damage":0.0,"enemies":"Cultist","floor":5.0,"turns":4.0},{"damage":19.0,"enemies":"Gremlin Nob","floor":8.0,"turns":6.0},{"damage":2.0,"enemies":"Lagavulin","floor":10.0,"turns":7.0},{"damage":0.0,"enemies":"2 Louse","floor":13.0,"turns":3.0},{"damage":0.0,"enemies":"Hexaghost","floor":16.0,"turns":8.0},{"damage":10.0,"enemies":"Shell Parasite","floor":18.0,"turns":2.0},{"damage":0.0,"enemies":"Spheric Guardian","floor":19.0,"turns":2.0},{"damage":3,"enemies":"Snecko","floor":20,"turns":4},{"damage":10,"enemies":"Chosen and Byrds","floor":22,"turns":4},{"damage":41,"enemies":"Slavers","floor":25,"turns":2}],"seed_played":"-2415171297226517867","potions_obtained":[{"floor":8.0,"key":"Dexterity Potion"},{"floor":10.0,"key":"Swift Potion"},{"floor":13.0,"key":"Explosive Potion"},{"floor":16.0,"key":"BlessingOfTheForge"},{"floor":19.0,"key":"EssenceOfSteel"},{"floor":20,"key":"Dexterity Potion"}],"is_trial":false,"path_per_floor":["M","?","$","?","M","R","?","E","T","E","R","$","M","?","R","B",null,"M","M","M","$","M","R","$","E"],"character_chosen":"THE_SILENT","items_purchased":["Infinite Blades","Blade Dance","Accuracy","Flash of Steel"],"campfire_rested":0,"item_purchase_floors":[3,12,12,21],"current_hp_per_floor":[63,56,56,70,70,70,59,40,40,38,38,38,38,38,38,38,62,52,52,49,49,39,39,39,0,0],"gold":166,"neow_bonus":"BOSS_RELIC","is_daily":false,"chose_seed":false,"campfire_upgraded":4,"win_rate":0.0,"timestamp":1614220252,"path_taken":["M","?","$","?","?","R","?","E","T","E","R","$","M","?","R","BOSS","M","M","M","$","M","R","$","E"],"items_purchased_type":["Card","Card","Card","Card"],"build_version":"2020-12-22","purchased_purges":0,"victory":false,"max_hp_per_floor":[70,70,70,70,70,70,70,70,70,70,70,70,70,70,70,70,70,70,70,70,70,70,70,70,70,70],"card_choices":[{"not_picked":["Catalyst","Bane","Underhanded Strike"],"picked":"SKIP","floor":1.0},{"not_picked":["Outmaneuver","Heel Hook","Terror"],"picked":"SKIP","floor":5.0},{"not_picked":["Unload","All Out Attack","Dodge and Roll"],"picked":"SKIP","floor":8.0},{"not_picked":["Deadly Poison","Slice"],"picked":"Endless Agony","floor":10.0},{"not_picked":["Deadly Poison","Outmaneuver","Poisoned Stab"],"picked":"SKIP","floor":13.0},{"not_picked":["Die Die Die","Corpse Explosion"],"picked":"Storm of Steel","floor":16.0},{"not_picked":["PiercingWail","Flying Knee","Heel Hook"],"picked":"SKIP","floor":18.0},{"not_picked":["Backflip+1","Dodge and Roll+1","Underhanded Strike"],"picked":"SKIP","floor":19.0},{"not_picked":["Backflip","Calculated Gamble+1","Acrobatics+1"],"picked":"SKIP","floor":20},{"not_picked":["Finisher","Dagger Spray"],"picked":"Bullet Time","floor":22}],"player_experience":28973,"relics_obtained":[{"floor":0.0,"key":"Bag of Marbles"},{"floor":0.0,"key":"Shuriken"},{"floor":0.0,"key":"Thread and Needle"},{"floor":8.0,"key":"CaptainsWheel"},{"floor":9.0,"key":"Oddly Smooth Stone"},{"floor":10.0,"key":"White Beast Statue"}],"event_choices":[{"cards_removed":["Defend_G"],"damage_healed":0.0,"max_hp_gain":0.0,"max_hp_loss":0.0,"gold_gain":0.0,"event_name":"Golden Wing","player_choice":"Card Removal","floor":2.0,"gold_loss":0.0,"damage_taken":7.0},{"damage_healed":14.0,"max_hp_gain":0.0,"max_hp_loss":0.0,"gold_gain":0.0,"event_name":"Wheel of Change","player_choice":"Full Heal","floor":4.0,"gold_loss":0.0,"damage_taken":0.0},{"damage_healed":0.0,"max_hp_gain":0.0,"max_hp_loss":0.0,"gold_gain":75.0,"event_name":"World of Goop","player_choice":"Gather Gold","floor":7.0,"gold_loss":0.0,"damage_taken":11.0},{"cards_removed":["Strike_G"],"damage_healed":0.0,"max_hp_gain":0.0,"max_hp_loss":0.0,"gold_gain":0.0,"event_name":"The Cleric","player_choice":"Card Removal","floor":14.0,"gold_loss":50.0,"damage_taken":0.0}],"is_beta":false,"boss_relics":[{"not_picked":["SlaversCollar","Empty Cage"],"picked":"Astrolabe"}],"items_purged_floors":[],"is_endless":false,"potions_floor_spawned":[8,10,13,16,18,19,20,22],"killed_by":"Slavers","ascension_level":10}}