{"host":"l1pf8md6w6jccf6p","time":1614245082,"event":{"mods":["AchievementEnabler","BaseMod","Block Reminder","Colored Map","Googly Eyes","Minty Spire (QoL Compilation)","StSLib","The Cursed"],"gold_per_floor":[117,117,22,35,35,68,81,115,190,207,223,223,76,87,87,185,185,202,202,202,220,220,252,263,263,263,281,313,313,332,342,342,445,445,459,470,37,54,54,54,104,129,211,223,223,223],"floor_reached":45,"language":"ENG","playtime":2311,"items_purged":[],"score":624,"play_id":"e028cef0-af52-4452-8ccd-3d31fe7425ec","local_time":"20210225042442","is_ascension_mode":true,"campfire_choices":[{"data":"Searing Blow","floor":12,"key":"SMITH"},{"data":"Bandage Up","floor":15,"key":"SMITH"},{"floor":25,"key":"REST"},{"floor":29,"key":"REST"},{"floor":32,"key":"REST"},{"data":"Limit Break","floor":40,"key":"SMITH"}],"circlet_count":0,"master_deck":["Strike_R","Strike_R","Strike_R","Strike_R","Defend_R","Defend_R","Defend_R","Defend_R","Bash","Flex","Bandage Up+1","Flex","Sword Boomerang","Heavy Blade","Ghostly Armor","Anger","Clash","Cleave","Searing Blow+1","Inflame","Impervious","Limit Break+1","Infernal Blade","Flex","Writhe","Seeing Red","Spot Weakness","Pain","Shrug It Off+1","Feel No Pain+1","Disarm","Infernal Blade+1","Shockwave+1","Armaments+1","Entrench+1","Power Through+1","Reaper","Infernal Blade+1","Flex+1","Anger","Flex+1","Apotheosis+1","Heavy Blade+1","Demon Form"],"relics":["Burning Blood","NeowsBlessing","Du-Vu Doll","Boot","Prayer Wheel","Question Card","Blood Vial","Busted Crown","InkBottle","WarpedTongs","Tiny Chest","Ice Cream","Toxic Egg 2","Mark of Pain","Gremlin Horn","StoneCalendar","Bag of Marbles","Bottled Flame"],"acts_visited":["Exordium","TheCity","TheBeyond"],"potions_floor_usage":[8,16,16,21,21,23,33,38,42,42,45,45],"damage_taken":[{"damage":0,"enemies":"Jaw Worm","floor":1,"turns":1},{"damage":0,"enemies":"Small Slimes","floor":4,"turns":2},{"damage":0,"enemies":"Gremlin Nob","floor":6,"turns":1},{"damage":0,"enemies":"Cultist","floor":7,"turns":2},{"damage":36,"enemies":"3 Sentries","floor":8,"turns":7},{"damage":5,"enemies":"Red Slaver","floor":10,"turns":4},{"damage":10,"enemies":"Looter","floor":11,"turns":2},{"damage":2,"enemies":"3 Louse","floor":14,"turns":3},{"damage":50,"enemies":"Hexaghost","floor":16,"turns":9},{"damage":20,"enemies":"2 Thieves","floor":18,"turns":3},{"damage":1,"enemies":"3 Byrds","floor":21,"turns":4},{"damage":18,"enemies":"Book of Stabbing","floor":23,"turns":3},{"damage":38,"enemies":"3 Cultists","floor":24,"turns":5},{"damage":14,"enemies":"Chosen and Byrds","floor":27,"turns":4},{"damage":30,"enemies":"Gremlin Leader","floor":28,"turns":6},{"damage":27,"enemies":"Shelled Parasite and Fungi","floor":30,"turns":4},{"damage":12,"enemies":"Centurion and Healer","floor":31,"turns":3},{"damage":55,"enemies":"Collector","floor":33,"turns":9},{"damage":21,"enemies":"3 Darklings","floor":35,"turns":6},{"damage":15,"enemies":"3 Shapes","floor":36,"turns":3},{"damage":25,"enemies":"Writhing Mass","floor":38,"turns":4},{"damage":20,"enemies":"2 Orb Walkers","floor":41,"turns":4},{"damage":20,"enemies":"Reptomancer","floor":42,"turns":3},{"damage":13,"enemies":"3 Darklings","floor":44,"turns":6},{"damage":83,"enemies":"Nemesis","floor":45,"turns":5}],"seed_played":"-4613326749716851953","potions_obtained":[{"floor":4,"key":"BlessingOfTheForge"},{"floor":10,"key":"ElixirPotion"},{"floor":11,"key":"Swift Potion"},{"floor":16,"key":"ColorlessPotion"},{"floor":18,"key":"EssenceOfSteel"},{"floor":21,"key":"ColorlessPotion"},{"floor":30,"key":"GamblersBrew"},{"floor":33,"key":"FearPotion"},{"floor":35,"key":"Strength Potion"},{"floor":36,"key":"EssenceOfSteel"},{"floor":42,"key":"CultistPotion"},{"floor":44,"key":"Ancient Potion"}],"is_trial":false,"path_per_floor":["M","?","$","M","?","E","M","E","T","M","M","R","$","M","R","B",null,"M","?","?","M","?","E","M","R","T","M","E","R","M","M","R","B",null,"M","M","$","M","?","R","?","E","T","M","E"],"character_chosen":"IRONCLAD","items_purchased":["Bandage Up","Blood Vial","Gremlin Horn","Apotheosis+1"],"campfire_rested":3,"item_purchase_floors":[3,13,37,37],"current_hp_per_floor":[80,77,77,80,80,80,80,54,54,59,55,55,55,65,65,29,80,66,66,51,64,64,60,36,61,61,55,39,64,51,47,72,31,85,76,83,83,76,76,76,70,64,64,81,0,0],"gold":223,"neow_bonus":"THREE_ENEMY_KILL","is_daily":false,"chose_seed":false,"campfire_upgraded":3,"win_rate":0.0,"timestamp":1614245082,"path_taken":["M","?","$","M","?","E","?","E","T","M","M","R","$","M","R","BOSS","M","?","?","M","?","E","M","R","T","M","E","R","?","M","R","BOSS","M","M","$","M","?","R","?","E","T","M","E"],"items_purchased_type":["Card","Relic","Relic","Card"],"build_version":"2020-12-22","purchased_purges":0,"victory":false,"max_hp_per_floor":[80,80,80,80,80,80,80,80,80,80,80,80,80,80,80,80,80,80,80,85,85,85,85,85,85,85,85,85,85,85,85,85,85,85,85,85,85,85,85,85,85,85,85,85,85,85],"card_choices":[{"not_picked":["Wild Strike","Anger"],"picked":"Flex","floor":1},{"not_picked":["True Grit","Pommel Strike"],"picked":"Flex","floor":4},{"not_picked":["Bludgeon","Warcry"],"picked":"Sword Boomerang","floor":6},{"not_picked":["Thunderclap","Armaments"],"picked":"Heavy Blade","floor":7},{"not_picked":["Clothesline","Warcry"],"picked":"Ghostly Armor","floor":8},{"not_picked":["Wild Strike","Headbutt","Whirlwind"],"picked":"Anger","floor":10},{"not_picked":["Bludgeon","Twin Strike","Wild Strike"],"picked":"Clash","floor":10},{"not_picked":["True Grit","Thunderclap","Shrug It Off"],"picked":"Cleave","floor":11},{"not_picked":["Sword Boomerang","Power Through","Warcry"],"picked":"Searing Blow","floor":11},{"not_picked":["Thunderclap","Metallicize","Warcry"],"picked":"Inflame","floor":14},{"not_picked":["Iron Wave","Pommel Strike","Warcry"],"picked":"Impervious","floor":14},{"not_picked":["Bludgeon","Reaper","Juggernaut"],"picked":"Limit Break","floor":16},{"not_picked":["Pummel"],"picked":"Infernal Blade","floor":18},{"not_picked":["True Grit+1"],"picked":"Flex","floor":18},{"not_picked":["True Grit"],"picked":"Seeing Red","floor":21},{"not_picked":["Iron Wave"],"picked":"Spot Weakness","floor":21},{"not_picked":["Pommel Strike","Hemokinesis"],"picked":"SKIP","floor":23},{"not_picked":["Searing Blow"],"picked":"Shrug It Off+1","floor":24},{"not_picked":["Sword Boomerang","Dark Embrace+1"],"picked":"SKIP","floor":24},{"not_picked":["Warcry"],"picked":"Feel No Pain+1","floor":27},{"not_picked":["Wild Strike"],"picked":"Disarm","floor":27},{"not_picked":["Hemokinesis+1"],"picked":"Infernal Blade+1","floor":28},{"not_picked":["Power Through+1"],"picked":"Shockwave+1","floor":30},{"not_picked":["Body Slam"],"picked":"Armaments+1","floor":30},{"not_picked":["Infernal Blade+1"],"picked":"Entrench+1","floor":31},{"not_picked":["Burning Pact+1"],"picked":"Power Through+1","floor":31},{"not_picked":["Offering+1"],"picked":"Reaper","floor":33},{"not_picked":["Feel No Pain+1"],"picked":"Infernal Blade+1","floor":35},{"not_picked":["Headbutt"],"picked":"Flex+1","floor":35},{"not_picked":["Carnage+1"],"picked":"Anger","floor":36},{"not_picked":["Inflame"],"picked":"Flex+1","floor":36},{"not_picked":["Twin Strike"],"picked":"Rupture","floor":38},{"not_picked":["Bloodletting+1","Sever Soul"],"picked":"SKIP","floor":38},{"not_picked":["Clash"],"picked":"Heavy Blade+1","floor":41},{"not_picked":["Combust+1"],"picked":"Demon Form","floor":42},{"not_picked":["Warcry+1","Headbutt"],"picked":"SKIP","floor":44},{"not_picked":["Blood for Blood+1","Clash"],"picked":"SKIP","floor":44}],"player_experience":89838,"relics_obtained":[{"floor":6,"key":"Boot"},{"floor":8,"key":"Prayer Wheel"},{"floor":9,"key":"Question Card"},{"floor":23,"key":"Tiny Chest"},{"floor":26,"key":"Ice Cream"},{"floor":28,"key":"Toxic Egg 2"},{"floor":41,"key":"StoneCalendar"},{"floor":42,"key":"Bag of Marbles"},{"floor":43,"key":"Bottled Flame"}],"event_choices":[{"damage_healed":0,"gold_gain":0,"player_choice":"Success","damage_taken":3,"relics_obtained":["Du-Vu Doll"],"max_hp_gain":0,"max_hp_loss":0,"event_name":"Scrap Ooze","floor":2,"gold_loss":0},{"cards_removed":["Strike_R"],"damage_healed":0,"gold_gain":0,"player_choice":"Purged","damage_taken":0,"max_hp_gain":0,"max_hp_loss":0,"event_name":"Purifier","floor":5,"gold_loss":0},{"damage_healed":0,"gold_gain":0,"player_choice":"Opened","damage_taken":0,"relics_obtained":["InkBottle"],"max_hp_gain":0,"max_hp_loss":0,"event_name":"The Mausoleum","floor":19,"gold_loss":0,"cards_obtained":["Writhe"]},{"damage_healed":0,"gold_gain":0,"player_choice":"Shed Blood","damage_taken":20,"max_hp_gain":5,"max_hp_loss":0,"event_name":"Forgotten Altar","floor":20,"gold_loss":0},{"damage_healed":0,"gold_gain":0,"player_choice":"Rummage","damage_taken":0,"relics_obtained":["WarpedTongs"],"max_hp_gain":0,"max_hp_loss":0,"event_name":"Accursed Blacksmith","floor":22,"gold_loss":0,"cards_obtained":["Pain"]},{"cards_removed":["Rupture"],"damage_healed":0,"gold_gain":0,"player_choice":"Removed Power","damage_taken":0,"max_hp_gain":0,"max_hp_loss":0,"event_name":"Falling","floor":39,"gold_loss":0},{"damage_healed":0,"gold_gain":0,"player_choice":"Fight","damage_taken":0,"max_hp_gain":0,"max_hp_loss":0,"event_name":"Mysterious Sphere","floor":41,"gold_loss":0}],"is_beta":false,"boss_relics":[{"not_picked":["Astrolabe","Runic Dome"],"picked":"Busted Crown"},{"not_picked":["Runic Pyramid","Fusion Hammer"],"picked":"Mark of Pain"}],"items_purged_floors":[],"is_endless":false,"potions_floor_spawned":[4,10,11,16,18,21,30,33,35,36,42,44],"killed_by":"Nemesis","ascension_level":1}}